4054 6138
30 6028 41 6039 λ
146 6004 207 6025 ν
260 6004 279 6027 ρ¹

214 6050 241 6073 1.

2565 311 3153 330 Μ’
3466 304 3519 352 ﬁt

917 618 1281 679 LECTORI
1336 617 1791 678 BENEVOLO
1844 616 2077 677 JOAN.
2141 616 2434 676 LUDOV.
2498 615 2905 676 SCHL’LZE.

347 897 640 957 Maximam
674 898 843 953 studii
871 897 1182 965 laborisque
1221 896 1395 950 nostri
1447 894 1657 965 partem
1699 896 1803 949 sibi
1842 895 2133 950 vindicavit
2176 886 2401 948 ultimus
2439 895 2601 965 liujus
2624 888 2884 949 editionis
2916 902 3113 957 tomus,
3148 870 3352 965 in‘.quo
3382 894 3545 948 ado'r4

281 1016 469 1072 nando
490 1029 705 1070 omnem
737 1011 990 1065 dedimus
1021 1017 1241 1078 Operam
1273 1015 1352 1069 ut,
1391 1022 1514 1077 quae
1534 1006 1834 1061 Garnerius
1870 1006 1998 1061 olim
2031 1007 2086 1059 in
2120 1005 2377 1059 Auctario
2409 1019 2508 1058 suo
2529 1014 2898 1075 congesserat,
2928 1006 3307 1074 locupletiora,
3333 1020 3411 1074 et,
3442 1010 3537 1063 ubi

286 1142 427 1200 Opus
457 1135 621 1191 esset,
648 1122 1022 1180 emendatiora
1052 1120 1357 1191 prodirenti
1384 1120 1570 1190 Longo
1611 1133 1722 1174 non
1757 1122 1963 1174 utimur
1995 1119 2309 1189 praefaniine
2344 1136 2355 1173 :
2388 1120 2457 1175 de
2491 1121 2677 1175 multis
2704 1121 2852 1175 enim
2875 1122 3159 1178 Lectorem
3188 1126 3298 1196 jam
3330 1129 3386 1182 in
3422 1130 3541 1199 ipso

287 1261 473 1317 opere,
505 1244 635 1314 quia
673 1257 761 1295 res
792 1240 865 1294 ita
895 1238 1126 1301 ferebat,
1156 1236 1560 1291 admonuimus.
1604 1237 1845 1290 Primum
1893 1235 2071 1290 locum
2117 1244 2266 1291 tenct
2308 1237 2655 1307 Reprehensio
2697 1236 2804 1290 XII
2837 1238 3413 1297 Anathematismorum
3441 1244 3545 1316 ου.

287 1360 396 1415 riui
447 1357 550 1429 (a),
582 1372 649 1411 ex
681 1353 957 1409 Sirmondi
985 1361 1295 1421 nostraque
1332 1350 1594 1406 editionis
1625 1359 1772 1405 torno
1795 1361 1992 1420 quarto
2022 1352 2203 1407 adhuc
2232 1354 2462 1421 reliqua.
2502 1353 2581 1406 Ex
2607 1353 2866 1407 Auctario
2895 1353 3145 1409 Garnerii
3179 1372 3242 1410 ea
3268 1358 3449 1413 omnia
3486 1360 3541 1413 in

287 1476 437 1529 hunc
468 1482 673 1527 tomum
715 1468 898 1538 colligi
929 1466 1260 1529 debuerunt,
1294 1480 1415 1534 quae
1437 1474 1805 1535 opportunum
1850 1465 1906 1519 in
1950 1467 2331 1535 superioribus
2364 1466 2609 1521 nondum
2638 1473 2799 1520 nacta
2827 1476 2984 1521 erant
3012 1468 3193 1522 locum
3228 1486 3240 1522 :
3274 1458 3539 1527 nonnulla

296 1590 443 1645 enim
463 1590 571 1659 jam
592 1595 738 1640 tomo
766 1585 944 1654 primo
969 1584 1025 1637 in
1053 1582 1476 1639 Commentariis
1503 1583 1571 1637 ad
1605 1582 1847 1637 Psalmos
1881 1584 2311 1652 pertinentibus,
2346 1593 2402 1639 et
2428 1593 2573 1639 tomo
2594 1593 2789 1655 quarto
2810 1594 2919 1638 tum
2946 1584 3015 1639 ad
3048 1585 3217 1640 libros
3240 1587 3319 1640 De
3348 1604 3543 1642 curan-

290 1708 372 1760 dis
409 1705 704 1761 Crwcorum
726 1701 1100 1773 aﬂectionibus,
1133 1708 1246 1753 tum
1278 1700 1334 1753 in
1358 1699 1681 1755 collectione
1711 1700 2067 1769 epistolarum
2098 1700 2452 1765 Theodoreti,
2489 1703 2651 1756 allata
2682 1715 2801 1757 esse
2851 1712 3073 1767 norunt,
3107 1710 3378 1773 quotquot
3420 1704 3542 1759 edi-

292 1821 441 1873 tione
466 1828 651 1872 nostra
683 1824 936 1882 utuntur,
968 1826 1268 1884 omnesque
1304 1814 1635 1884 intelligent,
1676 1814 1771 1884 qui
1801 1813 2075 1879 ordinem,
2104 1831 2213 1885 quo
2253 1816 2462 1885 paginae
2492 1815 2754 1870 editionis
2792 1825 2993 1871 nostra:
3028 1818 3240 1887 paginis
3281 1818 3544 1873 editionis

284 1936 491 2007 prioris
522 1933 878 2005 respondent,
905 1948 973 1988 ex
1003 1934 1184 1987 tabula
1219 1932 1349 1987 huic
1387 1932 1692 2002 praefationi
1715 1931 1959 2004 subjecta
1984 1950 2314 2003 cognoscere
2337 1936 2529 1989 velint.
2564 1935 2833 1999 Lacunas,
2866 1951 3002 2005 quas
3021 1936 3323 1992 Garnerius
3349 1938 3405 1992 in
3438 1938 3546 2010 Hy-

287 2050 644 2121 pomnesticis
676 2049 743 2102 ad
774 2048 1017 2102 Psalmos
1053 2046 1462 2117 pertinentibus
1484 2047 1723 2117 reliquas
1750 2047 1975 2110 fecerat,
2001 2064 2067 2102 ex
2098 2050 2412 2119 apographo
2444 2050 2651 2106 codicis
2672 2050 3110 2106 Vindobonensis
3138 2052 3380 2121 explere,
3405 2053 3543 2106 alia-

289 2180 396 2233 que
435 2180 503 2218 ex
529 2164 634 2217 hoc
670 2172 725 2216 et
757 2161 1073 2216 Florentino
1121 2160 1359 2230 quodam
1390 2161 1702 2237 apographo
1741 2160 1980 2232 adjicere
2009 2162 2168 2217 nobis
2194 2162 2368 2218 licuit.
2397 2163 2530 2217 Eam
2553 2163 2794 2219 Auctarii
2831 2175 3067 2234 partem,
3110 2181 3231 2236 pag.
3272 2165 3542 2227 84—132.

291 2299 411 2353 quae
438 2282 505 2336 ad
534 2292 740 2337 tomum
770 2290 1026 2351 quartum
1058 2287 1288 2350 spectat,
1316 2295 1383 2333 ex
1413 2279 1698 2334 codicibus
1726 2281 1948 2350 quidem
1976 2281 2314 2351 locupletare
2343 2297 2453 2336 non
2484 2283 2784 2352 potuimus,
2812 2298 2881 2337 ex
2909 2282 3106 2337 Photio
3137 2292 3321 2342 autem
3351 2290 3407 2337 et
3428 2282 3544 2337 Ma-

290 2394 375 2448 rio
417 2393 718 2447 Mercatore
766 2392 975 2461 aliquot
1003 2392 1151 2446 locos
1183 2391 1513 2447 emendandi
1545 2392 1861 2462 nostrisque
1891 2393 2082 2448 utendi
2109 2396 2439 2465 conjecturis
2472 2396 2852 2488 oppogunitas
2901 2397 3047 2453 haud
3079 2406 3204 2452 raro
3244 2408 3407 2453 enata
3437 2406 3542 2454 est.

290 2515 522 2569 Prolixis
550 2512 1018 2584 disputationibus
1048 2512 1392 2579 occasionem
1428 2512 1711 2568 dedissent
1733 2511 1986 2568 Garnerii
2009 2513 2251 2585 quinque
2281 2515 2723 2581 Dissertationes,
2755 2532 2876 2586 qua:
2900 2503 3208 2587 proximum
3247 2518 3429 2574 locum
3465 2528 3545 2578 te-

290 2644 425 2691 nent
450 2653 571 2707 pag.
600 2635 874 2691 155--906
898 2652 913 2697 ;
947 2634 1043 2689 sed
1069 2634 1395 2689 scribendus
1426 2634 1617 2690 fuisset
1635 2634 1872 2701 libellus,
1897 2636 1944 2689 si
1969 2635 2272 2690 refutandis
2293 2637 2548 2692 omnibus
2578 2636 2982 2701 audacio'ribus,
3011 2646 3068 2692 et
3089 2638 3321 2693 subinde
3350 2654 3544 2708 parum

288 2750 462 2820 aequis
516 2749 634 2818 ejus
672 2747 1000 2818 conjecturis
1040 2759 1238 2802 vacare
1299 2746 1572 2802 libuisset.
1617 2746 1881 2801 Brevitati
1918 2747 2100 2818 itaque
2130 2748 2374 2812 studere,
2406 2758 2462 2805 et
2502 2750 2588 2804 vel
2620 2749 2807 2803 minus
2834 2758 2980 2804 recte
3006 2750 3091 2803 vel
3129 2750 3373 2819 iniquius
3400 2751 3546 2806 dicta

291 2869 501 2943 paucis,
534 2867 579 2922 si
626 2882 764 2936 Opus
797 2874 965 2929 esset,
1005 2879 1255 2935 arguere,
1289 2879 1451 2933 quam
1476 2865 1532 2918 in
1562 2864 1907 2934 scriptorem,
1943 2866 2103 2936 cujus
2128 2866 2335 2936 aliquot
2374 2866 2595 2936 quidem
2633 2882 2835 2930 naevos,
2872 2866 2967 2922 sed
2996 2881 3190 2937 magna
3229 2867 3395 2920 etiam
3422 2881 3545 2921 esse

288 2989 544 3044 novimus
566 2988 781 3050 merita,
814 2985 1033 3055 copiosa
1063 2984 1309 3039 oratione
1344 2984 1525 3039 invehi
1553 2984 1866 3040 maluimus.

359 3136 611 3199 Numeri,
648 3133 853 3204 quibus
886 3132 969 3187 ha:
996 3130 1247 3187 Garnerii
1277 3131 1699 3187 Dissertationes
1727 3131 2161 3202 distinguuntur,
2188 3121 2241 3185 in
2275 3132 2515 3186 editione
2542 3132 2709 3200 priori
2739 3146 3065 3201 magnopere
3093 3131 3352 3186 fallebant
3376 3132 3546 3187 lecto-

297 3270 409 3318 res,
439 3262 502 3306 ut
520 3268 642 3322 pag.
667 3252 769 3305 420
802 3249 1137 3307 monuimus.
1165 3246 1563 3304 Emendatione
1606 3250 1791 3317 itaque
1822 3264 1962 3317 opus
1986 3248 2111 3313 fuit,
2152 3264 2221 3303 ne
2255 3250 2312 3303 in
2344 3249 2447 3303 hac
2479 3249 2626 3303 enim
2663 3248 2906 3303 editione
2933 3258 3248 3303 recurreret
3278 3266 3545 3304 numerus

304 3373 712 3429 Dissertationis
743 3374 921 3435 tertiae,
953 3387 1064 3441 quo
1089 3372 1309 3426 nomine
1338 3371 1459 3425 dua:
1486 3371 1541 3424 in
1564 3369 1823 3425 Auctario
1857 3370 2104 3425 Garnerii
2133 3370 2407 3440 inscripta:
2434 3379 2611 3425 erant.
2644 3371 2845 3425 Harum
2872 3372 3131 3441 priorem,
3166 3382 3225 3425 ut
3252 3388 3542 3442 argumen—

226 3489 233 3495 ’
307 3500 420 3547 tum
444 3490 723 3556 suadebat,
749 3490 1106 3560 appendicem
1135 3490 1365 3546 fecimus
1398 3489 1674 3554 secundre,
1710 3504 1832 3559 qua:
1859 3488 1926 3544 de
1954 3489 2111 3543 libris
2139 3489 2482 3544 Theodoreto
2517 3490 2630 3543 sive
2646 3490 2772 3560 jure
2802 3490 2914 3544 sive
2946 3499 3147 3545 temere
3176 3478 3427 3560 ascriptis
3447 3506 3533 3543 ex-

300 3607 459 3675 ponit
488 3623 500 3657 :
535 3605 688 3659 alteri
726 3620 859 3659 vero
884 3621 1003 3675 quae
1035 3604 1103 3658 de
1134 3604 1239 3659 fide
1266 3604 1595 3659 Theodoreti
1622 3605 1753 3675 agit,
1790 3607 1957 3659 tertia:
1998 3620 2197 3660 nomen
2232 3606 2619 3661 vindicandum
2657 3622 2777 3661 esse
2805 3607 3081 3663 duximus.
3113 3599 3378 3663 Secundae
3411 3608 3544 3662 sub-

288 3719 594 3790 junximus,
622 3728 746 3790 pag.
782 3719 888 3773 550
926 3734 1067 3789 seq.,
1106 3718 1519 3773 observationes
1548 3718 1688 3784 illas,
1723 3735 1845 3789 qua}
1870 3719 2171 3775 Garnerius
2198 3721 2444 3791 epistolis
2485 3723 2538 3775 in
2572 3717 2831 3776 Auctario
2857 3725 3094 3792 primum
3129 3724 3293 3779 editis
3331 3725 3545 3797 adjece-

289 3843 395 3889 rat.
429 3833 589 3889 Hunc
616 3834 766 3889 enim
797 3834 979 3889 locum
1006 3833 1112 3889 illis
1136 3834 1477 3905 aptissimum
1503 3834 1836 3904 putavimus,
1866 3851 1935 3890 ne
1978 3837 2263 3891 molestum
2306 3846 2450 3893 esset
2482 3839 2801 3904 lectoribus,
2829 3840 2919 3895 hic
2945 3849 3001 3894 et
3024 3840 3120 3907 ibi,
3146 3858 3269 3912 qua:
3313 3845 3379 3899 ad
3418 3845 3546 3899 illuc

290 3952 543 4007 strandas
568 3944 901 4007 Theodoreti
928 3952 1187 4022 epistolas
1212 3951 1510 4021 pertinent,
1544 3967 1645 4006 ceu
1669 3953 2170 4024 disjecta-membra
2196 3940 2471 4025 colligere.
2506 3955 2758 4026 Dialogos
2785 3955 2906 4012 illos
2939 3965 3143 4021 autem,
3174 3958 3375 4014 auibus
3403 3957 3542 4013 Gar-

290 4061 481 4125 nerius
513 4069 656 4124 inter
682 4069 1104 4125 Dissertationes
1129 4069 1309 4123 locum
1345 4069 1589 4132 dederat,
1628 4069 1693 4123 ad
1724 4070 1884 4123 ﬁnem
1914 4070 2077 4140 hujus
2105 4070 2237 4124 tomi
2268 4070 2628 4126 remittendos
2669 4086 2791 4126 esse
2831 4071 3108 4137 duximus,
3136 4088 3208 4142 qu
3234 4073 3283 4128 ,Δ
3318 4075 3541 4145 quidem

290 4192 583 4249 consilium
607 4192 677 4247 ob
701 4191 959 4255 rationes,
991 4207 1112 4261 pag.
1151 4190 1253 4245 420
1277 4190 1487 4252 allatas,
1526 4190 1844 4252 lectoribus,
1879 4199 1938 4245 ut
1974 4206 2275 4261 speramus,
2315 4207 2425 4245 non
2456 4190 2785 4261 displicebit.
2827 4191 3148 4247 Dissertatio
3176 4193 3388 4263 quinta,
3422 4212 3542 4265 qua:

288 4307 613 4377 inscribitur
635 4308 711 4361 De
736 4308 1048 4361 Theodoreto
1078 4314 1125 4359 et
1160 4304 1511 4360 Orientalium
1552 4322 1735 4369 causa,
1759 4313 1813 4359 et
1850 4304 1964 4360 fere
1992 4305 2258 4361 ducentas
2281 4306 2526 4361 continet
2559 4307 2835 4361 variorum
2873 4306 3132 4376 epistolas
3161 4307 3227 4361 ad
3257 4308 3540 4365 historiam

290 4423 627 4478 Theodoreti
661 4423 1021 4494 pertinentes,
1048 4424 1250 4477 multos
1276 4423 1330 4476 in
1358 4422 1619 4477 Auctario
1648 4422 1897 4478 Garnerii
1928 4422 2166 4477 habebat
2199 4424 2401 4478 hiatus.
2429 4423 2671 4477 Aberant
2698 4425 2845 4479 enim
2866 4424 2934 4477 ab
2968 4425 3209 4479 editione
3227 4428 3347 4497 ejus
3369 4430 3542 4498 priori

291 4540 554 4610 Epistolte
573 4543 880 4611 complures
898 4558 1035 4613 quas
1056 4542 1146 4611 qui
1178 4542 1357 4611 legere
1379 4542 1563 4605 vellet,
1600 4541 1835 4611 majores
1861 4541 1982 4595 illas
2012 4540 2385 4595 Conciliorum
2419 4540 2773 4594 collectiones
2794 4539 2947 4592 adire
2974 4538 3183 4592 debuit.
3221 4540 3297 4593 Ex
3322 4541 3409 4595 his
3441 4560 3507 4597 au
3525 4575 3540 4585 ς

292 4665 403 4710 tem
431 4655 679 4710 fontibus
706 4670 829 4709 cum
849 4671 959 4709 non
981 4670 1174 4710 omnes
1199 4655 1413 4724 possint
1439 4654 1682 4716 haurire,
1710 4668 1907 4722 magno
1929 4667 1985 4707 se
2018 4654 2224 4706 levatos
2258 4653 2529 4722 putabunt
2563 4667 2750 4717 onere,
2778 4659 3045 4721 quotquot
3075 4659 3202 4705 sunt
3234 4652 3426 4706 harum
3458 4672 3541 4707 rc-

290 4786 412 4823 rum
441 4769 633 4839 cupidi
662 4781 717 4824 et
738 4769 899 4838 periti
924 4769 1177 4833 lectores,
1197 4768 1398 4837 quibus
1420 4768 1630 4837 integra
1654 4767 1766 4836 jam
1798 4766 2028 4821 offertur
2055 4768 2248 4820 harum
2269 4767 2621 4836 epistolarum
2646 4766 2915 4827 collectio,
2940 4766 3127 4819 multis
3150 4765 3375 4826 Baluzii,
3396 4766 3541 4820 Man-

296 4888 383 4949 sii,
410 4888 756 4954 aliorumque
780 4885 1006 4940 scholiis
1035 4884 1387 4954 locupletata,
1417 4884 1485 4939 de
1512 4884 1717 4953 quibus
1751 4885 1992 4938 diximus
2019 4901 2140 4955 pag.
2166 4884 2287 4940 608.

372 4999 599 5052 Alteram
624 4997 791 5067 hujus
815 4996 947 5051 torni
976 5005 1186 5067 partem
1213 4998 1557 5053 constituunt
1581 5008 1777 5068 septem
1801 4997 1877 5051 illi
1902 4997 2114 5068 Dialogi
2148 4998 2395 5052 adversus
2421 4999 2668 5060 Arianos,
2693 4997 3019 5050 Macedonios
3037 5005 3084 5048 et
3105 4996 3142 5049 Α
3153 4993 3539 5066 pollinaristas,

310 5121 415 5162 una
438 5126 549 5165 cum
569 5113 820 5168 Eutherii
848 5113 1149 5184 Tyanensis
1175 5113 1532 5168 Sermonibus
1557 5112 1651 5184 (ὁ),
1691 5121 1746 5166 et
1772 5113 2179 5169 accessionibus
2217 5112 2546 5183 quibusdam
2576 5111 2641 5165 ad
2674 5120 2880 5165 tomum
2913 5112 3150 5180 primum
3191 5118 3246 5166 ct
3281 5122 3535 5183 quartum

360 5305 444 5383 (α)
485 5307 698 5366 Librum
729 5313 897 5374 hunc,
928 5312 1037 5382 jam
1073 5312 1215 5365 inter
1243 5310 1416 5383 Opera
1457 5311 1637 5383 Cyrilli
1670 5311 1731 5381 (t.
1764 5308 1855 5383 IX)
1963 5311 2149 5383 nensis
2183 5310 2487 5383 __Sermoncs
2526 5309 2635 5378 jam
2674 5310 2812 5383 inter
2850 5308 3025 5383 Opera
3086 5306 3255 5383 sancti
3300 5307 3537 5383 Athana-

278 5377 524 5450 editum,
551 5377 969 5437 memoravimus
994 5391 1202 5435 tantum
1229 5377 1415 5436 in'iine
1450 5377 1579 5436 torni
1610 5377 1858 5450 superio-
1966 5381 2032 5435 sii
2063 5380 2397 5449 prodierant,
2444 5377 2643 5434 nostrzr.
2678 5377 2937 5435 editionis
2975 5388 3104 5431 tom.
3144 5377 3233 5441 IV,
3268 5377 3334 5429 ad
3369 5392 3535 5444 quem

280 5449 380 5503 ris.
410 5448 561 5503 Eon.
590 5453 753 5506 Pun.
1679 5448 1691 5450 ’
1968 5448 2163 5503 Lector
2188 5457 2491 5503 revocatur.
2536 5451 2679 5504 Enn.

354 5518 429 5589 (ὁ)
460 5519 668 5593 Dialogi
703 5522 827 5577 adv.
876 5522 1129 5582 Arianos,
1174 5533 1306 5587 etc.,
1350 5531 1404 5577 ct
1440 5520 1687 5577 Eutherii
1728 5517 1861 5591 Tya-

617 5616 891 5677 PA'rROL.
936 5618 1051 5676 Gn.
1099 5616 1407 5675 LXXXIV.
3129 5610 3151 5666 ι
