4054 6138
383 276 441 340 11
1806 272 2219 334 ΡΒΕΕΑΤΙΟ.
3568 265 3636 329 13

378 408 800 485 pertinentibus.
853 408 933 462 Ad
987 408 1238 477 Dialogos
1276 406 1397 458 illos
1425 404 1570 473 quod
1596 404 1814 466 attinet,
1857 413 2068 458 mutare
2113 405 2334 473 quidem
2365 405 2641 458 noluimus
2664 405 2884 458 titulum
2910 403 3002 454 τοῦ
3043 399 3314 471 μακαρίου
3349 398 3633 468 Θεοδωρή-

377 545 490 590 του,
519 541 680 596 quem
715 524 822 579 illis
861 523 1090 578 dederat
1120 521 1454 585 Garnerius;
1488 519 1543 573 in
1569 519 1948 590 superioribus
1976 530 2160 575 autem
2201 529 2256 573 et
2288 521 2341 574 in
2382 521 2498 590 ipso
2529 519 2716 573 limine
2747 519 2913 588 hujus
2944 517 3129 586 operis
3158 516 3270 585 jam
3295 513 3559 566 monuimi
3587 529 3633 574 s,

378 637 490 696 imo
521 655 696 710 nuper
725 637 781 692 in
809 632 1548 706 Programmate'Academize
1575 632 1797 687 nomine
1829 631 2055 700 scripto,
2085 646 2197 700 quo
2243 630 2362 685 dies
2404 629 2574 684 festos
2611 629 2892 683 memoria:
2931 627 3061 682 Jesu
3085 625 3293 680 Christi
3332 640 3362 679 a
3399 627 3639 680 mortuis

379 749 689 806 resuscitati
731 764 916 804 sacros
963 748 1294 812 indiximus,
1335 747 1585 802 instituta
1622 763 1748 802 cum
1792 747 2048 817 genuinis
2085 746 2376 817 scriptoris
2409 747 2582 802 nostri
2619 747 2778 802 libris
2805 746 3214 816 comparatione
3260 744 3634 814 probavimus,

376 869 624 925 libellum
656 853 820 944 ﬁtum
843 867 996 922 nullo
1020 869 1144 938 jure
1166 867 1513 922 Theodoreto
1539 867 1805 922 vindicari
1829 882 2011 937 posse.
2039 867 2273 922 Textum
2301 867 2550 922 Graecum
2580 869 2782 937 passim
2813 884 2879 922 ex
2907 868 3148 924 editione
3171 866 3338 924 Henr.
3371 868 3637 940 Stephani

377 991 434 1039 et
461 999 527 1038 ex
557 983 760 1039 Bened.
790 981 1032 1052 Operum
1057 983 1339 1038 Athanasii
1361 981 1606 1038 editione
1631 983 1926 1039 emendare
1957 983 2133 1039 licuit.
2175 985 2286 1039 Hac
2320 984 2768 1054 praestantissima
2788 983 3072 1039 Athanasii
3102 984 3347 1039 editione
3383 985 3466 1039 usi
3497 1001 3637 1052 quo-

377 1112 484 1168 que
511 1110 700 1150 sumus
727 1095 796 1150 ad
831 1094 1202 1150 emendandas
1226 1094 1434 1164 aliquot
1460 1094 1727 1150 lectiones
1773 1094 1829 1149 in
1867 1095 2119 1151 Eutherii
2153 1094 2532 1151 Sermonibus.
2566 1095 2678 1151 Hos
2715 1096 2939 1166 quidem
2984 1095 3302 1150 Harduinus
3341 1094 3397 1149 in
3427 1095 3636 1150 scholio

376 1213 524 1284 quod
566 1218 743 1268 exstat
765 1225 886 1280 pag.
919 1211 1076 1275 1117,
1107 1208 1244 1264 dicit
1269 1217 1382 1262 octo
1415 1217 1464 1262 et
1487 1209 1660 1262 decem
1690 1224 1831 1274 esse,
1861 1209 1958 1264 sed
1983 1210 2076 1264 alii
2102 1210 2216 1265 fere
2251 1226 2446 1266 omnes
2469 1219 2764 1265 numerant
2796 1210 2955 1264 XVII.
2989 1209 3307 1264 Ilarduiuus
3343 1209 3526 1278 itaque
3555 1210 3634 1262 vi—

375 1336 539 1392 detur
563 1334 774 1390 calculo
796 1331 1073 1386 addidisse
1103 1330 1392 1400 epistolam
1422 1330 1568 1384 illam
1596 1330 1995 1399 prommialem,
2025 1346 2146 1400 quae
2185 1331 2536 1400 praemittitur
2560 1346 2681 1401 pag.
2710 1328 2848 1384 1118
2873 1328 3136 1384 editionis
3162 1337 3385 1382 nostrae.

447 1451 741 1521 Reliquum
783 1457 886 1510 est,
919 1454 979 1500 ut
1023 1446 1092 1502 de
1145 1446 1212 1501 iis
1253 1447 1522 1511 dicamus,
1555 1461 1676 1516 qua:
1709 1447 2104 1502 Addendorum
2143 1448 2368 1503 nomine
2401 1425 2672 1518 complexi
2699 1461 2912 1502 sumus.
2951 1445 3031 1500 Ad
3062 1443 3196 1498 tomi
3221 1442 3385 1513 primi
3422 1453 3633 1512 partem

377 1567 618 1638 priorem
652 1571 765 1620 tum
791 1562 1098 1635 augendam
1127 1570 1244 1618 tum
1268 1562 1651 1618 illustrandam
1679 1564 1824 1619 haud
1859 1580 2053 1635 parum
2079 1564 2336 1620 utilitatis
2360 1565 2520 1620 nobis
2557 1566 2742 1621 attulit
2781 1564 3000 1636 egregia
3041 1562 3132 1617 illa
3154 1561 3358 1616 Catena
3390 1559 3445 1613 in
3469 1557 3633 1614 Octa-

377 1679 640 1735 teuchum
669 1686 725 1732 et
753 1676 926 1732 libros
945 1677 1153 1748 Regum
1178 1690 1372 1732 recens
1399 1677 1550 1732 edita
1576 1677 1793 1747 Lipsiae,
1825 1693 1970 1732 anno

2042 1678 2145 1732 772
2175 1688 2232 1734 et
2258 1679 2416 1744 1775,
2440 1695 2561 1749 qua:
2605 1679 2930 1734 inscribitur
2973 1677 3140 1747 Σειρὰ
3169 1675 3284 1738 ἑνὸς
3319 1672 3414 1727 καὶ
3436 1672 3634 1740 πεντή-

379 1811 543 1850 κοντα,
571 1791 1074 1864 ὑπομνηματιστῶν
1098 1793 1180 1852 εἰς
1204 1792 1302 1862 τὴν
1350 1793 1704 1862 Ὀκτάτευχον
1737 1795 1830 1847 καὶ
1851 1793 1920 1846 τὰ
1943 1794 2050 1846 τῶν
2082 1793 2401 1860 Βασιλειῶν,
2429 1795 2530 1867 ἥδη
2559 1795 2774 1866 πρῶτον
2802 1795 2993 1857 τύποις
3030 1791 3310 1846 ἐκδοθεῖσα
3345 1786 3636 1856 ἐπιμελείᾳ

374 1911 422 1963 Ν
430 1910 688 1980 ικηφόρου
729 1906 1104 1979 Ἰερομονάχου
1135 1907 1230 1960 τοῦ
1253 1907 1538 1961 Θεοτόκου.
1559 1907 1734 1974 Quam
1765 1909 1975 1979 praeclal

2054 1910 2122 1966 d'e
2147 1926 2208 1966 re
2239 1912 2506 1968 litteraria
2531 1913 2818 1976 meruerit,
2853 1912 2948 1980 qui
2972 1910 3202 1966 edenda:
3230 1909 3394 1980 hujus
3413 1903 3633 1960 Catena-

373 2040 564 2084 curam
601 2024 657 2077 in
682 2038 740 2078 se
761 2021 1025 2091 suscepit,
1056 2020 1139 2074 vir
1165 2034 1344 2074 rever.
1370 2035 1520 2076 nunc
1542 2027 1770 2076 vocatus
1796 2018 2247 2092 archiepiscopus
2275 2025 2330 2078 in
2356 2022 2567 2078 ditione
2603 2023 2960 2086 Venetorum,
2990 2032 3181 2076 nostro
3221 2019 3476 2074 omnibus
3500 2032 3632 2087 pro-

373 2150 494 2204 bari
542 2149 793 2217 cupimus
835 2143 1108 2212 exemplo,
1143 2151 1200 2196 et
1223 2150 1478 2212 optamus
1513 2151 1574 2198 ut
1613 2143 1850 2197 aliorum
1878 2143 2045 2198 etiam
2078 2145 2393 2200 excitentur
2427 2145 2608 2200 studia
2643 2144 2710 2198 ad
2748 2145 2969 2200 Patrum
3015 2143 3217 2212 scripta
3259 2157 3326 2195 ex
3360 2141 3466 2196 hoc
3487 2158 3634 2197 novo

372 2267 524 2322 fonte
551 2263 954 2334 locupletanda.
980 2262 1210 2333 Largam
1240 2260 1386 2316 enim
1418 2274 1540 2316 esse
1568 2261 1709 2316 hanc
1737 2277 1994 2327 messem,
2021 2263 2329 2334 intelligent
2358 2279 2551 2319 omnes
2583 2279 2650 2319 ex
2673 2263 2781 2317 illis
2815 2277 2936 2332 quae
2965 2276 3085 2331 pag.
3121 2259 3469 2314 “76—1235
3493 2267 3634 2314 attuc

368 2385 539 2440 limus
561 2383 660 2455 (a).
687 2382 801 2438 Nec
819 2380 1054 2450 amplius
1077 2377 1443 2433 dubitandum
1473 2377 1649 2432 estde
1673 2379 1906 2433 veritate
1931 2383 2281 2451 conjectum,
2309 2381 2363 2435 in
2393 2395 2556 2449 quam
2579 2378 2893 2433 inciderunt
2912 2376 3021 2430 viri
3045 2374 3269 2438 eruditi,
3293 2371 3640 2438 Quaestiones

373 2499 497 2554 illas
523 2494 856 2552 Theodoreti
883 2494 934 2548 in
966 2492 1365 2549 Octateuchum
1402 2493 1646 2563 aliosque
1678 2493 1968 2549 historicos
1993 2495 2058 2550 γ.
2085 2494 2148 2548 Τ.
2177 2496 2370 2558 libros,
2399 2510 2466 2550 ex
2502 2502 2657 2564 parte
2684 2490 2980 2546 admodum
3017 2489 3277 2560 prolixas,
3318 2503 3427 2541 non
3458 2484 3640 2541 ubivis

375 2621 565 2670 autem
592 2610 726 2666 satis
771 2609 1135 2671 coherentes,
1167 2622 1288 2662 esse
1327 2607 1590 2663 conﬂatas
1633 2624 1701 2663 ex
1743 2611 2050 2666 minoribus
2087 2611 2314 2666 scholiis
2354 2611 2422 2665 ad
2466 2611 2615 2665 hunc
2644 2610 2909 2678 illumque
2947 2608 3128 2662 locum
3159 2605 3545 2660 illustrandum
3567 2605 3636 2658 ab

371 2728 468 2785 illo
491 2722 828 2794 compositis.
857 2720 1012 2788 Quod
1047 2731 1108 2775 ut
1127 2735 1194 2775 eo
1220 2721 1393 2791 magis
1421 2732 1710 2792 appareret
1731 2723 2008 2789 omnibus,
2035 2733 2204 2794 utque
2235 2724 2343 2779 illis
2363 2725 2526 2779 utiles
2547 2737 2816 2786 essemus,
2842 2721 2938 2791 qui
2957 2718 3251 2789 aliquando
3280 2717 3347 2772 de
3368 2717 3637 2788 scriptore

369 2843 564 2894 nostro
593 2836 793 2890 iterum
815 2829 1030 2886 edendo
1054 2829 1254 2886 mereri
1275 2831 1467 2896 velint,
1495 2847 1598 2887 nec
1631 2833 1870 2888 alienum
1905 2851 1936 2888 a
1971 2834 2150 2899 nobis,
2174 2851 2277 2890 nec
2305 2835 2596 2890 molestum
2633 2832 2949 2904 putavimus
2988 2831 3233 2886 laborem
3261 2829 3436 2895 illum,
3473 2845 3636 2901 quem

371 2951 428 3007 in
452 2945 812 3020 congerendis
833 2943 1057 2999 scholiis
1074 2942 1143 2998 ad
1167 2944 1284 2999 haec
1307 2953 1562 3016 excerpta
1580 2947 1984 3016 pertinentibus
2004 2949 2152 3003 ultro
2169 2948 2330 3004 nobis
2348 2948 2731 3019 imposuimus.
2752 2947 2832 3002 Ex
2853 2947 2941 3001 his
2961 2946 3108 3001 enim
3132 2944 3398 3015 intelliget
3445 2943 3639 2999 Lector

370 3073 744 3143 Quaestionum
779 3082 971 3124 earum
1004 3082 1167 3120 unam
1201 3067 1498 3123 alteramve
1530 3069 1766 3125 subinde
1799 3071 1866 3124 ad
1896 3071 2054 3140 plura
2090 3071 2269 3141 capita
2316 3081 2373 3126 et
2405 3081 2678 3126 commata
2720 3068 3021 3140 pertinere,
3049 3065 3346 3134 multisque
3377 3071 3635 3118 constare

366 3193 642 3268 partibus,
673 3203 794 3260 quae
814 3187 868 3240 in
887 3186 1092 3242 Catena
1124 3199 1232 3238 non
1260 3183 1380 3238 sine
1409 3183 1657 3254 improbo
1684 3185 1873 3240 labore
1900 3185 2072 3257 quaeri
2097 3195 2154 3240 et
2179 3187 2357 3258 colligi
2384 3195 2700 3258 potuerunt.
2731 3185 2850 3251 Quo
2883 3180 3108 3252 quidem
3131 3180 3313 3235 labore
3343 3195 3488 3234 nunc
3514 3195 3638 3250 per-

367 3319 494 3366 acto
527 3309 630 3363 hoc
664 3322 764 3360 nos
794 3301 1042 3359 effecisse
1067 3305 1340 3366 putamus,
1365 3301 1426 3347 ut
1444 3293 1701 3349 facillime
1727 3309 1918 3350 omnes
1951 3312 2282 3366 cognoscere
2311 3297 2542 3366 possint,
2568 3311 2678 3366 quo
2704 3293 3132 3365 unumquodque
3162 3292 3232 3346 sit
3265 3291 3630 3348 referendum.

368 3419 453 3474 Ad
489 3418 660 3474 libros
691 3416 900 3482 Regum
931 3417 1128 3479 prater
1156 3405 1417 3462 Catenam
1445 3407 1556 3476 jam
1591 3407 1864 3462 laudatam
1904 3410 1988 3464 usi
2026 3425 2216 3466 sumus
2239 3412 2513 3482 excerptis
2552 3427 2620 3466 ex
2645 3410 2927 3465 codicibus
2957 3411 3086 3463 olim
3111 3409 3484 3475 Coislinianis,
3514 3427 3636 3482 pag.

370 3527 510 3583 1196
556 3523 867 3594 descriptis,
909 3537 1032 3591 qua:
1066 3520 1340 3574 debentur
1389 3520 1570 3574 studio
1602 3521 1670 3574 cl.
1707 3521 2033 3589 Lobsteinii,
2067 3527 2185 3580 0rd.
2224 3528 2676 3599 philosophorum
2713 3528 2768 3582 in
2800 3525 2968 3581 Acad.
3001 3523 3447 3594 Argentoratensi
3490 3541 3637 3581 nunc

366 3643 633 3715 adjuncti.
678 3640 1024 3711 Subjecimus
1045 3636 1256 3718 deinde
1309 3652 1429 3707 pag.
1474 3635 1608 3692 1254
1637 3653 1753 3708 seq.
1783 3657 1902 3709 (IlliB
1937 3642 1994 3695 in
2039 3645 2353 3714 apographo
2387 3615 2889 3700 Vindobouensfet
2919 3643 3246 3714 Florentino
3273 3645 3638 3714 deprehendi-

364 3774 494 3814 mus
518 3756 585 3811 ad
611 3753 1033 3826 Hypomnestica
1063 3752 1116 3806 in
1147 3752 1391 3806 Psalmos
1414 3753 1763 3822 pertinentia.
3636 3827 3665 3856 .

442 3872 654 3927 Indices
677 3869 951 3926 debentur
979 3866 1162 3921 studio
1189 3864 1257 3921 cl.
1292 3863 1504 3927 Baveri,
1533 3864 1595 3919 A.
1635 3864 1702 3918 Μ.
1731 3875 1783 3920 et
1807 3867 2009 3922 scholae
2037 3866 2519 3940 Hirschbergensis
2548 3871 2775 3924 rectoris
2805 3870 3164 3935 meritissimi,
3188 3871 3281 3942 qui
3311 3873 3421 3943 jam
3453 3874 3638 3929 multis

367 3983 571 4056 ingenii
607 3990 770 4051 atque
793 3978 1056 4034 doctrina:
1091 3974 1486 4045 speciminibus
1517 3975 1734 4030 laudem
1780 3979 2000 4044 meruit,
2042 3996 2203 4050 quam
2246 3982 2350 4036 hoc
2380 3999 2522 4038 novo
2558 3984 2745 4039 labore
2779 3983 3016 4039 feliciter
3049 3995 3270 4054 peracto
3310 3996 3524 4042 auctam
3560 3988 3637 4042 illi

368 4098 727 4170 gratulamur.
762 4091 940 4150 Eﬂicit
969 4092 1136 4148 etiam
1160 4091 1229 4145 cl.
1265 4090 1510 4146 Bertram
1537 4091 1600 4146 A.
1641 4093 1706 4146 M.
1734 4094 2054 4150 assiduitate
2078 4112 2177 4150 sua
2201 4106 2257 4151 et
2291 4097 2490 4152 eximia
2525 4097 2830 4169 diligentia,
2865 4110 2924 4154 ut
2948 4101 3102 4155 multi
3126 4103 3472 4171 mirarentur,
3502 4106 3638 4166 adeo

368 4235 492 4274 rara
526 4219 581 4272 in
617 4217 722 4271 hoc
754 4216 1010 4270 universo
1045 4223 1212 4280 opere
1235 4223 1354 4262 esse
1391 4209 1798 4280 typothetarum
1825 4211 2153 4280 sphalmata.

438 4334 586 4387 lnter
613 4332 845 4386 maxima
874 4341 1056 4385 autem
1093 4327 1379 4394 beneﬁcia,
1418 4346 1540 4399 qua:
1564 4331 1676 4385 Deo
1716 4332 1778 4386 Τ.
1805 4333 1868 4388 Ο.
1893 4334 1962 4389 Μ.
1996 4346 2218 4406 accepta
2254 4337 2454 4402 refero,
2488 4337 2592 4392 hoc
2629 4337 2899 4408 imprimis
2931 4350 3030 4404 per
3059 4345 3227 4392 totam
3267 4341 3434 4394 vitam
3462 4347 3636 4398 meam

365 4445 682 4510 celebrabo,
706 4446 851 4516 quod
878 4446 1145 4512 hodierno
1179 4447 1266 4501 die
1292 4463 1358 4501 ex
1384 4457 1511 4502 voto
1534 4448 1664 4502 mihi
1702 4451 1948 4521 contigit.
1986 4452 2296 4522 Adjuvante
2320 4451 2466 4506 enim
2499 4452 2705 4517 divina,
2738 4469 2860 4522 qua
2895 4469 3088 4511 omnes
3127 4458 3486 4528 cogitationes
3514 4463 3634 4518 lau-

371 4565 576 4635 desque
603 4574 817 4619 nostras
837 4574 1080 4635 superat,
1111 4566 1304 4637 gratia,
1327 4567 1396 4622 ad
1431 4566 1594 4622 finem
1628 4585 1772 4624 nunc
1807 4570 2106 4639 perductus
2129 4580 2212 4626 est
2242 4572 2416 4637 labor,
2447 4588 2544 4642 per
2573 4581 2718 4637 octo,
2752 4583 2807 4629 et
2830 4578 2977 4645 quod
3008 4581 3271 4647 excurrit,
3297 4597 3468 4636 annos
3493 4583 3636 4637 inter

371 4677 572 4732 multas
597 4676 944 4732 diliicultates
965 4687 1022 4732 et
1047 4681 1455 4738 vicissitudines
1478 4684 1849 4740 continuatus.
1873 4685 2046 4751 Quem
2081 4696 2140 4741 ut
2177 4687 2320 4743 Deus
2347 4688 2399 4742 in
2425 4689 2624 4744 summi
2651 4694 2890 4749 nominis
2913 4696 2995 4750 sui
3020 4697 3265 4766 gloriam,
3299 4697 3630 4764 multamque

371 4793 604 4850 aliorum
631 4790 925 4847 utilitatem
957 4792 1156 4848 cedere
1181 4793 1392 4863 jubeat,
1429 4794 1658 4864 supplex
1685 4809 1802 4848 oro.

441 4906 644 4961 Dabam
678 4903 844 4970 Halat,
869 4905 924 4960 in
959 4907 1253 4962 Academia
1279 4906 1676 4969 Fridericiana,
1713 4907 1767 4960 d.
1803 4924 1924 4962 xxv:
1950 4908 2172 4979 Aprilis,
2199 4911 2264 4966 A.
2303 4913 2369 4967 Β.
2409 4914 2464 4968 8.
2493 4932 2836 4973 unccuxmt.

373 5147 398 5190 ὃ
437 5063 527 5191 gf;
543 5061 691 5146 lianc
710 5064 1004 5192 Ιθὲιίοηιίδω
1027 5066 1347 5122 varietatem
1372 5080 1436 5120 ex
1461 5075 1650 5120 catena
1678 5064 1943 5135 Lipsiensi
1983 5082 2302 5136 expressam
2323 5071 2390 5124 ad
2417 5082 2623 5129 tomum
2651 5075 2916 5145 "primum
2978 5079 3432 5137 revocavimuset
3461 5085 3630 5140 textui

399 5151 434 5191 u
476 5151 492 5192 ι
530 5149 724 5190 etmus.
798 5151 902 5190 utr.
970 5151 1094 5192 un.

399 5149 724 5206 umeCImus.
753 5149 902 5190 EDIT.
929 5149 1067 5192 I'A'I'B
1077 5175 1094 5192 ο
3645 5174 3652 5206 ξ
