4060 6180
367 286 436 350 21
1047 257 1496 348 AUCTARIUM
1532 280 1850 344 OPERUM
1887 275 2396 341 THEODORETI.
2431 305 2498 316 —-
2536 281 2634 340 AD
2671 279 2847 340 TOM.
2891 281 2940 340 Ι.

3573 281 3646 344 22

367 397 605 452 σκαλίαν
644 397 865 467 ἀρετῆς,
902 397 997 449 καὶ
1048 398 1284 460 πίστεως
1333 396 1588 468 ἀληθοῦς.
1633 397 1697 449 Ἦ
1745 396 1803 449 δὲ
1847 391 1954 446 τῶν

2061 388 2306 446 docenda
2325 408 2448 462 qua:
2458 393 2680 448 virtutis
2699 402 2847 458 sunt,
2865 407 3097 463 quaeque
3113 407 3251 447 verae
3274 391 3402 447 ﬁdei
3416 405 3462 445 II.
3477 391 3647 450 Liber

364 489 623 558 Ἷάλμῶν
661 488 863 558 βίϐλος,
912 488 1003 540 ὅτε
1035 489 1054 520 ⁸
1091 487 1309 541 πάντων
1355 487 1429 550 ὡς
1490 487 1851 557 παράδεισος,
1899 487 1957 538 ὲν

367 584 543 650 ἑαυτῇ
575 583 594 610 τ
637 579 1025 649 πεφυτευμένα
1055 579 1122 633 τὰ
1161 579 1326 633 ἄνθεα
1357 575 1378 609 ³
1426 581 1688 650 φέρουσα,
1730 577 1960 649 μελῳδεῖ

366 673 460 723 ἐπ’
489 670 674 723 αὐτῶν
703 673 796 722 καὶ
825 669 1103 738 ψάλλουσα
1134 669 1406 722 δείκνυσιν
1426 671 1469 724 ’.

451 763 609 831 Ἐχει
636 762 695 816 δὲ
723 763 818 814 καὶ
871 761 1254 834 παρατήρησιν
1292 779 1413 815 τινα
1463 763 1578 823 τοῖς
1611 761 1956 832 βουλομένοις

374 856 694 924 προσέχειν,
736 855 830 906 καὶ
858 856 958 924 τὴν
1005 855 1188 908 είκόνα
1218 873 1337 917 πως
1378 856 1478 924 τῆς
1526 854 1805 924 διαγωγῆς
1847 853 1957 906 τῶν

368 946 586 1015 ςυχῶν,
617 948 711 1000 καὶ
739 947 831 998 τὸν
873 947 959 998 ἐπ’
1003 949 1171 1016 ἀρετῇ
1203 947 1465 1016 τρέχοντα
1502 947 1596 998 καὶ
1633 944 1956 1015 βουλόμενον

368 1039 713 1108 κατανοῆσαι
740 1039 839 1108 τὴν
869 1037 962 1090 τοῦ
1008 1037 1259 1106 Σωτῆρος
1287 1039 1344 1090 ὲν
1375 1036 1587 1107 σώματι
1615 1037 1918 1108 παρουσίαν
1935 1051 1952 1066 ⁸

370 1130 823 1200 ὑπομιμνήσκειν
855 1128 899 1160 ¹⁰
930 1129 1194 1199 πρότερον
1238 1127 1326 1180 διὰ
1352 1128 1454 1198 τῆς
1493 1126 1857 1196 ἀναγνώσεως
1887 1128 1952 1190 ³⁸.

371 1223 446 1275 τά
474 1238 536 1274 τε
565 1224 844 1291 κινήματα
875 1221 970 1274 καὶ
991 1220 1091 1290 τὴν
1121 1220 1457 1274 κατάστασιν
1491 1219 1593 1289 τῆς
1615 1219 1824 1290 ψυχῆς·
1863 1219 1957 1272 καὶ

371 1315 522 1367 οὕτω
548 1314 736 1367 λοιπὸν
760 1317 924 1366 τυποῖ
962 1314 1056 1367 καὶ
1084 1312 1350 1372 διδάσκει,
1375 1314 1425 1366 εί
1455 1313 1500 1344 η
1524 1313 1652 1375 τοὺς
1689 1311 1955 1382 ἐντυγχὰ-

372 1419 570 1464 νοντας
597 1405 711 1465 τοῖς
745 1402 1006 1466 τοιούτοις
1032 1401 1384 1472 ψυχωφελέσι
1419 1401 1512 1455 καῖ⁵
1546 1401 1823 1455 θεοσεϐέσι
1868 1402 1955 1453 λό-

371 1507 515 1559 γοις,
541 1490 685 1543 οὕτω
718 1507 776 1542 τε
809 1490 852 1522 ’³
889 1492 1018 1562 περὶ
1047 1491 1277 1544 ἕκαστον
1315 1491 1406 1543 τὸν
1439 1490 1609 1544 τύπον
1643 1493 1734 1545 καὶ
1753 1492 1853 1562 τὴν
1881 1492 1958 1546 δι-

370 1581 712 1635 δασκαλίανο
752 1583 846 1636 καὶ
882 1583 936 1635 τί
969 1584 1067 1653 μὲν
1106 1583 1301 1651 λέγων,
1334 1584 1590 1653 ἀρέσκειν
1623 1585 1846 1639 δύναται
1876 1585 1956 1656 τῷ

376 1674 593 1743 Κυρίῳ,
617 1674 707 1726 διὰ
746 1674 915 1728 ποίων
951 1675 1007 1726 δὲ
1043 1675 1304 1746 ῥημάτων
1333 1675 1768 1746 ὲπιδιορθοΰσθαι
1793 1678 1836 1709 ¹⁸
1863 1676 1954 1730 δύο

2066 492 2250 536 autem
2300 483 2660 549 Psalmorum,
2703 501 2825 544 cum
2871 487 2944 540 sit
2975 485 3124 540 velut
3160 485 3406 541 omnium
3427 485 3642 548 hortus,

2065 573 2307 630 consitos
2343 576 2396 630 in
2417 592 2474 632 se
2505 576 2669 633 ﬂores
2691 577 2894 641 ferens,
2919 577 2985 632 de
3010 577 3143 646 ipsis
3163 575 3498 641 modulatur,
3523 591 3645 632 eos-

2065 679 2172 733 que
2194 666 2434 734 psallens
2453 668 2716 722 ostendit.

2137 755 2314 810 Habet
2339 758 2504 811 etiam
2533 759 2681 829 quod
2704 759 3022 824 observent,
3069 760 3162 828 qui
3203 759 3491 815 attendere
3542 775 3641 812 vo-

2065 848 2305 913 luerint;
2344 848 2509 904 habet
2545 857 2602 904 et
2636 851 2888 916 formam,
2922 867 3030 920 qua
3059 851 3326 920 dirigatur
3353 851 3556 914 anima,
3586 860 3644 904 et

2065 940 2159 1008 qui
2203 955 2300 1009 per
2337 941 2560 995 virtutis
2602 941 2744 997 viam
2777 943 2970 1007 currit,
3004 943 3228 1012 vultque
3253 943 3502 998 meditari
3525 942 3644 999 Sal-

2056 1031 2268 1110 macis
2302 1031 2356 1085 in
2383 1047 2546 1086 carne
2583 1033 2899 1100 adventum,
2939 1035 3284 1104 lectioneque
3327 1042 3548 1088 revocat
3583 1034 3641 1086 in

2065 1124 2382 1178 memoriam
2415 1134 2596 1178 motus
2616 1125 2812 1180 animae
2839 1141 2903 1179 ac
2934 1126 3386 1180 constitutionem
3412 1142 3427 1190 ;
3452 1127 3640 1193 sicque

2065 1213 2263 1268 deinde
2299 1231 2424 1270 eum
2464 1218 2558 1286 qui
2592 1219 2648 1272 in
2683 1217 2955 1288 ejusmodi
2985 1221 3001 1237 '
3029 1217 3379 1274 sermonibus
3413 1215 3639 1271 utilibus

2065 1304 2282 1368 animae,
2328 1307 2541 1378 piisque
2583 1309 2830 1380 legendis
2874 1319 3122 1364 versatus
3168 1309 3351 1372 fuerit,
3384 1307 3640 1362 informat

2063 1406 2120 1451 et
2156 1397 2318 1452 docet
2355 1400 2503 1455 circa
2537 1416 2756 1456 omnem
2799 1402 3029 1454 formam
3069 1409 3125 1454 et
3157 1399 3461 1454 doctrinam
3509 1413 3636 1452 san-

2063 1488 2270 1544 ctitatis
2293 1507 2307 1555 ;
2330 1499 2385 1544 et
2405 1507 2525 1561 qure
2547 1491 2781 1547 dicendo
2801 1493 3016 1562 placere
3047 1492 3219 1561 possit
3267 1491 3466 1560 aliquis
3501 1489 3636 1551 Deo.

2063 1597 2126 1636 ac
2146 1598 2243 1652 per
2265 1584 2532 1653 ejusmodi
2561 1585 2664 1654 73
2690 1585 2906 1655 eloquia
2924 1586 3149 1656 corrigi,
3167 1583 3438 1655 etgratias
3452 1597 3634 1653 agere,

2061 1683 2352 1744 propterea
2387 1676 2533 1745 quod
2565 1678 2716 1746 juxta
2745 1677 2862 1733 hac
2884 1679 3116 1734 Domino
3151 1678 3380 1746 loquens
3425 1677 3479 1730 in
3533 1676 3636 1728 im-

371 1779 538 1816 ναται
583 1767 676 1818 καὶ
725 1766 1070 1836 εὐχαριστεῖν
1099 1766 1178 1835 τῷ
1207 1767 1416 1837 Κυρίῳ,
1462 1768 1602 1836 ὑπὲρ
1626 1767 1720 1821 τοῦ
1761 1768 1835 1839 μὴ
1876 1769 1954 1832 είς

2061 1768 2322 1838 pietatem
2347 1785 2456 1822 non
2486 1769 2707 1825 incidat.

374 1856 638 1909 ἀσέϐειαν
683 1858 1052 1911 καταπίπτειν
1084 1859 1127 1890 ¹⁸
1160 1858 1251 1910 τὸν
1301 1859 1448 1930 παρὰ
1487 1859 1553 1912 τὰ
1599 1858 1822 1914 τοιαῦτα
1865 1860 1955 1914 λέ-

376 1964 546 2014 γοντα
557 1986 572 2003 .

460 2041 518 2093 '0
540 2041 653 2111 γὰρ
678 2042 965 2112 χαρακτὴρ
999 2044 1090 2096 καὶ
1131 2046 1161 2112 ἡ
1199 2043 1461 2114 διαίρεσις
1488 2045 1588 2115 τῆς
1635 2045 1820 2116 βίϐλου
1849 2048 1956 2102 τῶν

374 2132 650 2202 ¹Ι“αλμῶν,
688 2135 768 2196 είς
795 2134 1066 2202 ὠφέλειαν
1109 2135 1324 2188 πάντων
1371 2137 1673 2208 ἀνθρώπων
1717 2139 1954 2208 ἐγένετο,

378 2225 474 2276 καὶ
510 2223 751 2292 ἡγοῦμαι
800 2228 858 2278 ὲν
889 2224 1100 2288 τούτοις
1133 2227 1242 2288 τοῖς
1283 2225 1460 2292 λόγοις
1501 2226 1601 2296 τῆς
1641 2226 1824 2296 βίϐλου
1865 2228 1955 2281 τὸν

382 2315 560 2366 παν-σα
607 2315 719 2383 βίον
753 2316 858 2368 τῶν
907 2315 1229 2386 ἀνθρώπων,
1269 2318 1366 2379 τάς
1393 2334 1451 2368 τε
1493 2317 1593 2388 τῆς
1620 2317 1798 2389 ψυχῆς
1841 2319 1956 2374 δια·

375 2408 579 2471 θέσεις,
607 2407 704 2460 καὶ
724 2409 832 2460 τῶν
861 2407 1138 2478 λογισμῶν
1167 2409 1236 2461 τὰ
1262 2409 1539 2477 κινήματα
1571 2413 1883 2482 μετρεῖσθαι
1906 2406 1950 2438 ⁸⁸

379 2498 472 2548 mi
497 2496 866 2567 περιέχεσθαι,
892 2499 985 2550 καὶ
1016 2498 1180 2568 μηδὲν
1210 2498 1370 2551 πλέον
1398 2502 1452 2552 ὲν
1477 2501 1780 2571 ἀνθρώποις
1812 2502 1955 2570 ὼιρε-

375 2587 582 2658 λιμώτε
592 2605 683 2657 ρον
713 2589 930 2658 εὕρισκε
940 2589 1082 2643 σθαι.

463 2681 520 2734 Ὀ
549 2681 660 2752 γὰρ
681 2681 811 2743 Θεὸς
837 2682 1137 2734 ἐνετείλατο
1163 2681 1239 2752 τῷ
1270 2685 1460 2736 Μωσεῖ
1492 2686 1698 2752 γράψαι
1726 2688 1823 2756 τὴν
1855 2706 1953 2757 με-

375 2775 551 2843 γάλην
572 2774 739 2843 ᾠδὴν,
769 2774 863 2826 καὶ
901 2774 1111 2839 διδάξαι
1137 2775 1214 2843 τῷ
1252 2775 1366 2844 λαῷ
1390 2795 1400 2804 ·
1427 2778 1520 2830 τόν
1548 2778 1586 2808 "
1609 2795 1668 2830 τε
1692 2779 1954 2833 καθιστά-

376 2886 540 2936 μενον
559 2869 797 2937 ἇρχοντα
831 2866 1045 2921 κελεύει
1071 2867 1278 2937 γράψαι
1310 2869 1369 2920 τὸ
1395 2870 1830 2942 Δευτερονόμιον,
1861 2874 1954 2926 καὶ

374 2960 520 3026 ἔχειν
545 2957 708 3010 τοῦτο
747 2960 827 3021 είς
866 2959 1133 3026 ὠφέλειαν
1163 2961 1206 2991 ¹⁸
1246 2963 1354 3020 τοῖς
1399 2961 1636 3030 γνησίως
1680 2963 1738 3014 ὲν
1771 2964 1954 3026 αὐτοῖς

2130 2045 2421 2101 Distinctio
2459 2056 2624 2116 p’orro
2675 2046 2984 2116 divisioque
3023 2045 3152 2100 libri
3193 2045 3532 2100 Psalmorum
3563 2044 3632 2099 ad

2059 2138 2350 2192 utilitatem
2393 2139 2638 2193 omnium
2679 2138 2962 2192 hominum
3009 2137 3306 2192 conducit:
3338 2137 3473 2206 quin
3507 2137 3632 2205 opi-

2057 2245 2161 2283 nor
2186 2230 2240 2284 in
2275 2230 2590 2301 hujusmodi
2621 2229 2751 2285 libri
2776 2230 3128 2285 sermonibus
3158 2237 3324 2284 totam
3348 2229 3630 2283 hominum

2057 2321 2224 2376 vitam
2261 2331 2318 2376 et
2346 2323 2542 2377 animae
2575 2303 2917 2385 affectiones,
2948 2330 3004 2375 et
3027 2320 3257 2375 rationis
3287 2328 3468 2374 motus
3491 2328 3632 2374 tem-

2057 2414 2238 2482 perari
2275 2422 2330 2469 et
2366 2414 2663 2478 contineri,
2697 2413 2948 2482 nihilque
2974 2413 3029 2466 in
3054 2411 3371 2466 hominibus
3400 2410 3630 2480 reperiri

2058 2504 2270 2559 utilius.

2125 2692 2295 2746 .Iussit
2345 2691 2488 2744 enim
2538 2691 2684 2745 Deus
2725 2690 2887 2754 Mosi,
2912 2696 2972 2742 ut
3011 2703 3266 2758 magnum
3293 2687 3428 2740 illud
3454 2685 3630 2740 canti-

2055 2797 2184 2835 cum
2240 2782 2532 2845 scriberet,
2593 2789 2648 2836 et
2706 2785 2966 2850 populum
3020 2779 3290 2834 doceret:
3351 2776 3632 2831 mandavit

2055 2873 2244 2937 etiam,
2294 2886 2355 2928 ut
2398 2876 2492 2944 qui
2531 2875 2963 2929 constitueretur
2983 2873 3113 2936 dux,
3138 2871 3629 2926 scriberetDeute—

2057 2967 2391 3032 ronomium,
2449 2968 2693 3038 illudque
2735 2968 2964 3022 haberet
3011 2967 3078 3020 ad
3117 2981 3276 3021 usum
3308 2979 3500 3018 eorum
3533 2963 3626 3031 qui

377 3051 680 3118 μελετῶσιν
714 3050 928 3113 ἀμέλει.
975 3051 1243 3120 Ὁπηνίκα
1283 3053 1363 3114 εἰς
1392 3054 1490 3120 τὴν
1520 3054 1623 3123 γῆν
1655 3053 1756 3122 τῆς
1782 3057 1953 3122 ἑπαγ-

2061 3068 2207 3114 recte
2232 3060 2285 3112 in
2307 3060 2442 3129 ipsis
2465 3059 2820 3114 meditantur.
2842 3059 3088 3126 Denique
3112 3055 3332 3125 quando
3353 3055 3406 3108 in
3427 3063 3630 3108 terram

371 3142 565 3207 γελίας
593 3142 840 3211 εἰσῆλθεν
868 3142 1006 3195 ὀτοῦ
1038 3144 1190 3211 Ναυῆ
1230 3144 1456 3212 Ἰησοῦς,
1486 3145 1697 3213 βλέπων
1723 3146 1820 3209 τὰς
1846 3147 1954 3200 τῶν

374 3233 548 3284 ἐθνῶν
581 3233 937 3306 παρατάξεις,
971 3236 1065 3288 καὶ
1094 3239 1220 3300 τοὺς
1270 3238 1507 3307 βασιὶείς
1538 3240 1580 3270 ¹⁹
1608 3238 1718 3290 τῶν
1757 3241 1955 3310 Ἀμορ-

384 3327 558 3394 ραἱων
586 3327 681 3378 καὶ
724 3327 997 3380 Γετθαίων
1019 3331 1086 3392 ὀ,
1118 3330 1211 3382 καὶ
1261 3330 1659 3395 Ἰεϐουσσαίων,
1703 3333 1796 3384 καὶ
1829 3333 1954 3396 τοὺς

378 3413 614 3476 λοιποῦς
639 3415 838 3478 πάντας
866 3418 1312 3483 συνεισελθόντας
1339 3422 1378 3450 ²¹
1409 3424 1527 3473 κατ’
1557 3421 1718 3475 αύτοῦ
1753 3425 1832 3478 εἰς
1861 3423 1953 3476 τὸν

397 3504 657 3573 πόλεμον,
705 3507 818 3558 ἀντὶ
849 3508 1020 3562 ὅπλων
1070 3512 1164 3563 καὶ
1205 3511 1392 3579 ξιφῶν,
1426 3513 1486 3565 τὸ
1537 3516 1953 3586 ¹Δευτερονόμιον

392 3597 682 3663 ἀναγνοὺς,
713 3599 788 3662 είς
831 3599 900 3653 τὰ
947 3594 1062 3654 ὦτα
1107 3603 1346 3667 πάντων,
1380 3605 1447 3658 τά
1486 3623 1544 3656 τε
1596 3609 1814 3677 ῥήματα
1856 3607 1951 3661 τοῦ

389 3691 560 3759 νόμου
585 3693 916 3763 ὑπομνήσας,
947 3696 1040 3750 καὶ
1074 3697 1284 3760 τούτοις
1310 3698 1400 3750 τὸν
1444 3698 1570 3751 λαὸν
1599 3700 1950 3767 καθοπλίσας,

384 3781 705 3850 περιγέγονε
750 3785 860 3836 τῶν
889 3785 1203 3856 πολεμίων.
1246 3788 1302 3839 ’0
1347 3787 1400 3839 δὲ
1447 3787 1699 3858 βασιλεὺς
1748 3792 1955 3857 Ἰωσίας

372 3873 702 3944 εὒρεθέντος
732 3877 824 3929 τοῦ
863 3876 1092 3946 βιϐλίου,
1125 3879 1221 3931 καὶ
1261 3880 1707 3947 ἀναγνωσθέντος
1739 3885 1818 3947 είς
1859 3887 1956 3947 τὰς

375 3967 599 4018 πάντων
623 3969 816 4030 ἀκοὰς,
851 3970 1038 4022 οὐκέτι
1065 3973 1188 4033 τοὺς
1223 3970 1451 4041 ἐχθροὺς
1477 3972 1739 4040 ἐφοϐεῖτο.

445 4060 558 4111 Καὶ
585 4059 696 4129 γὰρ
723 4062 871 4131 παρᾶ
919 4063 1195 4132 φρονίμων
1241 4064 1334 4116 καὶ
1384 4065 1706 4132 σοφωτάτων
1745 4067 1955 4138 ἀνδρῶν

373 4151 588 4219 ἥκουσα
608 4153 654 4182 ’³
680 4152 966 4219 λεγόντων,
997 4155 1070 4217 ὼς
1094 4155 1201 4224 ἄρα
1223 4154 1283 4206 τὸ
1304 4155 1531 4208 παλαιὸν
1552 4158 1608 4208 ὲν
1637 4157 1713 4228 τῷ
1741 4161 1957 4229 Ἰσραὴλ

377 4242 543 4308 μονον
595 4243 1061 4309 ἀναγινώσκοντες
1114 4244 1222 4297 τῶν
1275 4245 1524 4314 Ψαλμῶν
1568 4247 1667 4311 τὰς
1717 4251 1954 4318 γραφὰς,

373 4335 604 4385 ἑδέωκον
621 4333 902 4403 δαίμονας.
924 4336 1087 4387 Ὅθεν
1103 4336 1495 4406 καταγνώσεως
1516 4337 1696 4408 πάσης
1713 4339 1758 4371 ’³
1774 4339 1958 4406 ἀξίους

2057 3151 2441 3220 promissionis
2481 3150 2632 3204 venit
2670 3150 2838 3204 Josua
2887 3149 3033 3202 ﬁlius
3071 3148 3239 3211 Nave,
3279 3146 3477 3202 videns
3500 3161 3632 3217 gen-

2057 3242 2193 3295 tium
2230 3241 2396 3303 acies,
2438 3255 2702 3309 regesque
2725 3238 3194 3301 Amorrhaeor-um,
3233 3236 3628 3302 Getthaaorum,

2055 3333 2452 3396 Jebusaaorum,
2479 3331 2832 3399 reliquosque
2852 3329 2990 3384 alios
3012 3339 3202 3384 contra
3229 3343 3287 3383 se
3320 3332 3388 3382 ad
3425 3327 3630 3382 bellum

2056 3423 2468 3487 convenientes,
2520 3438 2620 3492 pro
2671 3421 2839 3476 armis
2871 3431 2926 3474 et
2959 3420 3187 3475 ensibus
3220 3420 3405 3490 legens
3426 3419 3630 3473 Deute-

2055 3515 2367 3568 ronomium
2396 3514 2464 3568 ad
2491 3529 2654 3569 aures
2687 3515 2954 3578 omnium,
2987 3521 3042 3568 et
3080 3511 3248 3567 verba
3287 3511 3423 3581 legis
3469 3525 3629 3565 revo-

2055 3622 2186 3661 cans
2229 3607 2283 3660 in
2335 3607 2678 3670 memoriam,
2729 3607 2925 3676 hisque
2977 3605 3238 3675 populum
3277 3603 3427 3659 velut
3462 3603 3631 3656 armis

2057 3700 2356 3764 instruens,
2381 3701 2570 3755 hostes
2595 3700 2816 3755 devicit.
2846 3701 2960 3754 Rex
2980 3705 3163 3752 autem
3190 3696 3385 3760 Josias,
3412 3703 3630 3765 reperto

2058 3789 2354 3860 Scriptum
2408 3791 2584 3855 libro,
2635 3791 2889 3862 lectoque
2950 3789 3208 3843 omnibus
3254 3787 3626 3852 audientibus,

2054 3882 2165 3952 jam
2189 3897 2299 3936 non
2331 3882 2568 3951 amplius
2605 3881 2793 3937 hostes
2827 3883 3032 3937 timuit.

2127 4066 2270 4133 Quin
2304 4067 2470 4121 etiam
2507 4081 2537 4120 a
2571 4067 2709 4121 viris
2743 4066 3109 4135 prudentibus
3129 4071 3186 4119 et
3210 4061 3634 4133 sapientissimis
3693 4097 3698 4103 -

2059 4157 2265 4222 audivi,
2306 4173 2431 4212 cum
2478 4156 2586 4228 74
2627 4157 2682 4211 id
2725 4164 2981 4226 tanquam
3024 4164 3183 4212 vetus
3203 4155 3460 4225 quiddam
3487 4153 3630 4223 apud

2061 4247 2338 4301 lsraelitas
2366 4253 2680 4308 narrarent,
2721 4245 2870 4315 quod
2906 4245 3147 4314 legentes
3185 4243 3451 4298 duntaxat
3486 4240 3634 4295 Psal-

2061 4354 2273 4393 morum
2299 4337 2613 4407 Scripturas
2641 4337 2906 4408 ejicerent
2933 4335 3226 4390 daemones.
3260 4334 3439 4400 Quare
3482 4330 3632 4386 omni

373 4420 517 4476 εἶναι
543 4425 748 4492 ἔλεγον.
785 4427 912 4487 τοὺς
951 4426 1124 4480 ταῦτα
1166 4430 1264 4497 μὲν
1299 4429 1580 4496 ἀφιέντας,
1613 4430 1954 4497 συντιθέντας

2062 4429 2488 4497 reprehensione
2505 4427 2701 4497 dignos
2716 4442 2837 4482 esse
2855 4427 3131 4490 dicebant,
3156 4425 3247 4494 qui
3269 4423 3630 4484 dimisissent.

374 4515 431 4565 δὲ
467 4516 686 4576 ἑαυτοῖς
717 4515 914 4580 ἔξωθεν
944 4519 1164 4588 ῥήματα
1196 4517 1421 4571 πειθανὰ
1440 4521 1505 4582 ’⁸,
1533 4519 1623 4572 καὶ
1657 4522 1714 4572 ὲν
1743 4519 1954 4583 τούτοις

379 4607 704 4676 ὲξορκιστὰς
732 4611 928 4672 αὐτοὺς
959 4611 1339 4681 ὀνομάζοντας.

451 4699 560 4751 Καὶ
611 4700 688 4763 ὡς
714 4699 953 4770 εἴρηται,
983 4703 1033 4754 οἱ
1084 4703 1302 4756 παλαιοὶ
1346 4706 1510 4759 ὁπότε
1551 4707 1594 4738 ’⁸
1634 4701 1779 4778 εἶχον
1819 4710 1953 4780 πρὸς

373 4789 505 4850 τοὺς
535 4788 892 4852 ὑπεναντίους
923 4791 1180 4860 πόλεμον,
1212 4794 1576 4860 ἀνεγίνωσκον
1605 4797 1666 4850 τὸ
1699 4800 1956 4868 Δευτορο-

379 4879 567 4946 νιῖμιον
633 4879 864 4934 ἐνώπιον
915 4882 1114 4946 παντὸς
1153 4883 1244 4935 τοῦ
1288 4885 1448 4949 λαοῦ,
1499 4888 1591 4940 καὶ
1637 4891 1669 4958 ἡ
1725 4890 1957 4955 κιϐωτὸς

464 5031 488 5058 ⁸
515 5021 558 5076 II
591 5022 733 5076 Tim.
773 5040 847 5087 Ill,
885 5026 966 5078 16.

2060 4521 2164 4575 sibi
2189 4537 2320 4574 vero
2368 4519 2808 4589 composuissent
2841 4527 2965 4588 apta
3007 4516 3254 4586 quaedam
3293 4515 3483 4576 verba,
3534 4529 3633 4567 vo-

2060 4623 2382 4683 cassentque
2407 4612 2712 4667 exorcistas
2735 4609 2829 4679 qui
2859 4609 2991 4679 ipsis
3014 4615 3317 4662 uterentur.

2133 4706 2296 4773 Quin.
2345 4713 2404 4758 ut
2436 4703 2660 4766 dicitur,
2687 4712 2922 4763 veteres,
2948 4701 2993 4755 si
3022 4699 3242 4770 quando
3273 4697 3476 4752 bellum
3506 4710 3635 4749 con-

2064 4810 2144 4854 tra
2186 4796 2533 4852 adversarios
2590 4801 2864 4865 gererent,
2922 4790 3405 4848 Deuteronomium
3449 4801 3632 4841 coram

2063 4890 2211 4944 omni
2248 4887 2448 4957 populo
2491 4886 2765 4956 legebant,
2809 4893 2864 4938 et
2894 4898 3017 4936 arca
3049 4882 3186 4951 legis
3211 4879 3421 4933 tabulas
3455 4874 3633 4930 conti-

1683 5171 1912 5226 VARIE
1949 5171 2355 5228 LECTIONES.

451 5299 470 5329 ⁵
505 5298 657 5375 Vind.
679 5300 792 5351 ἅτε.
858 5300 1210 5375 "_Ibi_d.c_xinﬁ.
1275 5301 1436 5375 8Ibid.
1458 5302 1634 5375 ἄνθη,
1691 5303 1874 5375 ’Ibid.
1903 5304 2229 5375 μελῳδοῦσιν
2253 5305 2337 5357 ἐπ’
2359 5306 2492 5372 αὐτῇ
2521 5304 2613 5357 καὶ
2637 5301 2895 5375 ψάλλουσι
2915 5299 3204 5375 δείκνυσιν..
3286 5297 3477 5375 “Ibid:
3500 5296 3635 5375 \‘J‘ﬂo-

371 5369 787 5437 μιμνήσκουσα.
881 5370 918 5401 ⁸⁸
959 5371 1098 5425 Ibid.
1138 5369 1503 5433 ἀναστάσεως.

366 5439 716 5512 Athanasius
744 5439 799 5492 in
843 5441 1007 5512 epist.
1046 5441 1114 5495 ad
1150 5441 1386 5512 Marcell.
1422 5442 1543 5512 (Ed.
1579 5441 1782 5496 Bened.
1818 5451 1856 5496 t.
1895 5443 1936 5506 l,

1599 5374 1640 5403 “
1677 5374 1746 5426 εί.
1773 5374 1911 5428 Des.
1935 5375 1992 5429 in
2024 5375 2258 5430 Vindob.

1990 5459 2045 5512 p.
2082 5454 2161 5509 ‘n,
2207 5460 2258 5514 p.
2315 5443 2464 5513 992.)
2503 5436 2807 5514 διορθοῦν.’
2851 5442 2894 5474 ’⁸
2924 5440 3125 5514 Athan.
3164 5440 3200 5492 l.
3236 5455 3289 5514 c._
3318 5436 3634 5514 ἐμπίπτειν.

2341 5375 2382 5405 ³³
2419 5362 2559 5428 Ibid.
2594 5362 2718 5442 οὔτε
2747 5372 2844 5442 τῷ.
2924 5371 2967 5442 ’.⁵
2998 5365 3632 5442 ίιὺίόηέπανορθοῦσθαι.

369 5511 417 5539 ιε
445 5507 647 5600 ὶῩιξῐιιι.
682 5503 1088 5600 μεταιρείσθὲιιέ
1103 5581 1128 5600 Λ
1158 5512 1198 5542 ιτ
1225 5511 1363 5598 Ibid:
1405 5503 1498 5600 τού
1542 5512 1686 5600 λαοῦὶ
1712 5513 1802 5593 τὸν
1827 5503 2225 5600 καθιστάμενον
2253 5503 2507 5600 ἄρχοντα,
2543 5503 2802 5600 κελεύσας
2825 5510 3063 5600 γράψαι,
3092 5526 3232 5600 κλτ.
3275 5508 3323 5600 λέ
3352 5503 3478 5600 "‘1'"
3492 5503 3635 5600 Ibid:

366 5597 402 5629 κ
416 5578 472 5630 xl.
511 5578 659 5645 ἔχειν
689 5577 859 5631 τοῦτο
877 5583 954 5641 εἰς

370 5648 680 5712 βασιλείας.
759 5649 805 5678 ’⁸³
839 5648 974 5702 Ibid.
1015 5648 1307 5702 Χετταίων.

369 5718 541 5770 θανά.
621 5717 667 5746 ⁸⁵
698 5717 836 5771 Ibid.
873 5719 921 5768 εἴ
959 5736 1106 5772 ποτε.

1407 5654 1446 5682 ²¹
1506 5651 1640 5707 Ibid.
1683 5652 2048 5714 συνελθόντας.

1001 5579 1252 5652 βοήθειαν
1280 5584 1402 5645 τοὺς
1438 5583 1569 5652 αὐτὸ
1598 5582 1937 5650 μελετῶντας
1975 5573 2237 5652 γνὴσίως.
2293 5573 2508 5650 ιᾸίιέλει
2552 5583 2646 5636 καὶ
2677 5573 2932 5651 ὁπηνίκα,
2957 5573 3107 5652 ’κε’τ.
3150 5579 3198 5631 λ.
3277 5577 3327 5652 ξ’.
3537 5573 3636 5637 τὰς

2128 5653 2171 5683 "
2208 5644 2603 5722 ῙΙιίιί.’ἧκοοο-ε.
2722 5644 2932 5706 ¹³Ίὺίί1.
2969 5651 3195 5711 πάντας.
3290 5647 3338 5677 ’⁸
3365 5644 3506 5700 Ibid.
3544 5660 3636 5696 πι-
