  <div class='ocr_page' id='page_1' title='image "/cluster/home/n/w/nwhite01/storage/ocr_20150623/84/hvd.32044073502213/026.png"; bbox 0 0 4060 6180; ppageno 0'>
   <div class='ocr_carea' id='block_1_1' title="bbox 205 403 1800 472">
    <p class='ocr_par' dir='ltr' id='par_1_1' title="bbox 205 403 1799 470">
     <span class='ocr_line' id='line_1_1' title="bbox 205 403 1799 470; baseline 0.01 -17"><span class='ocrx_word' id='word_1_1' title='bbox 205 403 279 467; x_wconf 80' lang='lat'><strong>33</strong></span> <span class='ocrx_word' id='word_1_2' title='bbox 1375 409 1799 470; x_wconf 56' lang='lat' dir='ltr'><strong>AUCTARIUA</strong></span> 
     </span>
    </p>
   </div>
   <div class='ocr_carea' id='block_1_2' title="bbox 1902 403 2423 472">
    <p class='ocr_par' dir='ltr' id='par_1_2' title="bbox 1902 409 2423 472">
     <span class='ocr_line' id='line_1_2' title="bbox 1902 409 2423 472; baseline 0.002 -4"><span class='ocrx_word' id='word_1_3' title='bbox 1902 434 1941 443; x_wconf 91' lang='grc'><strong>-</strong></span> <span class='ocrx_word' id='word_1_4' title='bbox 1981 411 2079 469; x_wconf 81' lang='grc' dir='ltr'><strong>ΑΙ)</strong></span> <span class='ocrx_word' id='word_1_5' title='bbox 2114 409 2288 472; x_wconf 83' lang='grc' dir='ltr'><strong>ΤΟΜ.</strong></span> <span class='ocrx_word' id='word_1_6' title='bbox 2330 412 2423 470; x_wconf 77' lang='lat' dir='ltr'><strong>IV.</strong></span> 
     </span>
    </p>
   </div>
   <div class='ocr_carea' id='block_1_3' title="bbox 3415 412 3488 481">
    <p class='ocr_par' dir='ltr' id='par_1_3' title="bbox 3415 412 3488 481">
     <span class='ocr_line' id='line_1_3' title="bbox 3415 412 3488 481; baseline 0 -1"><span class='ocrx_word' id='word_1_7' title='bbox 3415 412 3488 481; x_wconf 61' lang='lat'><strong>8’:</strong></span> 
     </span>
    </p>
   </div>
   <div class='ocr_carea' id='block_1_4' title="bbox 249 622 3450 656">
    <p class='ocr_par' dir='ltr' id='par_1_4' title="bbox 249 622 3450 656">
     <span class='ocr_line' id='line_1_4' title="bbox 249 622 3450 656; baseline 0 -19"><span class='ocrx_word' id='word_1_8' title='bbox 249 622 3450 656; x_wconf 76' lang='lat'><strong>__.___.___________________—____________________________</strong></span> 
     </span>
    </p>
   </div>
   <div class='ocr_carea' id='block_1_5' title="bbox 1406 814 2315 907">
    <p class='ocr_par' dir='ltr' id='par_1_5' title="bbox 1406 814 2315 907">
     <span class='ocr_line' id='line_1_5' title="bbox 1406 814 2315 907; baseline 0.003 -4"><span class='ocrx_word' id='word_1_9' title='bbox 1406 817 1552 904; x_wconf 90' lang='lat' dir='ltr'><strong>AD</strong></span> <span class='ocrx_word' id='word_1_10' title='bbox 1636 814 2070 907; x_wconf 85' lang='lat' dir='ltr'><strong>TOMUM</strong></span> <span class='ocrx_word' id='word_1_11' title='bbox 2154 820 2315 906; x_wconf 87' lang='lat' dir='ltr'><strong>IV.</strong></span> 
     </span>
    </p>
   </div>
   <div class='ocr_carea' id='block_1_6' title="bbox 1126 1034 2591 1099">
    <p class='ocr_par' dir='ltr' id='par_1_6' title="bbox 1126 1034 2591 1099">
     <span class='ocr_line' id='line_1_6' title="bbox 1126 1034 2591 1099; baseline 0.003 -5"><span class='ocrx_word' id='word_1_12' title='bbox 1126 1034 1611 1095; x_wconf 83' lang='lat' dir='ltr'><strong>THEODORETI</strong></span> <span class='ocrx_word' id='word_1_13' title='bbox 1648 1035 2050 1095; x_wconf 83' lang='lat' dir='ltr'><strong>SERMONES</strong></span> <span class='ocrx_word' id='word_1_14' title='bbox 2090 1038 2185 1096; x_wconf 91' lang='lat' dir='ltr'><strong>ET</strong></span> <span class='ocrx_word' id='word_1_15' title='bbox 2223 1037 2591 1099; x_wconf 78' lang='lat' dir='ltr'><strong>HOMILI/E.</strong></span> 
     </span>
    </p>
   </div>
   <div class='ocr_carea' id='block_1_7' title="bbox 198 1385 1873 1457">
    <p class='ocr_par' dir='ltr' id='par_1_7' title="bbox 198 1385 1873 1457">
     <span class='ocr_line' id='line_1_7' title="bbox 198 1385 1873 1457; baseline -0.004 -13"><span class='ocrx_word' id='word_1_16' title='bbox 198 1388 603 1457; x_wconf 76' lang='grc' dir='ltr'>Θεοδωρήτου</span> <span class='ocrx_word' id='word_1_17' title='bbox 645 1386 690 1418; x_wconf 83' lang='grc'><strong>³⁸</strong></span> <span class='ocrx_word' id='word_1_18' title='bbox 725 1387 1064 1439; x_wconf 79' lang='grc' dir='ltr'><strong>ἐπισκόπου</strong></span> <span class='ocrx_word' id='word_1_19' title='bbox 1102 1386 1318 1457; x_wconf 80' lang='grc' dir='ltr'>Κύρου,</span> <span class='ocrx_word' id='word_1_20' title='bbox 1370 1385 1662 1457; x_wconf 58' lang='grc' dir='ltr'><strong>ἐγκώμιον</strong></span> <span class='ocrx_word' id='word_1_21' title='bbox 1713 1387 1800 1457; x_wconf 74' lang='grc' dir='ltr'><strong>είς</strong></span> <span class='ocrx_word' id='word_1_22' title='bbox 1831 1393 1873 1448; x_wconf 78' lang='grc' dir='ltr'><strong>Α</strong></span> 
     </span>
    </p>
   </div>
   <div class='ocr_carea' id='block_1_8' title="bbox 274 1454 1799 1528">
    <p class='ocr_par' dir='ltr' id='par_1_8' title="bbox 274 1454 1799 1528">
     <span class='ocr_line' id='line_1_8' title="bbox 274 1454 1799 1528; baseline -0.005 -15"><span class='ocrx_word' id='word_1_23' title='bbox 274 1454 731 1528; x_wconf 56' lang='grc' dir='ltr'><strong>τὴιίγένγησιν</strong></span> <span class='ocrx_word' id='word_1_24' title='bbox 759 1457 862 1509; x_wconf 81' lang='grc' dir='ltr'><strong>τοῦ</strong></span> <span class='ocrx_word' id='word_1_25' title='bbox 893 1458 1135 1524; x_wconf 82' lang='grc' dir='ltr'><strong>ἐντίμου</strong></span> <span class='ocrx_word' id='word_1_26' title='bbox 1163 1455 1260 1528; x_wconf 59' lang='grc' dir='ltr'><strong>καί</strong></span> <span class='ocrx_word' id='word_1_27' title='bbox 1289 1454 1542 1528; x_wconf 60' lang='grc' dir='ltr'>ἐνδόξου</span> <span class='ocrx_word' id='word_1_28' title='bbox 1571 1456 1799 1524; x_wconf 69' lang='grc' dir='ltr'><strong>προφή-</strong></span> 
     </span>
    </p>
   </div>
   <div class='ocr_carea' id='block_1_9' title="bbox 278 1525 1597 1595">
    <p class='ocr_par' dir='ltr' id='par_1_9' title="bbox 278 1525 1597 1595">
     <span class='ocr_line' id='line_1_9' title="bbox 278 1525 1597 1595; baseline -0.005 -11"><span class='ocrx_word' id='word_1_29' title='bbox 278 1548 393 1583; x_wconf 83' lang='grc' dir='ltr'>του</span> <span class='ocrx_word' id='word_1_30' title='bbox 421 1525 519 1582; x_wconf 70' lang='grc' dir='ltr'>ιὶαί</span> <span class='ocrx_word' id='word_1_31' title='bbox 552 1527 890 1595; x_wconf 51' lang='grc' dir='ltr'>προδρόμου</span> <span class='ocrx_word' id='word_1_32' title='bbox 923 1525 1265 1579; x_wconf 78' lang='grc' dir='ltr'>Βαπτιστοῦ</span> <span class='ocrx_word' id='word_1_33' title='bbox 1297 1525 1597 1577; x_wconf 74' lang='grc' dir='ltr'>Ἰωάννου.</span> 
     </span>
    </p>
   </div>
   <div class='ocr_carea' id='block_1_10' title="bbox 282 1636 1800 1710">
    <p class='ocr_par' dir='ltr' id='par_1_10' title="bbox 282 1636 1800 1710">
     <span class='ocr_line' id='line_1_10' title="bbox 282 1636 1800 1710; baseline -0.003 -17"><span class='ocrx_word' id='word_1_34' title='bbox 282 1639 350 1693; x_wconf 77' lang='grc' dir='ltr'><strong>Εἰ</strong></span> <span class='ocrx_word' id='word_1_35' title='bbox 393 1640 495 1710; x_wconf 77' lang='grc' dir='ltr'>μὲν</span> <span class='ocrx_word' id='word_1_36' title='bbox 529 1642 558 1691; x_wconf 83' lang='grc' dir='ltr'>ὀ</span> <span class='ocrx_word' id='word_1_37' title='bbox 586 1637 679 1689; x_wconf 79' lang='grc' dir='ltr'>τοῦ</span> <span class='ocrx_word' id='word_1_38' title='bbox 706 1638 878 1705; x_wconf 85' lang='grc' dir='ltr'>Λόγου</span> <span class='ocrx_word' id='word_1_39' title='bbox 906 1637 1081 1707; x_wconf 79' lang='grc' dir='ltr'>κήρυξ</span> <span class='ocrx_word' id='word_1_40' title='bbox 1114 1636 1205 1689; x_wconf 72' lang='grc' dir='ltr'><strong>καὶ</strong></span> <span class='ocrx_word' id='word_1_41' title='bbox 1235 1637 1537 1708; x_wconf 85' lang='grc' dir='ltr'>πρόδρομος</span> <span class='ocrx_word' id='word_1_42' title='bbox 1563 1637 1669 1689; x_wconf 86' lang='grc' dir='ltr'><strong>τῶν</strong></span> <span class='ocrx_word' id='word_1_43' title='bbox 1703 1638 1800 1690; x_wconf 83' lang='grc' dir='ltr'><strong>κά-</strong></span> 
     </span>
    </p>
   </div>
   <div class='ocr_carea' id='block_1_11' title="bbox 204 1726 1799 1802">
    <p class='ocr_par' dir='ltr' id='par_1_11' title="bbox 204 1726 1799 1802">
     <span class='ocr_line' id='line_1_11' title="bbox 204 1726 1799 1802; baseline -0.003 -16"><span class='ocrx_word' id='word_1_44' title='bbox 204 1752 286 1786; x_wconf 86' lang='grc' dir='ltr'><strong>τω</strong></span> <span class='ocrx_word' id='word_1_45' title='bbox 309 1733 493 1801; x_wconf 77' lang='grc' dir='ltr'>λόγων</span> <span class='ocrx_word' id='word_1_46' title='bbox 534 1731 703 1783; x_wconf 77' lang='grc' dir='ltr'>ἐδεῖτο</span> <span class='ocrx_word' id='word_1_47' title='bbox 746 1730 878 1802; x_wconf 73' lang='grc' dir='ltr'>πρὸς</span> <span class='ocrx_word' id='word_1_48' title='bbox 910 1726 1151 1792; x_wconf 79' lang='grc' dir='ltr'>ἔπαινον,</span> <span class='ocrx_word' id='word_1_49' title='bbox 1180 1729 1400 1800; x_wconf 76' lang='grc' dir='ltr'>θαρρεῖν</span> <span class='ocrx_word' id='word_1_50' title='bbox 1437 1730 1535 1800; x_wconf 85' lang='grc' dir='ltr'>μὲν</span> <span class='ocrx_word' id='word_1_51' title='bbox 1571 1730 1678 1781; x_wconf 79' lang='grc' dir='ltr'>οὐδ’</span> <span class='ocrx_word' id='word_1_52' title='bbox 1709 1729 1799 1782; x_wconf 82' lang='grc' dir='ltr'><strong>οὖ-</strong></span> 
     </span>
    </p>
   </div>
   <div class='ocr_carea' id='block_1_12' title="bbox 206 1816 1799 1893">
    <p class='ocr_par' dir='ltr' id='par_1_12' title="bbox 206 1816 1799 1893">
     <span class='ocr_line' id='line_1_12' title="bbox 206 1816 1799 1893; baseline -0.001 -17"><span class='ocrx_word' id='word_1_53' title='bbox 206 1842 316 1887; x_wconf 70' lang='grc' dir='ltr'><strong>τως</strong></span> <span class='ocrx_word' id='word_1_54' title='bbox 371 1825 405 1876; x_wconf 84' lang='grc' dir='ltr'>ὁ</span> <span class='ocrx_word' id='word_1_55' title='bbox 456 1822 648 1893; x_wconf 81' lang='grc' dir='ltr'>παρὼν</span> <span class='ocrx_word' id='word_1_56' title='bbox 697 1816 807 1891; x_wconf 73' lang='grc' dir='ltr'>εἶχε</span> <span class='ocrx_word' id='word_1_57' title='bbox 849 1821 1025 1888; x_wconf 80' lang='grc' dir='ltr'><strong>λόγος,</strong></span> <span class='ocrx_word' id='word_1_58' title='bbox 1080 1820 1140 1873; x_wconf 80' lang='grc' dir='ltr'>τὸ</span> <span class='ocrx_word' id='word_1_59' title='bbox 1172 1820 1431 1873; x_wconf 83' lang='grc' dir='ltr'>ἀδύνατον</span> <span class='ocrx_word' id='word_1_60' title='bbox 1466 1822 1603 1890; x_wconf 81' lang='grc' dir='ltr'>τάχα</span> <span class='ocrx_word' id='word_1_61' title='bbox 1639 1821 1671 1891; x_wconf 74' lang='grc' dir='ltr'><strong>ἢ</strong></span> <span class='ocrx_word' id='word_1_62' title='bbox 1708 1821 1799 1874; x_wconf 80' lang='grc' dir='ltr'><strong>καὶ</strong></span> 
     </span>
    </p>
   </div>
   <div class='ocr_carea' id='block_1_13' title="bbox 210 1907 1797 1985">
    <p class='ocr_par' dir='ltr' id='par_1_13' title="bbox 210 1907 1797 1985">
     <span class='ocr_line' id='line_1_13' title="bbox 210 1907 1797 1985; baseline -0.005 -18"><span class='ocrx_word' id='word_1_63' title='bbox 210 1916 424 1985; x_wconf 77' lang='grc' dir='ltr'>ἄπορον</span> <span class='ocrx_word' id='word_1_64' title='bbox 462 1909 922 1982; x_wconf 77' lang='grc' dir='ltr'>προϐαλλόμενος,</span> <span class='ocrx_word' id='word_1_65' title='bbox 957 1911 1051 1961; x_wconf 78' lang='grc' dir='ltr'>καὶ</span> <span class='ocrx_word' id='word_1_66' title='bbox 1080 1908 1141 1961; x_wconf 80' lang='grc' dir='ltr'>τὸ</span> <span class='ocrx_word' id='word_1_67' title='bbox 1181 1907 1352 1979; x_wconf 82' lang='grc' dir='ltr'>μείζω</span> <span class='ocrx_word' id='word_1_68' title='bbox 1384 1907 1417 1979; x_wconf 87' lang='grc' dir='ltr'>ἢ</span> <span class='ocrx_word' id='word_1_69' title='bbox 1451 1908 1591 1975; x_wconf 69' lang='grc' dir='ltr'>κατὰ</span> <span class='ocrx_word' id='word_1_70' title='bbox 1635 1908 1797 1960; x_wconf 70' lang='grc' dir='ltr'>δύνα-</span> 
     </span>
    </p>
   </div>
   <div class='ocr_carea' id='block_1_14' title="bbox 215 1992 1800 2075">
    <p class='ocr_par' dir='ltr' id='par_1_14' title="bbox 215 1992 1800 2075">
     <span class='ocr_line' id='line_1_14' title="bbox 215 1992 1800 2075; baseline -0.004 -17"><span class='ocrx_word' id='word_1_71' title='bbox 215 2023 305 2075; x_wconf 77' lang='grc' dir='ltr'><strong>μιν</strong></span> <span class='ocrx_word' id='word_1_72' title='bbox 334 2005 527 2072; x_wconf 80' lang='grc' dir='ltr'>λόγου,</span> <span class='ocrx_word' id='word_1_73' title='bbox 548 2003 650 2072; x_wconf 77' lang='grc' dir='ltr'>τὴν</span> <span class='ocrx_word' id='word_1_74' title='bbox 672 1998 953 2071; x_wconf 83' lang='grc' dir='ltr'>παροῦσαν</span> <span class='ocrx_word' id='word_1_75' title='bbox 977 1999 1229 2052; x_wconf 80' lang='grc' dir='ltr'>ὑπόθεσιν</span> <span class='ocrx_word' id='word_1_76' title='bbox 1252 2000 1462 2069; x_wconf 82' lang='grc' dir='ltr'>ὲνορᾷν·</span> <span class='ocrx_word' id='word_1_77' title='bbox 1492 1998 1615 2051; x_wconf 77' lang='grc' dir='ltr'>ἐπεὶ</span> <span class='ocrx_word' id='word_1_78' title='bbox 1646 1999 1690 2051; x_wconf 78' lang='grc' dir='ltr'>δ’</span> <span class='ocrx_word' id='word_1_79' title='bbox 1713 1992 1800 2052; x_wconf 76' lang='grc' dir='ltr'><strong>οὗ·</strong></span> 
     </span>
    </p>
   </div>
   <div class='ocr_carea' id='block_1_15' title="bbox 208 2094 1803 2169">
    <p class='ocr_par' dir='ltr' id='par_1_15' title="bbox 208 2094 1803 2169">
     <span class='ocr_line' id='line_1_15' title="bbox 208 2094 1803 2169; baseline -0.004 -15"><span class='ocrx_word' id='word_1_80' title='bbox 208 2117 298 2162; x_wconf 80' lang='grc' dir='ltr'><strong>τος</strong></span> <span class='ocrx_word' id='word_1_81' title='bbox 323 2099 540 2154; x_wconf 79' lang='grc' dir='ltr'>ἄνωοεν</span> <span class='ocrx_word' id='word_1_82' title='bbox 568 2098 686 2169; x_wconf 85' lang='grc' dir='ltr'>μὲν,</span> <span class='ocrx_word' id='word_1_83' title='bbox 733 2096 827 2149; x_wconf 73' lang='grc' dir='ltr'>καὶ</span> <span class='ocrx_word' id='word_1_84' title='bbox 856 2096 1006 2166; x_wconf 81' lang='grc' dir='ltr'>παρὰ</span> <span class='ocrx_word' id='word_1_85' title='bbox 1032 2094 1126 2147; x_wconf 77' lang='grc' dir='ltr'>τοῦ</span> <span class='ocrx_word' id='word_1_86' title='bbox 1173 2094 1287 2148; x_wconf 76' lang='grc' dir='ltr'>ἅνω</span> <span class='ocrx_word' id='word_1_87' title='bbox 1331 2096 1425 2148; x_wconf 75' lang='grc' dir='ltr'><strong>καὶ</strong></span> <span class='ocrx_word' id='word_1_88' title='bbox 1458 2094 1675 2165; x_wconf 81' lang='grc' dir='ltr'><strong>πρώτου</strong></span> <span class='ocrx_word' id='word_1_89' title='bbox 1704 2095 1803 2148; x_wconf 83' lang='grc' dir='ltr'><strong>Λό-</strong></span> 
     </span>
    </p>
   </div>
   <div class='ocr_carea' id='block_1_16' title="bbox 205 2185 1800 2261">
    <p class='ocr_par' dir='ltr' id='par_1_16' title="bbox 205 2185 1800 2261">
     <span class='ocr_line' id='line_1_16' title="bbox 205 2185 1800 2261; baseline -0.004 -15"><span class='ocrx_word' id='word_1_90' title='bbox 205 2209 333 2260; x_wconf 87' lang='grc' dir='ltr'>γου,</span> <span class='ocrx_word' id='word_1_91' title='bbox 363 2192 467 2261; x_wconf 81' lang='grc' dir='ltr'>τὴν</span> <span class='ocrx_word' id='word_1_92' title='bbox 497 2189 798 2260; x_wconf 76' lang='grc' dir='ltr'><strong>μαρτυρίαν</strong></span> <span class='ocrx_word' id='word_1_93' title='bbox 842 2188 1031 2256; x_wconf 79' lang='grc' dir='ltr'>εἴληφε</span> <span class='ocrx_word' id='word_1_94' title='bbox 1085 2186 1300 2241; x_wconf 75' lang='grc' dir='ltr'>καὶτὸν</span> <span class='ocrx_word' id='word_1_95' title='bbox 1338 2185 1578 2253; x_wconf 78' lang='grc' dir='ltr'>ἔπαινον,</span> <span class='ocrx_word' id='word_1_96' title='bbox 1615 2204 1800 2257; x_wconf 87' lang='grc' dir='ltr'>περιτ-</span> 
     </span>
    </p>
   </div>
   <div class='ocr_carea' id='block_1_17' title="bbox 208 2275 1798 2353">
    <p class='ocr_par' dir='ltr' id='par_1_17' title="bbox 208 2275 1798 2353">
     <span class='ocr_line' id='line_1_17' title="bbox 208 2275 1798 2353; baseline -0.003 -19"><span class='ocrx_word' id='word_1_97' title='bbox 208 2284 304 2345; x_wconf 68' lang='grc' dir='ltr'><strong>τὸς</strong></span> <span class='ocrx_word' id='word_1_98' title='bbox 344 2281 443 2353; x_wconf 68' lang='grc' dir='ltr'>μὶν</span> <span class='ocrx_word' id='word_1_99' title='bbox 472 2281 618 2343; x_wconf 73' lang='grc' dir='ltr'>ἄπας</span> <span class='ocrx_word' id='word_1_100' title='bbox 644 2280 799 2347; x_wconf 80' lang='grc' dir='ltr'>λόγος</span> <span class='ocrx_word' id='word_1_101' title='bbox 826 2278 975 2348; x_wconf 79' lang='grc' dir='ltr'><strong>αὐτῷ</strong></span> <span class='ocrx_word' id='word_1_102' title='bbox 1011 2277 1441 2349; x_wconf 87' lang='grc' dir='ltr'>προσαγόμενος,</span> <span class='ocrx_word' id='word_1_103' title='bbox 1476 2275 1729 2347; x_wconf 74' lang='grc' dir='ltr'>περιττὸς</span> <span class='ocrx_word' id='word_1_104' title='bbox 1754 2277 1798 2330; x_wconf 79' lang='grc' dir='ltr'>δ’</span> 
     </span>
    </p>
   </div>
   <div class='ocr_carea' id='block_1_18' title="bbox 214 2364 1799 2442">
    <p class='ocr_par' dir='ltr' id='par_1_18' title="bbox 214 2364 1799 2442">
     <span class='ocr_line' id='line_1_18' title="bbox 214 2364 1799 2442; baseline -0.004 -16"><span class='ocrx_word' id='word_1_105' title='bbox 214 2374 246 2426; x_wconf 83' lang='grc' dir='ltr'><strong>ὁ</strong></span> <span class='ocrx_word' id='word_1_106' title='bbox 270 2373 371 2442; x_wconf 78' lang='grc' dir='ltr'><strong>τῆς</strong></span> <span class='ocrx_word' id='word_1_107' title='bbox 401 2370 646 2440; x_wconf 77' lang='grc' dir='ltr'>γλώττης</span> <span class='ocrx_word' id='word_1_108' title='bbox 674 2370 893 2433; x_wconf 76' lang='grc' dir='ltr'>ἔπαινος</span> <span class='ocrx_word' id='word_1_109' title='bbox 925 2368 1115 2421; x_wconf 84' lang='grc' dir='ltr'>τούτου</span> <span class='ocrx_word' id='word_1_110' title='bbox 1152 2366 1289 2438; x_wconf 86' lang='grc' dir='ltr'>πρὸς</span> <span class='ocrx_word' id='word_1_111' title='bbox 1316 2367 1590 2438; x_wconf 77' lang='grc' dir='ltr'><strong>εὐφημίαν</strong></span> <span class='ocrx_word' id='word_1_112' title='bbox 1618 2364 1799 2420; x_wconf 85' lang='grc' dir='ltr'>κινού-</span> 
     </span>
    </p>
   </div>
   <div class='ocr_carea' id='block_1_19' title="bbox 161 2458 1800 2535">
    <p class='ocr_par' dir='ltr' id='par_1_19' title="bbox 161 2458 1800 2535">
     <span class='ocr_line' id='line_1_19' title="bbox 161 2458 1800 2535; baseline -0.005 -17"><span class='ocrx_word' id='word_1_113' title='bbox 161 2522 165 2524; x_wconf 24' lang='grc' dir='ltr'><strong><em>γ</em></strong></span> <span class='ocrx_word' id='word_1_114' title='bbox 218 2481 399 2535; x_wconf 82' lang='grc' dir='ltr'>μενος.</span> <span class='ocrx_word' id='word_1_115' title='bbox 440 2464 539 2526; x_wconf 82' lang='grc' dir='ltr'><strong>Τίς</strong></span> <span class='ocrx_word' id='word_1_116' title='bbox 572 2463 616 2494; x_wconf 87' lang='grc'><strong><em>²⁹</em></strong></span> <span class='ocrx_word' id='word_1_117' title='bbox 667 2462 773 2532; x_wconf 81' lang='grc' dir='ltr'><strong>γὰρ</strong></span> <span class='ocrx_word' id='word_1_118' title='bbox 808 2462 901 2514; x_wconf 74' lang='grc' dir='ltr'><strong>καὶ</strong></span> <span class='ocrx_word' id='word_1_119' title='bbox 934 2460 1076 2513; x_wconf 83' lang='grc' dir='ltr'>εἴποι</span> <span class='ocrx_word' id='word_1_120' title='bbox 1122 2459 1183 2511; x_wconf 85' lang='grc' dir='ltr'>τὸ</span> <span class='ocrx_word' id='word_1_121' title='bbox 1222 2458 1492 2523; x_wconf 84' lang='grc' dir='ltr'>τοσοῦτον,</span> <span class='ocrx_word' id='word_1_122' title='bbox 1512 2460 1582 2532; x_wconf 79' lang='grc' dir='ltr'><strong>δι’</strong></span> <span class='ocrx_word' id='word_1_123' title='bbox 1615 2459 1675 2511; x_wconf 80' lang='grc' dir='ltr'>οὐ</span> <span class='ocrx_word' id='word_1_124' title='bbox 1706 2458 1800 2512; x_wconf 82' lang='grc' dir='ltr'><strong>καὶ</strong></span> 
     </span>
    </p>
   </div>
   <div class='ocr_carea' id='block_1_20' title="bbox 202 2550 1801 2625">
    <p class='ocr_par' dir='ltr' id='par_1_20' title="bbox 202 2550 1801 2625">
     <span class='ocr_line' id='line_1_20' title="bbox 202 2550 1801 2625; baseline -0.005 -15"><span class='ocrx_word' id='word_1_125' title='bbox 202 2557 403 2619; x_wconf 36' lang='grc' dir='ltr'>,ποσῶς</span> <span class='ocrx_word' id='word_1_126' title='bbox 436 2557 537 2624; x_wconf 76' lang='grc' dir='ltr'>τῆς</span> <span class='ocrx_word' id='word_1_127' title='bbox 568 2553 824 2625; x_wconf 77' lang='grc' dir='ltr'><strong>ἀληθείας</strong></span> <span class='ocrx_word' id='word_1_128' title='bbox 853 2553 1133 2621; x_wconf 77' lang='grc' dir='ltr'>ὲφίκοιτο;</span> <span class='ocrx_word' id='word_1_129' title='bbox 1170 2551 1303 2604; x_wconf 75' lang='grc' dir='ltr'>Οὐδὲ</span> <span class='ocrx_word' id='word_1_130' title='bbox 1327 2550 1435 2622; x_wconf 83' lang='grc' dir='ltr'>γὰρ</span> <span class='ocrx_word' id='word_1_131' title='bbox 1470 2551 1578 2603; x_wconf 81' lang='grc' dir='ltr'><strong>οὐδ’</strong></span> <span class='ocrx_word' id='word_1_132' title='bbox 1602 2552 1651 2602; x_wconf 86' lang='grc' dir='ltr'><strong>εί</strong></span> <span class='ocrx_word' id='word_1_133' title='bbox 1694 2552 1801 2613; x_wconf 82' lang='grc' dir='ltr'>πᾶς</span> 
     </span>
    </p>
   </div>
   <div class='ocr_carea' id='block_1_21' title="bbox 211 2641 1801 2715">
    <p class='ocr_par' dir='ltr' id='par_1_21' title="bbox 211 2641 1801 2715">
     <span class='ocr_line' id='line_1_21' title="bbox 211 2641 1801 2715; baseline -0.003 -17"><span class='ocrx_word' id='word_1_134' title='bbox 211 2646 373 2715; x_wconf 80' lang='grc' dir='ltr'>λόγος</span> <span class='ocrx_word' id='word_1_135' title='bbox 402 2647 482 2708; x_wconf 83' lang='grc' dir='ltr'><strong>είς</strong></span> <span class='ocrx_word' id='word_1_136' title='bbox 508 2646 566 2697; x_wconf 83' lang='grc' dir='ltr'>ἓν</span> <span class='ocrx_word' id='word_1_137' title='bbox 593 2645 695 2714; x_wconf 67' lang='grc' dir='ltr'>ἤδη</span> <span class='ocrx_word' id='word_1_138' title='bbox 718 2642 980 2705; x_wconf 80' lang='grc' dir='ltr'>συνέλθοι,</span> <span class='ocrx_word' id='word_1_139' title='bbox 1007 2642 1098 2695; x_wconf 79' lang='grc' dir='ltr'><strong>καὶ</strong></span> <span class='ocrx_word' id='word_1_140' title='bbox 1121 2641 1250 2711; x_wconf 85' lang='grc' dir='ltr'>μίαν</span> <span class='ocrx_word' id='word_1_141' title='bbox 1277 2641 1592 2693; x_wconf 74' lang='grc' dir='ltr'>ἀποτελέσει</span> <span class='ocrx_word' id='word_1_142' title='bbox 1618 2642 1801 2712; x_wconf 78' lang='grc' dir='ltr'>φωνὴν</span> 
     </span>
    </p>
   </div>
   <div class='ocr_carea' id='block_1_22' title="bbox 1902 1386 3487 1458">
    <p class='ocr_par' dir='ltr' id='par_1_22' title="bbox 1902 1386 3487 1458">
     <span class='ocr_line' id='line_1_22' title="bbox 1902 1386 3487 1458; baseline 0.011 -21"><span class='ocrx_word' id='word_1_143' title='bbox 1902 1386 2014 1457; x_wconf 66' lang='grc'><strong>84</strong></span> <span class='ocrx_word' id='word_1_144' title='bbox 2052 1386 2357 1458; x_wconf 78' lang='lat' dir='ltr'><strong>Theodoreti</strong></span> <span class='ocrx_word' id='word_1_145' title='bbox 2406 1389 2628 1458; x_wconf 75' lang='lat' dir='ltr'><strong>episr0pi</strong></span> <span class='ocrx_word' id='word_1_146' title='bbox 2669 1386 2813 1458; x_wconf 87' lang='lat' dir='ltr'><strong>Cyri,</strong></span> <span class='ocrx_word' id='word_1_147' title='bbox 2870 1391 2923 1443; x_wconf 83' lang='lat' dir='ltr'><strong>in</strong></span> <span class='ocrx_word' id='word_1_148' title='bbox 2961 1393 3291 1449; x_wconf 76' lang='lat' dir='ltr'><strong>nativitatem</strong></span> <span class='ocrx_word' id='word_1_149' title='bbox 3337 1413 3487 1454; x_wconf 81' lang='lat' dir='ltr'><strong>vene-</strong></span> 
     </span>
    </p>
   </div>
   <div class='ocr_carea' id='block_1_23' title="bbox 1978 1457 3486 1540">
    <p class='ocr_par' dir='ltr' id='par_1_23' title="bbox 1978 1457 3486 1540">
     <span class='ocr_line' id='line_1_23' title="bbox 1978 1457 3486 1540; baseline 0.012 -34"><span class='ocrx_word' id='word_1_150' title='bbox 1978 1457 2138 1540; x_wconf 44' lang='lat' dir='ltr'><strong>rnndi&#39;</strong></span> <span class='ocrx_word' id='word_1_151' title='bbox 2171 1466 2219 1508; x_wconf 86' lang='lat' dir='ltr'><strong>et</strong></span> <span class='ocrx_word' id='word_1_152' title='bbox 2250 1457 2765 1540; x_wconf 31' lang='lat' dir='ltr'><strong>gloriosioprophcto:</strong></span> <span class='ocrx_word' id='word_1_153' title='bbox 2797 1468 2845 1511; x_wconf 81' lang='lat' dir='ltr'><strong>et</strong></span> <span class='ocrx_word' id='word_1_154' title='bbox 2894 1467 3235 1531; x_wconf 76' lang='lat' dir='ltr'><strong>prtecursoris</strong></span> <span class='ocrx_word' id='word_1_155' title='bbox 3263 1466 3486 1524; x_wconf 81' lang='lat' dir='ltr'><strong>Joannis</strong></span> 
     </span>
    </p>
   </div>
   <div class='ocr_carea' id='block_1_24' title="bbox 1978 1526 2605 1595">
    <p class='ocr_par' dir='ltr' id='par_1_24' title="bbox 1978 1526 2605 1595">
     <span class='ocr_line' id='line_1_24' title="bbox 1978 1526 2605 1595; baseline 0.003 -16"><span class='ocrx_word' id='word_1_156' title='bbox 1978 1526 2259 1595; x_wconf 68' lang='lat' dir='ltr'><strong>Baptism,</strong></span> <span class='ocrx_word' id='word_1_157' title='bbox 2293 1526 2605 1581; x_wconf 55' lang='lat' dir='ltr'><strong>encomium;</strong></span> 
     </span>
    </p>
   </div>
   <div class='ocr_carea' id='block_1_25' title="bbox 1977 1638 3488 1710">
    <p class='ocr_par' dir='ltr' id='par_1_25' title="bbox 1977 1638 3488 1710">
     <span class='ocr_line' id='line_1_25' title="bbox 1977 1638 3488 1710; baseline 0.006 -18"><span class='ocrx_word' id='word_1_158' title='bbox 1977 1638 2207 1693; x_wconf 87' lang='lat' dir='ltr'><strong>Etiamsi</strong></span> <span class='ocrx_word' id='word_1_159' title='bbox 2236 1640 2403 1693; x_wconf 76' lang='lat' dir='ltr'><strong>Verbi</strong></span> <span class='ocrx_word' id='word_1_160' title='bbox 2438 1656 2615 1709; x_wconf 63' lang='lat' dir='ltr'><strong>prteco</strong></span> <span class='ocrx_word' id='word_1_161' title='bbox 2651 1652 2707 1695; x_wconf 90' lang='lat' dir='ltr'><strong>et</strong></span> <span class='ocrx_word' id='word_1_162' title='bbox 2743 1657 3053 1710; x_wconf 65' lang='lat' dir='ltr'><strong>praecursor</strong></span> <span class='ocrx_word' id='word_1_163' title='bbox 3105 1646 3339 1701; x_wconf 79' lang='lat' dir='ltr'><strong>terrenis</strong></span> <span class='ocrx_word' id='word_1_164' title='bbox 3391 1664 3488 1700; x_wconf 79' lang='lat' dir='ltr'><strong>vo-</strong></span> 
     </span>
    </p>
   </div>
   <div class='ocr_carea' id='block_1_26' title="bbox 1907 1727 3486 1801">
    <p class='ocr_par' dir='ltr' id='par_1_26' title="bbox 1907 1727 3486 1801">
     <span class='ocr_line' id='line_1_26' title="bbox 1907 1727 3486 1801; baseline 0.007 -20"><span class='ocrx_word' id='word_1_165' title='bbox 1907 1727 2065 1782; x_wconf 81' lang='lat' dir='ltr'><strong>cibus</strong></span> <span class='ocrx_word' id='word_1_166' title='bbox 2101 1729 2168 1783; x_wconf 90' lang='lat' dir='ltr'><strong>ad</strong></span> <span class='ocrx_word' id='word_1_167' title='bbox 2211 1730 2581 1784; x_wconf 85' lang='lat' dir='ltr'><strong>laudationem</strong></span> <span class='ocrx_word' id='word_1_168' title='bbox 2635 1732 2925 1801; x_wconf 82' lang='lat' dir='ltr'><strong>indigeret,</strong></span> <span class='ocrx_word' id='word_1_169' title='bbox 2976 1750 3083 1787; x_wconf 90' lang='lat' dir='ltr'><strong>non</strong></span> <span class='ocrx_word' id='word_1_170' title='bbox 3123 1747 3268 1793; x_wconf 84' lang='lat' dir='ltr'><strong>esset</strong></span> <span class='ocrx_word' id='word_1_171' title='bbox 3304 1747 3486 1792; x_wconf 84' lang='lat' dir='ltr'><strong>tamen</strong></span> 
     </span>
    </p>
   </div>
   <div class='ocr_carea' id='block_1_27' title="bbox 1906 1819 3485 1894">
    <p class='ocr_par' dir='ltr' id='par_1_27' title="bbox 1906 1819 3485 1894">
     <span class='ocr_line' id='line_1_27' title="bbox 1906 1819 3485 1894; baseline 0.006 -23"><span class='ocrx_word' id='word_1_172' title='bbox 1906 1820 2053 1887; x_wconf 83' lang='lat' dir='ltr'><strong>quod</strong></span> <span class='ocrx_word' id='word_1_173' title='bbox 2092 1819 2147 1873; x_wconf 91' lang='lat' dir='ltr'><strong>in</strong></span> <span class='ocrx_word' id='word_1_174' title='bbox 2180 1819 2281 1873; x_wconf 84' lang='lat' dir='ltr'><strong>hac</strong></span> <span class='ocrx_word' id='word_1_175' title='bbox 2312 1822 2559 1875; x_wconf 88' lang='lat' dir='ltr'><strong>oratione</strong></span> <span class='ocrx_word' id='word_1_176' title='bbox 2587 1822 2923 1875; x_wconf 83' lang='lat' dir='ltr'><strong>confiderem</strong></span> <span class='ocrx_word' id='word_1_177' title='bbox 2957 1840 2969 1875; x_wconf 91' lang='lat'><strong>:</strong></span> <span class='ocrx_word' id='word_1_178' title='bbox 3010 1824 3119 1877; x_wconf 91' lang='lat' dir='ltr'><strong>imo</strong></span> <span class='ocrx_word' id='word_1_179' title='bbox 3144 1828 3485 1894; x_wconf 90' lang='lat' dir='ltr'><strong>propositum</strong></span> 
     </span>
    </p>
   </div>
   <div class='ocr_carea' id='block_1_28' title="bbox 1906 1912 3489 1981">
    <p class='ocr_par' dir='ltr' id='par_1_28' title="bbox 1906 1912 3489 1981">
     <span class='ocr_line' id='line_1_28' title="bbox 1906 1912 3489 1981; baseline 0.006 -18"><span class='ocrx_word' id='word_1_180' title='bbox 1906 1919 2290 1980; x_wconf 80' lang='lat' dir='ltr'><strong>argumentum</strong></span> <span class='ocrx_word' id='word_1_181' title='bbox 2324 1912 2602 1981; x_wconf 88' lang='lat' dir='ltr'><strong>persequi,</strong></span> <span class='ocrx_word' id='word_1_182' title='bbox 2634 1929 2757 1966; x_wconf 89' lang='lat' dir='ltr'><strong>cum</strong></span> <span class='ocrx_word' id='word_1_183' title='bbox 2802 1913 3141 1981; x_wconf 85' lang='lat' dir='ltr'><strong>impossibile</strong></span> <span class='ocrx_word' id='word_1_184' title='bbox 3195 1925 3249 1969; x_wconf 91' lang='lat' dir='ltr'><strong>et</strong></span> <span class='ocrx_word' id='word_1_185' title='bbox 3293 1919 3489 1971; x_wconf 84' lang='lat' dir='ltr'><strong>absur-</strong></span> 
     </span>
    </p>
   </div>
   <div class='ocr_carea' id='block_1_29' title="bbox 1906 2001 3478 2074">
    <p class='ocr_par' dir='ltr' id='par_1_29' title="bbox 1906 2001 3478 2074">
     <span class='ocr_line' id='line_1_29' title="bbox 1906 2001 3478 2074; baseline 0.006 -20"><span class='ocrx_word' id='word_1_186' title='bbox 1906 2001 2059 2066; x_wconf 92' lang='lat' dir='ltr'><strong>dum,</strong></span> <span class='ocrx_word' id='word_1_187' title='bbox 2098 2011 2215 2056; x_wconf 91' lang='lat' dir='ltr'><strong>tum</strong></span> <span class='ocrx_word' id='word_1_188' title='bbox 2244 2002 2394 2055; x_wconf 90' lang='lat' dir='ltr'><strong>omni</strong></span> <span class='ocrx_word' id='word_1_189' title='bbox 2428 2018 2681 2057; x_wconf 85' lang='lat' dir='ltr'><strong>sermone</strong></span> <span class='ocrx_word' id='word_1_190' title='bbox 2712 2006 2887 2073; x_wconf 89' lang='lat' dir='ltr'><strong>majus</strong></span> <span class='ocrx_word' id='word_1_191' title='bbox 2926 2020 3068 2069; x_wconf 90' lang='lat' dir='ltr'><strong>esse,</strong></span> <span class='ocrx_word' id='word_1_192' title='bbox 3098 2017 3478 2074; x_wconf 68' lang='lat' dir='ltr'><strong>praetexerem.</strong></span> 
     </span>
    </p>
   </div>
   <div class='ocr_carea' id='block_1_30' title="bbox 1905 2092 3488 2168">
    <p class='ocr_par' dir='ltr' id='par_1_30' title="bbox 1905 2092 3488 2168">
     <span class='ocr_line' id='line_1_30' title="bbox 1905 2092 3488 2168; baseline 0.005 -20"><span class='ocrx_word' id='word_1_193' title='bbox 1905 2092 2041 2148; x_wconf 86' lang='lat' dir='ltr'><strong>Cum</strong></span> <span class='ocrx_word' id='word_1_194' title='bbox 2074 2103 2258 2148; x_wconf 88' lang='lat' dir='ltr'><strong>autem</strong></span> <span class='ocrx_word' id='word_1_195' title='bbox 2287 2095 2376 2149; x_wconf 89' lang='lat' dir='ltr'><strong>ille</strong></span> <span class='ocrx_word' id='word_1_196' title='bbox 2400 2094 2617 2149; x_wconf 72' lang='lat' dir='ltr'><strong>ctelitus</strong></span> <span class='ocrx_word' id='word_1_197' title='bbox 2639 2103 2693 2149; x_wconf 88' lang='lat' dir='ltr'><strong>et</strong></span> <span class='ocrx_word' id='word_1_198' title='bbox 2719 2112 2747 2149; x_wconf 88' lang='lat' dir='ltr'><strong>a</strong></span> <span class='ocrx_word' id='word_1_199' title='bbox 2774 2096 2961 2150; x_wconf 91' lang='lat' dir='ltr'><strong>divino</strong></span> <span class='ocrx_word' id='word_1_200' title='bbox 2990 2099 3279 2168; x_wconf 89' lang='lat' dir='ltr'><strong>primoque</strong></span> <span class='ocrx_word' id='word_1_201' title='bbox 3306 2101 3488 2156; x_wconf 84' lang='lat' dir='ltr'><strong>Verbo</strong></span> 
     </span>
    </p>
   </div>
   <div class='ocr_carea' id='block_1_31' title="bbox 1907 2185 3487 2256">
    <p class='ocr_par' dir='ltr' id='par_1_31' title="bbox 1907 2185 3487 2256">
     <span class='ocr_line' id='line_1_31' title="bbox 1907 2185 3487 2256; baseline 0.004 -17"><span class='ocrx_word' id='word_1_202' title='bbox 1907 2186 2281 2240; x_wconf 89' lang='lat' dir='ltr'><strong>testimonium</strong></span> <span class='ocrx_word' id='word_1_203' title='bbox 2308 2202 2371 2241; x_wconf 85' lang='lat' dir='ltr'><strong>ac</strong></span> <span class='ocrx_word' id='word_1_204' title='bbox 2405 2185 2621 2239; x_wconf 90' lang='lat' dir='ltr'><strong>laudem</strong></span> <span class='ocrx_word' id='word_1_205' title='bbox 2649 2188 2943 2256; x_wconf 88' lang='lat' dir='ltr'><strong>acceperit,</strong></span> <span class='ocrx_word' id='word_1_206' title='bbox 2972 2187 3173 2242; x_wconf 85' lang='lat' dir='ltr'><strong>frustra</strong></span> <span class='ocrx_word' id='word_1_207' title='bbox 3203 2190 3272 2244; x_wconf 90' lang='lat' dir='ltr'><strong>sit</strong></span> <span class='ocrx_word' id='word_1_208' title='bbox 3308 2193 3487 2246; x_wconf 90' lang='lat' dir='ltr'><strong>omnis</strong></span> 
     </span>
    </p>
   </div>
   <div class='ocr_carea' id='block_1_32' title="bbox 1906 2278 3484 2352">
    <p class='ocr_par' dir='ltr' id='par_1_32' title="bbox 1906 2278 3484 2352">
     <span class='ocr_line' id='line_1_32' title="bbox 1906 2278 3484 2352; baseline 0.004 -21"><span class='ocrx_word' id='word_1_209' title='bbox 1906 2278 2084 2332; x_wconf 91' lang='lat' dir='ltr'><strong>oratio</strong></span> <span class='ocrx_word' id='word_1_210' title='bbox 2116 2279 2364 2348; x_wconf 55' lang='lat' dir='ltr'><strong>quasita,</strong></span> <span class='ocrx_word' id='word_1_211' title='bbox 2397 2278 2601 2333; x_wconf 85' lang='lat' dir='ltr'><strong>frustra</strong></span> <span class='ocrx_word' id='word_1_212' title='bbox 2645 2279 2844 2348; x_wconf 67' lang='lat' dir='ltr'><strong>linguae</strong></span> <span class='ocrx_word' id='word_1_213' title='bbox 2876 2282 3210 2349; x_wconf 68' lang='lat' dir='ltr'><strong>prmconium</strong></span> <span class='ocrx_word' id='word_1_214' title='bbox 3260 2283 3378 2352; x_wconf 89' lang='lat' dir='ltr'><strong>ejus</strong></span> <span class='ocrx_word' id='word_1_215' title='bbox 3429 2286 3484 2337; x_wconf 90' lang='lat' dir='ltr'><strong>in</strong></span> 
     </span>
    </p>
   </div>
   <div class='ocr_carea' id='block_1_33' title="bbox 1906 2369 3479 2436">
    <p class='ocr_par' dir='ltr' id='par_1_33' title="bbox 1906 2369 3479 2436">
     <span class='ocr_line' id='line_1_33' title="bbox 1906 2369 3479 2436; baseline 0.003 -13"><span class='ocrx_word' id='word_1_216' title='bbox 1906 2370 2172 2425; x_wconf 89' lang='lat' dir='ltr'><strong>honorem</strong></span> <span class='ocrx_word' id='word_1_217' title='bbox 2207 2370 2539 2425; x_wconf 90' lang='lat' dir='ltr'><strong>adhibitum.</strong></span> <span class='ocrx_word' id='word_1_218' title='bbox 2570 2369 2704 2436; x_wconf 88' lang='lat' dir='ltr'><strong>Quis</strong></span> <span class='ocrx_word' id='word_1_219' title='bbox 2736 2370 2821 2424; x_wconf 85' lang='lat' dir='ltr'><strong>vel</strong></span> <span class='ocrx_word' id='word_1_220' title='bbox 2854 2387 3023 2424; x_wconf 92' lang='lat' dir='ltr'><strong>unum</strong></span> <span class='ocrx_word' id='word_1_221' title='bbox 3079 2372 3212 2425; x_wconf 92' lang='lat' dir='ltr'><strong>illud</strong></span> <span class='ocrx_word' id='word_1_222' title='bbox 3256 2373 3479 2436; x_wconf 78' lang='lat' dir='ltr'><strong>dixerit,</strong></span> 
     </span>
    </p>
   </div>
   <div class='ocr_carea' id='block_1_34' title="bbox 1906 2463 3486 2533">
    <p class='ocr_par' dir='ltr' id='par_1_34' title="bbox 1906 2463 3486 2533">
     <span class='ocr_line' id='line_1_34' title="bbox 1906 2463 3486 2533; baseline 0.001 -17"><span class='ocrx_word' id='word_1_223' title='bbox 1906 2479 1936 2516; x_wconf 93' lang='lat' dir='ltr'><strong>a</strong></span> <span class='ocrx_word' id='word_1_224' title='bbox 1970 2478 2080 2532; x_wconf 89' lang='lat' dir='ltr'><strong>quo</strong></span> <span class='ocrx_word' id='word_1_225' title='bbox 2118 2472 2174 2517; x_wconf 85' lang='lat' dir='ltr'><strong>et</strong></span> <span class='ocrx_word' id='word_1_226' title='bbox 2202 2479 2309 2533; x_wconf 91' lang='lat' dir='ltr'><strong>qua</strong></span> <span class='ocrx_word' id='word_1_227' title='bbox 2355 2464 2569 2517; x_wconf 87' lang='lat' dir='ltr'><strong>ratione</strong></span> <span class='ocrx_word' id='word_1_228' title='bbox 2603 2463 2889 2516; x_wconf 80' lang='lat' dir='ltr'><strong>veritatem</strong></span> <span class='ocrx_word' id='word_1_229' title='bbox 2919 2463 3086 2517; x_wconf 89' lang='lat' dir='ltr'><strong>fuerit</strong></span> <span class='ocrx_word' id='word_1_230' title='bbox 3111 2466 3486 2519; x_wconf 81' lang='lat' dir='ltr'><strong>consccmus?</strong></span> 
     </span>
    </p>
   </div>
   <div class='ocr_carea' id='block_1_35' title="bbox 1905 2553 3486 2624">
    <p class='ocr_par' dir='ltr' id='par_1_35' title="bbox 1905 2553 3486 2624">
     <span class='ocr_line' id='line_1_35' title="bbox 1905 2553 3486 2624; baseline 0.001 -16"><span class='ocrx_word' id='word_1_231' title='bbox 1905 2554 2095 2624; x_wconf 86' lang='lat' dir='ltr'><strong>Neque</strong></span> <span class='ocrx_word' id='word_1_232' title='bbox 2127 2554 2295 2619; x_wconf 90' lang='lat' dir='ltr'><strong>enim,</strong></span> <span class='ocrx_word' id='word_1_233' title='bbox 2342 2553 2387 2608; x_wconf 92' lang='lat' dir='ltr'><strong>si</strong></span> <span class='ocrx_word' id='word_1_234' title='bbox 2430 2553 2612 2608; x_wconf 90' lang='lat' dir='ltr'><strong>omnis</strong></span> <span class='ocrx_word' id='word_1_235' title='bbox 2649 2555 2829 2609; x_wconf 84' lang='lat' dir='ltr'><strong>oratio</strong></span> <span class='ocrx_word' id='word_1_236' title='bbox 2870 2556 2924 2608; x_wconf 93' lang='lat' dir='ltr'><strong>in</strong></span> <span class='ocrx_word' id='word_1_237' title='bbox 2959 2554 3186 2609; x_wconf 90' lang='lat' dir='ltr'><strong>delicias</strong></span> <span class='ocrx_word' id='word_1_238' title='bbox 3210 2556 3355 2624; x_wconf 89' lang='lat' dir='ltr'><strong>ipsas</strong></span> <span class='ocrx_word' id='word_1_239' title='bbox 3395 2572 3486 2610; x_wconf 88' lang='lat' dir='ltr'><strong>co-</strong></span> 
     </span>
    </p>
   </div>
   <div class='ocr_carea' id='block_1_36' title="bbox 1907 2645 3487 2715">
    <p class='ocr_par' dir='ltr' id='par_1_36' title="bbox 1907 2645 3487 2715">
     <span class='ocr_line' id='line_1_36' title="bbox 1907 2645 3487 2715; baseline -0.001 -15"><span class='ocrx_word' id='word_1_240' title='bbox 1907 2654 2026 2700; x_wconf 90' lang='lat' dir='ltr'><strong>acta</strong></span> <span class='ocrx_word' id='word_1_241' title='bbox 2060 2646 2151 2710; x_wconf 91' lang='lat' dir='ltr'><strong>sit,</strong></span> <span class='ocrx_word' id='word_1_242' title='bbox 2187 2661 2489 2715; x_wconf 81' lang='lat' dir='ltr'><strong>vocemque</strong></span> <span class='ocrx_word' id='word_1_243' title='bbox 2517 2645 2732 2699; x_wconf 90' lang='lat' dir='ltr'><strong>unicam</strong></span> <span class='ocrx_word' id='word_1_244' title='bbox 2766 2645 3107 2714; x_wconf 88' lang='lat' dir='ltr'><strong>splendidam</strong></span> <span class='ocrx_word' id='word_1_245' title='bbox 3155 2646 3263 2715; x_wconf 81' lang='lat'><strong>85</strong></span> <span class='ocrx_word' id='word_1_246' title='bbox 3288 2656 3344 2699; x_wconf 85' lang='lat' dir='ltr'><strong>et</strong></span> <span class='ocrx_word' id='word_1_247' title='bbox 3373 2662 3487 2699; x_wconf 85' lang='lat' dir='ltr'><strong>ma-</strong></span> 
     </span>
    </p>
   </div>
   <div class='ocr_carea' id='block_1_37' title="bbox 213 2733 1800 2809">
    <p class='ocr_par' dir='ltr' id='par_1_37' title="bbox 213 2733 1800 2807">
     <span class='ocr_line' id='line_1_37' title="bbox 213 2733 1800 2807; baseline -0.001 -18"><span class='ocrx_word' id='word_1_248' title='bbox 213 2738 622 2807; x_wconf 56' lang='grc' dir='ltr'>λαμπενᾶφωνον</span> <span class='ocrx_word' id='word_1_249' title='bbox 660 2736 777 2805; x_wconf 78' lang='grc' dir='ltr'>ἅμα</span> <span class='ocrx_word' id='word_1_250' title='bbox 817 2735 913 2787; x_wconf 77' lang='grc' dir='ltr'><strong>καὶ</strong></span> <span class='ocrx_word' id='word_1_251' title='bbox 959 2733 1359 2804; x_wconf 77' lang='grc' dir='ltr'><strong>μεγαλόφωνον,</strong></span> <span class='ocrx_word' id='word_1_252' title='bbox 1395 2734 1487 2787; x_wconf 79' lang='grc' dir='ltr'>τὸν</span> <span class='ocrx_word' id='word_1_253' title='bbox 1523 2734 1673 2798; x_wconf 79' lang='grc' dir='ltr'>ἄξιον</span> <span class='ocrx_word' id='word_1_254' title='bbox 1722 2734 1800 2805; x_wconf 84' lang='grc' dir='ltr'>τῷ</span> 
     </span>
    </p>
   </div>
   <div class='ocr_carea' id='block_1_38' title="bbox 1902 2733 3485 2809">
    <p class='ocr_par' dir='ltr' id='par_1_38' title="bbox 1905 2737 3485 2809">
     <span class='ocr_line' id='line_1_38' title="bbox 1905 2737 3485 2809; baseline 0.002 -19"><span class='ocrx_word' id='word_1_255' title='bbox 1905 2753 2064 2806; x_wconf 79' lang='lat' dir='ltr'><strong>gnam</strong></span> <span class='ocrx_word' id='word_1_256' title='bbox 2100 2737 2415 2806; x_wconf 83' lang='lat' dir='ltr'><strong>perfecerit,</strong></span> <span class='ocrx_word' id='word_1_257' title='bbox 2441 2737 2638 2792; x_wconf 85' lang='lat' dir='ltr'><strong>Joanni</strong></span> <span class='ocrx_word' id='word_1_258' title='bbox 2661 2737 2848 2793; x_wconf 81' lang='lat' dir='ltr'><strong>divino</strong></span> <span class='ocrx_word' id='word_1_259' title='bbox 2869 2738 3093 2791; x_wconf 85' lang='lat' dir='ltr'><strong>numine</strong></span> <span class='ocrx_word' id='word_1_260' title='bbox 3133 2755 3295 2807; x_wconf 83' lang='lat' dir='ltr'><strong>supra</strong></span> <span class='ocrx_word' id='word_1_261' title='bbox 3321 2755 3485 2809; x_wconf 88' lang='lat' dir='ltr'><strong>quam</strong></span> 
     </span>
    </p>
   </div>
   <div class='ocr_carea' id='block_1_39' title="bbox 216 2827 1803 2899">
    <p class='ocr_par' dir='ltr' id='par_1_39' title="bbox 216 2827 1803 2899">
     <span class='ocr_line' id='line_1_39' title="bbox 216 2827 1803 2899; baseline -0.002 -17"><span class='ocrx_word' id='word_1_262' title='bbox 216 2830 499 2899; x_wconf 78' lang='grc' dir='ltr'>Βατττιστῇ</span> <span class='ocrx_word' id='word_1_263' title='bbox 527 2829 749 2881; x_wconf 80' lang='grc' dir='ltr'>ἔπαινον</span> <span class='ocrx_word' id='word_1_264' title='bbox 775 2827 1023 2897; x_wconf 79' lang='grc' dir='ltr'>ἀποδοίη,</span> <span class='ocrx_word' id='word_1_265' title='bbox 1049 2827 1203 2880; x_wconf 73' lang='grc' dir='ltr'>πάνθ’</span> <span class='ocrx_word' id='word_1_266' title='bbox 1227 2828 1365 2897; x_wconf 81' lang='grc' dir='ltr'>ὑπὲρ</span> <span class='ocrx_word' id='word_1_267' title='bbox 1399 2828 1555 2895; x_wconf 86' lang='grc' dir='ltr'>λόγον</span> <span class='ocrx_word' id='word_1_268' title='bbox 1582 2828 1660 2898; x_wconf 82' lang='grc' dir='ltr'>τῷ</span> <span class='ocrx_word' id='word_1_269' title='bbox 1688 2828 1803 2880; x_wconf 84' lang='grc' dir='ltr'>Θεο-</span> 
     </span>
    </p>
   </div>
   <div class='ocr_carea' id='block_1_40' title="bbox 218 2918 1797 2991">
    <p class='ocr_par' dir='ltr' id='par_1_40' title="bbox 218 2918 1797 2991">
     <span class='ocr_line' id='line_1_40' title="bbox 218 2918 1797 2991; baseline 0.001 -19"><span class='ocrx_word' id='word_1_270' title='bbox 218 2920 410 2991; x_wconf 74' lang='grc' dir='ltr'><strong>λήπτῳ</strong></span> <span class='ocrx_word' id='word_1_271' title='bbox 450 2922 652 2989; x_wconf 76' lang='grc' dir='ltr'>ἔχοντι,</span> <span class='ocrx_word' id='word_1_272' title='bbox 708 2920 885 2973; x_wconf 86' lang='grc' dir='ltr'>πάντα</span> <span class='ocrx_word' id='word_1_273' title='bbox 942 2919 1159 2989; x_wconf 82' lang='grc' dir='ltr'>ἄληπτά</span> <span class='ocrx_word' id='word_1_274' title='bbox 1203 2936 1263 2971; x_wconf 90' lang='grc' dir='ltr'><strong>τε</strong></span> <span class='ocrx_word' id='word_1_275' title='bbox 1296 2920 1389 2971; x_wconf 78' lang='grc' dir='ltr'>καὶ</span> <span class='ocrx_word' id='word_1_276' title='bbox 1433 2918 1797 2988; x_wconf 80' lang='grc' dir='ltr'>ἀπερίληπτα.</span> 
     </span>
    </p>
   </div>
   <div class='ocr_carea' id='block_1_41' title="bbox 221 3010 1801 3083">
    <p class='ocr_par' dir='ltr' id='par_1_41' title="bbox 221 3010 1801 3083">
     <span class='ocr_line' id='line_1_41' title="bbox 221 3010 1801 3083; baseline 0 -20"><span class='ocrx_word' id='word_1_277' title='bbox 221 3012 386 3063; x_wconf 77' lang='grc' dir='ltr'>Ὥστε</span> <span class='ocrx_word' id='word_1_278' title='bbox 446 3011 599 3081; x_wconf 77' lang='grc' dir='ltr'>αὐτῷ</span> <span class='ocrx_word' id='word_1_279' title='bbox 658 3013 756 3083; x_wconf 84' lang='grc' dir='ltr'>μὲν</span> <span class='ocrx_word' id='word_1_280' title='bbox 826 3012 1121 3081; x_wconf 81' lang='grc' dir='ltr'><strong>ἀποχρῶσα</strong></span> <span class='ocrx_word' id='word_1_281' title='bbox 1178 3011 1334 3081; x_wconf 87' lang='grc' dir='ltr'>μόνη,</span> <span class='ocrx_word' id='word_1_282' title='bbox 1397 3013 1429 3081; x_wconf 80' lang='grc' dir='ltr'>ἡ</span> <span class='ocrx_word' id='word_1_283' title='bbox 1499 3010 1801 3082; x_wconf 83' lang='grc' dir='ltr'>Δεσποτικὴ</span> 
     </span>
    </p>
   </div>
   <div class='ocr_carea' id='block_1_42' title="bbox 217 3100 1797 3175">
    <p class='ocr_par' dir='ltr' id='par_1_42' title="bbox 217 3100 1797 3175">
     <span class='ocr_line' id='line_1_42' title="bbox 217 3100 1797 3175; baseline -0.002 -19"><span class='ocrx_word' id='word_1_284' title='bbox 217 3102 419 3173; x_wconf 73' lang='grc' dir='ltr'>δηλαδὴ</span> <span class='ocrx_word' id='word_1_285' title='bbox 444 3105 539 3155; x_wconf 75' lang='grc' dir='ltr'>καὶ</span> <span class='ocrx_word' id='word_1_286' title='bbox 572 3103 691 3155; x_wconf 80' lang='grc' dir='ltr'>θεία</span> <span class='ocrx_word' id='word_1_287' title='bbox 717 3103 889 3174; x_wconf 78' lang='grc' dir='ltr'>φωνὴ,</span> <span class='ocrx_word' id='word_1_288' title='bbox 922 3100 989 3175; x_wconf 82' lang='grc' dir='ltr'>ἦς</span> <span class='ocrx_word' id='word_1_289' title='bbox 1028 3104 1119 3154; x_wconf 77' lang='grc' dir='ltr'><strong>καὶ</strong></span> <span class='ocrx_word' id='word_1_290' title='bbox 1149 3102 1361 3170; x_wconf 82' lang='grc' dir='ltr'>ἀληθῶς</span> <span class='ocrx_word' id='word_1_291' title='bbox 1391 3103 1595 3163; x_wconf 81' lang='grc' dir='ltr'>ἐκεῖνος</span> <span class='ocrx_word' id='word_1_292' title='bbox 1630 3101 1797 3166; x_wconf 80' lang='grc' dir='ltr'>ἄξιος,</span> 
     </span>
    </p>
   </div>
   <div class='ocr_carea' id='block_1_43' title="bbox 218 3193 1801 3265">
    <p class='ocr_par' dir='ltr' id='par_1_43' title="bbox 218 3193 1801 3265">
     <span class='ocr_line' id='line_1_43' title="bbox 218 3193 1801 3265; baseline -0.001 -19"><span class='ocrx_word' id='word_1_293' title='bbox 218 3196 313 3246; x_wconf 71' lang='grc' dir='ltr'><strong>καὶ</strong></span> <span class='ocrx_word' id='word_1_294' title='bbox 342 3194 408 3246; x_wconf 77' lang='grc' dir='ltr'><strong>δι’</strong></span> <span class='ocrx_word' id='word_1_295' title='bbox 438 3196 506 3265; x_wconf 71' lang='grc' dir='ltr'>ἣν</span> <span class='ocrx_word' id='word_1_296' title='bbox 535 3194 670 3264; x_wconf 79' lang='grc' dir='ltr'>ἄλλη</span> <span class='ocrx_word' id='word_1_297' title='bbox 702 3197 849 3247; x_wconf 74' lang='grc' dir='ltr'>πᾶσα</span> <span class='ocrx_word' id='word_1_298' title='bbox 876 3193 1027 3265; x_wconf 79' lang='grc' dir='ltr'>φωνὴ</span> <span class='ocrx_word' id='word_1_299' title='bbox 1067 3194 1339 3264; x_wconf 82' lang='grc' dir='ltr'>ὑποχωρεῖ</span> <span class='ocrx_word' id='word_1_300' title='bbox 1389 3193 1466 3262; x_wconf 82' lang='grc' dir='ltr'>τῷ</span> <span class='ocrx_word' id='word_1_301' title='bbox 1500 3193 1801 3262; x_wconf 81' lang='grc' dir='ltr'><strong>τηλικούτῳ</strong></span> 
     </span>
    </p>
   </div>
   <div class='ocr_carea' id='block_1_44' title="bbox 214 3287 722 3351">
    <p class='ocr_par' dir='ltr' id='par_1_44' title="bbox 214 3287 722 3351">
     <span class='ocr_line' id='line_1_44' title="bbox 214 3287 722 3351; baseline 0.004 -14"><span class='ocrx_word' id='word_1_302' title='bbox 214 3288 312 3337; x_wconf 71' lang='grc' dir='ltr'><strong>καὶ</strong></span> <span class='ocrx_word' id='word_1_303' title='bbox 338 3287 722 3351; x_wconf 66' lang='grc' dir='ltr'><strong>ὑπεξίσταται.</strong></span> 
     </span>
    </p>
   </div>
   <div class='ocr_carea' id='block_1_45' title="bbox 297 3370 1796 3446">
    <p class='ocr_par' dir='ltr' id='par_1_45' title="bbox 297 3370 1796 3446">
     <span class='ocr_line' id='line_1_45' title="bbox 297 3370 1796 3446; baseline -0.001 -18"><span class='ocrx_word' id='word_1_304' title='bbox 297 3380 377 3428; x_wconf 79' lang='grc' dir='ltr'><strong>Δι’</strong></span> <span class='ocrx_word' id='word_1_305' title='bbox 404 3377 443 3429; x_wconf 74' lang='grc' dir='ltr'><strong>ὃ.</strong></span> <span class='ocrx_word' id='word_1_306' title='bbox 470 3380 566 3428; x_wconf 68' lang='grc' dir='ltr'><strong>καὶ</strong></span> <span class='ocrx_word' id='word_1_307' title='bbox 595 3377 736 3445; x_wconf 68' lang='grc' dir='ltr'>αὐτῷ</span> <span class='ocrx_word' id='word_1_308' title='bbox 761 3395 843 3446; x_wconf 80' lang='grc' dir='ltr'><strong>μοι</strong></span> <span class='ocrx_word' id='word_1_309' title='bbox 868 3376 1077 3446; x_wconf 82' lang='grc' dir='ltr'>βέλτιον</span> <span class='ocrx_word' id='word_1_310' title='bbox 1108 3370 1247 3428; x_wconf 77' lang='grc' dir='ltr'>εἶναι</span> <span class='ocrx_word' id='word_1_311' title='bbox 1271 3376 1436 3438; x_wconf 87' lang='grc' dir='ltr'>δοκεῖ,</span> <span class='ocrx_word' id='word_1_312' title='bbox 1472 3375 1547 3445; x_wconf 83' lang='grc' dir='ltr'>μὴ</span> <span class='ocrx_word' id='word_1_313' title='bbox 1579 3374 1796 3445; x_wconf 74' lang='grc' dir='ltr'>μικρδν,</span> 
     </span>
    </p>
   </div>
   <div class='ocr_carea' id='block_1_46' title="bbox 236 3467 1799 3540">
    <p class='ocr_par' dir='ltr' id='par_1_46' title="bbox 236 3467 1799 3540">
     <span class='ocr_line' id='line_1_46' title="bbox 236 3467 1799 3540; baseline 0 -21"><span class='ocrx_word' id='word_1_314' title='bbox 236 3470 319 3540; x_wconf 75' lang='grc' dir='ltr'>μὴ</span> <span class='ocrx_word' id='word_1_315' title='bbox 350 3470 498 3537; x_wconf 76' lang='grc' dir='ltr'>μέγα</span> <span class='ocrx_word' id='word_1_316' title='bbox 528 3468 847 3534; x_wconf 71' lang='grc' dir='ltr'>φθέγξασθαι</span> <span class='ocrx_word' id='word_1_317' title='bbox 866 3470 960 3522; x_wconf 72' lang='grc' dir='ltr'><strong>ἐπὶ</strong></span> <span class='ocrx_word' id='word_1_318' title='bbox 986 3469 1080 3523; x_wconf 79' lang='grc' dir='ltr'><strong>τοῦ</strong></span> <span class='ocrx_word' id='word_1_319' title='bbox 1112 3469 1375 3539; x_wconf 84' lang='grc' dir='ltr'><strong>παρόντος</strong></span> <span class='ocrx_word' id='word_1_320' title='bbox 1400 3483 1412 3496; x_wconf 83' lang='lat'>&#39;</span> <span class='ocrx_word' id='word_1_321' title='bbox 1445 3468 1519 3531; x_wconf 85' lang='grc' dir='ltr'>ὡς</span> <span class='ocrx_word' id='word_1_322' title='bbox 1545 3467 1610 3520; x_wconf 86' lang='grc' dir='ltr'>ἂν</span> <span class='ocrx_word' id='word_1_323' title='bbox 1644 3468 1719 3538; x_wconf 85' lang='grc' dir='ltr'>μή</span> <span class='ocrx_word' id='word_1_324' title='bbox 1747 3484 1799 3520; x_wconf 89' lang='grc' dir='ltr'><strong>τι</strong></span> 
     </span>
    </p>
   </div>
   <div class='ocr_carea' id='block_1_47' title="bbox 233 3558 1799 3631">
    <p class='ocr_par' dir='ltr' id='par_1_47' title="bbox 233 3558 1799 3631">
     <span class='ocr_line' id='line_1_47' title="bbox 233 3558 1799 3631; baseline 0 -20"><span class='ocrx_word' id='word_1_325' title='bbox 233 3560 331 3611; x_wconf 78' lang='grc' dir='ltr'><strong>καὶ</strong></span> <span class='ocrx_word' id='word_1_326' title='bbox 352 3558 492 3624; x_wconf 76' lang='grc' dir='ltr'>δόξω</span> <span class='ocrx_word' id='word_1_327' title='bbox 538 3558 787 3627; x_wconf 78' lang='grc' dir='ltr'>πράττειν</span> <span class='ocrx_word' id='word_1_328' title='bbox 825 3560 1488 3631; x_wconf 75' lang='grc' dir='ltr'><strong>παρακεκινδυνευμένον,</strong></span> <span class='ocrx_word' id='word_1_329' title='bbox 1528 3558 1685 3627; x_wconf 84' lang='grc' dir='ltr'>λόγον</span> <span class='ocrx_word' id='word_1_330' title='bbox 1708 3558 1799 3611; x_wconf 83' lang='grc' dir='ltr'>τὸν</span> 
     </span>
    </p>
   </div>
   <div class='ocr_carea' id='block_1_48' title="bbox 229 3649 1798 3723">
    <p class='ocr_par' dir='ltr' id='par_1_48' title="bbox 229 3649 1798 3723">
     <span class='ocr_line' id='line_1_48' title="bbox 229 3649 1798 3723; baseline 0.001 -21"><span class='ocrx_word' id='word_1_331' title='bbox 229 3652 371 3719; x_wconf 82' lang='grc' dir='ltr'>παρ’</span> <span class='ocrx_word' id='word_1_332' title='bbox 410 3649 643 3720; x_wconf 80' lang='grc' dir='ltr'>ἐμαυτοῦ</span> <span class='ocrx_word' id='word_1_333' title='bbox 666 3650 911 3705; x_wconf 80' lang='grc' dir='ltr'><strong>ὑποθέσει</strong></span> <span class='ocrx_word' id='word_1_334' title='bbox 931 3651 1074 3706; x_wconf 79' lang='grc' dir='ltr'>οὕτω</span> <span class='ocrx_word' id='word_1_335' title='bbox 1116 3652 1378 3723; x_wconf 84' lang='grc' dir='ltr'>μεγέθους</span> <span class='ocrx_word' id='word_1_336' title='bbox 1401 3652 1600 3722; x_wconf 78' lang='grc' dir='ltr'>ἐχούσῃ</span> <span class='ocrx_word' id='word_1_337' title='bbox 1627 3668 1798 3722; x_wconf 90' lang='grc' dir='ltr'>προσ-</span> 
     </span>
    </p>
   </div>
   <div class='ocr_carea' id='block_1_49' title="bbox 230 3742 1798 3814">
    <p class='ocr_par' dir='ltr' id='par_1_49' title="bbox 230 3742 1798 3814">
     <span class='ocr_line' id='line_1_49' title="bbox 230 3742 1798 3814; baseline -0.001 -18"><span class='ocrx_word' id='word_1_338' title='bbox 230 3743 452 3796; x_wconf 72' lang='grc' dir='ltr'>ϐάλλων</span> <span class='ocrx_word' id='word_1_339' title='bbox 478 3781 492 3805; x_wconf 91' lang='grc'><strong>,</strong></span> <span class='ocrx_word' id='word_1_340' title='bbox 547 3742 606 3806; x_wconf 82' lang='grc' dir='ltr'>ὃς</span> <span class='ocrx_word' id='word_1_341' title='bbox 636 3744 728 3797; x_wconf 78' lang='grc' dir='ltr'><strong>καὶ</strong></span> <span class='ocrx_word' id='word_1_342' title='bbox 762 3744 937 3808; x_wconf 84' lang='grc' dir='ltr'>ἄλλως</span> <span class='ocrx_word' id='word_1_343' title='bbox 966 3744 1166 3813; x_wconf 82' lang='grc' dir='ltr'>φαῦλος</span> <span class='ocrx_word' id='word_1_344' title='bbox 1199 3743 1504 3814; x_wconf 82' lang='grc' dir='ltr'>τυγχάνων,</span> <span class='ocrx_word' id='word_1_345' title='bbox 1556 3742 1653 3797; x_wconf 79' lang='grc' dir='ltr'>νῦν</span> <span class='ocrx_word' id='word_1_346' title='bbox 1703 3743 1798 3796; x_wconf 77' lang='grc' dir='ltr'><strong>καὶ</strong></span> 
     </span>
    </p>
   </div>
   <div class='ocr_carea' id='block_1_50' title="bbox 216 3831 1797 3907">
    <p class='ocr_par' dir='ltr' id='par_1_50' title="bbox 216 3831 1797 3907">
     <span class='ocr_line' id='line_1_50' title="bbox 216 3831 1797 3907; baseline 0.003 -22"><span class='ocrx_word' id='word_1_347' title='bbox 216 3834 459 3904; x_wconf 76' lang='grc' dir='ltr'>μάλιστα</span> <span class='ocrx_word' id='word_1_348' title='bbox 490 3834 551 3886; x_wconf 85' lang='grc' dir='ltr'>τὸ</span> <span class='ocrx_word' id='word_1_349' title='bbox 572 3835 739 3906; x_wconf 81' lang='grc' dir='ltr'>μηδὲν</span> <span class='ocrx_word' id='word_1_350' title='bbox 756 3831 895 3889; x_wconf 74' lang='grc' dir='ltr'>εἶναι</span> <span class='ocrx_word' id='word_1_351' title='bbox 917 3836 1075 3901; x_wconf 83' lang='grc' dir='ltr'>δόξει,</span> <span class='ocrx_word' id='word_1_352' title='bbox 1112 3837 1193 3889; x_wconf 85' lang='grc' dir='ltr'>ὅτι</span> <span class='ocrx_word' id='word_1_353' title='bbox 1241 3836 1363 3907; x_wconf 84' lang='grc' dir='ltr'>μηδ’</span> <span class='ocrx_word' id='word_1_354' title='bbox 1408 3838 1553 3907; x_wconf 77' lang='grc' dir='ltr'>ἐρεῖν</span> <span class='ocrx_word' id='word_1_355' title='bbox 1598 3853 1649 3890; x_wconf 89' lang='grc' dir='ltr'><strong>τι</strong></span> <span class='ocrx_word' id='word_1_356' title='bbox 1687 3834 1797 3890; x_wconf 89' lang='grc' dir='ltr'>τῶν</span> 
     </span>
    </p>
   </div>
   <div class='ocr_carea' id='block_1_51' title="bbox 214 3928 1084 4001">
    <p class='ocr_par' dir='ltr' id='par_1_51' title="bbox 214 3928 1084 4001">
     <span class='ocr_line' id='line_1_51' title="bbox 214 3928 1084 4001; baseline 0.005 -22"><span class='ocrx_word' id='word_1_357' title='bbox 214 3928 409 3998; x_wconf 65' lang='grc' dir='ltr'>ἐκείνῳ</span> <span class='ocrx_word' id='word_1_358' title='bbox 442 3929 755 3999; x_wconf 82' lang='grc' dir='ltr'>προσόντων</span> <span class='ocrx_word' id='word_1_359' title='bbox 781 3930 1084 4001; x_wconf 83' lang='grc' dir='ltr'>δυνήσεται.</span> 
     </span>
    </p>
   </div>
   <div class='ocr_carea' id='block_1_52' title="bbox 289 4044 1796 4118">
    <p class='ocr_par' dir='ltr' id='par_1_52' title="bbox 289 4044 1796 4118">
     <span class='ocr_line' id='line_1_52' title="bbox 289 4044 1796 4118; baseline 0.003 -23"><span class='ocrx_word' id='word_1_360' title='bbox 289 4044 400 4095; x_wconf 70' lang='grc' dir='ltr'><strong>Καὶ</strong></span> <span class='ocrx_word' id='word_1_361' title='bbox 427 4044 551 4112; x_wconf 68' lang='grc' dir='ltr'><strong>ἐμοὶ</strong></span> <span class='ocrx_word' id='word_1_362' title='bbox 596 4045 695 4114; x_wconf 74' lang='grc' dir='ltr'>μὲν</span> <span class='ocrx_word' id='word_1_363' title='bbox 727 4044 816 4097; x_wconf 81' lang='grc' dir='ltr'><strong>διὰ</strong></span> <span class='ocrx_word' id='word_1_364' title='bbox 859 4045 1033 4099; x_wconf 81' lang='grc' dir='ltr'>ταῦτα</span> <span class='ocrx_word' id='word_1_365' title='bbox 1059 4046 1323 4115; x_wconf 86' lang='grc' dir='ltr'>κρείττων</span> <span class='ocrx_word' id='word_1_366' title='bbox 1372 4047 1404 4116; x_wconf 80' lang='grc' dir='ltr'>ἡ</span> <span class='ocrx_word' id='word_1_367' title='bbox 1434 4047 1610 4118; x_wconf 84' lang='grc' dir='ltr'>σιωπὴ</span> <span class='ocrx_word' id='word_1_368' title='bbox 1635 4084 1649 4109; x_wconf 93' lang='grc'><strong>,</strong></span> <span class='ocrx_word' id='word_1_369' title='bbox 1702 4046 1796 4100; x_wconf 71' lang='grc' dir='ltr'><strong>καὶ</strong></span> 
     </span>
    </p>
   </div>
   <div class='ocr_carea' id='block_1_53' title="bbox 217 4133 1795 4208">
    <p class='ocr_par' dir='ltr' id='par_1_53' title="bbox 217 4133 1795 4208">
     <span class='ocr_line' id='line_1_53' title="bbox 217 4133 1795 4208; baseline 0.003 -23"><span class='ocrx_word' id='word_1_370' title='bbox 217 4133 633 4202; x_wconf 81' lang='grc' dir='ltr'>λυσιτελεστέρα</span> <span class='ocrx_word' id='word_1_371' title='bbox 665 4136 759 4189; x_wconf 73' lang='grc' dir='ltr'>τοῦ</span> <span class='ocrx_word' id='word_1_372' title='bbox 793 4137 1156 4205; x_wconf 82' lang='grc' dir='ltr'>φθέγγεσθαι·</span> <span class='ocrx_word' id='word_1_373' title='bbox 1186 4138 1304 4190; x_wconf 77' lang='grc' dir='ltr'>ἐπεὶ</span> <span class='ocrx_word' id='word_1_374' title='bbox 1337 4138 1381 4190; x_wconf 84' lang='grc' dir='ltr'>δ’</span> <span class='ocrx_word' id='word_1_375' title='bbox 1424 4140 1535 4208; x_wconf 83' lang='grc' dir='ltr'>ὁρῶ</span> <span class='ocrx_word' id='word_1_376' title='bbox 1568 4138 1795 4202; x_wconf 81' lang='grc' dir='ltr'>πολλοὺς</span> 
     </span>
    </p>
   </div>
   <div class='ocr_carea' id='block_1_54' title="bbox 214 4228 1797 4301">
    <p class='ocr_par' dir='ltr' id='par_1_54' title="bbox 214 4228 1797 4301">
     <span class='ocr_line' id='line_1_54' title="bbox 214 4228 1797 4301; baseline 0.004 -22"><span class='ocrx_word' id='word_1_377' title='bbox 214 4228 295 4297; x_wconf 78' lang='grc' dir='ltr'><strong>τῷ</strong></span> <span class='ocrx_word' id='word_1_378' title='bbox 324 4229 615 4299; x_wconf 81' lang='grc' dir='ltr'>πράγματι</span> <span class='ocrx_word' id='word_1_379' title='bbox 640 4230 1114 4301; x_wconf 81' lang='grc' dir='ltr'>δυσχεραίνοντας,</span> <span class='ocrx_word' id='word_1_380' title='bbox 1141 4234 1233 4283; x_wconf 72' lang='grc' dir='ltr'>καὶ</span> <span class='ocrx_word' id='word_1_381' title='bbox 1255 4231 1347 4285; x_wconf 80' lang='grc' dir='ltr'>τὸν</span> <span class='ocrx_word' id='word_1_382' title='bbox 1366 4231 1521 4298; x_wconf 88' lang='grc' dir='ltr'>λόγον</span> <span class='ocrx_word' id='word_1_383' title='bbox 1543 4232 1797 4285; x_wconf 82' lang='grc' dir='ltr'><strong>ἐκκαλου-</strong></span> 
     </span>
    </p>
   </div>
   <div class='ocr_carea' id='block_1_55' title="bbox 215 4318 1796 4393">
    <p class='ocr_par' dir='ltr' id='par_1_55' title="bbox 215 4318 1796 4393">
     <span class='ocr_line' id='line_1_55' title="bbox 215 4318 1796 4393; baseline 0.001 -22"><span class='ocrx_word' id='word_1_384' title='bbox 215 4318 459 4386; x_wconf 73' lang='grc' dir='ltr'>μένως,</span> <span class='ocrx_word' id='word_1_385' title='bbox 515 4321 613 4372; x_wconf 74' lang='grc' dir='ltr'><strong>καὶ</strong></span> <span class='ocrx_word' id='word_1_386' title='bbox 670 4320 905 4390; x_wconf 87' lang='grc' dir='ltr'>μάλιστα</span> <span class='ocrx_word' id='word_1_387' title='bbox 933 4320 1029 4390; x_wconf 84' lang='grc' dir='ltr'>τῆς</span> <span class='ocrx_word' id='word_1_388' title='bbox 1076 4319 1188 4374; x_wconf 86' lang='grc' dir='ltr'><strong>τῶν</strong></span> <span class='ocrx_word' id='word_1_389' title='bbox 1238 4322 1496 4387; x_wconf 87' lang='grc' dir='ltr'>γενεσίων</span> <span class='ocrx_word' id='word_1_390' title='bbox 1531 4321 1796 4393; x_wconf 80' lang='grc' dir='ltr'><strong>ἐνστάσης</strong></span> 
     </span>
    </p>
   </div>
   <div class='ocr_carea' id='block_1_56' title="bbox 211 4413 1795 4484">
    <p class='ocr_par' dir='ltr' id='par_1_56' title="bbox 211 4413 1795 4484">
     <span class='ocr_line' id='line_1_56' title="bbox 211 4413 1795 4484; baseline 0.003 -20"><span class='ocrx_word' id='word_1_391' title='bbox 211 4413 456 4480; x_wconf 73' lang='grc' dir='ltr'>ἡμέρας,</span> <span class='ocrx_word' id='word_1_392' title='bbox 486 4413 522 4483; x_wconf 74' lang='grc' dir='ltr'>ἢ</span> <span class='ocrx_word' id='word_1_393' title='bbox 547 4413 645 4464; x_wconf 79' lang='grc' dir='ltr'><strong>καὶ</strong></span> <span class='ocrx_word' id='word_1_394' title='bbox 676 4414 847 4483; x_wconf 80' lang='grc' dir='ltr'>μείζω</span> <span class='ocrx_word' id='word_1_395' title='bbox 877 4414 968 4465; x_wconf 74' lang='grc' dir='ltr'><strong>τὸν</strong></span> <span class='ocrx_word' id='word_1_396' title='bbox 1012 4413 1255 4483; x_wconf 85' lang='grc' dir='ltr'>παρόντα</span> <span class='ocrx_word' id='word_1_397' title='bbox 1301 4415 1567 4484; x_wconf 81' lang='grc' dir='ltr'>πεποίηκε</span> <span class='ocrx_word' id='word_1_398' title='bbox 1608 4415 1795 4468; x_wconf 82' lang='grc' dir='ltr'>σύλλο-</span> 
     </span>
    </p>
   </div>
   <div class='ocr_carea' id='block_1_57' title="bbox 213 4503 1797 4578">
    <p class='ocr_par' dir='ltr' id='par_1_57' title="bbox 213 4503 1797 4578">
     <span class='ocr_line' id='line_1_57' title="bbox 213 4503 1797 4578; baseline 0.003 -23"><span class='ocrx_word' id='word_1_399' title='bbox 213 4520 336 4571; x_wconf 83' lang='grc' dir='ltr'>γον,</span> <span class='ocrx_word' id='word_1_400' title='bbox 368 4505 465 4556; x_wconf 73' lang='grc' dir='ltr'><strong>καὶ</strong></span> <span class='ocrx_word' id='word_1_401' title='bbox 492 4503 558 4556; x_wconf 83' lang='grc' dir='ltr'><strong>δι’</strong></span> <span class='ocrx_word' id='word_1_402' title='bbox 588 4504 657 4573; x_wconf 78' lang='grc' dir='ltr'>ἣν</span> <span class='ocrx_word' id='word_1_403' title='bbox 680 4504 1089 4575; x_wconf 81' lang='grc' dir='ltr'>ὲμπαράσκευοι</span> <span class='ocrx_word' id='word_1_404' title='bbox 1116 4506 1251 4576; x_wconf 82' lang='grc' dir='ltr'>πρὸς</span> <span class='ocrx_word' id='word_1_405' title='bbox 1270 4506 1367 4575; x_wconf 76' lang='grc' dir='ltr'>τὴν</span> <span class='ocrx_word' id='word_1_406' title='bbox 1392 4507 1656 4574; x_wconf 84' lang='grc' dir='ltr'>ἀκρόασιν</span> <span class='ocrx_word' id='word_1_407' title='bbox 1679 4506 1797 4578; x_wconf 76' lang='grc' dir='ltr'>ἐλη-</span> 
     </span>
    </p>
   </div>
   <div class='ocr_carea' id='block_1_58' title="bbox 211 4595 1796 4669">
    <p class='ocr_par' dir='ltr' id='par_1_58' title="bbox 211 4595 1796 4669">
     <span class='ocr_line' id='line_1_58' title="bbox 211 4595 1796 4669; baseline 0.004 -24"><span class='ocrx_word' id='word_1_408' title='bbox 211 4596 447 4648; x_wconf 77' lang='grc' dir='ltr'>λύθασιν</span> <span class='ocrx_word' id='word_1_409' title='bbox 478 4595 739 4659; x_wconf 75' lang='grc' dir='ltr'>ἕκαστος.</span> <span class='ocrx_word' id='word_1_410' title='bbox 780 4597 830 4650; x_wconf 81' lang='grc' dir='ltr'><strong>οἳ</strong></span> <span class='ocrx_word' id='word_1_411' title='bbox 875 4596 971 4649; x_wconf 76' lang='grc' dir='ltr'><strong>καὶ</strong></span> <span class='ocrx_word' id='word_1_412' title='bbox 1004 4597 1257 4667; x_wconf 89' lang='grc' dir='ltr'>περιττόν</span> <span class='ocrx_word' id='word_1_413' title='bbox 1291 4614 1408 4659; x_wconf 87' lang='grc' dir='ltr'>πως</span> <span class='ocrx_word' id='word_1_414' title='bbox 1447 4597 1539 4650; x_wconf 80' lang='grc' dir='ltr'>καὶ</span> <span class='ocrx_word' id='word_1_415' title='bbox 1569 4598 1796 4669; x_wconf 81' lang='grc' dir='ltr'>ἄκαιρον</span> 
     </span>
    </p>
   </div>
   <div class='ocr_carea' id='block_1_59' title="bbox 213 4678 1792 4759">
    <p class='ocr_par' dir='ltr' id='par_1_59' title="bbox 213 4678 1792 4759">
     <span class='ocr_line' id='line_1_59' title="bbox 213 4678 1792 4759; baseline 0.003 -19"><span class='ocrx_word' id='word_1_416' title='bbox 213 4691 276 4741; x_wconf 75' lang='grc' dir='ltr'><strong>το</strong></span> <span class='ocrx_word' id='word_1_417' title='bbox 305 4690 577 4759; x_wconf 81' lang='grc' dir='ltr'>ἡμέτερον</span> <span class='ocrx_word' id='word_1_418' title='bbox 622 4689 864 4755; x_wconf 80' lang='grc' dir='ltr'>οἴονται,</span> <span class='ocrx_word' id='word_1_419' title='bbox 916 4691 992 4753; x_wconf 83' lang='grc' dir='ltr'>ὡς</span> <span class='ocrx_word' id='word_1_420' title='bbox 1024 4678 1121 4743; x_wconf 69' lang='grc' dir='ltr'><strong>καὶ</strong></span> <span class='ocrx_word' id='word_1_421' title='bbox 1159 4690 1227 4742; x_wconf 83' lang='grc' dir='ltr'><strong>δι’</strong></span> <span class='ocrx_word' id='word_1_422' title='bbox 1277 4689 1509 4751; x_wconf 82' lang='grc' dir='ltr'>ὀνείδους</span> <span class='ocrx_word' id='word_1_423' title='bbox 1554 4691 1792 4744; x_wconf 80' lang='grc' dir='ltr'>τιθὲνσιι.’</span> 
     </span>
    </p>
   </div>
   <div class='ocr_carea' id='block_1_60' title="bbox 210 4779 1796 4852">
    <p class='ocr_par' dir='ltr' id='par_1_60' title="bbox 210 4779 1796 4852">
     <span class='ocr_line' id='line_1_60' title="bbox 210 4779 1796 4852; baseline -0.001 -16"><span class='ocrx_word' id='word_1_424' title='bbox 210 4782 359 4836; x_wconf 76' lang='grc' dir='ltr'>δοχῶ</span> <span class='ocrx_word' id='word_1_425' title='bbox 392 4799 483 4851; x_wconf 89' lang='grc' dir='ltr'><strong>μοι</strong></span> <span class='ocrx_word' id='word_1_426' title='bbox 514 4782 610 4835; x_wconf 69' lang='grc' dir='ltr'>καὶ</span> <span class='ocrx_word' id='word_1_427' title='bbox 642 4782 795 4851; x_wconf 79' lang='grc' dir='ltr'>παρὰ</span> <span class='ocrx_word' id='word_1_428' title='bbox 818 4780 1043 4852; x_wconf 84' lang='grc' dir='ltr'>γνώμην</span> <span class='ocrx_word' id='word_1_429' title='bbox 1086 4779 1245 4833; x_wconf 82' lang='grc' dir='ltr'>λῦσαι</span> <span class='ocrx_word' id='word_1_430' title='bbox 1291 4781 1389 4851; x_wconf 86' lang='grc' dir='ltr'>τὴν</span> <span class='ocrx_word' id='word_1_431' title='bbox 1426 4783 1659 4852; x_wconf 73' lang='grc' dir='ltr'>σιωπὴν,</span> <span class='ocrx_word' id='word_1_432' title='bbox 1702 4783 1796 4836; x_wconf 80' lang='grc' dir='ltr'><strong>καὶ</strong></span> 
     </span>
    </p>
   </div>
   <div class='ocr_carea' id='block_1_61' title="bbox 210 4872 1790 4944">
    <p class='ocr_par' dir='ltr' id='par_1_61' title="bbox 210 4872 1790 4944">
     <span class='ocr_line' id='line_1_61' title="bbox 210 4872 1790 4944; baseline -0.001 -19"><span class='ocrx_word' id='word_1_433' title='bbox 210 4875 303 4927; x_wconf 81' lang='grc' dir='ltr'>τὸν</span> <span class='ocrx_word' id='word_1_434' title='bbox 323 4874 488 4941; x_wconf 83' lang='grc' dir='ltr'>λόγον</span> <span class='ocrx_word' id='word_1_435' title='bbox 512 4913 525 4936; x_wconf 95' lang='grc'><strong>,</strong></span> <span class='ocrx_word' id='word_1_436' title='bbox 552 4874 654 4925; x_wconf 72' lang='grc' dir='ltr'>κᾶν</span> <span class='ocrx_word' id='word_1_437' title='bbox 682 4872 887 4942; x_wconf 84' lang='grc' dir='ltr'>φαῦλον</span> <span class='ocrx_word' id='word_1_438' title='bbox 906 4872 1057 4935; x_wconf 80' lang='grc' dir='ltr'>ὄντα,</span> <span class='ocrx_word' id='word_1_439' title='bbox 1080 4872 1262 4925; x_wconf 78' lang='grc' dir='ltr'>δοῦναι</span> <span class='ocrx_word' id='word_1_440' title='bbox 1288 4876 1401 4935; x_wconf 76' lang='grc' dir='ltr'>τοῖς</span> <span class='ocrx_word' id='word_1_441' title='bbox 1429 4872 1790 4944; x_wconf 81' lang='grc' dir='ltr'>βουλομένοις·</span> 
     </span>
    </p>
   </div>
   <div class='ocr_carea' id='block_1_62' title="bbox 211 4963 1795 5036">
    <p class='ocr_par' dir='ltr' id='par_1_62' title="bbox 211 4963 1795 5036">
     <span class='ocr_line' id='line_1_62' title="bbox 211 4963 1795 5036; baseline 0.001 -19"><span class='ocrx_word' id='word_1_442' title='bbox 211 4966 288 5028; x_wconf 75' lang='grc' dir='ltr'>ὡς</span> <span class='ocrx_word' id='word_1_443' title='bbox 316 4966 390 5018; x_wconf 77' lang='grc' dir='ltr'>ἂν</span> <span class='ocrx_word' id='word_1_444' title='bbox 421 4966 497 5036; x_wconf 81' lang='grc' dir='ltr'>μὴ</span> <span class='ocrx_word' id='word_1_445' title='bbox 523 4967 618 5018; x_wconf 74' lang='grc' dir='ltr'><strong>καὶ</strong></span> <span class='ocrx_word' id='word_1_446' title='bbox 646 4964 941 5035; x_wconf 80' lang='grc' dir='ltr'>φαινοίμην</span> <span class='ocrx_word' id='word_1_447' title='bbox 971 4963 1191 5028; x_wconf 83' lang='grc' dir='ltr'>τούτους</span> <span class='ocrx_word' id='word_1_448' title='bbox 1226 4964 1587 5035; x_wconf 85' lang='grc' dir='ltr'>παραλυπῶν,</span> <span class='ocrx_word' id='word_1_449' title='bbox 1616 4964 1697 5029; x_wconf 73' lang='grc' dir='ltr'>οἷς</span> <span class='ocrx_word' id='word_1_450' title='bbox 1734 4968 1795 5019; x_wconf 85' lang='grc' dir='ltr'>τὸ</span> 
     </span>
    </p>
   </div>
   <div class='ocr_carea' id='block_1_63' title="bbox 210 5056 801 5128">
    <p class='ocr_par' dir='ltr' id='par_1_63' title="bbox 210 5056 801 5128">
     <span class='ocr_line' id='line_1_63' title="bbox 210 5056 801 5128; baseline 0 -19"><span class='ocrx_word' id='word_1_451' title='bbox 210 5058 547 5128; x_wconf 75' lang='grc' dir='ltr'>χαρίζεσθαι</span> <span class='ocrx_word' id='word_1_452' title='bbox 572 5056 801 5125; x_wconf 76' lang='grc' dir='ltr'>βέλτιον.</span> 
     </span>
    </p>
   </div>
   <div class='ocr_carea' id='block_1_64' title="bbox 288 5148 1796 5220">
    <p class='ocr_par' dir='ltr' id='par_1_64' title="bbox 288 5148 1796 5220">
     <span class='ocr_line' id='line_1_64' title="bbox 288 5148 1796 5220; baseline 0.03 -29"><span class='ocrx_word' id='word_1_453' title='bbox 288 5149 508 5210; x_wconf 81' lang='grc' dir='ltr'>Ἀλλως</span> <span class='ocrx_word' id='word_1_454' title='bbox 534 5167 593 5201; x_wconf 87' lang='grc' dir='ltr'><strong>τε</strong></span> <span class='ocrx_word' id='word_1_455' title='bbox 628 5150 720 5201; x_wconf 75' lang='grc' dir='ltr'><strong>καὶ</strong></span> <span class='ocrx_word' id='word_1_456' title='bbox 751 5148 851 5219; x_wconf 82' lang='grc' dir='ltr'>τῆς</span> <span class='ocrx_word' id='word_1_457' title='bbox 882 5149 1069 5218; x_wconf 78' lang='grc' dir='ltr'>φωνῆς</span> <span class='ocrx_word' id='word_1_458' title='bbox 1093 5148 1188 5202; x_wconf 75' lang='grc' dir='ltr'><strong>νῦν</strong></span> <span class='ocrx_word' id='word_1_459' title='bbox 1217 5149 1606 5220; x_wconf 56' lang='grc' dir='ltr'><strong>προαχθείσης,</strong></span> <span class='ocrx_word' id='word_1_460' title='bbox 1630 5150 1796 5220; x_wconf 74' lang='grc' dir='ltr'><strong>λυθῆ-</strong></span> 
     </span>
    </p>
   </div>
   <div class='ocr_carea' id='block_1_65' title="bbox 1908 2829 3489 2899">
    <p class='ocr_par' dir='ltr' id='par_1_65' title="bbox 1908 2829 3489 2899">
     <span class='ocr_line' id='line_1_65' title="bbox 1908 2829 3489 2899; baseline -0.001 -15"><span class='ocrx_word' id='word_1_461' title='bbox 1908 2829 2014 2884; x_wconf 89' lang='lat' dir='ltr'><strong>dici</strong></span> <span class='ocrx_word' id='word_1_462' title='bbox 2044 2838 2223 2898; x_wconf 88' lang='lat' dir='ltr'><strong>potest</strong></span> <span class='ocrx_word' id='word_1_463' title='bbox 2243 2829 2441 2895; x_wconf 81' lang='lat' dir='ltr'><strong>amato,</strong></span> <span class='ocrx_word' id='word_1_464' title='bbox 2472 2829 3050 2899; x_wconf 86' lang='lat' dir='ltr'><strong>incomprehensibilia</strong></span> <span class='ocrx_word' id='word_1_465' title='bbox 3076 2830 3259 2883; x_wconf 89' lang='lat' dir='ltr'><strong>omnia</strong></span> <span class='ocrx_word' id='word_1_466' title='bbox 3298 2839 3354 2883; x_wconf 87' lang='lat' dir='ltr'><strong>et</strong></span> <span class='ocrx_word' id='word_1_467' title='bbox 3387 2830 3489 2883; x_wconf 85' lang='lat' dir='ltr'><strong>im-</strong></span> 
     </span>
    </p>
   </div>
   <div class='ocr_carea' id='block_1_66' title="bbox 1906 2920 3487 2991">
    <p class='ocr_par' dir='ltr' id='par_1_66' title="bbox 1906 2920 3487 2991">
     <span class='ocr_line' id='line_1_66' title="bbox 1906 2920 3487 2991; baseline 0.001 -17"><span class='ocrx_word' id='word_1_468' title='bbox 1906 2937 2094 2975; x_wconf 90' lang='lat' dir='ltr'><strong>mensa</strong></span> <span class='ocrx_word' id='word_1_469' title='bbox 2139 2921 2545 2990; x_wconf 86' lang='lat' dir='ltr'><strong>complectenti,</strong></span> <span class='ocrx_word' id='word_1_470' title='bbox 2583 2921 2775 2991; x_wconf 84' lang='lat' dir='ltr'><strong>dignas</strong></span> <span class='ocrx_word' id='word_1_471' title='bbox 2802 2921 2994 2975; x_wconf 79' lang='lat' dir='ltr'><strong>laudes</strong></span> <span class='ocrx_word' id='word_1_472' title='bbox 3023 2920 3307 2991; x_wconf 84' lang='lat' dir='ltr'><strong>rependat.</strong></span> <span class='ocrx_word' id='word_1_473' title='bbox 3335 2922 3487 2975; x_wconf 87' lang='lat' dir='ltr'><strong>Adeo</strong></span> 
     </span>
    </p>
   </div>
   <div class='ocr_carea' id='block_1_67' title="bbox 1909 3011 3484 3081">
    <p class='ocr_par' dir='ltr' id='par_1_67' title="bbox 1909 3011 3484 3081">
     <span class='ocr_line' id='line_1_67' title="bbox 1909 3011 3484 3081; baseline 0.001 -16"><span class='ocrx_word' id='word_1_474' title='bbox 1909 3020 1967 3065; x_wconf 87' lang='lat' dir='ltr'><strong>ut</strong></span> <span class='ocrx_word' id='word_1_475' title='bbox 1990 3011 2091 3081; x_wconf 83' lang='lat' dir='ltr'><strong>ipsi</strong></span> <span class='ocrx_word' id='word_1_476' title='bbox 2119 3012 2279 3065; x_wconf 88' lang='lat' dir='ltr'><strong>unica</strong></span> <span class='ocrx_word' id='word_1_477' title='bbox 2306 3028 2408 3065; x_wconf 79' lang='lat' dir='ltr'><strong>vox</strong></span> <span class='ocrx_word' id='word_1_478' title='bbox 2441 3012 2693 3076; x_wconf 81' lang='lat' dir='ltr'><strong>sutliciat,</strong></span> <span class='ocrx_word' id='word_1_479' title='bbox 2727 3013 3007 3066; x_wconf 77' lang='lat' dir='ltr'><strong>Dominica</strong></span> <span class='ocrx_word' id='word_1_480' title='bbox 3054 3012 3267 3066; x_wconf 86' lang='lat' dir='ltr'><strong>scilicet</strong></span> <span class='ocrx_word' id='word_1_481' title='bbox 3305 3021 3359 3066; x_wconf 90' lang='lat' dir='ltr'><strong>et</strong></span> <span class='ocrx_word' id='word_1_482' title='bbox 3397 3013 3484 3066; x_wconf 88' lang='lat' dir='ltr'><strong>di-</strong></span> 
     </span>
    </p>
   </div>
   <div class='ocr_carea' id='block_1_68' title="bbox 1904 3103 3486 3174">
    <p class='ocr_par' dir='ltr' id='par_1_68' title="bbox 1904 3103 3486 3174">
     <span class='ocr_line' id='line_1_68' title="bbox 1904 3103 3486 3174; baseline 0.001 -19"><span class='ocrx_word' id='word_1_483' title='bbox 1904 3103 2051 3166; x_wconf 89' lang='lat' dir='ltr'><strong>vina,</strong></span> <span class='ocrx_word' id='word_1_484' title='bbox 2089 3119 2195 3171; x_wconf 85' lang='lat' dir='ltr'><strong>qua</strong></span> <span class='ocrx_word' id='word_1_485' title='bbox 2230 3118 2354 3156; x_wconf 86' lang='lat' dir='ltr'><strong>cum</strong></span> <span class='ocrx_word' id='word_1_486' title='bbox 2380 3120 2508 3157; x_wconf 82' lang='lat' dir='ltr'><strong>vere</strong></span> <span class='ocrx_word' id='word_1_487' title='bbox 2535 3105 2733 3173; x_wconf 88' lang='lat' dir='ltr'><strong>dignus</strong></span> <span class='ocrx_word' id='word_1_488' title='bbox 2766 3105 2857 3168; x_wconf 88' lang='lat' dir='ltr'><strong>sit,</strong></span> <span class='ocrx_word' id='word_1_489' title='bbox 2883 3104 3064 3157; x_wconf 88' lang='lat' dir='ltr'><strong>omnis</strong></span> <span class='ocrx_word' id='word_1_490' title='bbox 3089 3104 3194 3156; x_wconf 90' lang='lat' dir='ltr'><strong>alia</strong></span> <span class='ocrx_word' id='word_1_491' title='bbox 3225 3105 3346 3174; x_wconf 85' lang='lat' dir='ltr'><strong>ejus</strong></span> <span class='ocrx_word' id='word_1_492' title='bbox 3374 3120 3486 3157; x_wconf 86' lang='lat' dir='ltr'><strong>mc—</strong></span> 
     </span>
    </p>
   </div>
   <div class='ocr_carea' id='block_1_69' title="bbox 1904 3193 2669 3248">
    <p class='ocr_par' dir='ltr' id='par_1_69' title="bbox 1904 3193 2669 3248">
     <span class='ocr_line' id='line_1_69' title="bbox 1904 3193 2669 3248; baseline -0.003 -1"><span class='ocrx_word' id='word_1_493' title='bbox 1904 3195 2028 3248; x_wconf 86' lang='lat' dir='ltr'><strong>ritis</strong></span> <span class='ocrx_word' id='word_1_494' title='bbox 2050 3194 2197 3247; x_wconf 87' lang='lat' dir='ltr'><strong>cedit</strong></span> <span class='ocrx_word' id='word_1_495' title='bbox 2219 3203 2276 3247; x_wconf 89' lang='lat' dir='ltr'><strong>et</strong></span> <span class='ocrx_word' id='word_1_496' title='bbox 2304 3193 2534 3247; x_wconf 87' lang='lat' dir='ltr'><strong>inferior</strong></span> <span class='ocrx_word' id='word_1_497' title='bbox 2565 3203 2669 3247; x_wconf 88' lang='lat' dir='ltr'><strong>est.</strong></span> 
     </span>
    </p>
   </div>
   <div class='ocr_carea' id='block_1_70' title="bbox 1972 3372 3478 3442">
    <p class='ocr_par' dir='ltr' id='par_1_70' title="bbox 1972 3372 3478 3442">
     <span class='ocr_line' id='line_1_70' title="bbox 1972 3372 3478 3442; baseline -0.004 -13"><span class='ocrx_word' id='word_1_498' title='bbox 1972 3374 2339 3442; x_wconf 83' lang='lat' dir='ltr'><strong>Quamobrem</strong></span> <span class='ocrx_word' id='word_1_499' title='bbox 2373 3374 2546 3429; x_wconf 84' lang='lat' dir='ltr'><strong>satius</strong></span> <span class='ocrx_word' id='word_1_500' title='bbox 2576 3373 2711 3427; x_wconf 86' lang='lat' dir='ltr'><strong>mihi</strong></span> <span class='ocrx_word' id='word_1_501' title='bbox 2741 3372 2961 3427; x_wconf 87' lang='lat' dir='ltr'><strong>videtur</strong></span> <span class='ocrx_word' id='word_1_502' title='bbox 2981 3413 2995 3435; x_wconf 92' lang='lat'><strong>,</strong></span> <span class='ocrx_word' id='word_1_503' title='bbox 3034 3387 3212 3441; x_wconf 90' lang='lat' dir='ltr'><strong>neque</strong></span> <span class='ocrx_word' id='word_1_504' title='bbox 3246 3386 3478 3441; x_wconf 88' lang='lat' dir='ltr'><strong>parvum</strong></span> 
     </span>
    </p>
   </div>
   <div class='ocr_carea' id='block_1_71' title="bbox 1901 3462 3483 3536">
    <p class='ocr_par' dir='ltr' id='par_1_71' title="bbox 1901 3462 3483 3536">
     <span class='ocr_line' id='line_1_71' title="bbox 1901 3462 3483 3536; baseline -0.004 -16"><span class='ocrx_word' id='word_1_505' title='bbox 1901 3466 2130 3536; x_wconf 87' lang='lat' dir='ltr'><strong>aliquid,</strong></span> <span class='ocrx_word' id='word_1_506' title='bbox 2160 3481 2337 3534; x_wconf 88' lang='lat' dir='ltr'><strong>neque</strong></span> <span class='ocrx_word' id='word_1_507' title='bbox 2371 3481 2625 3533; x_wconf 83' lang='lat' dir='ltr'><strong>magnum</strong></span> <span class='ocrx_word' id='word_1_508' title='bbox 2655 3464 2721 3518; x_wconf 91' lang='lat' dir='ltr'><strong>de</strong></span> <span class='ocrx_word' id='word_1_509' title='bbox 2744 3463 3023 3534; x_wconf 87' lang='lat' dir='ltr'><strong>proposito</strong></span> <span class='ocrx_word' id='word_1_510' title='bbox 3053 3472 3376 3531; x_wconf 89' lang='lat' dir='ltr'><strong>argumento</strong></span> <span class='ocrx_word' id='word_1_511' title='bbox 3401 3462 3483 3515; x_wconf 82' lang='lat' dir='ltr'><strong>lo-</strong></span> 
     </span>
    </p>
   </div>
   <div class='ocr_carea' id='block_1_72' title="bbox 1901 3553 3483 3631">
    <p class='ocr_par' dir='ltr' id='par_1_72' title="bbox 1901 3553 3483 3631">
     <span class='ocr_line' id='line_1_72' title="bbox 1901 3553 3483 3631; baseline -0.006 -17"><span class='ocrx_word' id='word_1_512' title='bbox 1901 3560 1996 3631; x_wconf 86' lang='lat' dir='ltr'><strong>qui</strong></span> <span class='ocrx_word' id='word_1_513' title='bbox 2027 3578 2040 3613; x_wconf 90' lang='lat'><strong>:</strong></span> <span class='ocrx_word' id='word_1_514' title='bbox 2072 3566 2132 3612; x_wconf 93' lang='lat' dir='ltr'><strong>ut</strong></span> <span class='ocrx_word' id='word_1_515' title='bbox 2178 3574 2246 3611; x_wconf 87' lang='lat' dir='ltr'><strong>ne</strong></span> <span class='ocrx_word' id='word_1_516' title='bbox 2291 3556 2421 3626; x_wconf 89' lang='lat' dir='ltr'><strong>quid</strong></span> <span class='ocrx_word' id='word_1_517' title='bbox 2458 3555 2824 3625; x_wconf 89' lang='lat' dir='ltr'><strong>periculosius</strong></span> <span class='ocrx_word' id='word_1_518' title='bbox 2862 3569 3022 3625; x_wconf 83' lang='lat' dir='ltr'><strong>agere</strong></span> <span class='ocrx_word' id='word_1_519' title='bbox 3057 3553 3267 3617; x_wconf 78' lang='lat' dir='ltr'><strong>videar,</strong></span> <span class='ocrx_word' id='word_1_520' title='bbox 3318 3562 3483 3606; x_wconf 68' lang='lat' dir='ltr'><strong>tanta:</strong></span> 
     </span>
    </p>
   </div>
   <div class='ocr_carea' id='block_1_73' title="bbox 1900 3643 3482 3722">
    <p class='ocr_par' dir='ltr' id='par_1_73' title="bbox 1900 3643 3482 3722">
     <span class='ocr_line' id='line_1_73' title="bbox 1900 3643 3482 3722; baseline -0.007 -17"><span class='ocrx_word' id='word_1_521' title='bbox 1900 3650 2185 3722; x_wconf 81' lang='lat' dir='ltr'><strong>dignitatis</strong></span> <span class='ocrx_word' id='word_1_522' title='bbox 2215 3654 2538 3717; x_wconf 88' lang='lat' dir='ltr'><strong>argumento</strong></span> <span class='ocrx_word' id='word_1_523' title='bbox 2565 3660 2872 3699; x_wconf 88' lang='lat' dir='ltr'><strong>sermonem</strong></span> <span class='ocrx_word' id='word_1_524' title='bbox 2912 3660 2943 3697; x_wconf 89' lang='lat' dir='ltr'><strong>a</strong></span> <span class='ocrx_word' id='word_1_525' title='bbox 2981 3643 3190 3712; x_wconf 88' lang='lat' dir='ltr'><strong>meipso</strong></span> <span class='ocrx_word' id='word_1_526' title='bbox 3218 3643 3233 3661; x_wconf 83' lang='grc'><strong>“</strong></span> <span class='ocrx_word' id='word_1_527' title='bbox 3264 3656 3482 3696; x_wconf 87' lang='lat' dir='ltr'><strong>accom-</strong></span> 
     </span>
    </p>
   </div>
   <div class='ocr_carea' id='block_1_74' title="bbox 1900 3736 3482 3808">
    <p class='ocr_par' dir='ltr' id='par_1_74' title="bbox 1900 3736 3482 3808">
     <span class='ocr_line' id='line_1_74' title="bbox 1900 3736 3482 3808; baseline -0.008 -12"><span class='ocrx_word' id='word_1_528' title='bbox 1900 3742 2151 3803; x_wconf 88' lang='lat' dir='ltr'><strong>modans,</strong></span> <span class='ocrx_word' id='word_1_529' title='bbox 2176 3739 2270 3808; x_wconf 91' lang='lat' dir='ltr'><strong>qui</strong></span> <span class='ocrx_word' id='word_1_530' title='bbox 2301 3753 2425 3792; x_wconf 88' lang='lat' dir='ltr'><strong>cum</strong></span> <span class='ocrx_word' id='word_1_531' title='bbox 2456 3736 2659 3806; x_wconf 88' lang='lat' dir='ltr'><strong>alioqui</strong></span> <span class='ocrx_word' id='word_1_532' title='bbox 2685 3736 2757 3791; x_wconf 89' lang='lat' dir='ltr'><strong>sit</strong></span> <span class='ocrx_word' id='word_1_533' title='bbox 2791 3736 3118 3804; x_wconf 86' lang='lat' dir='ltr'><strong>incomptus,</strong></span> <span class='ocrx_word' id='word_1_534' title='bbox 3150 3748 3298 3786; x_wconf 90' lang='lat' dir='ltr'><strong>nunc</strong></span> <span class='ocrx_word' id='word_1_535' title='bbox 3332 3742 3482 3787; x_wconf 89' lang='lat' dir='ltr'><strong>certe</strong></span> 
     </span>
    </p>
   </div>
   <div class='ocr_carea' id='block_1_75' title="bbox 1899 3824 3485 3899">
    <p class='ocr_par' dir='ltr' id='par_1_75' title="bbox 1899 3824 3485 3899">
     <span class='ocr_line' id='line_1_75' title="bbox 1899 3824 3485 3899; baseline -0.009 -9"><span class='ocrx_word' id='word_1_536' title='bbox 1899 3833 2113 3891; x_wconf 83' lang='lat' dir='ltr'><strong>inutilis</strong></span> <span class='ocrx_word' id='word_1_537' title='bbox 2135 3829 2451 3895; x_wconf 86' lang='lat' dir='ltr'><strong>habebitur,</strong></span> <span class='ocrx_word' id='word_1_538' title='bbox 2474 3828 2677 3899; x_wconf 90' lang='lat' dir='ltr'><strong>quippe</strong></span> <span class='ocrx_word' id='word_1_539' title='bbox 2702 3828 2795 3897; x_wconf 90' lang='lat' dir='ltr'><strong>qui</strong></span> <span class='ocrx_word' id='word_1_540' title='bbox 2818 3826 2957 3880; x_wconf 88' lang='lat' dir='ltr'><strong>nihil</strong></span> <span class='ocrx_word' id='word_1_541' title='bbox 2991 3839 3206 3889; x_wconf 89' lang='lat' dir='ltr'><strong>eorum,</strong></span> <span class='ocrx_word' id='word_1_542' title='bbox 3231 3840 3353 3893; x_wconf 67' lang='lat' dir='ltr'><strong>qua:</strong></span> <span class='ocrx_word' id='word_1_543' title='bbox 3374 3824 3485 3877; x_wconf 87' lang='lat' dir='ltr'><strong>sint</strong></span> 
     </span>
    </p>
   </div>
   <div class='ocr_carea' id='block_1_76' title="bbox 1899 3920 2739 3994">
    <p class='ocr_par' dir='ltr' id='par_1_76' title="bbox 1899 3920 2739 3994">
     <span class='ocr_line' id='line_1_76' title="bbox 1899 3920 2739 3994; baseline -0.011 -12"><span class='ocrx_word' id='word_1_544' title='bbox 1899 3928 1957 3982; x_wconf 91' lang='lat' dir='ltr'><strong>in</strong></span> <span class='ocrx_word' id='word_1_545' title='bbox 1980 3926 2211 3988; x_wconf 84' lang='lat' dir='ltr'><strong>Joanne,</strong></span> <span class='ocrx_word' id='word_1_546' title='bbox 2240 3922 2413 3994; x_wconf 89' lang='lat' dir='ltr'><strong>possit</strong></span> <span class='ocrx_word' id='word_1_547' title='bbox 2445 3920 2739 3990; x_wconf 81' lang='lat' dir='ltr'><strong>explicare.</strong></span> 
     </span>
    </p>
   </div>
   <div class='ocr_carea' id='block_1_77' title="bbox 1970 4032 3480 4105">
    <p class='ocr_par' dir='ltr' id='par_1_77' title="bbox 1970 4032 3480 4105">
     <span class='ocr_line' id='line_1_77' title="bbox 1970 4032 3480 4105; baseline -0.004 -14"><span class='ocrx_word' id='word_1_548' title='bbox 1970 4037 2105 4092; x_wconf 85' lang='lat' dir='ltr'><strong>Mihi</strong></span> <span class='ocrx_word' id='word_1_549' title='bbox 2149 4035 2371 4105; x_wconf 89' lang='lat' dir='ltr'><strong>quidem</strong></span> <span class='ocrx_word' id='word_1_550' title='bbox 2417 4043 2709 4105; x_wconf 86' lang='lat' dir='ltr'><strong>propterea</strong></span> <span class='ocrx_word' id='word_1_551' title='bbox 2755 4033 2917 4088; x_wconf 86' lang='lat' dir='ltr'><strong>silere</strong></span> <span class='ocrx_word' id='word_1_552' title='bbox 2964 4033 3148 4102; x_wconf 89' lang='lat' dir='ltr'><strong>potius</strong></span> <span class='ocrx_word' id='word_1_553' title='bbox 3187 4041 3245 4088; x_wconf 94' lang='lat' dir='ltr'><strong>et</strong></span> <span class='ocrx_word' id='word_1_554' title='bbox 3292 4032 3480 4087; x_wconf 89' lang='lat' dir='ltr'><strong>utilius</strong></span> 
     </span>
    </p>
   </div>
   <div class='ocr_carea' id='block_1_78' title="bbox 1897 4127 3479 4204">
    <p class='ocr_par' dir='ltr' id='par_1_78' title="bbox 1897 4127 3479 4204">
     <span class='ocr_line' id='line_1_78' title="bbox 1897 4127 3479 4204; baseline -0.007 -14"><span class='ocrx_word' id='word_1_555' title='bbox 1897 4145 2002 4199; x_wconf 89' lang='lat' dir='ltr'><strong>est,</strong></span> <span class='ocrx_word' id='word_1_556' title='bbox 2029 4148 2192 4204; x_wconf 88' lang='lat' dir='ltr'><strong>quam</strong></span> <span class='ocrx_word' id='word_1_557' title='bbox 2215 4132 2365 4201; x_wconf 88' lang='lat' dir='ltr'><strong>loqui</strong></span> <span class='ocrx_word' id='word_1_558' title='bbox 2397 4150 2408 4184; x_wconf 91' lang='lat'>:</span> <span class='ocrx_word' id='word_1_559' title='bbox 2432 4146 2646 4194; x_wconf 88' lang='lat' dir='ltr'><strong>verum,</strong></span> <span class='ocrx_word' id='word_1_560' title='bbox 2666 4145 2791 4184; x_wconf 91' lang='lat' dir='ltr'><strong>cum</strong></span> <span class='ocrx_word' id='word_1_561' title='bbox 2815 4129 3019 4184; x_wconf 89' lang='lat' dir='ltr'><strong>multos</strong></span> <span class='ocrx_word' id='word_1_562' title='bbox 3036 4128 3249 4182; x_wconf 88' lang='lat' dir='ltr'><strong>videam</strong></span> <span class='ocrx_word' id='word_1_563' title='bbox 3278 4127 3329 4181; x_wconf 91' lang='lat' dir='ltr'><strong>id</strong></span> <span class='ocrx_word' id='word_1_564' title='bbox 3360 4142 3479 4179; x_wconf 86' lang='lat' dir='ltr'><strong>mo—</strong></span> 
     </span>
    </p>
   </div>
   <div class='ocr_carea' id='block_1_79' title="bbox 1897 4220 3478 4292">
    <p class='ocr_par' dir='ltr' id='par_1_79' title="bbox 1897 4220 3478 4292">
     <span class='ocr_line' id='line_1_79' title="bbox 1897 4220 3478 4292; baseline -0.006 -10"><span class='ocrx_word' id='word_1_565' title='bbox 1897 4228 2035 4283; x_wconf 88' lang='lat' dir='ltr'><strong>leste</strong></span> <span class='ocrx_word' id='word_1_566' title='bbox 2063 4226 2231 4289; x_wconf 88' lang='lat' dir='ltr'><strong>ferre,</strong></span> <span class='ocrx_word' id='word_1_567' title='bbox 2262 4234 2319 4281; x_wconf 90' lang='lat' dir='ltr'><strong>et</strong></span> <span class='ocrx_word' id='word_1_568' title='bbox 2350 4226 2651 4281; x_wconf 86' lang='lat' dir='ltr'><strong>orationem</strong></span> <span class='ocrx_word' id='word_1_569' title='bbox 2688 4234 2963 4292; x_wconf 83' lang='lat' dir='ltr'><strong>expetere,</strong></span> <span class='ocrx_word' id='word_1_570' title='bbox 3002 4222 3105 4275; x_wconf 90' lang='lat' dir='ltr'><strong>hac</strong></span> <span class='ocrx_word' id='word_1_571' title='bbox 3134 4220 3478 4291; x_wconf 87' lang='lat' dir='ltr'><strong>potissimum</strong></span> 
     </span>
    </p>
   </div>
   <div class='ocr_carea' id='block_1_80' title="bbox 1898 4312 3478 4385">
    <p class='ocr_par' dir='ltr' id='par_1_80' title="bbox 1898 4312 3478 4385">
     <span class='ocr_line' id='line_1_80' title="bbox 1898 4312 3478 4385; baseline -0.006 -12"><span class='ocrx_word' id='word_1_572' title='bbox 1898 4318 2276 4373; x_wconf 87' lang='lat' dir='ltr'><strong>natalitiorum</strong></span> <span class='ocrx_word' id='word_1_573' title='bbox 2301 4316 2412 4381; x_wconf 90' lang='lat' dir='ltr'><strong>die,</strong></span> <span class='ocrx_word' id='word_1_574' title='bbox 2450 4332 2571 4385; x_wconf 74' lang='lat' dir='ltr'><strong>qua:</strong></span> <span class='ocrx_word' id='word_1_575' title='bbox 2607 4315 2871 4384; x_wconf 89' lang='lat' dir='ltr'><strong>majorem</strong></span> <span class='ocrx_word' id='word_1_576' title='bbox 2907 4312 3037 4367; x_wconf 90' lang='lat' dir='ltr'><strong>fecit</strong></span> <span class='ocrx_word' id='word_1_577' title='bbox 3074 4312 3223 4367; x_wconf 86' lang='lat' dir='ltr'><strong>hunc</strong></span> <span class='ocrx_word' id='word_1_578' title='bbox 3252 4326 3478 4365; x_wconf 86' lang='lat' dir='ltr'><strong>conses-</strong></span> 
     </span>
    </p>
   </div>
   <div class='ocr_carea' id='block_1_81' title="bbox 1898 4402 3478 4476">
    <p class='ocr_par' dir='ltr' id='par_1_81' title="bbox 1898 4402 3478 4476">
     <span class='ocr_line' id='line_1_81' title="bbox 1898 4402 3478 4476; baseline -0.006 -11"><span class='ocrx_word' id='word_1_579' title='bbox 1898 4426 2041 4474; x_wconf 89' lang='lat' dir='ltr'><strong>sum,</strong></span> <span class='ocrx_word' id='word_1_580' title='bbox 2105 4410 2339 4465; x_wconf 82' lang='lat' dir='ltr'><strong>maxime</strong></span> <span class='ocrx_word' id='word_1_581' title='bbox 2389 4424 2515 4463; x_wconf 90' lang='lat' dir='ltr'><strong>cum</strong></span> <span class='ocrx_word' id='word_1_582' title='bbox 2562 4406 2737 4476; x_wconf 87' lang='lat' dir='ltr'><strong>parati</strong></span> <span class='ocrx_word' id='word_1_583' title='bbox 2778 4405 2845 4461; x_wconf 89' lang='lat' dir='ltr'><strong>ad</strong></span> <span class='ocrx_word' id='word_1_584' title='bbox 2896 4405 3234 4460; x_wconf 87' lang='lat' dir='ltr'><strong>audiendum</strong></span> <span class='ocrx_word' id='word_1_585' title='bbox 3276 4402 3478 4473; x_wconf 82' lang='lat' dir='ltr'><strong>singuli</strong></span> 
     </span>
    </p>
   </div>
   <div class='ocr_carea' id='block_1_82' title="bbox 1897 4494 3480 4570">
    <p class='ocr_par' dir='ltr' id='par_1_82' title="bbox 1897 4494 3480 4570">
     <span class='ocr_line' id='line_1_82' title="bbox 1897 4494 3480 4570; baseline -0.006 -14"><span class='ocrx_word' id='word_1_586' title='bbox 1897 4502 2279 4566; x_wconf 76' lang='lat' dir='ltr'><strong>convenerint,</strong></span> <span class='ocrx_word' id='word_1_587' title='bbox 2326 4500 2423 4570; x_wconf 90' lang='lat' dir='ltr'><strong>qui</strong></span> <span class='ocrx_word' id='word_1_588' title='bbox 2458 4512 2931 4568; x_wconf 86' lang='lat' dir='ltr'><strong>supervacaneum</strong></span> <span class='ocrx_word' id='word_1_589' title='bbox 2986 4494 3392 4565; x_wconf 89' lang='lat' dir='ltr'><strong>quodammodo</strong></span> <span class='ocrx_word' id='word_1_590' title='bbox 3423 4501 3480 4547; x_wconf 93' lang='lat' dir='ltr'><strong>et</strong></span> 
     </span>
    </p>
   </div>
   <div class='ocr_carea' id='block_1_83' title="bbox 1898 4585 3478 4662">
    <p class='ocr_par' dir='ltr' id='par_1_83' title="bbox 1898 4585 3478 4662">
     <span class='ocr_line' id='line_1_83' title="bbox 1898 4585 3478 4662; baseline -0.005 -15"><span class='ocrx_word' id='word_1_591' title='bbox 1898 4592 2345 4662; x_wconf 88' lang='lat' dir='ltr'><strong>intempestivum</strong></span> <span class='ocrx_word' id='word_1_592' title='bbox 2401 4599 2651 4645; x_wconf 89' lang='lat' dir='ltr'><strong>nostrum</strong></span> <span class='ocrx_word' id='word_1_593' title='bbox 2703 4587 2993 4644; x_wconf 87' lang='lat' dir='ltr'><strong>consilium</strong></span> <span class='ocrx_word' id='word_1_594' title='bbox 3036 4586 3161 4649; x_wconf 85' lang='lat' dir='ltr'><strong>rati,</strong></span> <span class='ocrx_word' id='word_1_595' title='bbox 3205 4585 3258 4639; x_wconf 90' lang='lat' dir='ltr'><strong>id</strong></span> <span class='ocrx_word' id='word_1_596' title='bbox 3314 4585 3478 4640; x_wconf 86' lang='lat' dir='ltr'><strong>nobis</strong></span> 
     </span>
    </p>
   </div>
   <div class='ocr_carea' id='block_1_84' title="bbox 1896 4676 3476 4753">
    <p class='ocr_par' dir='ltr' id='par_1_84' title="bbox 1896 4676 3476 4753">
     <span class='ocr_line' id='line_1_84' title="bbox 1896 4676 3476 4753; baseline -0.004 -17"><span class='ocrx_word' id='word_1_597' title='bbox 1896 4684 2102 4753; x_wconf 90' lang='lat' dir='ltr'><strong>probro</strong></span> <span class='ocrx_word' id='word_1_598' title='bbox 2134 4691 2445 4747; x_wconf 83' lang='lat' dir='ltr'><strong>verterent;</strong></span> <span class='ocrx_word' id='word_1_599' title='bbox 2477 4682 2557 4736; x_wconf 90' lang='lat' dir='ltr'><strong>sic</strong></span> <span class='ocrx_word' id='word_1_600' title='bbox 2584 4695 2782 4736; x_wconf 89' lang='lat' dir='ltr'><strong>censeo</strong></span> <span class='ocrx_word' id='word_1_601' title='bbox 2810 4678 3135 4733; x_wconf 87' lang='lat' dir='ltr'><strong>solvendum</strong></span> <span class='ocrx_word' id='word_1_602' title='bbox 3165 4692 3286 4732; x_wconf 88' lang='lat' dir='ltr'><strong>esse</strong></span> <span class='ocrx_word' id='word_1_603' title='bbox 3317 4676 3476 4741; x_wconf 87' lang='lat' dir='ltr'><strong>mihi,</strong></span> 
     </span>
    </p>
   </div>
   <div class='ocr_carea' id='block_1_85' title="bbox 1900 4767 3476 4843">
    <p class='ocr_par' dir='ltr' id='par_1_85' title="bbox 1900 4767 3476 4843">
     <span class='ocr_line' id='line_1_85' title="bbox 1900 4767 3476 4843; baseline -0.004 -17"><span class='ocrx_word' id='word_1_604' title='bbox 1900 4774 1987 4827; x_wconf 85' lang='lat' dir='ltr'><strong>vel</strong></span> <span class='ocrx_word' id='word_1_605' title='bbox 2038 4783 2239 4843; x_wconf 52' lang='lat' dir='ltr'><strong>praeter</strong></span> <span class='ocrx_word' id='word_1_606' title='bbox 2304 4774 2642 4843; x_wconf 89' lang='lat' dir='ltr'><strong>opinionem,</strong></span> <span class='ocrx_word' id='word_1_607' title='bbox 2693 4770 2998 4836; x_wconf 90' lang='lat' dir='ltr'><strong>silentium,</strong></span> <span class='ocrx_word' id='word_1_608' title='bbox 3047 4777 3104 4824; x_wconf 90' lang='lat' dir='ltr'><strong>et</strong></span> <span class='ocrx_word' id='word_1_609' title='bbox 3146 4767 3476 4831; x_wconf 89' lang='lat' dir='ltr'><strong>orationem,</strong></span> 
     </span>
    </p>
   </div>
   <div class='ocr_carea' id='block_1_86' title="bbox 1899 4860 3477 4935">
    <p class='ocr_par' dir='ltr' id='par_1_86' title="bbox 1899 4860 3477 4935">
     <span class='ocr_line' id='line_1_86' title="bbox 1899 4860 3477 4935; baseline -0.004 -16"><span class='ocrx_word' id='word_1_610' title='bbox 1899 4866 2031 4920; x_wconf 91' lang='lat' dir='ltr'><strong>licet</strong></span> <span class='ocrx_word' id='word_1_611' title='bbox 2069 4866 2332 4935; x_wconf 88' lang='lat' dir='ltr'><strong>ineptam,</strong></span> <span class='ocrx_word' id='word_1_612' title='bbox 2387 4865 2454 4920; x_wconf 90' lang='lat' dir='ltr'><strong>ad</strong></span> <span class='ocrx_word' id='word_1_613' title='bbox 2497 4880 2592 4919; x_wconf 91' lang='lat' dir='ltr'><strong>eos</strong></span> <span class='ocrx_word' id='word_1_614' title='bbox 2619 4864 2713 4935; x_wconf 88' lang='lat' dir='ltr'><strong>qui</strong></span> <span class='ocrx_word' id='word_1_615' title='bbox 2750 4864 2996 4933; x_wconf 81' lang='lat' dir='ltr'><strong>exigunt,</strong></span> <span class='ocrx_word' id='word_1_616' title='bbox 3032 4860 3362 4923; x_wconf 87' lang='lat' dir='ltr'><strong>habendam,</strong></span> <span class='ocrx_word' id='word_1_617' title='bbox 3406 4874 3477 4913; x_wconf 90' lang='lat' dir='ltr'><strong>ne</strong></span> 
     </span>
    </p>
   </div>
   <div class='ocr_carea' id='block_1_87' title="bbox 1901 4954 3266 5027">
    <p class='ocr_par' dir='ltr' id='par_1_87' title="bbox 1901 4954 3266 5027">
     <span class='ocr_line' id='line_1_87' title="bbox 1901 4954 3266 5027; baseline -0.004 -15"><span class='ocrx_word' id='word_1_618' title='bbox 1901 4957 2093 5012; x_wconf 87' lang='lat' dir='ltr'><strong>videar</strong></span> <span class='ocrx_word' id='word_1_619' title='bbox 2130 4958 2431 5022; x_wconf 84' lang='lat' dir='ltr'><strong>oll&#39;endcre,</strong></span> <span class='ocrx_word' id='word_1_620' title='bbox 2469 4957 2672 5027; x_wconf 91' lang='lat' dir='ltr'><strong>quibus</strong></span> <span class='ocrx_word' id='word_1_621' title='bbox 2701 4964 2922 5025; x_wconf 62' lang='lat' dir='ltr'><strong>praestat</strong></span> <span class='ocrx_word' id='word_1_622' title='bbox 2949 4954 3266 5026; x_wconf 83' lang='lat' dir='ltr'><strong>gratificari.</strong></span> 
     </span>
    </p>
   </div>
   <div class='ocr_carea' id='block_1_88' title="bbox 1970 5156 3479 5227">
    <p class='ocr_par' dir='ltr' id='par_1_88' title="bbox 1970 5156 3479 5227">
     <span class='ocr_line' id='line_1_88' title="bbox 1970 5156 3479 5227; baseline -0.001 -13"><span class='ocrx_word' id='word_1_623' title='bbox 1970 5160 2038 5214; x_wconf 86' lang='lat' dir='ltr'><strong>Et</strong></span> <span class='ocrx_word' id='word_1_624' title='bbox 2071 5175 2205 5214; x_wconf 90' lang='lat' dir='ltr'><strong>vero</strong></span> <span class='ocrx_word' id='word_1_625' title='bbox 2248 5175 2374 5213; x_wconf 90' lang='lat' dir='ltr'><strong>cum</strong></span> <span class='ocrx_word' id='word_1_626' title='bbox 2420 5174 2525 5213; x_wconf 79' lang='lat' dir='ltr'><strong>vox</strong></span> <span class='ocrx_word' id='word_1_627' title='bbox 2571 5157 2929 5227; x_wconf 63' lang='lat' dir='ltr'><strong>praecesserit,</strong></span> <span class='ocrx_word' id='word_1_628' title='bbox 2982 5156 3222 5225; x_wconf 88' lang='lat' dir='ltr'><strong>oportuit</strong></span> <span class='ocrx_word' id='word_1_629' title='bbox 3260 5172 3479 5227; x_wconf 86' lang='lat' dir='ltr'><strong>quoque</strong></span> 
     </span>
    </p>
   </div>
   <div class='ocr_carea' id='block_1_89' title="bbox 209 5241 1800 5318">
    <p class='ocr_par' dir='ltr' id='par_1_89' title="bbox 209 5241 1797 5317">
     <span class='ocr_line' id='line_1_89' title="bbox 209 5241 1797 5317; baseline 0.002 -21"><span class='ocrx_word' id='word_1_630' title='bbox 209 5259 303 5296; x_wconf 77' lang='grc' dir='ltr'><strong>ναι</strong></span> <span class='ocrx_word' id='word_1_631' title='bbox 326 5241 475 5312; x_wconf 73' lang='grc' dir='ltr'>τάχα</span> <span class='ocrx_word' id='word_1_632' title='bbox 510 5243 604 5294; x_wconf 75' lang='grc' dir='ltr'>καὶ</span> <span class='ocrx_word' id='word_1_633' title='bbox 623 5242 721 5313; x_wconf 82' lang='grc' dir='ltr'>τὴν</span> <span class='ocrx_word' id='word_1_634' title='bbox 760 5243 1035 5313; x_wconf 81' lang='grc' dir='ltr'>ἡμετέραν</span> <span class='ocrx_word' id='word_1_635' title='bbox 1062 5243 1231 5313; x_wconf 79' lang='grc' dir='ltr'>ἐχρῆν</span> <span class='ocrx_word' id='word_1_636' title='bbox 1264 5244 1356 5295; x_wconf 67' lang='grc' dir='ltr'>ἐπὶ</span> <span class='ocrx_word' id='word_1_637' title='bbox 1404 5245 1578 5317; x_wconf 79' lang='grc' dir='ltr'>τούτῳ</span> <span class='ocrx_word' id='word_1_638' title='bbox 1614 5247 1797 5317; x_wconf 73' lang='grc' dir='ltr'>φωνὴν</span> 
     </span>
    </p>
   </div>
   <div class='ocr_carea' id='block_1_90' title="bbox 1902 5241 3477 5318">
    <p class='ocr_par' dir='ltr' id='par_1_90' title="bbox 1902 5246 3477 5318">
     <span class='ocr_line' id='line_1_90' title="bbox 1902 5246 3477 5318; baseline 0.001 -16"><span class='ocrx_word' id='word_1_639' title='bbox 1902 5264 2090 5302; x_wconf 89' lang='lat' dir='ltr'><strong>vocem</strong></span> <span class='ocrx_word' id='word_1_640' title='bbox 2121 5257 2363 5303; x_wconf 88' lang='lat' dir='ltr'><strong>nostram</strong></span> <span class='ocrx_word' id='word_1_641' title='bbox 2403 5248 2559 5302; x_wconf 90' lang='lat' dir='ltr'><strong>ocius</strong></span> <span class='ocrx_word' id='word_1_642' title='bbox 2586 5247 2745 5310; x_wconf 91' lang='lat' dir='ltr'><strong>solvi,</strong></span> <span class='ocrx_word' id='word_1_643' title='bbox 2788 5263 2909 5316; x_wconf 69' lang='lat' dir='ltr'><strong>qua:</strong></span> <span class='ocrx_word' id='word_1_644' title='bbox 2941 5246 3189 5301; x_wconf 85' lang='lat' dir='ltr'><strong>laudaret</strong></span> <span class='ocrx_word' id='word_1_645' title='bbox 3221 5248 3341 5318; x_wconf 89' lang='lat' dir='ltr'><strong>ejus</strong></span> <span class='ocrx_word' id='word_1_646' title='bbox 3378 5265 3477 5303; x_wconf 78' lang='lat' dir='ltr'><strong>na-</strong></span> 
     </span>
    </p>
   </div>
   <div class='ocr_carea' id='block_1_91' title="bbox 209 5333 1800 5408">
    <p class='ocr_par' dir='ltr' id='par_1_91' title="bbox 209 5333 1800 5408">
     <span class='ocr_line' id='line_1_91' title="bbox 209 5333 1800 5408; baseline 0.004 -21"><span class='ocrx_word' id='word_1_647' title='bbox 209 5334 454 5406; x_wconf 78' lang='grc' dir='ltr'>ᾅόουσάν</span> <span class='ocrx_word' id='word_1_648' title='bbox 477 5350 534 5385; x_wconf 84' lang='grc' dir='ltr'><strong>τε</strong></span> <span class='ocrx_word' id='word_1_649' title='bbox 558 5333 722 5385; x_wconf 81' lang='grc' dir='ltr'>αὑτοῦ</span> <span class='ocrx_word' id='word_1_650' title='bbox 752 5334 817 5387; x_wconf 81' lang='grc' dir='ltr'>τὰ</span> <span class='ocrx_word' id='word_1_651' title='bbox 844 5334 1115 5401; x_wconf 75' lang='grc' dir='ltr'>γενέθλια,</span> <span class='ocrx_word' id='word_1_652' title='bbox 1134 5336 1230 5388; x_wconf 74' lang='grc' dir='ltr'><strong>καὶ</strong></span> <span class='ocrx_word' id='word_1_653' title='bbox 1260 5336 1358 5404; x_wconf 79' lang='grc' dir='ltr'>τὴν</span> <span class='ocrx_word' id='word_1_654' title='bbox 1387 5337 1640 5408; x_wconf 72' lang='grc' dir='ltr'>ὑπερφυᾶ</span> <span class='ocrx_word' id='word_1_655' title='bbox 1670 5357 1800 5393; x_wconf 76' lang='grc' dir='ltr'>κατ-</span> 
     </span>
    </p>
   </div>
   <div class='ocr_carea' id='block_1_92' title="bbox 1902 5333 3477 5408">
    <p class='ocr_par' dir='ltr' id='par_1_92' title="bbox 1902 5336 3477 5407">
     <span class='ocr_line' id='line_1_92' title="bbox 1902 5336 3477 5407; baseline 0 -16"><span class='ocrx_word' id='word_1_656' title='bbox 1902 5339 2096 5401; x_wconf 89' lang='lat' dir='ltr'><strong>talitia,</strong></span> <span class='ocrx_word' id='word_1_657' title='bbox 2122 5348 2179 5393; x_wconf 89' lang='lat' dir='ltr'><strong>et</strong></span> <span class='ocrx_word' id='word_1_658' title='bbox 2211 5348 2420 5393; x_wconf 61' lang='lat' dir='ltr'><strong>natura-</strong></span> <span class='ocrx_word' id='word_1_659' title='bbox 2445 5338 2607 5391; x_wconf 90' lang='lat' dir='ltr'><strong>modo</strong></span> <span class='ocrx_word' id='word_1_660' title='bbox 2636 5336 2976 5405; x_wconf 79' lang='lat' dir='ltr'><strong>superiorem</strong></span> <span class='ocrx_word' id='word_1_661' title='bbox 3012 5337 3307 5392; x_wconf 89' lang='lat' dir='ltr'><strong>adventum</strong></span> <span class='ocrx_word' id='word_1_662' title='bbox 3338 5353 3477 5407; x_wconf 77' lang='lat' dir='ltr'><strong>pra:-</strong></span> 
     </span>
    </p>
   </div>
   <div class='ocr_carea' id='block_1_93' title="bbox 210 5426 1800 5501">
    <p class='ocr_par' dir='ltr' id='par_1_93' title="bbox 210 5426 1800 5501">
     <span class='ocr_line' id='line_1_93' title="bbox 210 5426 1800 5501; baseline 0.001 -18"><span class='ocrx_word' id='word_1_663' title='bbox 210 5426 594 5495; x_wconf 77' lang='grc' dir='ltr'>αγγέλλουσαν</span> <span class='ocrx_word' id='word_1_664' title='bbox 635 5426 881 5496; x_wconf 79' lang='grc' dir='ltr'>πρόοδον.</span> <span class='ocrx_word' id='word_1_665' title='bbox 937 5427 1146 5480; x_wconf 80' lang='grc' dir='ltr'>Οὐκοῦν</span> <span class='ocrx_word' id='word_1_666' title='bbox 1183 5428 1274 5481; x_wconf 82' lang='grc' dir='ltr'>διὰ</span> <span class='ocrx_word' id='word_1_667' title='bbox 1324 5429 1496 5482; x_wconf 79' lang='grc' dir='ltr'>πάντα</span> <span class='ocrx_word' id='word_1_668' title='bbox 1537 5432 1630 5482; x_wconf 74' lang='grc' dir='ltr'><strong>καὶ</strong></span> <span class='ocrx_word' id='word_1_669' title='bbox 1668 5450 1800 5501; x_wconf 87' lang='grc' dir='ltr'>συγ-</span> 
     </span>
    </p>
   </div>
   <div class='ocr_carea' id='block_1_94' title="bbox 1902 5426 3479 5501">
    <p class='ocr_par' dir='ltr' id='par_1_94' title="bbox 1907 5428 3479 5498">
     <span class='ocr_line' id='line_1_94' title="bbox 1907 5428 3479 5498; baseline -0.001 -13"><span class='ocrx_word' id='word_1_670' title='bbox 1907 5432 2141 5485; x_wconf 88' lang='lat' dir='ltr'><strong>dicaret.</strong></span> <span class='ocrx_word' id='word_1_671' title='bbox 2181 5431 2299 5484; x_wconf 88' lang='lat' dir='ltr'><strong>Erit</strong></span> <span class='ocrx_word' id='word_1_672' title='bbox 2345 5430 2529 5498; x_wconf 88' lang='lat' dir='ltr'><strong>itaque</strong></span> <span class='ocrx_word' id='word_1_673' title='bbox 2570 5428 2700 5482; x_wconf 89' lang='lat' dir='ltr'><strong>huic</strong></span> <span class='ocrx_word' id='word_1_674' title='bbox 2745 5429 2983 5483; x_wconf 84' lang='lat' dir='ltr'><strong>sermoni</strong></span> <span class='ocrx_word' id='word_1_675' title='bbox 3023 5430 3283 5495; x_wconf 85' lang='lat' dir='ltr'><strong>nonnulla</strong></span> <span class='ocrx_word' id='word_1_676' title='bbox 3320 5430 3479 5483; x_wconf 87' lang='lat' dir='ltr'><strong>venia</strong></span> 
     </span>
    </p>
   </div>
   <div class='ocr_carea' id='block_1_95' title="bbox 266 5604 3481 5679">
    <p class='ocr_par' dir='ltr' id='par_1_95' title="bbox 266 5604 3481 5679">
     <span class='ocr_line' id='line_1_95' title="bbox 266 5604 3481 5679; baseline 0.003 -21"><span class='ocrx_word' id='word_1_677' title='bbox 266 5606 312 5679; x_wconf 56' lang='lat' dir='ltr'><strong>f’</strong></span> <span class='ocrx_word' id='word_1_678' title='bbox 345 5604 702 5679; x_wconf 80' lang='lat' dir='ltr'><strong>Theodoreto</strong></span> <span class='ocrx_word' id='word_1_679' title='bbox 740 5609 1099 5679; x_wconf 90' lang='lat' dir='ltr'><strong>quidemhoc</strong></span> <span class='ocrx_word' id='word_1_680' title='bbox 1127 5610 1438 5664; x_wconf 90' lang='lat' dir='ltr'><strong>encomium</strong></span> <span class='ocrx_word' id='word_1_681' title='bbox 1487 5610 1751 5664; x_wconf 89' lang='lat' dir='ltr'><strong>tribuitur</strong></span> <span class='ocrx_word' id='word_1_682' title='bbox 1787 5611 1839 5662; x_wconf 91' lang='lat' dir='ltr'><strong>in</strong></span> <span class='ocrx_word' id='word_1_683' title='bbox 1888 5610 2009 5663; x_wconf 89' lang='lat' dir='ltr'><strong>cod.</strong></span> <span class='ocrx_word' id='word_1_684' title='bbox 2044 5610 2217 5663; x_wconf 76' lang='lat' dir='ltr'><strong>Vatir.</strong></span> <span class='ocrx_word' id='word_1_685' title='bbox 2249 5610 2417 5675; x_wconf 68' lang='grc'>1074,</span> <span class='ocrx_word' id='word_1_686' title='bbox 2447 5622 2581 5667; x_wconf 79' lang='lat' dir='ltr'><strong>teste</strong></span> <span class='ocrx_word' id='word_1_687' title='bbox 2621 5614 2852 5679; x_wconf 87' lang='lat' dir='ltr'><strong>Allatio,</strong></span> <span class='ocrx_word' id='word_1_688' title='bbox 2890 5614 3011 5668; x_wconf 80' lang='lat' dir='ltr'><strong>aliis</strong></span> <span class='ocrx_word' id='word_1_689' title='bbox 3053 5624 3232 5668; x_wconf 80' lang='lat' dir='ltr'><strong>autem</strong></span> <span class='ocrx_word' id='word_1_690' title='bbox 3262 5614 3481 5667; x_wconf 87' lang='lat' dir='ltr'><strong>videtur</strong></span> 
     </span>
    </p>
   </div>
   <div class='ocr_carea' id='block_1_96' title="bbox 214 5674 3477 5754">
    <p class='ocr_par' dir='ltr' id='par_1_96' title="bbox 214 5674 3477 5754">
     <span class='ocr_line' id='line_1_96' title="bbox 214 5674 3477 5754; baseline 0.002 -24"><span class='ocrx_word' id='word_1_691' title='bbox 214 5674 518 5754; x_wconf 56' lang='lat' dir='ltr'><strong>Theodoro</strong></span> <span class='ocrx_word' id='word_1_692' title='bbox 562 5674 927 5754; x_wconf 74' lang='lat' dir='ltr'><strong>Daphnopatae</strong></span> <span class='ocrx_word' id='word_1_693' title='bbox 972 5678 1103 5754; x_wconf 81' lang='lat' dir='ltr'><strong>illud</strong></span> <span class='ocrx_word' id='word_1_694' title='bbox 1138 5680 1528 5754; x_wconf 79' lang='lat' dir='ltr'><strong>vindicandum</strong></span> <span class='ocrx_word' id='word_1_695' title='bbox 1565 5696 1709 5754; x_wconf 71' lang='lat' dir='ltr'><strong>esse.</strong></span> <span class='ocrx_word' id='word_1_696' title='bbox 1749 5680 1883 5754; x_wconf 59' lang='lat' dir='ltr'><strong>Vide</strong></span> <span class='ocrx_word' id='word_1_697' title='bbox 1914 5681 2125 5754; x_wconf 65' lang='lat' dir='ltr'><strong>Fabric.</strong></span> <span class='ocrx_word' id='word_1_698' title='bbox 2165 5680 2299 5754; x_wconf 68' lang='grc' dir='ltr'><strong>Βίρί.</strong></span> <span class='ocrx_word' id='word_1_699' title='bbox 2343 5674 2433 5737; x_wconf 68' lang='lat' dir='ltr'><strong>cr.</strong></span> <span class='ocrx_word' id='word_1_700' title='bbox 2486 5685 2593 5738; x_wconf 87' lang='lat' dir='ltr'><strong>vol.</strong></span> <span class='ocrx_word' id='word_1_701' title='bbox 2630 5686 2717 5746; x_wconf 84' lang='lat' dir='ltr'><strong>Vl,</strong></span> <span class='ocrx_word' id='word_1_702' title='bbox 2752 5701 2803 5753; x_wconf 88' lang='lat' dir='ltr'><strong>p.</strong></span> <span class='ocrx_word' id='word_1_703' title='bbox 2842 5674 2992 5745; x_wconf 28' lang='lat'><strong>.557;</strong></span> <span class='ocrx_word' id='word_1_704' title='bbox 3025 5694 3079 5737; x_wconf 88' lang='lat' dir='ltr'><strong>et</strong></span> <span class='ocrx_word' id='word_1_705' title='bbox 3118 5686 3232 5746; x_wconf 74' lang='lat' dir='ltr'><strong>VII,</strong></span> <span class='ocrx_word' id='word_1_706' title='bbox 3267 5702 3319 5754; x_wconf 88' lang='lat' dir='ltr'><strong>p.</strong></span> <span class='ocrx_word' id='word_1_707' title='bbox 3352 5684 3477 5737; x_wconf 69' lang='lat'><strong>440.</strong></span> 
     </span>
    </p>
   </div>
   <div class='ocr_carea' id='block_1_97' title="bbox 212 5744 3479 5821">
    <p class='ocr_par' dir='ltr' id='par_1_97' title="bbox 212 5744 3479 5821">
     <span class='ocr_line' id='line_1_97' title="bbox 212 5744 3479 5821; baseline 0.003 -22"><span class='ocrx_word' id='word_1_708' title='bbox 212 5744 396 5821; x_wconf 85' lang='lat' dir='ltr'><strong>lde_m_</strong></span> <span class='ocrx_word' id='word_1_709' title='bbox 417 5744 731 5802; x_wconf 73' lang='lat' dir='ltr'><strong>encomium</strong></span> <span class='ocrx_word' id='word_1_710' title='bbox 778 5744 956 5803; x_wconf 74' lang='lat' dir='ltr'><strong>exstat</strong></span> <span class='ocrx_word' id='word_1_711' title='bbox 988 5752 1044 5803; x_wconf 91' lang='lat' dir='ltr'><strong>in</strong></span> <span class='ocrx_word' id='word_1_712' title='bbox 1075 5751 1263 5805; x_wconf 88' lang='lat' dir='ltr'><strong>codice</strong></span> <span class='ocrx_word' id='word_1_713' title='bbox 1294 5752 1531 5820; x_wconf 87' lang='lat' dir='ltr'><strong>quodam</strong></span> <span class='ocrx_word' id='word_1_714' title='bbox 1564 5751 1915 5805; x_wconf 56' lang='lat' dir='ltr'><strong>Bibliotheca}</strong></span> <span class='ocrx_word' id='word_1_715' title='bbox 1946 5750 2199 5804; x_wconf 62' lang='lat' dir='ltr'><strong>Medicae</strong></span> <span class='ocrx_word' id='word_1_716' title='bbox 2226 5752 2511 5810; x_wconf 82' lang='lat' dir='ltr'><strong>Lament..</strong></span> <span class='ocrx_word' id='word_1_717' title='bbox 2554 5755 2647 5809; x_wconf 87' lang='lat' dir='ltr'><strong>ubi</strong></span> <span class='ocrx_word' id='word_1_718' title='bbox 2678 5744 2919 5809; x_wconf 11' lang='lat' dir='ltr'><strong>ard-diem</strong></span> <span class='ocrx_word' id='word_1_719' title='bbox 2945 5744 3013 5807; x_wconf 62' lang='lat'><strong>2!»</strong></span> <span class='ocrx_word' id='word_1_720' title='bbox 3045 5755 3189 5808; x_wconf 84' lang='lat' dir='ltr'><strong>Junii</strong></span> <span class='ocrx_word' id='word_1_721' title='bbox 3224 5744 3479 5821; x_wconf 67' lang='lat' dir='ltr'><strong>refertur,</strong></span> 
     </span>
    </p>
   </div>
   <div class='ocr_carea' id='block_1_98' title="bbox 211 5817 3080 5895">
    <p class='ocr_par' dir='ltr' id='par_1_98' title="bbox 211 5817 3080 5895">
     <span class='ocr_line' id='line_1_98' title="bbox 211 5817 3080 5895; baseline 0.001 -24"><span class='ocrx_word' id='word_1_722' title='bbox 211 5817 314 5872; x_wconf 69' lang='lat' dir='ltr'><strong>sed</strong></span> <span class='ocrx_word' id='word_1_723' title='bbox 344 5818 561 5887; x_wconf 72' lang='lat' dir='ltr'><strong>absque</strong></span> <span class='ocrx_word' id='word_1_724' title='bbox 593 5821 877 5888; x_wconf 86' lang='lat' dir='ltr'><strong>scriptoris</strong></span> <span class='ocrx_word' id='word_1_725' title='bbox 919 5822 1159 5875; x_wconf 90' lang='lat' dir='ltr'><strong>nomine.</strong></span> <span class='ocrx_word' id='word_1_726' title='bbox 1190 5817 1572 5878; x_wconf 53' lang='lat' dir='ltr'><strong>VidIBandini</strong></span> <span class='ocrx_word' id='word_1_727' title='bbox 1600 5821 1770 5877; x_wconf 87' lang='lat' dir='ltr'><strong>Catal.</strong></span> <span class='ocrx_word' id='word_1_728' title='bbox 1806 5830 1844 5874; x_wconf 91' lang='lat' dir='ltr'><strong>t.</strong></span> <span class='ocrx_word' id='word_1_729' title='bbox 1879 5822 1919 5887; x_wconf 92' lang='grc'>1,</span> <span class='ocrx_word' id='word_1_730' title='bbox 1953 5838 2007 5891; x_wconf 93' lang='lat' dir='ltr'><strong>p.</strong></span> <span class='ocrx_word' id='word_1_731' title='bbox 2040 5821 2163 5875; x_wconf 65' lang='grc'><strong>496.</strong></span> <span class='ocrx_word' id='word_1_732' title='bbox 2238 5824 2279 5855; x_wconf 69' lang='grc'><strong>³9</strong></span> <span class='ocrx_word' id='word_1_733' title='bbox 2304 5825 2404 5888; x_wconf 76' lang='grc' dir='ltr'>τίς.</span> <span class='ocrx_word' id='word_1_734' title='bbox 2438 5826 2581 5880; x_wconf 81' lang='lat' dir='ltr'><strong>Edit.</strong></span> <span class='ocrx_word' id='word_1_735' title='bbox 2612 5826 2763 5895; x_wconf 85' lang='lat' dir='ltr'><strong>prior</strong></span> <span class='ocrx_word' id='word_1_736' title='bbox 2789 5824 2979 5877; x_wconf 81' lang='lat' dir='ltr'><strong>habuit</strong></span> <span class='ocrx_word' id='word_1_737' title='bbox 3008 5825 3080 5875; x_wconf 82' lang='grc' dir='ltr'>τί.</span> 
     </span>
    </p>
   </div>
  </div>
