4060 6180
585 373 653 436 35
1811 362 2060 422 OPERU
2072 364 2125 420 Μ
2162 361 2263 418 ΤΗ
2274 356 2649 417 EODORETI

585 488 750 550 atque
781 479 1083 539 excusatio,
1121 477 1204 529 vel
1234 476 1361 528 hinc
1384 474 1599 535 saltem,
1640 470 1787 540 quod
1827 468 2034 538 aliquid
2066 482 2157 521 ac—

2280 465 2457 536 γνώμη
2487 463 2565 533 τῷ
2590 462 2733 532 λόγῳ
2763 460 2854 513 καὶ
2884 460 3211 529 παραίτησις
3240 456 3415 517 ἔσται,
3439 455 3603 524 χωρεῖ
3634 454 3750 523 (ιο)
3781 469 3840 506 τι

586 570 987 626 commodatum
1052 568 1121 622 ad
1167 566 1509 636 propositum
1571 564 1684 634 86
1739 562 2158 631 complectatur.

2266 559 2402 627 πρὸς
2433 558 2531 628 τήν
2565 552 2844 608 ὑπόθεσιν.
2897 550 2961 604 Ei
2992 550 3049 603 δὲ
3080 548 3361 620 πρόκειται
3411 544 3506 598 νῦν
3557 543 3734 614 τούτῳ
3768 546 3843 597 τὰ

587 661 742 729 Quod
763 662 809 716 si
832 661 959 715 huic
984 660 1096 714 sola
1121 634 1543 727 nunciBaptista:
1565 655 1824 709 nativitas
1839 650 2162 721 exponenda

2280 650 2361 717 ςῆς
2409 648 2714 716 γεννήσεως
2762 643 2921 714 μόνον
2963 640 3055 695 τοῦ
3099 635 3402 692 Βαπτιστοῦ
3440 635 3655 695 διιέναι,
3692 635 3768 688 τὰ
3795 634 3841 687 δ’

587 754 931 824 subjiciatur,
966 762 1161 805 caetera
1188 764 1318 803 vero
1360 747 1871 818 pmtermittantur,
1901 744 2007 797 hoc
2045 742 2163 812 ipso

590 847 820 900 fortasse
850 842 1076 914 penuria
1104 828 1329 896 obtendi
1350 847 1536 910 posset
1561 857 1574 892 :
1602 838 1757 908 quasi
1786 835 1921 891 nihil
1944 849 2160 897 eorum,

592 951 714 1006 qua;
728 944 950 1005 optentu
959 950 1004 998 r,
1021 932 1205 987 dicere
1218 932 1470 995 habeam,
1489 928 1793 1001 cujusmodi
1812 934 1939 983 sunt
1957 925 2162 990 omnia,

589 1041 715 1095 quae
737 1025 804 1079 de
826 1023 1183 1093 consequenti
1209 1021 1340 1085 vita,
1364 1021 1433 1076 de
1457 1020 1704 1075 moribus
1721 1025 1777 1073 et
1794 1026 1970 1071 morte
1994 1014 2167 1087 ipsius

550 1157 554 1161 .
592 1114 794 1169 omissa
834 1111 1058 1166 fuerunt
1099 1129 1111 1164 :
1154 1127 1221 1165 ex
1263 1110 1465 1180 quibus
1505 1117 1686 1163 tamen
1738 1107 1962 1162 laudum
2001 1120 2169 1175 argu-

594 1212 779 1259 menta
801 1209 1101 1273 suppetunt
1131 1202 1199 1256 iis
1235 1202 1330 1271 qui
1353 1199 1578 1255 laudare
1603 1198 1900 1255 voluerint.

665 1293 988 1363 Quanquam
1020 1292 1087 1348 de
1111 1292 1216 1347 hoc
1250 1292 1369 1362 ipso
1398 1298 1547 1346 recte
1578 1289 1782 1345 sentire
1812 1304 1924 1343 non
1954 1287 2167 1342 videor.

591 1386 736 1454 Quid
766 1385 938 1449 enim,
982 1384 1086 1439 etsi
1122 1383 1271 1438 nulla
1314 1382 1407 1436 fiat
1450 1397 1634 1437 rerum
1678 1380 1908 1435 aliarum
1940 1378 2167 1441 mentio,

596 1491 779 1532 annon
825 1475 941 1530 hac
986 1490 1089 1528 una
1129 1473 1262 1529 satis
1302 1473 1612 1545 argumenti
1646 1470 1899 1549 sumciet,
1946 1479 2002 1526 et
2048 1471 2171 1524 illu-

593 1576 786 1630 strem,
830 1575 890 1620 ut
918 1581 1015 1635 par
1039 1574 1143 1629 eSt,
1178 1565 1307 1619 licet
1330 1565 1403 1619 sit
1430 1564 1611 1628 unica,
1644 1561 1862 1617 dicendi
1887 1561 2170 1615 materiam

596 1655 1007 1728 suppeditabit?
1048 1657 1284 1711 Possunt
1318 1654 1575 1709 videlicet
1617 1652 1885 1722 stupenda
1910 1651 2001 1704 illa
2034 1665 2173 1721 prae-

598 1748 751 1802 conis
783 1745 1105 1817 primordia,
1134 1745 1246 1800 sola
1276 1744 1529 1814 quamvis
1565 1743 1632 1797 ad
1674 1741 2043 1797 laudationem
2076 1755 2170 1794 ac-

2267 738 2399 791 ἄλλα
2434 735 2765 806 παραλιπεῖν
2791 774 2806 799 ,
2843 732 2937 786 καὶ
2981 729 3068 784 διὰ
3114 728 3274 783 τοῦτο
3322 727 3451 789 ἴσως
3483 725 3844 797 προϐαλεῐται

2268 825 2361 877 καὶ
2390 822 2622 894 ἀπορίαν
2646 838 2658 852 ·
2693 822 2769 885 ὡς
2789 820 2940 874 οὐδὲν
2963 815 3108 889 εἶχον
3141 818 3253 889 (Μ)
3282 815 3391 870 τῶν
3415 816 3558 869 κατὰ
3581 814 3848 884 βούλησιν

2267 915 2571 986 εἰρηκέναι,
2593 908 2681 967 οἷα
2703 913 2919 967 πάντων
2947 911 3073 982 ἑξῆς
3100 907 3445 980 παρειμένων
3478 907 3573 960 καὶ⁸
3604 905 3723 976 βίου
3747 909 3851 957 καί⁸

2267 1006 2512 1076 ἀγωγῆς,
2543 1005 2639 1059 καὶ
2656 1003 2845 1067 τέλους
2870 1001 3060 1065 αὐτοῦ,
3089 999 3149 1065 ἐξ
3199 993 3275 1053 ὧν
3323 998 3416 1052 καὶ
3445 1000 3558 1063 τοῖς
3596 998 3853 1050 ἐπαινεῖν

2271 1097 2617 1167 βουλομένοις
2646 1094 2715 1149 τὰ
2742 1095 2840 1164 τῆς
2866 1092 3140 1164 εὐφημίας
3173 1089 3466 1162 προῆκται.

2353 1275 2492 1328 Ἀλλ’
2519 1273 2579 1327 οὐ
2609 1290 2697 1345 μοι
2725 1273 2876 1326 δοκεῖ
2905 1270 3082 1333 καλῶς
3125 1269 3250 1339 περὶ
3279 1267 3431 1322 τοῦδε
3461 1267 3850 1337 ὑπειληφέναι.

2273 1368 2337 1421 Τί
2363 1368 2472 1437 γὰρ
2501 1367 2548 1419 εί
2588 1364 2754 1436 μηδὲν
2793 1362 2902 1416 τῶν
2944 1362 3117 1415 ἄλλων
3142 1358 3640 1430 διαμνημονεύσοις
3676 1359 3853 1411 Ἀπο-

2272 1460 2465 1529 χρήσει
2494 1455 2605 1527 γὰρ
2626 1456 2840 1518 πάντως
2862 1453 3011 1524 αὐτῷ
3032 1453 3125 1506 καὶ
3159 1453 3317 1521 μόνον
3341 1451 3539 1523 δηλαδή
3558 1451 3619 1505 τὸ
3645 1451 3850 1523 παρόνο

2274 1548 2564 1601 πολλοστὸν
2595 1547 2693 1619 μὲν
2719 1547 2817 1617 τῆς
2853 1546 2980 1617 ὅλης
3023 1544 3330 1608 ὑποθέσεως
3374 1544 3453 1610 ὃν,
3483 1542 3749 1615 λαμπρὰν
3781 1544 3851 1608 δ’,

2272 1641 2345 1705 ὡς
2372 1639 2536 1704 εἰκὸς,
2573 1639 2757 1710 φέρον,
2792 1637 2885 1691 καὶ
2917 1638 3075 1707 μόνον
3128 1634 3251 1689 καθ’
3282 1634 3415 1688 αὐτὸ
3438 1635 3535 1707 τὴν
3573 1634 3852 1705 διήγησιν.

2287 1734 2440 1787 Ἐπεὶ
2471 1735 2562 1786 καὶ
2598 1729 2735 1785 οἶδεν
2766 1734 2798 1804 η
2840 1730 3128 1803 θαυμαστὴ
3180 1727 3274 1783 τοῦ
3310 1729 3549 1801 κήρυκος
3595 1729 3852 1800 πρόοδος,

597 1838 818 1902 cersita,
850 1840 1029 1891 totum
1066 1835 1334 1891 orationis
1362 1841 1746 1905 argumentum
1786 1832 1906 1887 sine
1950 1830 2059 1884 ulla
2084 1830 2171 1884 di-

2280 1823 2368 1877 κοιλ⁵
2390 1823 2528 1897 μόνη
2558 1821 2695 1894 πρὸς
2719 1823 2937 1893 μνήμην
2967 1819 3140 1884 ἰοῦσα,
3165 1819 3292 1889 ὃλην
3320 1836 3376 1873 τε
3405 1818 3688 1890 πληρῶσαι
3715 1818 3857 1871 {meo

596 1929 878 2000 gressione
905 1928 1154 1998 implere.

668 2125 731 2179 In
752 2124 901 2177 hunc
927 2122 1096 2194 igitur
1116 2135 1391 2189 campum,
1426 2127 1694 2188 quantum
1722 2114 1871 2180 licet,
1894 2128 1995 2184 pro
2029 2111 2177 2166 virili

601 2204 776 2287 parte,
801 2221 1061 2268 excurrat
1082 2210 1280 2274 oratio,
1300 2208 1628 2278 omissisque
1651 2205 1794 2270 aliis,
1821 2219 1944 2275 quae
1963 2202 2177 2272 singula

600 2323 780 2372 suam,
804 2314 864 2360 ut
880 2306 1054 2370 scitis,
1081 2301 1388 2358 disserendi
1413 2300 1699 2354 materiem
1718 2296 1941 2360 habent,
1960 2302 2178 2366 oportet

602 2399 845 2470 primum
881 2395 949 2452 de
978 2395 1080 2450 viri
1115 2410 1146 2449 a
1177 2394 1291 2449 Deo
1319 2391 1486 2447 amati
1522 2389 1843 2462 parentibus
1868 2401 2176 2443 sermonem

604 2491 831 2555 habere,
860 2488 955 2559 qui
985 2488 1210 2553 fuerint,
1230 2484 1510 2557 quomodo
1531 2482 1735 2538 donum
1759 2480 1893 2551 ipsis
1915 2478 2179 2534 divinitus

601 2600 669 2640 ac
700 2592 897 2654 praeter
913 2589 1122 2636 naturae
1140 2578 1289 2650 leges
1303 2575 1590 2633 advenerit
1609 2592 1622 2628 :
1641 2573 1965 2645 praaclarum
1983 2586 2179 2640 nempe

604 2674 737 2729 illud
762 2686 987 2745 germen
1020 2668 1197 2725 felicis
1225 2676 1518 2738 parentum
1550 2673 1759 2736 partus,
1795 2670 2180 2717 ornamentum

604 2764 750 2819 idem
782 2777 846 2816 ac
874 2759 1161 2815 terminus.

679 2858 695 2875 '
719 2853 853 2921 Quis
887 2868 1016 2907 vero
1038 2848 1359 2905 Zachariam
1391 2854 1447 2901 et
1478 2843 1846 2901 Elisahetham
1873 2856 1983 2896 non
2006 2839 2179 2905 novit,

486 2964 492 2970 '
602 2945 865 3016 coniugio
889 2959 953 2997 ac
977 2940 1227 2995 moribus
1255 2937 1449 2993 iisdem
1472 2935 1815 3007 coniunctos,
1844 2931 2047 2987 virtute
2072 2946 2184 2985 non

609 3037 791 3092 minus
819 3033 1106 3090 devinctos
1139 3046 1304 3102 quam
1331 3043 1585 3099 corpore,
1615 3025 1767 3081 nullo
1797 3039 1982 3079 rerum
2012 3030 2185 3077 terre-

608 3142 804 3184 narum
833 3124 1018 3180 studio
1048 3122 1360 3193 depressos,
1408 3118 1477 3174 ad
1502 3116 1746 3174 coelestia
1776 3123 1920 3170 totos
1944 3126 2183 3184 propen-

609 3222 805 3277 dentes
835 3236 848 3272 :
874 3229 1109 3288 quorum
1142 3213 1270 3268 vita:
1304 3210 1536 3282 paritas,
1569 3220 1806 3279 quorum
1835 3203 2084 3260 ascensio
2115 3201 2183 3256 ad

609 3314 804 3377 Deum,
833 3322 1071 3380 quorum
1093 3320 1225 3360 cura
1248 3302 1640 3365 meliorum,.et
1665 3295 1865 3352 mentis
1892 3295 2048 3365 quasi
2071 3292 2188 3348 dei-

616 3405 811 3466 ticatio,
846 3400 955 3470 87
991 3412 1228 3469 quorum
1266 3408 1392 3448 cum
1433 3391 1576 3445 inter
1607 3388 1767 3453 alios,
1814 3396 1931 3441 tum
1970 3385 2026 3438 in
2067 3383 2185 3454 ipsa

612 3493 758 3554 tribu
789 3490 1026 3562 dignitas
1054 3495 1110 3543 et
1136 3483 1397 3556 splendor
1427 3477 1657 3551 insignis
1676 3477 1751 3532 ita
1773 3476 1897 3541 fuit,
1933 3483 1994 3530 ut
2021 3484 2077 3530 et
2108 3473 2185 3529 ibi

610 3580 928 3638 domesticis
958 3576 1370 3634 antecellerent.

681 3676 761 3730 Ex
783 3671 1103 3744 prophetica
1132 3667 1280 3724 enim
1299 3673 1357 3721 et
1381 3661 1706 3719 sacerdotali
1726 3660 1895 3731 stirpe
1918 3657 2187 3713 oriundus

608 3776 733 3821 erat
770 3753 1094 3827 zacharias;
1147 3754 1494 3830 prophetissa
1542 3751 1750 3822 pariter
1797 3749 1915 3820 ipsa
1963 3747 2184 3818 conjux,

614 3864 839 3929 propter
875 3850 1193 3908 alﬁnitatem
1226 3845 1474 3919 ejusdem
1510 3857 1636 3899 cum
1664 3840 1785 3896 viro
1828 3837 2108 3910 dignitatis
2131 3842 2188 3890 et

610 3927 825 4026 ordinis
845 3944 1141 4016 particeps.
1163 3940 1393 4009 Utrique
1420 3950 1522 4007 pro
1544 3932 1791 4002 simplice
1811 3928 2011 4000 duplex
2029 3927 2188 3983 clari-

615 4053 697 4097 tas
728 4019 984 4095 elucebat
1013 4052 1027 4088 :
1065 4032 1122 4087 in
1154 4029 1287 4101 ipsis
1334 4040 1550 4083 omnem
1578 4022 1801 4095 pietatis
1836 4019 2184 4076 exercitatio—

613 4148 741 4190 nem
771 4132 986 4187 diceres
1005 4140 1128 4182 esse
1155 4124 1318 4188 viam,
1340 4119 1488 4176 unde
1513 4132 1708 4173 omnes
1729 4114 1970 4172 emlestis
2002 4112 2188 4183 gratiae

614 4224 742 4285 rivi,
773 4229 835 4277 ut
864 4235 965 4290 par
992 4227 1096 4282 est,
1124 4216 1181 4270 in
1211 4227 1308 4268 eos
1331 4209 1658 4267 deﬂuerent.

685 4314 866 4372 Unum
889 4317 1008 4365 erat
1034 4308 1318 4368 duntaxat,
1343 4300 1492 4373 quod
1514 4300 1649 4371 ipsis
1671 4314 1739 4353 ex
1771 4296 1939 4353 animi
1962 4302 2186 4350 senten-

616 4408 693 4464 tia
717 4419 828 4461 non
855 4400 1099 4464 cederet,
1125 4411 1322 4466 nempe
1346 4409 1414 4450 eo
1433 4405 1607 4462 usque
1627 4388 1831 4444 vixisse
1848 4387 1969 4442 sine
1998 4385 2189 4440 liberis

616 4506 673 4553 et
694 4492 929 4556 steriles,
957 4488 1105 4560 quod
1133 4485 1280 4558 apud
1309 4486 1445 4540 alios
1476 4483 1550 4537 ita
1581 4478 1982 4536 exsecrandum
2016 4476 2189 4531 babe-
2221 4498 2264 4554 υ

616 4590 779 4645 batur
807 4594 863 4641 et
890 4584 1186 4655 abiectum,
1216 4586 1279 4633 ut
1311 4586 1444 4632 tunc
1473 4570 1735 4643 temporis
1767 4569 1973 4640 probro
2004 4575 2188 4623 verte-

617 4689 771 4736 retur
808 4696 822 4731 :
856 4688 1171 4746 quanquam
1194 4687 1305 4726 non
1333 4677 1454 4725 erat
1471 4666 1526 4721 id
1556 4664 1691 4735 ipsis
1711 4661 2007 4718 admodum
2033 4659 2191 4714 triste

617 4788 682 4829 ac
714 4770 1040 4831 molestum;
1074 4769 1343 4818 noverant
1380 4759 1561 4822 enim,
1602 4756 1649 4815 si
1685 4754 1981 4825 quisquam
2024 4749 2186 4815 alius,

617 4865 783 4922 rebus
812 4857 1017 4916 nostris
1047 4857 1218 4915 Deum
1244 4865 1499 4923 praeesse,
1524 4856 1581 4904 et
1604 4846 1947 4917 singulorum
1977 4842 2189 4898 utilita-

618 4957 767 5011 tibus
792 4950 1082 5024 providere
1102 4965 1118 5013 ;
1136 4962 1203 5001 ex
1235 4945 1354 5016 ejus
1382 4939 1613 4996 arbitrio
1636 4947 1872 5007 tempus,
1912 4942 2184 4996 naturam,

615 5046 801 5101 omnia
826 5043 1066 5113 denique
1085 5036 1349 5110 pendere,
1371 5047 1513 5103 qua,
1555 5038 1617 5085 ut
1645 5028 1826 5083 visum
1852 5024 2040 5090 fuerit,
2078 5024 2191 5079 dis-

618 5142 808 5205 ponat,
830 5137 1129 5189 commutet
1145 5142 1210 5184 ac
1227 5124 1515 5183 subvertat
1551 5136 1565 5173 ε
1601 5116 1704 5188 ipsi
1727 5113 2048 5170 facillimum
2068 5125 2191 5168 esse

617 5200 865 5280 caelibem
900 5230 1118 5276 uterum
1145 5215 1382 5289 aperire,
1419 5218 1477 5267 et
1510 5206 1748 5269 efﬁcere,
1784 5211 1847 5259 ut
1887 5200 2051 5257 εσθαι
2095 5213 2194 5254 na-

621 5327 766 5380 tura,
803 5320 1089 5383 postquam
1118 5317 1309 5364 exacta
1341 5313 1426 5361 est
1449 5310 1604 5366 aetas,
1628 5296 1829 5370 pariat.
1863 5291 2007 5360 Quid
2042 5291 2190 5346 enim

614 5420 732 5466 tam
770 5403 1010 5467 diﬂlcile,
1036 5401 1182 5471 quod
1205 5402 1318 5455 Deo
1348 5414 1459 5452 non
1483 5395 1555 5451 sit
1580 5385 1940 5448 facillimum?

2273 1912 2445 1979 θεσιν,
2480 1915 2572 1968 καί
2604 1913 2768 1985 μηδὲν
2814 1911 3307 1984 προσεπιδεομένην
3349 1908 3457 1963 τῶν
3494 1909 3666 1975 ἄλλως
3700 1926 3856 1982 παρ·

2276 2005 2555 2075 επομένων
2584 2003 2661 2074 τῷ
2689 2002 2853 2073 λόγῳ.

2348 2093 2558 2147 υύκοῦν
2589 2110 2679 2164 μοι
2713 2092 2806 2146 καὶ
2846 2091 2921 2157 ὡς
2968 2089 3243 2164 ἐγχωροῦν
3284 2091 3495 2157 διεξίτω
3523 2092 3551 2145 ὁ
3575 2090 3727 2161 λόγος
3780 2092 3853 2145 τὰ

2278 2184 2406 2256 περὶ
2427 2182 2651 2254 ταύτης,
2673 2183 2740 2236 τὰ
2762 2182 2898 2237 ἄλλα
2920 2173 3091 2252 δήπου
3122 2182 3342 2254 παρεὶς,
3360 2175 3434 2237 ὧν
3456 2182 3687 2236 ἕκαστον
3711 2182 3852 2237 ίδίαν

2278 2276 2411 2347 ἔχει,
2435 2275 2511 2340 ὡς
2538 2276 2674 2340 ἴστε,
2701 2275 2794 2327 καὶ
2815 2273 2912 2346 τὴν
2938 2273 3224 2329 ὑπόθεσιν
3255 2273 3388 2329 ἀλλὰ
3418 2273 3525 2347 γὰρ
3552 2274 3854 2342 ἀναγκαῖον

2278 2363 2387 2419 τῶν
2416 2362 2508 2417 τοῦ
2545 2362 2840 2435 θεολήπτου
2877 2364 3069 2434 πρῶτα
3096 2362 3403 2436 μνησθῆναι
3428 2364 3705 2435 πατέρων.
3740 2364 3855 2417 Καὶ

2279 2456 2473 2518 οἵτινες
2495 2447 2664 2517 οὗτοι,
2697 2455 2786 2509 καὶ
2808 2454 2953 2518 ὅπως
2979 2454 3150 2525 δῶρον
3176 2454 3359 2518 αὐτοῖς
3406 2453 3611 2519 θεόθεν,
3661 2453 3754 2508 καλ⁵
3787 2454 3853 2507 οὐ

2281 2548 2421 2602 κατὰ
2452 2549 2614 2618 φύσιν
2650 2548 2709 2600 τὸ
2761 2546 2922 2599 καλὸν
2967 2545 3127 2599 τοῦτο
3176 2545 3463 2617 βλάστημα
3494 2544 3616 2614 ἔφυ,
3648 2545 3853 2616 κόσμος

2283 2638 2419 2708 ἅμα,
2454 2638 2548 2691 καὶ
2574 2638 2699 2708 ὅρος
2727 2637 3010 2700 εὐπαιδίας
3034 2638 3145 2700 τοῖς
3182 2635 3468 2705 ἐνεγκοῦσι
3498 2637 3796 2706 γινόμενον.

2364 2812 2525 2867 Ἀλλὰ
2548 2812 2632 2876 τίς
2655 2813 2755 2865 οὐκ
2787 2807 2895 2865 οἶδε
2922 2810 3196 2882 Ζαχαρίαν
3223 2811 3316 2864 καὶ
3358 2810 3635 2865 Ἐλισάὸετ
3660 2851 3676 2878 ,
3725 2812 3855 2878 τοὺς

2281 2904 2605 2974 όμοξύγους,
2634 2904 2727 2958 καὶ
2752 2904 3109 2974 ὁμοτρόπους,
3136 2903 3229 2956 καὶ
3260 2903 3358 2973 οὐχ
3377 2899 3540 2976 ἧττον
3566 2903 3708 2958 κατὰ
3728 2905 3856 2977 ἀρε-

2281 2992 2381 3065 τὴν
2415 2992 2802 3063 συναφθέντας,
2850 2991 3056 3064 ἢκατὰ
3101 2991 3295 3062 σῶμα;
3339 2993 3467 3056 τοὺς
3517 2993 3704 3064 μηδενὶ
3746 2992 3858 3046 τῶν

2286 3085 2438 3140 κάτω
2466 3084 2855 3157 καταχθέντας,
2890 3085 3005 3139 ἀλλ’
3032 3084 3188 3147 ὅλους
3221 3085 3355 3157 πρὸς
3391 3084 3458 3139 τὰ
3487 3086 3599 3140 ἄνω
3627 3103 3859 3156 μετατε-

2211 3151 2253 3209 c
2286 3177 2499 3243 θέντας,
2529 3151 2668 3248 ὧννή
2693 3176 2979 3248 κάθαρσις,
3004 3177 3099 3229 καί¹
3130 3169 3204 3230 ὧν
3230 3151 3279 3245 ’1)⁷
3296 3176 3431 3248 πρὸς
3457 3176 3590 3231 Θεὸν
3623 3151 3854 3248 ῦῷωσις,

2286 3260 2362 3320 ὧν
2392 3268 2425 3337 ἡ
2455 3267 2564 3320 τῶν
2593 3266 2917 3338 κρειττόνων
2943 3265 3163 3337 μελέτη,
3190 3266 3284 3320 καί
3313 3268 3347 3337 ή
3371 3265 3466 3320 τοῦ
3504 3267 3596 3321 νοῦ
3634 3269 3853 3336 θέωσις,

2285 3352 2361 3412 ὧν
2384 3358 2522 3428 μετὰ
2551 3357 2662 3412 τῶν
2690 3356 2887 3418 ἄλλων.
2920 3357 3177 3411 καὶκατὰ
3201 3359 3356 3427 γένος
3387 3359 3729 3432 λαμπρότης,
3760 3360 3858 3415 καὶ

2286 3448 2634 3520 περιφάνεια,
2670 3450 2738 3503 ἶν’
2761 3443 2864 3503 ὦσι
2895 3448 3174 3504 κάνταῦθα
3214 3451 3324 3504 τῶν
3361 3452 3480 3506 κατ’
3518 3453 3716 3518 αὐτοὺς
3742 3453 3860 3506 δια-

2287 3541 2559 3612 φέροντες.

2356 3630 2707 3703 Προφητικῆς
2730 3630 2842 3703 γὰρ
2876 3630 2970 3684 καὶ
3002 3630 3283 3701 ἱερατικῆς
3315 3631 3486 3703 φυλῆς
3525 3635 3553 3686 ὁ
3581 3633 3857 3705 Ζαχαρίας

2287 3720 2570 3792 ἐτύγχανε,
2606 3723 2896 3794 προφήτης
2929 3722 2988 3778 δὲ
3018 3724 3234 3788 πάντως
3259 3723 3352 3776 καὶ
3373 3724 3406 3793 ἡ
3429 3724 3621 3776 τούτου
3651 3724 3852 3793 ὁμόζυ-

2287 3829 2402 3881 τος.
2455 3814 2549 3867 καὶ
2599 3814 2700 3884 τῆς
2747 3814 2915 3886 αὐτῆς
2942 3814 3032 3869 διὰ
3074 3815 3137 3868 τὸ
3167 3813 3422 3883 συναφὲς,
3456 3814 3553 3868 καὶ
3592 3815 3749 3881 ἀξίας
3772 3812 3852 3885 τῷ

2287 3908 2440 3979 ἀνδρὶ
2461 3907 2814 3972 κοινωνοῦσα,
2836 3908 2932 3961 καὶ
2954 3908 3179 3976 τάξεως,
3198 3902 3279 3972 οἷς
3296 3907 3392 3961 καὶ
3411 3907 3609 3978 ἀμφοῖν
3631 3905 3853 3959 διπλοῦν

2287 3998 2404 4052 ἀνθ’
2435 3997 2608 4055 ἁπλοῦ
2637 3998 2700 4052 τὸ
2727 3998 3023 4070 περιφανὲς
3047 3996 3392 4070 έγνωρίζετο.
3423 3994 3646 4059 Τούτοις
3673 3995 3856 4048 πᾶσαν

2289 4089 2364 4151 ὡς
2385 4090 2557 4143 εἰπεῖν
2577 4089 2880 4159 ἁσκήσασιν
2900 4086 3182 4151 εὐσεϐείας
3204 4088 3345 4152 ὁδὸν,
3368 4087 3568 4153 πάντα,
3592 4085 3669 4148 ὡς
3685 4084 3851 4151 εἰκὸς,

2289 4178 2511 4250 ἐπέρρει
2532 4164 2643 4231 ’καὶ
2670 4178 2738 4231 τὰ
2775 4176 2928 4249 παρὰ
2953 4178 3054 4247 τῆς
3080 4175 3290 4231 ἄνωθεν
3318 4176 3559 4248 χάριτος.

2366 4269 2460 4322 Ἓν
2488 4267 2649 4339 μόνον
2677 4263 2746 4339 ἦν
2787 4266 2848 4321 τὸ
2879 4267 2955 4338 μὴ
2983 4268 3127 4322 κατὰ
3178 4266 3434 4339 πρόθεσιν
3464 4267 3693 4332 ἐκείνοις
3718 4284 3857 4337 συμ-

2290 4360 2495 4425 6αἱνον,
2529 4362 2563 4431 ή
2584 4361 2641 4414 ὲν
2670 4359 2850 4431 χρόνῳ
2872 4359 3113 4430 τοσούτῳ
3139 4360 3372 4415 ἀπαιδία
3408 4362 3501 4415 καὶ
3534 4360 3816 4432 στείρωσις
3838 4375 3855 4392 ·

2289 4453 2318 4507 δ
2346 4455 2458 4517 τοῖς
2486 4451 2587 4524 μὲν
2615 4453 2794 4516 ἄλλοις
2821 4451 2959 4523 τάχα
2981 4451 3075 4507 καὶ
3101 4452 3374 4508 ἀπευκτόν
3402 4470 3519 4517 πως
3556 4454 3732 4508 ἰδόκει
3765 4455 3861 4508 καὶ

2292 4544 2518 4616 ἄθυμον,
2542 4538 2632 4601 οἷα
2654 4545 2716 4599 τὸ
2750 4544 3051 4616 τηνικαῦτα
3075 4546 3169 4599 καὶ
3201 4545 3283 4608 εἰς
3310 4544 3511 4609 ὄνειδος
3541 4544 3707 4616 φέρον
3732 4564 3745 4577 ·
3797 4547 3860 4599 οὐ

2296 4638 2401 4710 μὴν
2428 4638 2522 4692 καὶ
2547 4639 2729 4702 αὐτοῖς
2766 4632 3305 4709 λυπηρὸν’τοσοῦτον
3339 4637 3431 4691 καὶ
3469 4636 3736 4707 δύσφορον
3767 4634 3859 4708 ἦν·

2291 4728 2489 4800 ⁴ᾔδεσαν
2512 4728 2622 4799 γὰρ
2644 4728 2693 4781 εί
2725 4727 2818 4782 καί
2846 4744 2994 4790 τινες
3017 4726 3188 4788 ἄλλοι,
3219 4727 3300 4780 ὅτι
3343 4726 3476 4787 Θεός
3511 4726 3659 4776 ἐστιν
3686 4726 3716 4777 ὁ
3745 4729 3869 4790 τοῖς.

2293 4819 2582 4891 ἡμετέροις
2608 4816 2934 4881 ἐπιστατῶν,
2966 4816 3057 4870 καὶ
3079 4815 3142 4868 τὸ
3177 4813 3483 4869 λυσιτελοῦν
3514 4812 3749 4869 ἑκάστου
3778 4817 3860 4869 oi-

2296 4908 2563 4980 κονομῶν,
2591 4906 2687 4960 καὶ
2714 4907 2797 4961 ὅτι
2822 4904 2987 4961 αὐτοῦ
3020 4904 3367 4974 βουλομένου,
3393 4903 3489 4957 καὶ
3507 4903 3720 4975 χρόνος,
3765 4908 3864 4961 καὶ

2296 5004 2477 5074 φύσις,
2506 5001 2602 5055 καὶ
2629 4999 2805 5053 πάντα
2829 4995 2984 5066 ὁμοῦ,
3020 4993 3150 5065 παρ’
3173 4994 3203 5046 δ
3240 4993 3376 5065 ἔχει,
3401 4993 3496 5048 καὶ
3529 4993 3861 5062 ἀλλοιοῦται,
3941 5048 3949 5059 ,

2293 5096 2388 5152 καὶ
2406 5094 2667 5166 τρέπεται
2683 5107 2697 5123 ο
2714 5083 2760 5159 ᾧ
2778 5087 2962 5161 ῥᾴδιον
2983 5086 3204 5150 πάντως
3220 5087 3315 5140 καὶ
3334 5086 3501 5158 νηδὺν
3519 5086 3734 5159 ἄγαμον
3747 5088 3861 5159 (42)

2294 5186 2527 5254 ἀνοῖξαι,
2560 5185 2655 5240 καὶ
2687 5179 2887 5253 ἔξωρον
2921 5177 3083 5248 φύσιν
3116 5177 3239 5232 καθ’
3274 5176 3425 5250 ὥραν
3456 5177 3859 5249 βλαστάνουσαν

2290 5278 2461 5344 δείξαι
2483 5294 2496 5307 ’
2526 5275 2579 5330 τί
2606 5274 2717 5346 γὰρ
2745 5270 2852 5326 τῶν
2880 5268 3102 5341 ἀπόρων
3125 5270 3293 5335 ἐστὶν,
3312 5269 3342 5322 δ
3368 5268 3542 5342 μὴτῷ
3560 5268 3676 5339 Θεῷ
3704 5284 3861 5339 πορι-

2296 5374 2540 5445 μώτατον
2563 5386 2580 5437 ζ

1917 5500 2143 5582 mica
2179 5509 2578 5575 LECTIONES.

700 5665 748 5698 ’δ’
773 5659 1091 5732 mendum
1119 5656 1204 5711 νει
1229 5655 1310 5732 ὅτε
1329 5652 1517 5732 tum
1550 5644 1771 5732 κοητ;.,λ·
1789 5624 2590 5732 ,γειλιεξίξέξξέιέῑῃτιεῖ..
2616 5617 2993 5732 ,ιῖζιὲιῒνίπῗξῖξ
3020 5607 3868 5732 ἓιῖιξιεῗῆδὶἒὲἳέἓζεῗιῗδέιῗέθζ

700 5676 748 5698 "
775 5676 1091 5732 Legendum
1119 5676 1204 5711 vel
1229 5676 1310 5709 οτι
1329 5676 1517 5724 χωρδι.
1551 5676 1602 5701 at.
1636 5676 1684 5699 -ι.
1722 5676 1771 5698 η.
1808 5676 1884 5697 ις.
1919 5676 2082 5711 “up—.-
2126 5676 2223 5704 ι-γ
2252 5676 2316 5695 ην
2447 5676 2485 5679 ν-
2538 5676 2562 5679 η
2733 5686 2768 5701 _.
2840 5676 2862 5699 ς
3243 5676 3292 5697 ,ιο
3379 5676 3387 5680 .
3432 5682 3442 5694 ,
3478 5676 3487 5682 .
3742 5676 3759 5679 ,

621 5741 751 5793 dum
779 5733 998 5787 videtur
1028 5724 1194 5796 εἶχον.
1267 5725 1312 5755 ⁸⁸
1341 5723 1570 5791 ἄγαμον.
1605 5714 1746 5771 Edit.
1788 5711 1941 5783 prior
1971 5705 2208 5763 habebat
2225 5703 2443 5771 αγανον.
2476 5694 2594 5751 Νοιι
2616 5689 2993 5749 dubitavunus
3020 5684 3278 5754 amplecti
3317 5683 3633 5749 lectionem,
3660 5692 3782 5748 qua
3808 5676 3867 5733 in

624 5804 867 5876 margine
902 5799 1145 5869 ascripta
1168 5804 1307 5852 erat.
