4060 6180
559 361 629 425 39
1778 354 2030 414 OPERU
2039 355 2096 412 Μ
2132 354 2150 411 'l

2250 353 2436 412 ΕΟΒο
2444 354 2618 412 RETI
3738 350 3812 416 40

632 470 699 524 At
748 484 1040 540 quorsum,
1095 469 1240 522 dicat
1304 467 1536 537 aliquis,
1596 467 1886 522 Zacharias
1941 466 2216 536 papuloA

559 560 777 615 veniam
804 571 1096 630 rogaturus
1121 573 1244 612 cum
1274 557 1598 628 ingreditur,
1634 558 1728 628 qui
1759 560 2011 628 apparuit
2045 573 2141 611 an-

562 652 736 720 gelus,
762 652 1030 706 exaudita:
1056 649 1393 721 precationis
1426 649 1644 719 pignus,
1678 651 1879 704 sterilis
1903 658 2138 720 partum,

563 743 852 812 praedicit?
903 744 1092 799 Annon
1128 737 1237 795 illis
1267 741 1592 811 conjugihus
1632 741 1979 796 manifestum
2021 750 2142 796 erat

564 851 674 888 non
707 834 864 888 aliter
887 833 1057 887 venia:
1081 832 1262 886 locum
1293 848 1413 887 esse
1447 832 1715 896 futurum,
1743 837 1759 854 ‘
1784 850 1947 904 quam
1978 833 2023 888 si
2048 851 2144 888 na-

565 934 812 981 sceretur
841 925 933 994 qui
969 925 1162 980 salutis
1189 934 1472 980 auctorem
1505 925 1848 990 ostenderet,
1876 935 1933 981 et
1964 926 2142 980 omni-

567 1020 670 1073 bus
697 1018 873 1088 palam
898 1017 1275 1081 annuntiaret,
1298 1017 1471 1086 ipsius
1490 1025 1545 1071 et
1565 1019 1795 1081 amicus,
1817 1025 1872 1071 et
1896 1017 2142 1080 nuntius,

565 1120 622 1165 ct
661 1125 786 1172 vox,
817 1118 873 1163 et
907 1125 1216 1179 przecursor
1238 1109 1977 1180 appellatus?Quam0brem
2011 1109 2143 1163 illud

567 1202 702 1256 mihi
727 1201 971 1266 videtur,
1003 1209 1060 1256 et
1084 1201 1332 1270 apposite
1361 1201 1571 1256 dictum
1606 1202 1674 1256 ab
1700 1203 1914 1272 angelo,
1942 1209 1997 1255 et
2020 1214 2144 1255 cum

568 1289 840 1362 pontificis
875 1291 1163 1362 postulatis
1194 1293 1472 1354 aptissime
1506 1309 1828 1363 congruere.

637 1467 747 1537 90
776 1465 978 1521 Verum
1012 1467 1143 1523 huic
1167 1468 1405 1522 sermoni
1438 1483 1576 1539 opus
1599 1479 1683 1523 est
1712 1485 1776 1525 ea
1807 1469 1988 1525 omnia
2019 1471 2147 1524 sub-

564 1559 820 1628 jungcre,
855 1575 977 1628 qua:
1002 1559 1199 1614 deinde
1235 1559 1512 1614 Zachariae
1548 1559 1684 1614 dixit
1734 1561 1976 1630 angelus.
2011 1559 2148 1616 Cum

567 1648 740 1712 enim,
771 1658 829 1702 ut
852 1649 1114 1714 diximus,
1144 1647 1264 1720 ejus
1288 1646 1451 1704 dictis
1473 1665 1582 1704 non
1612 1650 1795 1704 statim
1829 1651 2146 1714 assenserit,

569 1736 664 1790 sed
685 1737 866 1791 arcani
895 1737 1057 1808 hujus
1079 1737 1466 1807 perfectiorem
1488 1739 1765 1808 qumsierit
1784 1739 2146 1810 comprehen-

2332 465 2470 517 Ἀλλ’
2500 467 2624 518 ὅτου
2664 466 2842 537 χάριν,
2869 469 2981 538 ὲρεί
3007 484 3108 532 τις,
3139 469 3166 520 6
3203 468 3300 538 μὲν
3321 463 3592 536 Ζαχαρίας
3614 463 3814 534 ἄφεσιν

2245 555 2417 626 εἰσῄει
2447 555 2542 608 τοῦ
2575 555 2810 626 πλήθους
2839 557 3094 626 αἰτήσων,
3121 557 3148 608 6
3177 557 3232 609 δὲ
3264 556 3450 626 φανεὶς
3483 554 3713 623 ἄγγελος
3744 555 3819 606 τὰ

2243 647 2350 698 τῶν
2377 647 2643 718 αἰτήσεὼν
2669 665 2728 700 τε
2751 647 2898 718 αὐτῷ
2921 648 3085 717 φάναι
3105 647 3389 717 ἡκοῦσθαι,
3409 646 3669 716 ἐχέγγυον
3691 645 3820 699 τού-

2241 756 2335 792 του
2379 738 2536 792 τόκον
2592 735 2730 792 εἶναι
2787 740 2877 793 τὸν
2907 741 2972 792 ἐκ
3000 739 3098 809 τῆς
3124 739 3374 808 στείρας;
3401 733 3476 789 Ἦ
3518 737 3674 807 δῆλον
3700 739 3822 801 τοῖς

2245 829 2514 893 συνοῦσιν,
2546 830 2629 884 ὅτι
2659 832 2759 884 οὐκ
2784 831 2849 885 ἂν
2880 831 3053 894 ἄλλως
3075 831 3303 894 ἐκείνοις
3344 831 3442 900 τῆς
3485 828 3822 900 συγγνώμης

2244 924 2481 992 ἀπήντα,
2523 922 2570 975 εἰ
2617 923 2691 995 μὴ
2725 926 2753 977 6
2788 923 3105 994 τικτόμενος
3129 916 3282 983 οὗτος
3331 921 3420 974 τὸν
3452 921 3544 974 ἐπὶ
3571 923 3823 993 σωτηρία

2243 1012 2446 1082 ἥκοντα
2470 1013 2768 1078 ἐπεδείκνυ,
2793 1015 2885 1066 καὶ
2917 1013 3077 1067 αὑτὸν
3105 1012 3374 1083 ἀριδήλως
3394 1013 3505 1073 τοῖς
3529 1013 3660 1064 πᾶσι
3684 1029 3822 1066 κατ-

2247 1104 2528 1173 ήγγελλεν,
2553 1100 2639 1157 οἷα
2663 1104 2725 1158 δὴ
2748 1104 2842 1158 καὶ
2875 1105 3028 1174 φίλος
3050 1105 3280 1167 ἐκείνου,
3322 1105 3412 1156 καὶ
3437 1103 3685 1174 ἄγγελος,
3721 1108 3822 1159 καὶ

2247 1196 2397 1265 φωνὴ
2426 1197 2808 1266 χρηματίζων,
2839 1197 2932 1250 καὶ
2963 1195 3292 1267 πρόδρομος;
3325 1197 3393 1250 δι’
3431 1197 3467 1250 ὅ.
3510 1214 3600 1267 μοι
3647 1197 3818 1260 δοκεῖ,

2247 1285 2340 1336 καὶ
2367 1283 2434 1338 τὰ
2463 1285 2611 1357 παρὰ
2639 1284 2732 1337 τοῦ
2784 1283 3014 1354 ἀγγέλου
3058 1286 3360 1356 ἐπικαίρως
3409 1284 3684 1361 εἰρῆσθαι.
3720 1291 3818 1341 καὶ

2245 1377 2358 1436 τοῖς
2387 1375 2480 1426 τοῦ
2512 1373 2810 1445 ἀρχιερέως
2851 1374 3095 1444 συνᾴδειν
3127 1375 3207 1426 ὅτι
3241 1372 3496 1443 μάλιστα.

2331 1462 2488 1516 Ἀλλὰ
2511 1464 2618 1532 γὰρ
2638 1463 2754 1516 δέον
2784 1461 2866 1532 τῷ
2892 1465 3035 1534 λόγῳ
3074 1461 3405 1533 προσθεῖναι,
3431 1464 3526 1515 καὶ
3556 1458 3655 1516 ὅσα
3691 1462 3817 1533 iga;

2250 1553 2385 1624 πρὸς
2431 1553 2520 1606 τὸν
2555 1555 2831 1625 Ζαχαρίαν
2857 1553 3076 1625 εἴρηκεν
3113 1555 3141 1608 6
3186 1554 3393 1622 φανείς.
3431 1555 3647 1626 Ἐπειδὴ
3683 1559 3819 1627 γὰρ,

2248 1644 2324 1708 ὡς
2377 1645 2604 1715 ἔφαμεν,
2658 1647 2732 1716 μὴ
2781 1647 3177 1717 παραχρῆμαδ
3230 1645 3488 1716 λογισμὸς
3526 1646 3672 1717 αὐτῷ
3705 1650 3824 1710 τοῖς

2252 1735 2493 1806 ῥηθεῖσιν
2515 1737 2791 1803 ἐπένευεν,
2812 1738 2924 1790 ἀλλ’
2957 1737 3335 1808 ἐντελεστέραν
3359 1737 3496 1806 τάχα
3525 1737 3702 1808 ἐξῄτει
3721 1739 3824 1792 τοῦ

570 1826 807 1888 sionem,
855 1836 915 1880 ut
953 1827 1008 1880 in
1046 1826 1413 1883 reconditiore
1446 1828 1687 1898 pectoris
1721 1828 1844 1882 sinu
1885 1844 2144 1900 magnum

2250 1805 2560 1900 αποῤῥὴτου
2591 1828 2654 1899 δὴ
2673 1829 2771 1898 τὴν
2805 1829 3106 1898 κατάληψιν
3127 1869 3142 1894 ,
3175 1805 3249 1892 ὡς
3285 1829 3350 1882 ἂν
3390 1805 3482 1882 καὶ
3517 1805 3627 1894 τοῖς
3668 1832 3827 1884 ἐνδο-

569 1915 702 1970 illud
746 1917 1072 1972 miraculum
1119 1920 1442 1974 conclusum
1485 1919 1808 1988 deponeret,
1848 1927 1966 1973 tum
1997 1919 2147 1974 aliud

569 2009 706 2063 nihil
740 2011 966 2082 angelus
997 2009 1098 2066 nisi
1135 2011 1415 2066 silentium
1453 2013 1782 2082 praescribit,
1815 2019 1871 2066 et
1907 2012 2147 2082 linguam

567 2100 719 2154 vocis
767 2110 1049 2170 expertem
1105 2101 1306 2165 reddit,
1361 2101 1743 2156 demonstrans
1789 2101 2037 2166 omnino,
2089 2113 2150 2156 ut

568 2193 787 2262 opinor,
846 2209 961 2247 rem
988 2209 1110 2248 esse
1165 2192 1426 2265 mysterio
1480 2195 1716 2264 plenam,
1765 2203 1820 2248 et
1862 2196 2146 2264 majorem,

569 2297 732 2351 quam
764 2291 825 2335 ut
862 2290 994 2336 tunc
1021 2297 1274 2337 sermone
1306 2292 1363 2337 et
1401 2283 1586 2354 lingua
1614 2282 1899 2352 prtedicari
1941 2291 2144 2352 posset.

640 2471 936 2528 Zacharias
963 2471 1129 2544 igitur
1173 2487 1240 2528 ex
1272 2485 1339 2526 eo
1369 2480 1616 2542 tempore
1655 2471 1959 2542 permansit
1996 2487 2147 2527 com-

573 2563 779 2632 pressis
811 2562 991 2626 labiis,
1027 2580 1152 2619 cum
1185 2564 1404 2619 nemine
1438 2564 1778 2634 colloquens,
1825 2579 1927 2618 nec
1957 2579 2148 2619 vocem

573 2655 852 2718 emittens,
884 2655 988 2709 etsi
1024 2655 1290 2710 voluisset
1328 2672 1340 2708 :
1380 2654 1515 2725 quid
1547 2654 1692 2710 enim
1729 2655 1830 2724 ipsi
1858 2669 2148 2710 commune

573 2760 699 2801 cum
732 2746 979 2816 populo?
1018 2746 1143 2816 ipsi,
1189 2744 1433 2816 inquam,
1470 2745 1563 2815 qui
1603 2761 1706 2800 usu
1745 2761 2006 2800 sensuum
2045 2745 2150 2800 sibi

574 2836 949 2902 interdixerat,
981 2838 1074 2908 qui
1106 2838 1348 2892 animum
1372 2838 1708 2892 abstraxerat
1743 2854 1774 2892 a
1797 2839 2152 2894 terrestribus

573 2937 630 2982 et
653 2928 876 2983 caducis
901 2929 1085 2993 rebus,
1113 2929 1318 2998 quique
1352 2929 1676 2984 versabatur
1713 2944 1837 2983 cum
1871 2943 2151 2999 corporeae

573 3017 915 3088 eontagionis
955 3018 1315 3088 expertibus?
1351 3017 1490 3084 Quid
1539 3033 1662 3072 cum
1706 3018 1833 3081 illis,
1882 3019 1975 3088 qui
2022 3027 2152 3074 sunt

574 3108 642 3163 ad
671 3124 872 3179 corpus
901 3119 956 3163 et
980 3109 1279 3164 crassiores
1307 3124 1503 3164 sensus
1529 3110 1802 3174 conversi,
1829 3110 2032 3180 quibus
2057 3120 2150 3166 aut
2176 3135 2219 3194 ρ

574 3197 912 3268 superﬂuum
961 3198 1384 3268 quodammodo,
1433 3207 1528 3253 aut
1577 3199 1744 3254 etiam
1790 3200 2146 3270 impossibile,

575 3286 818 3341 divinam
852 3302 1046 3342 vocem
1086 3288 1339 3343 humanis
1385 3305 1493 3343 non
1538 3299 1948 3356 consonantem,
1995 3292 2148 3348 inso-

573 3394 727 3443 nare,
765 3379 1044 3448 verbaqne
1077 3394 1270 3432 arcana
1313 3395 1377 3433 ac
1410 3380 1706 3434 ineﬂ‘abilia
1730 3381 2001 3450 proferre,
2029 3399 2150 3453 quae

574 3485 756 3540 neque
779 3485 1042 3538 percusso
1058 3485 1182 3523 aere
1208 3471 1363 3534 (inm,
1381 3486 1558 3540 neque
1579 3473 1799 3542 organis
1823 3473 1890 3527 ad
1915 3473 2152 3530 forman-

578 3560 702 3614 dam
734 3575 924 3614 voccm
958 3560 1240 3623 institutis,
1276 3561 1370 3614 sed
1409 3562 1624 3616 silentio
1655 3563 1917 3619 interiore
1950 3574 2006 3620 et
2031 3582 2149 3622 me-

576 3651 715 3705 liore
762 3651 867 3704 alia
910 3651 1147 3720 loquela,
1198 3652 1307 3706 illis
1345 3650 1475 3707 solis
1517 3662 1666 3719 nota,
1706 3657 1800 3726 qui
1834 3675 1863 3712 a
1899 3661 2152 3716 sensibus

578 3742 862 3806 recedunt,
885 3753 940 3797 et
970 3759 1108 3812 pura
1135 3753 1317 3799 mente
1346 3761 1524 3799 rerum
1555 3745 1866 3802 divinarum
1895 3751 2150 3806 similitu-

578 3833 736 3889 dines
766 3834 1116 3904 percipiunt?
1149 3833 1281 3902 Qua:
1315 3836 1398 3890 vel
1432 3837 1535 3906 ipsi
1565 3837 1842 3894 Zacharim
1864 3881 1878 3906 ,
1909 3841 2013 3895 sibi
2045 3843 2151 3896 uti-

578 3943 686 3997 que
725 3927 965 3992 conscio,
1001 3929 1159 3998 cujus
1198 3929 1414 3984 tandem
1453 3932 1842 3987 muniﬁcentia:
1877 3935 2150 4006 particeps

578 4014 754 4071 factus
775 4026 940 4082 esset,
967 4017 1287 4074 inconsueta
1311 4030 1488 4083 erant,
1518 4037 1642 4076 cum
1671 4023 1786 4092 ipse
1813 4025 1879 4078 ad
1907 4026 2043 4081 alios
2065 4029 2147 4082 lo-

577 4119 842 4178 queretur
870 4127 882 4162 :
907 4125 1016 4163 non
1050 4110 1201 4175 item,
1233 4127 1358 4165 cum
1389 4112 1605 4168 audiret
1629 4113 1823 4180 Deum,
1850 4117 1938 4172 cui
1964 4119 2149 4174 omnia

578 4210 705 4256 nota
741 4211 888 4265 sunt,
919 4203 1084 4257 etiam
1114 4220 1234 4274 qua;
1267 4205 1460 4259 latent.

649 4292 754 4362 91
786 4292 914 4346 Mihi
949 4309 1084 4348 vero
1129 4295 1274 4348 aliud
1311 4295 1590 4365 quidpiam
1627 4296 1683 4352 in
1720 4308 1956 4355 mentem
1993 4319 2150 4358 revo-

581 4394 670 4440 cat
713 4384 1044 4453 stupendum
1083 4385 1358 4441 Zacharize
1384 4388 1662 4444 silentium
1699 4409 1712 4445 :
1747 4407 1926 4463 neque
1962 4395 2014 4449 id
2047 4412 2149 4467 ego

2247 1922 2428 1991 τέροις
2465 1916 2565 1991 τῆς
2593 1920 2830 1982 διανοίας
2859 1919 3103 1990 ταμείοις
3135 1916 3279 1972 ἔνδον
3303 1921 3562 1990 κατάσχοι
3590 1920 3649 1975 τὸ
3675 1922 3829 1992 μέγα

2247 2009 2424 2074 τοῦτο,
2452 2009 2547 2062 καὶ
2578 2010 2890 2063 ἐναπόθοιτο
2915 2009 3048 2078 (45),
3070 2008 3195 2063 ἄλλο
3227 2007 3325 2078 μὲν
3355 2005 3504 2062 οὐδὲν
3524 2009 3656 2080 πρὸς
3673 2012 3825 2064 ἐκεῖ·

2247 2119 2336 2156 νον
2378 2101 2405 2154 ὁ
2456 2101 2725 2170 ἄγγελος·
2778 2103 2988 2173 σιωπὴν
3037 2102 3081 2155 δ’
3133 2102 3410 2154 ἐπιτάττει
3482 2095 3669 2172 μόνην,
3727 2101 3829 2157 καὶ

2248 2193 2549 2262 ἀφθεγξίαν
2585 2192 2686 2262 τῆς
2719 2191 2986 2263 γλώττης,
3017 2193 3211 2263 δηλῶν,
3259 2189 3434 2262 οἶμαι,
3473 2193 3686 2256 πάντως
3736 2195 3828 2249 δτι

2252 2285 2626 2356 μυστηριῶδες
2674 2287 2734 2339 τὸ
2785 2288 3040 2356 πρᾶγμα,
3091 2285 3185 2337 καὶ
3237 2285 3318 2338 ὄτι
3369 2287 3613 2356 κρεῖττον
3656 2285 3826 2355 λόγου

2248 2376 2403 2439 τέως,
2432 2377 2526 2430 καὶ
2555 2377 2654 2446 τῆς
2691 2377 2780 2430 διὰ
2811 2376 3055 2446 γλώττης
3095 2375 3409 2445 ἐκφὰνσεως
3433 2375 3646 2446 ἀμέλει.

2318 2467 2430 2521 Καὶ
2467 2468 2496 2520 6
2543 2469 2818 2540 Ζαχαρίας
2866 2467 3027 2538 ἔμενε
3077 2467 3138 2520 τὸ
3189 2468 3284 2519 ἀπ’
3317 2468 3525 2520 ἐκείνου
3570 2470 3639 2522 τὰ
3665 2463 3824 2541 χείλη

2249 2559 2617 2630 συμπτύσσων
2641 2599 2656 2622 ,
2705 2561 2798 2615 καί
2831 2559 3021 2630 μηδενὶ
3050 2559 3176 2631 μηθ’
3209 2559 3433 2630 ὁμιλῶν,
3469 2561 3606 2632 μήτε
3638 2561 3828 2632 φωνὴν

2249 2648 2594 2722 προϊέμενος,
2617 2652 2748 2716 ῐσως
2774 2651 2830 2704 δὲ
2865 2651 2958 2704 καὶ
2984 2650 3299 2722 βουλόμενος
3317 2667 3331 2679 '
3364 2651 3416 2704 τί
3441 2651 3550 2723 γὰρ
3581 2647 3648 2722 ἦν
3671 2652 3827 2723 αὐτῷ

2249 2744 2426 2796 κοινὸν
2464 2743 2783 2813 τηνικαῦτα,
2813 2743 2908 2796 καί⁸
2931 2742 3008 2813 τῷ
3026 2741 3158 2812 λαῷ,
3184 2741 3263 2812 τῷ
3292 2742 3390 2812 μὲν
3417 2743 3516 2806 τὰς
3539 2744 3826 2815 αἰσθήσεις

2253 2833 2484 2907 μύσαντι
2512 2836 2635 2908 ἤδη,
2670 2836 2764 2889 καὶ
2795 2836 2886 2890 τὸν
2917 2835 3043 2888 νοῦν
3073 2834 3181 2887 τῶν
3222 2836 3371 2889 κάτω
3415 2839 3509 2890 καὶ
3547 2837 3826 2908 αἰσθητῶν

2249 2928 2552 2992 ἐκϐαλόντι,
2579 2929 2673 2981 καί
2699 2929 2880 3000 μόνοις
2898 2931 3010 2992 τοῖς
3033 2928 3160 2982 ἄνευ
3179 2929 3486 3000 παχύτητος
3507 2929 3782 3001 ὁμιλοῦντι
3804 2948 3822 2995 ;

2250 3019 2377 3083 Τοῖς
2426 3019 2482 3072 δὲ
2536 3021 2675 3091 μετὰ
2723 3019 2972 3090 σώματος
3020 3020 3429 3090 στρεφομένοις,
3477 3021 3570 3075 καὶ
3613 3021 3828 3092 πάχους

2251 3108 2438 3165 ὑλικοῦ
2475 3112 2569 3164 καὶ
2619 3110 2945 3182 αἰσθήσεως,
2998 3105 3079 3176 οἷς
3127 3111 3219 3164 καὶ
3249 3111 3501 3182 περιττόν
3531 3129 3648 3175 πως
3692 3108 3759 3183 ἦν
3783 3113 3824 3184 ἢ

2253 3203 2347 3256 καὶ
2374 3200 2632 3258 ἀδύνατον
2664 3202 2804 3272 τάχα
2837 3201 2984 3256 θείαν
3026 3204 3303 3272 ἀπήχησιν
3342 3204 3577 3274 ἐνηχεῖν,
3606 3205 3699 3258 καὶ
3731 3203 3824 3256 λό-

2251 3312 2381 3364 γους
2400 3296 2728 3368 ἀρῤἠτουςῆ
2764 3297 2855 3348 καὶ
2888 3293 3188 3364 ἀλαλήτους
3218 3297 3532 3362 ἐπιφωνεῖν,
3562 3295 3598 3348 ἃ.
3633 3295 3707 3366 μὴ
3726 3294 3827 3349 τοῦ
3922 3311 3931 3318 ’

2251 3389 2627 3458 κτυπουμένου
2652 3388 2830 3458 ἀέρος,
2877 3387 2998 3456 μηδ’
3029 3387 3274 3454 ὀργάνων
3307 3386 3399 3438 ἐπὶ
3441 3386 3550 3439 τῶν
3583 3390 3826 3454 φωνούν-

2250 3497 2358 3534 των
2378 3494 2390 3508 ⁸
2420 3479 2533 3532 ἀλλ’
2562 3478 2860 3547 ἀφθεγξίας
2882 3479 2977 3546 τῆς
2999 3477 3165 3541 ἔνδον,
3185 3477 3279 3530 καὶ
3304 3476 3492 3541 λαλιᾶς
3515 3480 3825 3549 κρείττονος

2251 3572 2436 3643 ἄλλης,
2462 3567 2529 3643 ἦς
2567 3571 2660 3623 καὶ
2702 3570 2850 3639 μόνοι
2899 3565 3001 3620 οἷοί
3051 3568 3112 3621 τέ
3141 3567 3250 3639 (46)
3297 3569 3433 3621 εἰσιν
3460 3569 3822 3641 ἐπῃσθῆσθαι,

2251 3663 2300 3715 οἱ
2330 3662 2429 3724 τὰς
2461 3660 2740 3728 αἰσθήσεις
2791 3657 3066 3720 λείποντες
3095 3697 3109 3720 ,
3155 3659 3250 3709 καὶ
3277 3656 3469 3727 γυμνῷ
3500 3658 3576 3728 τῷ
3609 3657 3684 3729 νῷ
3715 3659 3822 3712 τῶν

2253 3752 2541 3824 θειοτέρων
2569 3749 2880 3820 δεδεγμένοι
2905 3748 3002 3818 τὴν
3032 3747 3260 3818 μίμησιν
3278 3765 3292 3813 ;
3312 3747 3348 3801 ἃ
3369 3749 3458 3801 καὶ
3486 3748 3560 3818 τῷ
3581 3751 3822 3819 Ζαχαρία

2252 3846 2308 3898 ἐν
2342 3843 2522 3913 ἐαυτῷ
2548 3843 2720 3912 δήπου
2764 3839 3204 3910 συναισθομένῳ,
3247 3839 3342 3892 καὶ
3379 3839 3492 3899 οἵας
3521 3838 3820 3908 τηνικαῦτα

2250 3937 2348 4007 τῆς
2374 3934 2785 4006 μεγαλοδωρεᾶς
2816 3931 3013 4002 ἠξίωτο
3039 3973 3053 3997 ,
3107 3931 3410 4002 ἀνομίλητα
3453 3927 3519 4002 ἦν
3566 3931 3702 3993 τέως
3751 3930 3823 3984 τὰ

2253 4027 2390 4095 πρὸς
2432 4023 2674 4085 ἐκείνους
2728 4019 2908 4091 ἐαυτῷ
2967 4019 3390 4092 προσλαλοῦντι,
3423 4021 3516 4074 καὶ
3553 4019 3627 4091 μὴ
3658 4021 3822 4074 ἁκού-

2254 4134 2406 4171 σαντι
2432 4116 2592 4178 Θεοῦ,
2626 4108 2670 4183 ᾧ
2699 4114 2878 4168 πάντα
2910 4113 3152 4182 γνωστὰ,
3199 4114 3293 4166 καὶ
3326 4115 3395 4168 τὰ
3418 4113 3610 4184 ἄδηλα.

2334 4290 2487 4360 Ἐμοὶ
2526 4289 2581 4341 δὲ
2609 4287 2702 4340 καὶ
2729 4287 2856 4340 ἄλλο
2880 4285 3093 4339 δίδωσιν
3120 4287 3319 4338 ἐννοεῖν
3351 4288 3383 4356 ἡ
3429 4285 3522 4339 τοῦ
3555 4286 3826 4356 Ζαχαρίου

2254 4379 2552 4450 παράδοξος
2584 4381 2758 4448 σιωπή
2784 4396 2796 4409 ⁸
2833 4377 2940 4431 οὐδ’
2963 4378 3093 4430 αὐτὸ
3125 4372 3279 4446 οἶμαι
3306 4377 3523 4430 ἔλαττον
3547 4376 3640 4430 τοῦ
3688 4392 3823 4446 προ⁸

581 4475 764 4546 priore
783 4475 1043 4546 mysterio
1067 4475 1268 4540 minus,
1303 4492 1483 4547 neque
1503 4479 1795 4536 mediocris
1823 4484 2008 4552 gratiae
2038 4463 2150 4554 pie-

2251 4471 2432 4541 τέρου,
2460 4470 2566 4522 οὐδ’
2598 4469 2784 4538 ὀλίγης
2813 4468 3076 4537 τυγχάνον
3098 4467 3198 4536 τῆς
3225 4467 3444 4538 χάριτος
3471 4485 3484 4498 ο
3531 4467 3645 4519 ἔστι
3670 4467 3714 4520 δ,
3747 4463 3823 4531 ὡς

583 4583 712 4621 num
749 4567 1019 4621 existimo.
1047 4568 1123 4622 Ita
1159 4583 1322 4636 porro
1349 4609 1363 4632 ,
1401 4578 1463 4623 ut
1505 4570 1694 4638 paucis
1733 4571 1932 4635 dicam,
1969 4591 2028 4628 se
2060 4591 2148 4630 res

584 4659 783 4723 habet;
808 4675 932 4712 cum
971 4660 1060 4713 ille
1091 4659 1346 4714 sacerdos
1375 4661 1601 4716 vixisset
1631 4662 1686 4716 in
1715 4665 1886 4720 veteri
1919 4666 2062 4737 lege,
2092 4680 2150 4724 et

583 4751 814 4805 Aaronis
849 4749 1153 4804 sacerdotio
1187 4751 1204 4767 '
1237 4749 1428 4803 fuisset
1478 4761 1722 4818 ornatus,
1764 4764 1820 4808 et
1857 4765 2150 4826 utrumque

587 4844 690 4918 (lex
725 4857 920 4910 nempe
949 4850 1005 4894 et
1035 4839 1423 4909 sacerdotium)
1468 4858 1578 4896 non
1612 4843 1840 4898 deberet
1865 4862 1972 4900 non
2002 4847 2150 4903 desi-

586 4949 736 4991 nere.
762 4932 1064 5000 l'nturaeqne
1082 4932 1264 5002 gratiae
1292 4931 1486 4986 cedere
1513 4949 1527 4998 ;
1574 4933 1858 5004 utriusque
1884 4941 2150 4994 cessatio-

586 5039 730 5086 nem,
781 5031 991 5076 mntum
1034 5021 1332 5082 silentium,
1372 5036 1477 5075 vox
1513 5024 1834 5090 tempestive
1870 5029 2147 5093 restituta,

588 5117 992 5168 illucescentem
1028 5114 1286 5184 gratiam.
1334 5121 1388 5166 et
1436 5129 1559 5167 cum
1595 5113 1820 5169 Joannis
1864 5118 2149 5176 nativitate

588 5200 965 5254 advenientem
1000 5210 1353 5272 reprazsentat
1379 5219 1391 5254 :
1418 5217 1521 5271 qua
1548 5203 1720 5273 gratia
1748 5220 1938 5258 verum
1970 5222 2151 5262 sacer-

587 5293 818 5351 dotium.
855 5307 964 5345 non
996 5309 1094 5361 per
1127 5295 1350 5348 umbras
1386 5310 1450 5348 ac
1483 5294 1701 5364 ﬁguras,
1754 5296 1848 5351 sed
1879 5307 2068 5368 aperte
2099 5306 2154 5352 et

591 5385 788 5453 palam,
823 5396 945 5436 cum
986 5381 1052 5434 iis
1079 5398 1198 5450 qua:
1222 5391 1376 5436 erant
1408 5385 1651 5438 involuta
1675 5385 1896 5440 silentio
1924 5385 2153 5440 demon-

590 5483 822 5541 stratur;
861 5474 1056 5528 horum
1103 5473 1266 5528 ﬁnem
1304 5490 1428 5530 cum
1463 5477 1789 5546 prmvideret
1830 5477 2127 5534 Zacharias

2255 4567 2312 4618 ἐν
2341 4563 2505 4633 ὀλίγῳ
2533 4563 2689 4615 τοῦτο
2719 4563 2892 4615 εἰπεῖν
2915 4579 2927 4593 ο
2951 4563 3137 4632 ἐπειδὴ
3167 4565 3274 4630 γὰρ
3300 4565 3325 4614 6
3353 4561 3494 4631 ἱερὸς
3515 4555 3667 4625 οὗτος
3685 4561 3825 4629 ἀνὴρ

2255 4657 2404 4725 νόμῳ
2437 4653 2747 4706 συνεόιοῦτο
2786 4653 3019 4724 παλαιῷ,
3060 4655 3152 4707 καὶ
3178 4652 3441 4723 ἱερωσύνη
3473 4651 3730 4721 τετίμητο
3755 4653 3826 4719 τῇ

2257 4747 2400 4802 κατὰ
2426 4747 2517 4799 τὸν
2553 4745 2785 4815 Ἀαρὼν,
2819 4745 3042 4816 ἔμελλον
3077 4743 3122 4796 δ’
3149 4745 3270 4796 ὅσον
3296 4743 3449 4796 οὔπω
3491 4744 3585 4794 καὶ
3613 4742 3825 4792 πεπαῦ-

2259 4839 2383 4893 σθαι
2418 4837 2726 4909 ἀμφότερα,
2749 4838 2844 4890 καὶ
2873 4841 2939 4908 τῇ
2979 4835 3243 4907 μελλούσῃ
3285 4835 3447 4898 εἴξειν
3481 4831 3683 4900 χάριτι,
3719 4831 3822 4900 τὴν

2259 4930 2468 4984 παῦλαν
2518 4929 2792 5000 ἑκατέροιν
2841 4931 2874 5000 ἠ
2910 4927 3057 4998 τοῦδε
3088 4926 3411 4994 παρίστησιν
3459 4923 3749 4992 ἀφθεγξία,
3787 4928 3824 4997 ἢ

2257 5025 2352 5077 καὶ
2389 5024 2532 5077 κατὰ
2563 5025 2752 5094 καιρὸν
2783 5024 2967 5076 λέλυτο
2991 5020 3149 5074 πάλιν
3179 5019 3277 5088 τῆς
3305 5019 3546 5089 χάριτος,
3568 5019 3669 5088 ήδη
3694 5020 3825 5072 ἁνα-

2258 5115 2540 5186 φανείσης,
2569 5117 2662 5168 καὶ
2697 5117 2762 5185 τῇ
2794 5114 2888 5166 τοῦ
2946 5113 3186 5165 Ἰωάννου
3232 5111 3482 5181 γεννήσει
3529 5111 3826 5181 συνεκδραα

2260 5205 2486 5276 μούσης,
2523 5205 2639 5276 μεθ’
2663 5205 2776 5274 ἅμα
2804 5203 2896 5256 καὶ
2924 5206 3018 5274 τῆς
3045 5201 3276 5273 ἀληθοῦς
3303 5205 3346 5256 ίε
3358 5202 3621 5274 ρωσύνης,
3641 5203 3821 5256 οὐκέτι

2253 5297 2329 5360 ὡς
2367 5297 2428 5348 τὸ
2469 5298 2596 5368 πρὶν
2647 5292 2886 5357 σκιωδῶς
2920 5295 2953 5364 ἦ
3000 5293 3266 5358 τυπικῶς,
3313 5294 3427 5347 ἀλλ’
3454 5293 3702 5362 ἐκφανῶς
3732 5296 3827 5346 καὶ

2255 5387 2465 5457 τρανῶς
2492 5389 2560 5441 τὰ
2592 5385 2925 5456 σεσιγημένα
2951 5383 3243 5456 δηλούσης·
3277 5379 3350 5438 ὧν
3373 5385 3465 5438 καὶ
3494 5387 3520 5437 ὁ
3552 5383 3826 5452 Ζαχαρίας

2254 5479 2352 5548 τὴν
2387 5479 2606 5533 ἔκϐασιν
2639 5480 2808 5550 δήπου
2840 5477 3180 5550 αἰσθόμενος,
3211 5478 3270 5531 οὗ
3323 5473 3705 5549 μυστηριωδῶς
3732 5473 3827 5526 οὑ-

1859 5631 2088 5684 νᾹΒΙᾹΞ
2134 5631 2539 5687 LECTIONES.

659 5761 708 5795 "
723 5761 1035 5834 Legendum
1068 5763 1286 5819 videtur
1324 5765 1653 5818 ἐναποθεῖτο.
1731 5766 1774 5796 ⁵⁵
1799 5765 1942 5819 Edit.
1989 5764 2160 5834 prior,
2195 5767 2242 5818 οἰ
2277 5766 2412 5820 οἵτε.
