  <div class='ocr_page' id='page_1' title='image "/cluster/home/n/w/nwhite01/storage/ocr_20150623/84/hvd.32044073502213/031.png"; bbox 0 0 4060 6180; ppageno 0'>
   <div class='ocr_carea' id='block_1_1' title="bbox 420 314 2006 388">
    <p class='ocr_par' dir='ltr' id='par_1_1' title="bbox 420 315 2006 388">
     <span class='ocr_line' id='line_1_1' title="bbox 420 315 2006 388; baseline -0.009 0"><span class='ocrx_word' id='word_1_1' title='bbox 420 326 486 388; x_wconf 68' lang='lat'><strong>43</strong></span> <span class='ocrx_word' id='word_1_2' title='bbox 1643 315 1957 377; x_wconf 80' lang='lat' dir='ltr'><strong>OPERUM</strong></span> <span class='ocrx_word' id='word_1_3' title='bbox 1995 316 2006 373; x_wconf 91' lang='lat'><strong>&#39;.</strong></span> 
     </span>
    </p>
   </div>
   <div class='ocr_carea' id='block_1_2' title="bbox 2107 314 3669 388">
    <p class='ocr_par' dir='ltr' id='par_1_2' title="bbox 2107 314 3669 381">
     <span class='ocr_line' id='line_1_2' title="bbox 2107 314 3669 381; baseline 0.004 -7"><span class='ocrx_word' id='word_1_4' title='bbox 2107 314 2482 375; x_wconf 84' lang='lat' dir='ltr'><strong>EODORETI</strong></span> <span class='ocrx_word' id='word_1_5' title='bbox 3596 317 3669 381; x_wconf 67' lang='grc'>44</span> 
     </span>
    </p>
   </div>
   <div class='ocr_carea' id='block_1_3' title="bbox 418 430 2006 506">
    <p class='ocr_par' dir='ltr' id='par_1_3' title="bbox 418 430 1994 496">
     <span class='ocr_line' id='line_1_3' title="bbox 418 430 1994 496; baseline -0.006 -2"><span class='ocrx_word' id='word_1_6' title='bbox 418 437 682 494; x_wconf 86' lang='lat' dir='ltr'><strong>maternis</strong></span> <span class='ocrx_word' id='word_1_7' title='bbox 711 434 1013 490; x_wconf 83' lang='lat' dir='ltr'><strong>visceribus</strong></span> <span class='ocrx_word' id='word_1_8' title='bbox 1038 434 1275 489; x_wconf 73' lang='lat' dir='ltr'><strong>molliter</strong></span> <span class='ocrx_word' id='word_1_9' title='bbox 1322 431 1491 496; x_wconf 89' lang='lat' dir='ltr'><strong>situs,</strong></span> <span class='ocrx_word' id='word_1_10' title='bbox 1528 431 1710 486; x_wconf 88' lang='lat' dir='ltr'><strong>adhuc</strong></span> <span class='ocrx_word' id='word_1_11' title='bbox 1737 430 1883 485; x_wconf 77' lang='lat' dir='ltr'><strong>fetus</strong></span> <span class='ocrx_word' id='word_1_12' title='bbox 1911 430 1994 484; x_wconf 88' lang='lat' dir='ltr'><strong>in-</strong></span> 
     </span>
    </p>
   </div>
   <div class='ocr_carea' id='block_1_4' title="bbox 2107 430 3669 506">
    <p class='ocr_par' dir='ltr' id='par_1_4' title="bbox 2107 430 3669 506">
     <span class='ocr_line' id='line_1_4' title="bbox 2107 430 3669 506; baseline 0.004 -23"><span class='ocrx_word' id='word_1_13' title='bbox 2107 431 2426 501; x_wconf 81' lang='grc' dir='ltr'>σπλάγχνοις</span> <span class='ocrx_word' id='word_1_14' title='bbox 2466 433 2750 501; x_wconf 76' lang='grc' dir='ltr'><strong>τυγχάνον,</strong></span> <span class='ocrx_word' id='word_1_15' title='bbox 2798 430 2878 484; x_wconf 79' lang='grc' dir='ltr'>ἔτι</span> <span class='ocrx_word' id='word_1_16' title='bbox 2909 430 3299 503; x_wconf 79' lang='grc' dir='ltr'><strong>ἀδιάρθρωτον,</strong></span> <span class='ocrx_word' id='word_1_17' title='bbox 3337 431 3366 484; x_wconf 81' lang='grc' dir='ltr'><strong>ὃ</strong></span> <span class='ocrx_word' id='word_1_18' title='bbox 3407 434 3502 487; x_wconf 71' lang='grc' dir='ltr'>καὶ</span> <span class='ocrx_word' id='word_1_19' title='bbox 3542 435 3669 506; x_wconf 74' lang='grc' dir='ltr'>μηδ’</span> 
     </span>
    </p>
   </div>
   <div class='ocr_carea' id='block_1_5' title="bbox 419 522 1995 597">
    <p class='ocr_par' dir='ltr' id='par_1_5' title="bbox 419 522 1995 597">
     <span class='ocr_line' id='line_1_5' title="bbox 419 522 1995 597; baseline -0.004 -15"><span class='ocrx_word' id='word_1_20' title='bbox 419 528 628 592; x_wconf 82' lang='lat' dir='ltr'><strong>formis,</strong></span> <span class='ocrx_word' id='word_1_21' title='bbox 659 526 753 597; x_wconf 87' lang='lat' dir='ltr'><strong>qui</strong></span> <span class='ocrx_word' id='word_1_22' title='bbox 780 534 1003 595; x_wconf 86' lang='lat' dir='ltr'><strong>prepter</strong></span> <span class='ocrx_word' id='word_1_23' title='bbox 1028 525 1283 580; x_wconf 77' lang='lat' dir='ltr'><strong>fortuitos</strong></span> <span class='ocrx_word' id='word_1_24' title='bbox 1314 530 1524 578; x_wconf 72' lang='lat' dir='ltr'><strong>natura:</strong></span> <span class='ocrx_word' id='word_1_25' title='bbox 1551 522 1777 579; x_wconf 88' lang='lat' dir='ltr'><strong>abortus</strong></span> <span class='ocrx_word' id='word_1_26' title='bbox 1809 523 1995 577; x_wconf 87' lang='lat' dir='ltr'><strong>nullus</strong></span> 
     </span>
    </p>
   </div>
   <div class='ocr_carea' id='block_1_6' title="bbox 419 615 1996 686">
    <p class='ocr_par' dir='ltr' id='par_1_6' title="bbox 419 615 1996 686">
     <span class='ocr_line' id='line_1_6' title="bbox 419 615 1996 686; baseline -0.003 -12"><span class='ocrx_word' id='word_1_27' title='bbox 419 627 699 683; x_wconf 77' lang='lat' dir='ltr'><strong>censetur,</strong></span> <span class='ocrx_word' id='word_1_28' title='bbox 731 618 824 686; x_wconf 91' lang='lat' dir='ltr'><strong>qui</strong></span> <span class='ocrx_word' id='word_1_29' title='bbox 871 617 1112 673; x_wconf 88' lang='lat' dir='ltr'><strong>nondum</strong></span> <span class='ocrx_word' id='word_1_30' title='bbox 1143 615 1444 686; x_wconf 84' lang='lat' dir='ltr'><strong>quidquam</strong></span> <span class='ocrx_word' id='word_1_31' title='bbox 1491 624 1596 680; x_wconf 92' lang='lat' dir='ltr'><strong>est,</strong></span> <span class='ocrx_word' id='word_1_32' title='bbox 1630 630 1734 670; x_wconf 89' lang='lat' dir='ltr'><strong>nec</strong></span> <span class='ocrx_word' id='word_1_33' title='bbox 1781 623 1996 670; x_wconf 88' lang='lat' dir='ltr'><strong>certum</strong></span> 
     </span>
    </p>
   </div>
   <div class='ocr_carea' id='block_1_7' title="bbox 419 702 1997 779">
    <p class='ocr_par' dir='ltr' id='par_1_7' title="bbox 419 702 1997 779">
     <span class='ocr_line' id='line_1_7' title="bbox 419 702 1997 779; baseline -0.004 -17"><span class='ocrx_word' id='word_1_34' title='bbox 419 708 567 779; x_wconf 89' lang='lat' dir='ltr'><strong>quod</strong></span> <span class='ocrx_word' id='word_1_35' title='bbox 621 707 843 762; x_wconf 74' lang='lat' dir='ltr'><strong>futurus</strong></span> <span class='ocrx_word' id='word_1_36' title='bbox 901 707 990 763; x_wconf 91' lang='lat' dir='ltr'><strong>sit.</strong></span> <span class='ocrx_word' id='word_1_37' title='bbox 1041 704 1156 759; x_wconf 83' lang='lat' dir='ltr'><strong>Hoc</strong></span> <span class='ocrx_word' id='word_1_38' title='bbox 1210 719 1377 774; x_wconf 92' lang='lat' dir='ltr'><strong>porro</strong></span> <span class='ocrx_word' id='word_1_39' title='bbox 1432 702 1759 758; x_wconf 85' lang='lat' dir='ltr'><strong>miraculum</strong></span> <span class='ocrx_word' id='word_1_40' title='bbox 1820 704 1997 773; x_wconf 82' lang='lat' dir='ltr'><strong>majus</strong></span> 
     </span>
    </p>
   </div>
   <div class='ocr_carea' id='block_1_8' title="bbox 420 794 1993 871">
    <p class='ocr_par' dir='ltr' id='par_1_8' title="bbox 420 794 1993 871">
     <span class='ocr_line' id='line_1_8' title="bbox 420 794 1993 871; baseline -0.006 -15"><span class='ocrx_word' id='word_1_41' title='bbox 420 816 589 871; x_wconf 89' lang='lat' dir='ltr'><strong>quam</strong></span> <span class='ocrx_word' id='word_1_42' title='bbox 632 808 693 855; x_wconf 89' lang='lat' dir='ltr'><strong>ut</strong></span> <span class='ocrx_word' id='word_1_43' title='bbox 725 800 958 862; x_wconf 82' lang='lat' dir='ltr'><strong>ratione,</strong></span> <span class='ocrx_word' id='word_1_44' title='bbox 986 797 1192 861; x_wconf 90' lang='lat' dir='ltr'><strong>animo,</strong></span> <span class='ocrx_word' id='word_1_45' title='bbox 1230 811 1296 850; x_wconf 91' lang='lat' dir='ltr'><strong>ac</strong></span> <span class='ocrx_word' id='word_1_46' title='bbox 1341 796 1595 850; x_wconf 85' lang='lat' dir='ltr'><strong>sensibus</strong></span> <span class='ocrx_word' id='word_1_47' title='bbox 1634 794 1993 864; x_wconf 83' lang='lat' dir='ltr'><strong>percipiatur,</strong></span> 
     </span>
    </p>
   </div>
   <div class='ocr_carea' id='block_1_9' title="bbox 421 887 1600 964">
    <p class='ocr_par' dir='ltr' id='par_1_9' title="bbox 421 887 1600 964">
     <span class='ocr_line' id='line_1_9' title="bbox 421 887 1600 964; baseline -0.008 -16"><span class='ocrx_word' id='word_1_48' title='bbox 421 893 660 964; x_wconf 90' lang='lat' dir='ltr'><strong>quodam</strong></span> <span class='ocrx_word' id='word_1_49' title='bbox 690 890 854 945; x_wconf 93' lang='lat' dir='ltr'><strong>modo</strong></span> <span class='ocrx_word' id='word_1_50' title='bbox 891 904 960 943; x_wconf 77' lang='lat' dir='ltr'><strong>ex</strong></span> <span class='ocrx_word' id='word_1_51' title='bbox 989 889 1270 958; x_wconf 87' lang='lat' dir='ltr'><strong>insperato</strong></span> <span class='ocrx_word' id='word_1_52' title='bbox 1291 887 1470 942; x_wconf 91' lang='lat' dir='ltr'><strong>visum</strong></span> <span class='ocrx_word' id='word_1_53' title='bbox 1495 893 1600 940; x_wconf 89' lang='lat' dir='ltr'><strong>est.</strong></span> 
     </span>
    </p>
   </div>
   <div class='ocr_carea' id='block_1_10' title="bbox 492 975 1996 1051">
    <p class='ocr_par' dir='ltr' id='par_1_10' title="bbox 492 975 1996 1051">
     <span class='ocr_line' id='line_1_10' title="bbox 492 975 1996 1051; baseline -0.005 -14"><span class='ocrx_word' id='word_1_54' title='bbox 492 982 633 1049; x_wconf 84' lang='lat' dir='ltr'><strong>Quid</strong></span> <span class='ocrx_word' id='word_1_55' title='bbox 665 981 843 1037; x_wconf 84' lang='lat' dir='ltr'><strong>dicam</strong></span> <span class='ocrx_word' id='word_1_56' title='bbox 870 980 937 1034; x_wconf 90' lang='lat' dir='ltr'><strong>de</strong></span> <span class='ocrx_word' id='word_1_57' title='bbox 965 987 1115 1034; x_wconf 86' lang='lat' dir='ltr'><strong>tanta</strong></span> <span class='ocrx_word' id='word_1_58' title='bbox 1143 978 1346 1051; x_wconf 84' lang='lat' dir='ltr'><strong>gratia,</strong></span> <span class='ocrx_word' id='word_1_59' title='bbox 1379 993 1543 1048; x_wconf 88' lang='lat' dir='ltr'><strong>quam</strong></span> <span class='ocrx_word' id='word_1_60' title='bbox 1577 975 1814 1047; x_wconf 87' lang='lat' dir='ltr'><strong>accepit,</strong></span> <span class='ocrx_word' id='word_1_61' title='bbox 1845 990 1996 1046; x_wconf 67' lang='lat' dir='ltr'><strong>qure-</strong></span> 
     </span>
    </p>
   </div>
   <div class='ocr_carea' id='block_1_11' title="bbox 422 1068 1996 1145">
    <p class='ocr_par' dir='ltr' id='par_1_11' title="bbox 422 1068 1996 1145">
     <span class='ocr_line' id='line_1_11' title="bbox 422 1068 1996 1145; baseline -0.005 -15"><span class='ocrx_word' id='word_1_62' title='bbox 422 1090 530 1145; x_wconf 89' lang='lat' dir='ltr'><strong>que</strong></span> <span class='ocrx_word' id='word_1_63' title='bbox 560 1074 661 1129; x_wconf 82' lang='lat' dir='ltr'><strong>fuit</strong></span> <span class='ocrx_word' id='word_1_64' title='bbox 688 1074 915 1127; x_wconf 69' lang='lat' dir='ltr'><strong>insueta:</strong></span> <span class='ocrx_word' id='word_1_65' title='bbox 938 1072 1087 1126; x_wconf 89' lang='lat' dir='ltr'><strong>illius</strong></span> <span class='ocrx_word' id='word_1_66' title='bbox 1113 1070 1497 1127; x_wconf 77' lang='lat' dir='ltr'><strong>exsultationis</strong></span> <span class='ocrx_word' id='word_1_67' title='bbox 1531 1084 1717 1134; x_wconf 88' lang='lat' dir='ltr'><strong>causa,</strong></span> <span class='ocrx_word' id='word_1_68' title='bbox 1748 1079 1804 1123; x_wconf 91' lang='lat' dir='ltr'><strong>et</strong></span> <span class='ocrx_word' id='word_1_69' title='bbox 1828 1068 1996 1122; x_wconf 89' lang='lat' dir='ltr'><strong>mira-</strong></span> 
     </span>
    </p>
   </div>
   <div class='ocr_carea' id='block_1_12' title="bbox 423 1158 1999 1232">
    <p class='ocr_par' dir='ltr' id='par_1_12' title="bbox 423 1158 1999 1232">
     <span class='ocr_line' id='line_1_12' title="bbox 423 1158 1999 1232; baseline -0.006 -13"><span class='ocrx_word' id='word_1_70' title='bbox 423 1165 674 1220; x_wconf 82' lang='lat' dir='ltr'><strong>culorum</strong></span> <span class='ocrx_word' id='word_1_71' title='bbox 720 1162 1064 1232; x_wconf 69' lang='lat' dir='ltr'><strong>praanuntia?</strong></span> <span class='ocrx_word' id='word_1_72' title='bbox 1093 1160 1460 1226; x_wconf 86' lang='lat' dir='ltr'><strong>Quamobrem</strong></span> <span class='ocrx_word' id='word_1_73' title='bbox 1502 1158 1687 1213; x_wconf 82' lang='lat' dir='ltr'><strong>omnia</strong></span> <span class='ocrx_word' id='word_1_74' title='bbox 1734 1158 1999 1213; x_wconf 86' lang='lat' dir='ltr'><strong>miracula</strong></span> 
     </span>
    </p>
   </div>
   <div class='ocr_carea' id='block_1_13' title="bbox 421 1251 2000 1326">
    <p class='ocr_par' dir='ltr' id='par_1_13' title="bbox 421 1251 2000 1326">
     <span class='ocr_line' id='line_1_13' title="bbox 421 1251 2000 1326; baseline -0.006 -14"><span class='ocrx_word' id='word_1_75' title='bbox 421 1271 682 1326; x_wconf 86' lang='lat' dir='ltr'><strong>superare</strong></span> <span class='ocrx_word' id='word_1_76' title='bbox 713 1255 849 1310; x_wconf 89' lang='lat' dir='ltr'><strong>mihi</strong></span> <span class='ocrx_word' id='word_1_77' title='bbox 876 1254 1095 1309; x_wconf 87' lang='lat' dir='ltr'><strong>videtur</strong></span> <span class='ocrx_word' id='word_1_78' title='bbox 1119 1253 1225 1307; x_wconf 90' lang='lat' dir='ltr'><strong>hoc</strong></span> <span class='ocrx_word' id='word_1_79' title='bbox 1256 1251 1612 1316; x_wconf 85' lang='lat' dir='ltr'><strong>miraculum,</strong></span> <span class='ocrx_word' id='word_1_80' title='bbox 1640 1257 1697 1306; x_wconf 93' lang='lat' dir='ltr'><strong>et</strong></span> <span class='ocrx_word' id='word_1_81' title='bbox 1731 1264 1851 1305; x_wconf 90' lang='lat' dir='ltr'><strong>esse</strong></span> <span class='ocrx_word' id='word_1_82' title='bbox 1883 1264 2000 1303; x_wconf 89' lang='lat' dir='ltr'><strong>om-</strong></span> 
     </span>
    </p>
   </div>
   <div class='ocr_carea' id='block_1_14' title="bbox 420 1340 1996 1415">
    <p class='ocr_par' dir='ltr' id='par_1_14' title="bbox 420 1340 1996 1415">
     <span class='ocr_line' id='line_1_14' title="bbox 420 1340 1996 1415; baseline -0.004 -15"><span class='ocrx_word' id='word_1_83' title='bbox 420 1347 596 1411; x_wconf 89' lang='lat' dir='ltr'><strong>nium,</strong></span> <span class='ocrx_word' id='word_1_84' title='bbox 647 1360 769 1415; x_wconf 62' lang='lat' dir='ltr'><strong>quae</strong></span> <span class='ocrx_word' id='word_1_85' title='bbox 810 1344 953 1399; x_wconf 83' lang='lat' dir='ltr'><strong>facta</strong></span> <span class='ocrx_word' id='word_1_86' title='bbox 997 1342 1222 1408; x_wconf 82' lang='lat' dir='ltr'><strong>fuerint,</strong></span> <span class='ocrx_word' id='word_1_87' title='bbox 1269 1341 1507 1396; x_wconf 74' lang='lat' dir='ltr'><strong>maxime</strong></span> <span class='ocrx_word' id='word_1_88' title='bbox 1547 1340 1931 1395; x_wconf 90' lang='lat' dir='ltr'><strong>admirandum</strong></span> <span class='ocrx_word' id='word_1_89' title='bbox 1982 1355 1996 1393; x_wconf 72' lang='grc' dir='ltr'><strong>ι</strong></span> 
     </span>
    </p>
   </div>
   <div class='ocr_carea' id='block_1_15' title="bbox 422 1432 2000 1502">
    <p class='ocr_par' dir='ltr' id='par_1_15' title="bbox 422 1432 2000 1502">
     <span class='ocr_line' id='line_1_15' title="bbox 422 1432 2000 1502; baseline -0.004 -10"><span class='ocrx_word' id='word_1_90' title='bbox 422 1452 642 1492; x_wconf 90' lang='lat' dir='ltr'><strong>omnem</strong></span> <span class='ocrx_word' id='word_1_91' title='bbox 674 1438 822 1491; x_wconf 89' lang='lat' dir='ltr'><strong>enim</strong></span> <span class='ocrx_word' id='word_1_92' title='bbox 846 1446 1178 1501; x_wconf 85' lang='lat' dir='ltr'><strong>creaturam,</strong></span> <span class='ocrx_word' id='word_1_93' title='bbox 1209 1434 1323 1489; x_wconf 85' lang='lat' dir='ltr'><strong>sive</strong></span> <span class='ocrx_word' id='word_1_94' title='bbox 1350 1433 1712 1498; x_wconf 88' lang='lat' dir='ltr'><strong>materialem,</strong></span> <span class='ocrx_word' id='word_1_95' title='bbox 1743 1433 1859 1487; x_wconf 84' lang='lat' dir='ltr'><strong>sive</strong></span> <span class='ocrx_word' id='word_1_96' title='bbox 1885 1432 2000 1502; x_wconf 83' lang='lat' dir='ltr'><strong>spi-</strong></span> 
     </span>
    </p>
   </div>
   <div class='ocr_carea' id='block_1_16' title="bbox 424 1522 2001 1593">
    <p class='ocr_par' dir='ltr' id='par_1_16' title="bbox 424 1522 2001 1593">
     <span class='ocr_line' id='line_1_16' title="bbox 424 1522 2001 1593; baseline -0.004 -11"><span class='ocrx_word' id='word_1_97' title='bbox 424 1528 703 1592; x_wconf 89' lang='lat' dir='ltr'><strong>ritualem,</strong></span> <span class='ocrx_word' id='word_1_98' title='bbox 729 1526 843 1582; x_wconf 86' lang='lat' dir='ltr'><strong>sive</strong></span> <span class='ocrx_word' id='word_1_99' title='bbox 898 1525 1198 1591; x_wconf 74' lang='lat' dir='ltr'><strong>cmlcstem,</strong></span> <span class='ocrx_word' id='word_1_100' title='bbox 1235 1525 1351 1580; x_wconf 85' lang='lat' dir='ltr'><strong>sive</strong></span> <span class='ocrx_word' id='word_1_101' title='bbox 1380 1532 1680 1588; x_wconf 88' lang='lat' dir='ltr'><strong>terrenam,</strong></span> <span class='ocrx_word' id='word_1_102' title='bbox 1722 1522 1904 1593; x_wconf 84' lang='lat' dir='ltr'><strong>rapuit</strong></span> <span class='ocrx_word' id='word_1_103' title='bbox 1943 1522 2001 1575; x_wconf 91' lang='lat' dir='ltr'><strong>in</strong></span> 
     </span>
    </p>
   </div>
   <div class='ocr_carea' id='block_1_17' title="bbox 424 1615 2001 1688">
    <p class='ocr_par' dir='ltr' id='par_1_17' title="bbox 424 1615 2001 1688">
     <span class='ocr_line' id='line_1_17' title="bbox 424 1615 2001 1688; baseline -0.002 -16"><span class='ocrx_word' id='word_1_104' title='bbox 424 1628 727 1688; x_wconf 89' lang='lat' dir='ltr'><strong>stuporem,</strong></span> <span class='ocrx_word' id='word_1_105' title='bbox 761 1628 822 1673; x_wconf 92' lang='lat' dir='ltr'><strong>ut</strong></span> <span class='ocrx_word' id='word_1_106' title='bbox 868 1618 1002 1673; x_wconf 81' lang='lat' dir='ltr'><strong>nihil</strong></span> <span class='ocrx_word' id='word_1_107' title='bbox 1053 1618 1123 1675; x_wconf 90' lang='lat' dir='ltr'><strong>sit</strong></span> <span class='ocrx_word' id='word_1_108' title='bbox 1174 1616 1525 1687; x_wconf 84' lang='lat' dir='ltr'><strong>quantumvis</strong></span> <span class='ocrx_word' id='word_1_109' title='bbox 1560 1616 1772 1671; x_wconf 77' lang='lat' dir='ltr'><strong>illustre</strong></span> <span class='ocrx_word' id='word_1_110' title='bbox 1797 1623 1852 1670; x_wconf 87' lang='lat' dir='ltr'><strong>et</strong></span> <span class='ocrx_word' id='word_1_111' title='bbox 1882 1615 2001 1669; x_wconf 75' lang='lat' dir='ltr'><strong>exi-</strong></span> 
     </span>
    </p>
   </div>
   <div class='ocr_carea' id='block_1_18' title="bbox 424 1709 1445 1779">
    <p class='ocr_par' dir='ltr' id='par_1_18' title="bbox 424 1709 1445 1779">
     <span class='ocr_line' id='line_1_18' title="bbox 424 1709 1445 1779; baseline 0.001 -15"><span class='ocrx_word' id='word_1_112' title='bbox 424 1710 619 1775; x_wconf 87' lang='lat' dir='ltr'><strong>mium,</strong></span> <span class='ocrx_word' id='word_1_113' title='bbox 652 1710 801 1779; x_wconf 90' lang='lat' dir='ltr'><strong>quod</strong></span> <span class='ocrx_word' id='word_1_114' title='bbox 826 1710 955 1764; x_wconf 86' lang='lat' dir='ltr'><strong>huic</strong></span> <span class='ocrx_word' id='word_1_115' title='bbox 982 1709 1219 1764; x_wconf 81' lang='lat' dir='ltr'><strong>conferri</strong></span> <span class='ocrx_word' id='word_1_116' title='bbox 1257 1715 1445 1779; x_wconf 84' lang='lat' dir='ltr'><strong>queat.</strong></span> 
     </span>
    </p>
   </div>
   <div class='ocr_carea' id='block_1_19' title="bbox 502 1791 2075 1872">
    <p class='ocr_par' dir='ltr' id='par_1_19' title="bbox 502 1791 2075 1872">
     <span class='ocr_line' id='line_1_19' title="bbox 502 1791 2075 1872; baseline -0.005 -16"><span class='ocrx_word' id='word_1_117' title='bbox 502 1801 775 1856; x_wconf 63' lang='lat' dir='ltr'><strong>Caeterum</strong></span> <span class='ocrx_word' id='word_1_118' title='bbox 830 1817 957 1856; x_wconf 92' lang='lat' dir='ltr'><strong>cum</strong></span> <span class='ocrx_word' id='word_1_119' title='bbox 1017 1801 1396 1871; x_wconf 59' lang='lat' dir='ltr'><strong>prmscriptum</strong></span> <span class='ocrx_word' id='word_1_120' title='bbox 1448 1800 1678 1872; x_wconf 87' lang='lat' dir='ltr'><strong>hujusce</strong></span> <span class='ocrx_word' id='word_1_121' title='bbox 1727 1798 2003 1855; x_wconf 85' lang='lat' dir='ltr'><strong>natalibus</strong></span> <span class='ocrx_word' id='word_1_122' title='bbox 2035 1791 2075 1848; x_wconf 87' lang='grc' dir='ltr'><strong><em>Β</em></strong></span> 
     </span>
    </p>
   </div>
   <div class='ocr_carea' id='block_1_20' title="bbox 428 1890 2004 1961">
    <p class='ocr_par' dir='ltr' id='par_1_20' title="bbox 428 1890 2004 1961">
     <span class='ocr_line' id='line_1_20' title="bbox 428 1890 2004 1961; baseline -0.001 -15"><span class='ocrx_word' id='word_1_123' title='bbox 428 1903 643 1961; x_wconf 90' lang='lat' dir='ltr'><strong>tempus</strong></span> <span class='ocrx_word' id='word_1_124' title='bbox 677 1891 919 1955; x_wconf 85' lang='lat' dir='ltr'><strong>advenit,</strong></span> <span class='ocrx_word' id='word_1_125' title='bbox 948 1900 1004 1946; x_wconf 91' lang='lat' dir='ltr'><strong>et</strong></span> <span class='ocrx_word' id='word_1_126' title='bbox 1033 1906 1203 1947; x_wconf 84' lang='lat' dir='ltr'><strong>suave</strong></span> <span class='ocrx_word' id='word_1_127' title='bbox 1257 1891 1394 1946; x_wconf 88' lang='lat' dir='ltr'><strong>illud</strong></span> <span class='ocrx_word' id='word_1_128' title='bbox 1423 1907 1565 1948; x_wconf 86' lang='lat' dir='ltr'><strong>onus</strong></span> <span class='ocrx_word' id='word_1_129' title='bbox 1603 1890 2004 1947; x_wconf 89' lang='lat' dir='ltr'><strong>admirabiliter</strong></span> 
     </span>
    </p>
   </div>
   <div class='ocr_carea' id='block_1_21' title="bbox 424 1982 2002 2053">
    <p class='ocr_par' dir='ltr' id='par_1_21' title="bbox 424 1982 2002 2053">
     <span class='ocr_line' id='line_1_21' title="bbox 424 1982 2002 2053; baseline -0.001 -17"><span class='ocrx_word' id='word_1_130' title='bbox 424 1983 585 2037; x_wconf 90' lang='lat' dir='ltr'><strong>solvit</strong></span> <span class='ocrx_word' id='word_1_131' title='bbox 612 1992 800 2051; x_wconf 89' lang='lat' dir='ltr'><strong>partus</strong></span> <span class='ocrx_word' id='word_1_132' title='bbox 822 1983 1061 2047; x_wconf 86' lang='lat' dir='ltr'><strong>dolores,</strong></span> <span class='ocrx_word' id='word_1_133' title='bbox 1081 1982 1174 2053; x_wconf 88' lang='lat' dir='ltr'><strong>qui</strong></span> <span class='ocrx_word' id='word_1_134' title='bbox 1209 1997 1321 2037; x_wconf 89' lang='lat' dir='ltr'><strong>non</strong></span> <span class='ocrx_word' id='word_1_135' title='bbox 1352 1982 1623 2038; x_wconf 90' lang='lat' dir='ltr'><strong>minorem</strong></span> <span class='ocrx_word' id='word_1_136' title='bbox 1646 1982 1847 2038; x_wconf 89' lang='lat' dir='ltr'><strong>mentis</strong></span> <span class='ocrx_word' id='word_1_137' title='bbox 1875 1997 2002 2051; x_wconf 90' lang='lat' dir='ltr'><strong>per-</strong></span> 
     </span>
    </p>
   </div>
   <div class='ocr_carea' id='block_1_22' title="bbox 427 2070 2006 2142">
    <p class='ocr_par' dir='ltr' id='par_1_22' title="bbox 427 2070 2006 2142">
     <span class='ocr_line' id='line_1_22' title="bbox 427 2070 2006 2142; baseline -0.003 -15"><span class='ocrx_word' id='word_1_138' title='bbox 427 2072 829 2138; x_wconf 86' lang='lat' dir='ltr'><strong>turbationem,</strong></span> <span class='ocrx_word' id='word_1_139' title='bbox 887 2087 1053 2142; x_wconf 89' lang='lat' dir='ltr'><strong>quam</strong></span> <span class='ocrx_word' id='word_1_140' title='bbox 1108 2072 1356 2128; x_wconf 84' lang='lat' dir='ltr'><strong>dolorem</strong></span> <span class='ocrx_word' id='word_1_141' title='bbox 1413 2072 1688 2137; x_wconf 67' lang='lat' dir='ltr'><strong>efferunt,</strong></span> <span class='ocrx_word' id='word_1_142' title='bbox 1743 2079 1800 2126; x_wconf 91' lang='lat' dir='ltr'><strong>et</strong></span> <span class='ocrx_word' id='word_1_143' title='bbox 1849 2070 2006 2126; x_wconf 85' lang='lat' dir='ltr'><strong>volu-</strong></span> 
     </span>
    </p>
   </div>
   <div class='ocr_carea' id='block_1_23' title="bbox 428 2161 2002 2233">
    <p class='ocr_par' dir='ltr' id='par_1_23' title="bbox 428 2161 2002 2233">
     <span class='ocr_line' id='line_1_23' title="bbox 428 2161 2002 2233; baseline -0.001 -17"><span class='ocrx_word' id='word_1_144' title='bbox 428 2164 591 2233; x_wconf 88' lang='lat' dir='ltr'><strong>ptatis</strong></span> <span class='ocrx_word' id='word_1_145' title='bbox 634 2179 857 2219; x_wconf 90' lang='lat' dir='ltr'><strong>usuram</strong></span> <span class='ocrx_word' id='word_1_146' title='bbox 891 2164 1145 2230; x_wconf 79' lang='lat' dir='ltr'><strong>solvunt;</strong></span> <span class='ocrx_word' id='word_1_147' title='bbox 1181 2178 1376 2218; x_wconf 88' lang='lat' dir='ltr'><strong>omnes</strong></span> <span class='ocrx_word' id='word_1_148' title='bbox 1416 2163 1620 2218; x_wconf 86' lang='lat' dir='ltr'><strong>licebat</strong></span> <span class='ocrx_word' id='word_1_149' title='bbox 1654 2161 1873 2228; x_wconf 87' lang='lat' dir='ltr'><strong>videre,</strong></span> <span class='ocrx_word' id='word_1_150' title='bbox 1907 2161 2002 2231; x_wconf 89' lang='lat' dir='ltr'><strong>qui</strong></span> 
     </span>
    </p>
   </div>
   <div class='ocr_carea' id='block_1_24' title="bbox 427 2253 2003 2326">
    <p class='ocr_par' dir='ltr' id='par_1_24' title="bbox 427 2253 2003 2326">
     <span class='ocr_line' id='line_1_24' title="bbox 427 2253 2003 2326; baseline -0.001 -18"><span class='ocrx_word' id='word_1_151' title='bbox 427 2270 597 2323; x_wconf 89' lang='lat' dir='ltr'><strong>puero</strong></span> <span class='ocrx_word' id='word_1_152' title='bbox 638 2271 828 2309; x_wconf 88' lang='lat' dir='ltr'><strong>recens</strong></span> <span class='ocrx_word' id='word_1_153' title='bbox 854 2263 985 2309; x_wconf 87' lang='lat' dir='ltr'><strong>nato</strong></span> <span class='ocrx_word' id='word_1_154' title='bbox 1013 2255 1425 2325; x_wconf 79' lang='lat' dir='ltr'><strong>gratularentur</strong></span> <span class='ocrx_word' id='word_1_155' title='bbox 1444 2295 1458 2322; x_wconf 90' lang='lat'><strong>,</strong></span> <span class='ocrx_word' id='word_1_156' title='bbox 1480 2254 1592 2326; x_wconf 66' lang='grc'><strong>94</strong></span> <span class='ocrx_word' id='word_1_157' title='bbox 1610 2263 1665 2311; x_wconf 88' lang='lat' dir='ltr'><strong>et</strong></span> <span class='ocrx_word' id='word_1_158' title='bbox 1702 2254 1758 2309; x_wconf 88' lang='lat' dir='ltr'><strong>in</strong></span> <span class='ocrx_word' id='word_1_159' title='bbox 1785 2253 2003 2309; x_wconf 85' lang='lat' dir='ltr'><strong>laudem</strong></span> 
     </span>
    </p>
   </div>
   <div class='ocr_carea' id='block_1_25' title="bbox 426 2345 2002 2417">
    <p class='ocr_par' dir='ltr' id='par_1_25' title="bbox 426 2345 2002 2417">
     <span class='ocr_line' id='line_1_25' title="bbox 426 2345 2002 2417; baseline 0.003 -19"><span class='ocrx_word' id='word_1_160' title='bbox 426 2345 650 2402; x_wconf 79' lang='lat' dir='ltr'><strong>infantis</strong></span> <span class='ocrx_word' id='word_1_161' title='bbox 694 2345 1017 2417; x_wconf 84' lang='lat' dir='ltr'><strong>prodeuntis</strong></span> <span class='ocrx_word' id='word_1_162' title='bbox 1051 2346 1106 2400; x_wconf 90' lang='lat' dir='ltr'><strong>in</strong></span> <span class='ocrx_word' id='word_1_163' title='bbox 1151 2346 1352 2412; x_wconf 89' lang='lat' dir='ltr'><strong>lucem,</strong></span> <span class='ocrx_word' id='word_1_164' title='bbox 1393 2346 1635 2417; x_wconf 76' lang='lat' dir='ltr'><strong>linguam</strong></span> <span class='ocrx_word' id='word_1_165' title='bbox 1703 2346 2002 2402; x_wconf 88' lang='lat' dir='ltr'><strong>solverent.</strong></span> 
     </span>
    </p>
   </div>
   <div class='ocr_carea' id='block_1_26' title="bbox 494 2459 2004 2531">
    <p class='ocr_par' dir='ltr' id='par_1_26' title="bbox 494 2459 2004 2531">
     <span class='ocr_line' id='line_1_26' title="bbox 494 2459 2004 2531; baseline -0.001 -16"><span class='ocrx_word' id='word_1_166' title='bbox 494 2459 766 2526; x_wconf 83' lang='lat' dir='ltr'><strong>Quocirca</strong></span> <span class='ocrx_word' id='word_1_167' title='bbox 799 2460 1005 2531; x_wconf 85' lang='lat' dir='ltr'><strong>majore</strong></span> <span class='ocrx_word' id='word_1_168' title='bbox 1043 2462 1244 2531; x_wconf 86' lang='lat' dir='ltr'><strong>gaudio</strong></span> <span class='ocrx_word' id='word_1_169' title='bbox 1282 2462 1539 2531; x_wconf 80' lang='lat' dir='ltr'><strong>perfusus</strong></span> <span class='ocrx_word' id='word_1_170' title='bbox 1571 2460 1887 2525; x_wconf 86' lang='lat' dir='ltr'><strong>Zacharias,</strong></span> <span class='ocrx_word' id='word_1_171' title='bbox 1920 2459 2004 2514; x_wconf 91' lang='lat' dir='ltr'><strong>di-</strong></span> 
     </span>
    </p>
   </div>
   <div class='ocr_carea' id='block_1_27' title="bbox 424 2551 2006 2623">
    <p class='ocr_par' dir='ltr' id='par_1_27' title="bbox 424 2551 2006 2623">
     <span class='ocr_line' id='line_1_27' title="bbox 424 2551 2006 2623; baseline -0.001 -17"><span class='ocrx_word' id='word_1_172' title='bbox 424 2551 556 2606; x_wconf 88' lang='lat' dir='ltr'><strong>vino</strong></span> <span class='ocrx_word' id='word_1_173' title='bbox 593 2552 821 2607; x_wconf 89' lang='lat' dir='ltr'><strong>numine</strong></span> <span class='ocrx_word' id='word_1_174' title='bbox 858 2552 1033 2623; x_wconf 88' lang='lat' dir='ltr'><strong>magis</strong></span> <span class='ocrx_word' id='word_1_175' title='bbox 1075 2552 1311 2618; x_wconf 75' lang='lat' dir='ltr'><strong>amatur,</strong></span> <span class='ocrx_word' id='word_1_176' title='bbox 1340 2562 1397 2607; x_wconf 87' lang='lat' dir='ltr'><strong>et</strong></span> <span class='ocrx_word' id='word_1_177' title='bbox 1434 2553 1614 2607; x_wconf 90' lang='lat' dir='ltr'><strong>soluto</strong></span> <span class='ocrx_word' id='word_1_178' title='bbox 1652 2554 1850 2622; x_wconf 67' lang='lat' dir='ltr'><strong>lingua:</strong></span> <span class='ocrx_word' id='word_1_179' title='bbox 1884 2551 2006 2605; x_wconf 88' lang='lat' dir='ltr'><strong>vin-</strong></span> 
     </span>
    </p>
   </div>
   <div class='ocr_carea' id='block_1_28' title="bbox 426 2639 2003 2711">
    <p class='ocr_par' dir='ltr' id='par_1_28' title="bbox 426 2639 2003 2711">
     <span class='ocr_line' id='line_1_28' title="bbox 426 2639 2003 2711; baseline 0 -18"><span class='ocrx_word' id='word_1_180' title='bbox 426 2639 573 2706; x_wconf 84' lang='lat' dir='ltr'><strong>culo,</strong></span> <span class='ocrx_word' id='word_1_181' title='bbox 610 2641 767 2709; x_wconf 90' lang='lat' dir='ltr'><strong>pueri</strong></span> <span class='ocrx_word' id='word_1_182' title='bbox 803 2655 1154 2711; x_wconf 85' lang='lat' dir='ltr'><strong>progressum</strong></span> <span class='ocrx_word' id='word_1_183' title='bbox 1191 2642 1336 2695; x_wconf 88' lang='lat' dir='ltr'><strong>clara</strong></span> <span class='ocrx_word' id='word_1_184' title='bbox 1367 2649 1420 2696; x_wconf 92' lang='lat' dir='ltr'><strong>et</strong></span> <span class='ocrx_word' id='word_1_185' title='bbox 1451 2643 1739 2711; x_wconf 85' lang='lat' dir='ltr'><strong>plusquam</strong></span> <span class='ocrx_word' id='word_1_186' title='bbox 1765 2642 2003 2694; x_wconf 87' lang='lat' dir='ltr'><strong>humana</strong></span> 
     </span>
    </p>
   </div>
   <div class='ocr_carea' id='block_1_29' title="bbox 428 2733 2006 2806">
    <p class='ocr_par' dir='ltr' id='par_1_29' title="bbox 428 2733 2006 2806">
     <span class='ocr_line' id='line_1_29' title="bbox 428 2733 2006 2806; baseline 0.001 -18"><span class='ocrx_word' id='word_1_187' title='bbox 428 2734 444 2753; x_wconf 83' lang='lat'><strong><em>‘</em></strong></span> <span class='ocrx_word' id='word_1_188' title='bbox 470 2748 607 2788; x_wconf 88' lang='lat' dir='ltr'><strong>voce</strong></span> <span class='ocrx_word' id='word_1_189' title='bbox 640 2733 966 2802; x_wconf 73' lang='lat' dir='ltr'><strong>pmdieans,</strong></span> <span class='ocrx_word' id='word_1_190' title='bbox 1003 2734 1167 2806; x_wconf 87' lang='lat' dir='ltr'><strong>hujus</strong></span> <span class='ocrx_word' id='word_1_191' title='bbox 1198 2737 1429 2806; x_wconf 82' lang='lat' dir='ltr'><strong>gratiam</strong></span> <span class='ocrx_word' id='word_1_192' title='bbox 1469 2735 1731 2789; x_wconf 87' lang='lat' dir='ltr'><strong>omnibus</strong></span> <span class='ocrx_word' id='word_1_193' title='bbox 1775 2734 2006 2789; x_wconf 79' lang='lat' dir='ltr'><strong>manife-</strong></span> 
     </span>
    </p>
   </div>
   <div class='ocr_carea' id='block_1_30' title="bbox 427 2822 2005 2895">
    <p class='ocr_par' dir='ltr' id='par_1_30' title="bbox 427 2822 2005 2895">
     <span class='ocr_line' id='line_1_30' title="bbox 427 2822 2005 2895; baseline 0.001 -17"><span class='ocrx_word' id='word_1_194' title='bbox 427 2832 566 2878; x_wconf 85' lang='lat' dir='ltr'><strong>stam</strong></span> <span class='ocrx_word' id='word_1_195' title='bbox 593 2822 726 2878; x_wconf 82' lang='lat' dir='ltr'><strong>facit</strong></span> <span class='ocrx_word' id='word_1_196' title='bbox 752 2841 765 2874; x_wconf 89' lang='lat'><strong>:</strong></span> <span class='ocrx_word' id='word_1_197' title='bbox 791 2838 919 2879; x_wconf 90' lang='lat' dir='ltr'><strong>eum</strong></span> <span class='ocrx_word' id='word_1_198' title='bbox 960 2825 1106 2878; x_wconf 89' lang='lat' dir='ltr'><strong>enim</strong></span> <span class='ocrx_word' id='word_1_199' title='bbox 1149 2834 1205 2881; x_wconf 89' lang='lat' dir='ltr'><strong>et</strong></span> <span class='ocrx_word' id='word_1_200' title='bbox 1244 2826 1508 2881; x_wconf 81' lang='lat' dir='ltr'><strong>Altissimi</strong></span> <span class='ocrx_word' id='word_1_201' title='bbox 1557 2825 1905 2895; x_wconf 85' lang='lat' dir='ltr'><strong>prophetam,</strong></span> <span class='ocrx_word' id='word_1_202' title='bbox 1947 2832 2005 2879; x_wconf 91' lang='lat' dir='ltr'><strong>et</strong></span> 
     </span>
    </p>
   </div>
   <div class='ocr_carea' id='block_1_31' title="bbox 427 2915 2005 2985">
    <p class='ocr_par' dir='ltr' id='par_1_31' title="bbox 427 2915 2005 2985">
     <span class='ocr_line' id='line_1_31' title="bbox 427 2915 2005 2985; baseline -0.001 -16"><span class='ocrx_word' id='word_1_203' title='bbox 427 2928 820 2985; x_wconf 66' lang='lat' dir='ltr'><strong>prmcursorem</strong></span> <span class='ocrx_word' id='word_1_204' title='bbox 852 2915 1091 2981; x_wconf 87' lang='lat' dir='ltr'><strong>Domini,</strong></span> <span class='ocrx_word' id='word_1_205' title='bbox 1124 2924 1181 2971; x_wconf 90' lang='lat' dir='ltr'><strong>et</strong></span> <span class='ocrx_word' id='word_1_206' title='bbox 1224 2916 1391 2972; x_wconf 82' lang='lat' dir='ltr'><strong>Verbi</strong></span> <span class='ocrx_word' id='word_1_207' title='bbox 1424 2931 1635 2979; x_wconf 87' lang='lat' dir='ltr'><strong>vocem,</strong></span> <span class='ocrx_word' id='word_1_208' title='bbox 1662 2922 1719 2969; x_wconf 89' lang='lat' dir='ltr'><strong>et</strong></span> <span class='ocrx_word' id='word_1_209' title='bbox 1759 2915 1883 2970; x_wconf 90' lang='lat' dir='ltr'><strong>aliis</strong></span> <span class='ocrx_word' id='word_1_210' title='bbox 1932 2916 2005 2969; x_wconf 92' lang='lat' dir='ltr'><strong>ti-</strong></span> 
     </span>
    </p>
   </div>
   <div class='ocr_carea' id='block_1_32' title="bbox 429 3006 2005 3078">
    <p class='ocr_par' dir='ltr' id='par_1_32' title="bbox 429 3006 2005 3078">
     <span class='ocr_line' id='line_1_32' title="bbox 429 3006 2005 3078; baseline 0.002 -18"><span class='ocrx_word' id='word_1_211' title='bbox 429 3006 557 3061; x_wconf 82' lang='lat' dir='ltr'><strong>tulis</strong></span> <span class='ocrx_word' id='word_1_212' title='bbox 586 3007 1024 3077; x_wconf 77' lang='lat' dir='ltr'><strong>gratulabundus</strong></span> <span class='ocrx_word' id='word_1_213' title='bbox 1047 3009 1367 3078; x_wconf 81' lang='lat' dir='ltr'><strong>compellat;</strong></span> <span class='ocrx_word' id='word_1_214' title='bbox 1391 3007 1619 3063; x_wconf 83' lang='lat' dir='ltr'><strong>Joannis</strong></span> <span class='ocrx_word' id='word_1_215' title='bbox 1640 3022 1771 3062; x_wconf 85' lang='lat' dir='ltr'><strong>vero</strong></span> <span class='ocrx_word' id='word_1_216' title='bbox 1803 3022 2005 3063; x_wconf 89' lang='lat' dir='ltr'><strong>nomen</strong></span> 
     </span>
    </p>
   </div>
   <div class='ocr_carea' id='block_1_33' title="bbox 2096 516 3666 596">
    <p class='ocr_par' dir='ltr' id='par_1_33' title="bbox 2096 516 3666 596">
     <span class='ocr_line' id='line_1_33' title="bbox 2096 516 3666 596; baseline 0.003 -22"><span class='ocrx_word' id='word_1_217' title='bbox 2096 516 2234 575; x_wconf 79' lang='grc' dir='ltr'>εἷναί</span> <span class='ocrx_word' id='word_1_218' title='bbox 2265 540 2350 575; x_wconf 80' lang='grc' dir='ltr'><strong>πω</strong></span> <span class='ocrx_word' id='word_1_219' title='bbox 2369 522 2514 574; x_wconf 89' lang='grc' dir='ltr'><strong>δοκεί</strong></span> <span class='ocrx_word' id='word_1_220' title='bbox 2539 522 2626 574; x_wconf 70' lang='grc' dir='ltr'>διὰ</span> <span class='ocrx_word' id='word_1_221' title='bbox 2649 523 2715 575; x_wconf 83' lang='grc' dir='ltr'>τὰ</span> <span class='ocrx_word' id='word_1_222' title='bbox 2739 522 2838 591; x_wconf 79' lang='grc' dir='ltr'>τῆς</span> <span class='ocrx_word' id='word_1_223' title='bbox 2868 522 3083 591; x_wconf 87' lang='grc' dir='ltr'>φύσεως</span> <span class='ocrx_word' id='word_1_224' title='bbox 3115 523 3254 593; x_wconf 87' lang='grc' dir='ltr'>τάχα</span> <span class='ocrx_word' id='word_1_225' title='bbox 3282 523 3626 596; x_wconf 78' lang='grc' dir='ltr'>ἁμόλώματα</span> <span class='ocrx_word' id='word_1_226' title='bbox 3650 543 3666 560; x_wconf 78' lang='grc' dir='ltr'><strong><em>ο</em></strong></span> 
     </span>
    </p>
   </div>
   <div class='ocr_carea' id='block_1_34' title="bbox 2093 612 3674 685">
    <p class='ocr_par' dir='ltr' id='par_1_34' title="bbox 2093 612 3674 685">
     <span class='ocr_line' id='line_1_34' title="bbox 2093 612 3674 685; baseline 0.004 -19"><span class='ocrx_word' id='word_1_227' title='bbox 2093 614 2248 667; x_wconf 82' lang='grc' dir='ltr'>τοῦτο</span> <span class='ocrx_word' id='word_1_228' title='bbox 2298 613 2359 667; x_wconf 82' lang='grc' dir='ltr'>τὸ</span> <span class='ocrx_word' id='word_1_229' title='bbox 2408 613 2571 684; x_wconf 82' lang='grc' dir='ltr'>μηδὲν</span> <span class='ocrx_word' id='word_1_230' title='bbox 2609 612 2781 683; x_wconf 82' lang='grc' dir='ltr'><strong>δήπου</strong></span> <span class='ocrx_word' id='word_1_231' title='bbox 2813 613 2894 678; x_wconf 81' lang='grc' dir='ltr'>ὃν,</span> <span class='ocrx_word' id='word_1_232' title='bbox 2949 613 3072 684; x_wconf 77' lang='grc' dir='ltr'>μηδ’</span> <span class='ocrx_word' id='word_1_233' title='bbox 3109 616 3391 685; x_wconf 76' lang='grc' dir='ltr'>ἐμφαῖνον,</span> <span class='ocrx_word' id='word_1_234' title='bbox 3424 616 3454 670; x_wconf 82' lang='grc' dir='ltr'><strong>δ</strong></span> <span class='ocrx_word' id='word_1_235' title='bbox 3492 633 3545 670; x_wconf 91' lang='grc' dir='ltr'><strong>τι</strong></span> <span class='ocrx_word' id='word_1_236' title='bbox 3572 618 3674 672; x_wconf 74' lang='grc' dir='ltr'>καὶ</span> 
     </span>
    </p>
   </div>
   <div class='ocr_carea' id='block_1_35' title="bbox 2095 702 3670 782">
    <p class='ocr_par' dir='ltr' id='par_1_35' title="bbox 2095 702 3670 782">
     <span class='ocr_line' id='line_1_35' title="bbox 2095 702 3670 782; baseline 0.005 -27"><span class='ocrx_word' id='word_1_237' title='bbox 2095 702 2248 757; x_wconf 71' lang='grc' dir='ltr'>ἔσται</span> <span class='ocrx_word' id='word_1_238' title='bbox 2284 704 2423 773; x_wconf 79' lang='grc' dir='ltr'>ἄρα.</span> <span class='ocrx_word' id='word_1_239' title='bbox 2470 702 2628 755; x_wconf 82' lang='grc' dir='ltr'>τοῦτο</span> <span class='ocrx_word' id='word_1_240' title='bbox 2662 702 2849 774; x_wconf 78' lang='grc' dir='ltr'>θαῦμά</span> <span class='ocrx_word' id='word_1_241' title='bbox 2894 720 3012 768; x_wconf 88' lang='grc' dir='ltr'><strong>πως</strong></span> <span class='ocrx_word' id='word_1_242' title='bbox 3054 704 3227 774; x_wconf 82' lang='grc' dir='ltr'>ἄφνω,</span> <span class='ocrx_word' id='word_1_243' title='bbox 3267 706 3362 759; x_wconf 79' lang='grc' dir='ltr'>καὶ</span> <span class='ocrx_word' id='word_1_244' title='bbox 3401 705 3670 782; x_wconf 80' lang='grc' dir='ltr'>λογισμοῦ</span> 
     </span>
    </p>
   </div>
   <div class='ocr_carea' id='block_1_36' title="bbox 2097 794 3277 868">
    <p class='ocr_par' dir='ltr' id='par_1_36' title="bbox 2097 794 3277 868">
     <span class='ocr_line' id='line_1_36' title="bbox 2097 794 3277 868; baseline 0.005 -22"><span class='ocrx_word' id='word_1_245' title='bbox 2097 797 2365 865; x_wconf 86' lang='grc' dir='ltr'>κρεῖττον,</span> <span class='ocrx_word' id='word_1_246' title='bbox 2395 795 2488 848; x_wconf 79' lang='grc' dir='ltr'>καὶ</span> <span class='ocrx_word' id='word_1_247' title='bbox 2512 794 2623 860; x_wconf 83' lang='grc' dir='ltr'>νοῦ,</span> <span class='ocrx_word' id='word_1_248' title='bbox 2657 795 2750 849; x_wconf 73' lang='grc' dir='ltr'><strong>καὶ</strong></span> <span class='ocrx_word' id='word_1_249' title='bbox 2774 796 3077 867; x_wconf 71' lang='grc' dir='ltr'>αἰσθήσεων</span> <span class='ocrx_word' id='word_1_250' title='bbox 3100 796 3277 868; x_wconf 70' lang='grc' dir='ltr'>ὤφθη.</span> 
     </span>
    </p>
   </div>
   <div class='ocr_carea' id='block_1_37' title="bbox 2168 971 3676 1051">
    <p class='ocr_par' dir='ltr' id='par_1_37' title="bbox 2168 971 3676 1051">
     <span class='ocr_line' id='line_1_37' title="bbox 2168 971 3676 1051; baseline 0.009 -26"><span class='ocrx_word' id='word_1_251' title='bbox 2168 971 2279 1025; x_wconf 70' lang='grc' dir='ltr'><strong>Καὶ</strong></span> <span class='ocrx_word' id='word_1_252' title='bbox 2302 971 2439 1044; x_wconf 86' lang='grc' dir='ltr'>πρός</span> <span class='ocrx_word' id='word_1_253' title='bbox 2472 989 2533 1041; x_wconf 89' lang='grc' dir='ltr'><strong>γε</strong></span> <span class='ocrx_word' id='word_1_254' title='bbox 2569 973 2778 1039; x_wconf 81' lang='grc' dir='ltr'><strong>τούτοις</strong></span> <span class='ocrx_word' id='word_1_255' title='bbox 2812 975 2908 1030; x_wconf 63' lang='grc' dir='ltr'><strong>καὶ¹</strong></span> <span class='ocrx_word' id='word_1_256' title='bbox 2935 976 3098 1048; x_wconf 81' lang='grc' dir='ltr'>χάριν</span> <span class='ocrx_word' id='word_1_257' title='bbox 3130 978 3451 1051; x_wconf 80' lang='grc' dir='ltr'><strong>δεδεγμένον</strong></span> <span class='ocrx_word' id='word_1_258' title='bbox 3477 985 3676 1041; x_wconf 69' lang='grc' dir='ltr'>τοσαύ·</span> 
     </span>
    </p>
   </div>
   <div class='ocr_carea' id='block_1_38' title="bbox 2096 1064 3677 1149">
    <p class='ocr_par' dir='ltr' id='par_1_38' title="bbox 2096 1064 3677 1149">
     <span class='ocr_line' id='line_1_38' title="bbox 2096 1064 3677 1149; baseline 0.01 -35"><span class='ocrx_word' id='word_1_259' title='bbox 2096 1078 2214 1132; x_wconf 89' lang='grc' dir='ltr'>την,</span> <span class='ocrx_word' id='word_1_260' title='bbox 2247 1064 2369 1134; x_wconf 80' lang='grc' dir='ltr'>ἦτις</span> <span class='ocrx_word' id='word_1_261' title='bbox 2397 1065 2545 1135; x_wconf 80' lang='grc' dir='ltr'>αύτῷ</span> <span class='ocrx_word' id='word_1_262' title='bbox 2577 1065 2788 1135; x_wconf 87' lang='grc' dir='ltr'>γέγονε,</span> <span class='ocrx_word' id='word_1_263' title='bbox 2833 1068 2929 1121; x_wconf 81' lang='grc' dir='ltr'>καὶ</span> <span class='ocrx_word' id='word_1_264' title='bbox 2964 1069 3060 1123; x_wconf 79' lang='grc' dir='ltr'>τοῦ</span> <span class='ocrx_word' id='word_1_265' title='bbox 3102 1073 3407 1141; x_wconf 75' lang='grc' dir='ltr'><strong>παραδόξου</strong></span> <span class='ocrx_word' id='word_1_266' title='bbox 3449 1080 3677 1149; x_wconf 79' lang='grc' dir='ltr'>σκιρτήο</span> 
     </span>
    </p>
   </div>
   <div class='ocr_carea' id='block_1_39' title="bbox 2103 1156 3675 1240">
    <p class='ocr_par' dir='ltr' id='par_1_39' title="bbox 2103 1156 3675 1240">
     <span class='ocr_line' id='line_1_39' title="bbox 2103 1156 3675 1240; baseline 0.01 -33"><span class='ocrx_word' id='word_1_267' title='bbox 2103 1170 2268 1224; x_wconf 83' lang='grc' dir='ltr'><strong>ματος</strong></span> <span class='ocrx_word' id='word_1_268' title='bbox 2308 1156 2582 1228; x_wconf 82' lang='grc' dir='ltr'><strong>πρόξενος,</strong></span> <span class='ocrx_word' id='word_1_269' title='bbox 2615 1158 2709 1211; x_wconf 73' lang='grc' dir='ltr'><strong>καί</strong></span> <span class='ocrx_word' id='word_1_270' title='bbox 2737 1157 2845 1212; x_wconf 88' lang='grc' dir='ltr'><strong>τῶν</strong></span> <span class='ocrx_word' id='word_1_271' title='bbox 2873 1160 3165 1230; x_wconf 78' lang='grc' dir='ltr'>ὑπερφυῶν</span> <span class='ocrx_word' id='word_1_272' title='bbox 3201 1164 3426 1219; x_wconf 75' lang='grc' dir='ltr'><strong>ἐκείνων</strong></span> <span class='ocrx_word' id='word_1_273' title='bbox 3459 1170 3675 1240; x_wconf 84' lang='grc' dir='ltr'>προάγ-</span> 
     </span>
    </p>
   </div>
   <div class='ocr_carea' id='block_1_40' title="bbox 2098 1245 3675 1329">
    <p class='ocr_par' dir='ltr' id='par_1_40' title="bbox 2098 1245 3675 1329">
     <span class='ocr_line' id='line_1_40' title="bbox 2098 1245 3675 1329; baseline 0.011 -33"><span class='ocrx_word' id='word_1_274' title='bbox 2098 1245 2275 1313; x_wconf 87' lang='grc' dir='ltr'>γελος.</span> <span class='ocrx_word' id='word_1_275' title='bbox 2308 1246 2408 1299; x_wconf 87' lang='grc' dir='ltr'>Διὰ</span> <span class='ocrx_word' id='word_1_276' title='bbox 2444 1247 2617 1302; x_wconf 84' lang='grc' dir='ltr'>ταῦτά</span> <span class='ocrx_word' id='word_1_277' title='bbox 2648 1266 2736 1318; x_wconf 89' lang='grc' dir='ltr'><strong>μοι</strong></span> <span class='ocrx_word' id='word_1_278' title='bbox 2768 1251 2860 1304; x_wconf 80' lang='grc' dir='ltr'>καὶ</span> <span class='ocrx_word' id='word_1_279' title='bbox 2894 1250 2953 1305; x_wconf 83' lang='grc' dir='ltr'>τὸ</span> <span class='ocrx_word' id='word_1_280' title='bbox 2988 1251 3171 1323; x_wconf 85' lang='grc' dir='ltr'>θαῦμα</span> <span class='ocrx_word' id='word_1_281' title='bbox 3201 1253 3340 1326; x_wconf 84' lang='grc' dir='ltr'>ὑπὲρ</span> <span class='ocrx_word' id='word_1_282' title='bbox 3372 1256 3556 1329; x_wconf 77' lang='grc' dir='ltr'>θαῦμα</span> <span class='ocrx_word' id='word_1_283' title='bbox 3583 1261 3675 1315; x_wconf 79' lang='lat' dir='ltr'><strong>6o-</strong></span> 
     </span>
    </p>
   </div>
   <div class='ocr_carea' id='block_1_41' title="bbox 2102 1337 3673 1421">
    <p class='ocr_par' dir='ltr' id='par_1_41' title="bbox 2102 1337 3673 1421">
     <span class='ocr_line' id='line_1_41' title="bbox 2102 1337 3673 1421; baseline 0.011 -34"><span class='ocrx_word' id='word_1_284' title='bbox 2102 1337 2205 1402; x_wconf 89' lang='grc' dir='ltr'>κεῖ,</span> <span class='ocrx_word' id='word_1_285' title='bbox 2243 1338 2336 1391; x_wconf 76' lang='grc' dir='ltr'>καὶ</span> <span class='ocrx_word' id='word_1_286' title='bbox 2371 1338 2482 1391; x_wconf 91' lang='grc' dir='ltr'><strong>τῶν</strong></span> <span class='ocrx_word' id='word_1_287' title='bbox 2527 1339 2745 1393; x_wconf 81' lang='grc' dir='ltr'>πώποτε</span> <span class='ocrx_word' id='word_1_288' title='bbox 2785 1342 3167 1421; x_wconf 68' lang='grc' dir='ltr'><strong>γεγενημένων</strong></span> <span class='ocrx_word' id='word_1_289' title='bbox 3198 1346 3258 1399; x_wconf 75' lang='grc' dir='ltr'>τὸ</span> <span class='ocrx_word' id='word_1_290' title='bbox 3290 1346 3673 1417; x_wconf 80' lang='grc' dir='ltr'>θαυμαστότα-</span> 
     </span>
    </p>
   </div>
   <div class='ocr_carea' id='block_1_42' title="bbox 2101 1428 3675 1507">
    <p class='ocr_par' dir='ltr' id='par_1_42' title="bbox 2101 1428 3675 1507">
     <span class='ocr_line' id='line_1_42' title="bbox 2101 1428 3675 1507; baseline 0.01 -28"><span class='ocrx_word' id='word_1_291' title='bbox 2101 1442 2221 1480; x_wconf 86' lang='grc' dir='ltr'>τον·</span> <span class='ocrx_word' id='word_1_292' title='bbox 2255 1428 2414 1482; x_wconf 83' lang='grc' dir='ltr'>τοῦτο</span> <span class='ocrx_word' id='word_1_293' title='bbox 2446 1430 2554 1500; x_wconf 80' lang='grc' dir='ltr'><strong>γάρ</strong></span> <span class='ocrx_word' id='word_1_294' title='bbox 2593 1433 2738 1486; x_wconf 78' lang='grc' dir='ltr'>ἐστιν</span> <span class='ocrx_word' id='word_1_295' title='bbox 2768 1434 2796 1487; x_wconf 83' lang='grc' dir='ltr'><strong>ὃ</strong></span> <span class='ocrx_word' id='word_1_296' title='bbox 2822 1436 2916 1488; x_wconf 72' lang='grc' dir='ltr'><strong>καὶ</strong></span> <span class='ocrx_word' id='word_1_297' title='bbox 2939 1435 3132 1507; x_wconf 76' lang='grc' dir='ltr'>ὑλικὴν</span> <span class='ocrx_word' id='word_1_298' title='bbox 3161 1436 3342 1506; x_wconf 80' lang='grc' dir='ltr'>φύσιν,</span> <span class='ocrx_word' id='word_1_299' title='bbox 3371 1440 3467 1492; x_wconf 74' lang='grc' dir='ltr'><strong>καὶ</strong></span> <span class='ocrx_word' id='word_1_300' title='bbox 3488 1440 3675 1507; x_wconf 77' lang='grc' dir='ltr'>ἄῦλον,</span> 
     </span>
    </p>
   </div>
   <div class='ocr_carea' id='block_1_43' title="bbox 2103 1517 3676 1603">
    <p class='ocr_par' dir='ltr' id='par_1_43' title="bbox 2103 1517 3676 1603">
     <span class='ocr_line' id='line_1_43' title="bbox 2103 1517 3676 1603; baseline 0.01 -34"><span class='ocrx_word' id='word_1_301' title='bbox 2103 1517 2196 1570; x_wconf 75' lang='grc' dir='ltr'><strong>καὶ</strong></span> <span class='ocrx_word' id='word_1_302' title='bbox 2236 1518 2413 1571; x_wconf 82' lang='grc' dir='ltr'>κτίσιν</span> <span class='ocrx_word' id='word_1_303' title='bbox 2460 1521 2557 1589; x_wconf 81' lang='grc' dir='ltr'>τήν</span> <span class='ocrx_word' id='word_1_304' title='bbox 2595 1537 2653 1573; x_wconf 90' lang='grc' dir='ltr'><strong>τε</strong></span> <span class='ocrx_word' id='word_1_305' title='bbox 2694 1522 2807 1576; x_wconf 77' lang='grc' dir='ltr'>ἄνω</span> <span class='ocrx_word' id='word_1_306' title='bbox 2837 1526 3015 1579; x_wconf 83' lang='grc' dir='ltr'>πᾶσαν</span> <span class='ocrx_word' id='word_1_307' title='bbox 3055 1526 3152 1579; x_wconf 74' lang='grc' dir='ltr'>καὶ</span> <span class='ocrx_word' id='word_1_308' title='bbox 3203 1527 3302 1598; x_wconf 83' lang='grc' dir='ltr'>τὴν</span> <span class='ocrx_word' id='word_1_309' title='bbox 3349 1530 3500 1583; x_wconf 88' lang='grc' dir='ltr'>κάτω</span> <span class='ocrx_word' id='word_1_310' title='bbox 3539 1533 3676 1603; x_wconf 80' lang='grc' dir='ltr'>πρὸς</span> 
     </span>
    </p>
   </div>
   <div class='ocr_carea' id='block_1_44' title="bbox 2104 1608 3680 1687">
    <p class='ocr_par' dir='ltr' id='par_1_44' title="bbox 2104 1608 3680 1687">
     <span class='ocr_line' id='line_1_44' title="bbox 2104 1608 3680 1687; baseline 0.01 -25"><span class='ocrx_word' id='word_1_311' title='bbox 2104 1608 2367 1679; x_wconf 74' lang='grc' dir='ltr'>ἔκπληξιν</span> <span class='ocrx_word' id='word_1_312' title='bbox 2395 1612 2735 1683; x_wconf 83' lang='grc' dir='ltr'>ἀνεκίνησεν,</span> <span class='ocrx_word' id='word_1_313' title='bbox 2771 1615 2847 1678; x_wconf 84' lang='grc' dir='ltr'>ὡς</span> <span class='ocrx_word' id='word_1_314' title='bbox 2883 1616 3005 1686; x_wconf 79' lang='grc' dir='ltr'>μηδ’</span> <span class='ocrx_word' id='word_1_315' title='bbox 3040 1617 3187 1687; x_wconf 71' lang='grc' dir='ltr'>ἔχειν</span> <span class='ocrx_word' id='word_1_316' title='bbox 3223 1619 3387 1685; x_wconf 71' lang='grc' dir='ltr'>οὕτω,</span> <span class='ocrx_word' id='word_1_317' title='bbox 3436 1624 3529 1676; x_wconf 74' lang='grc' dir='ltr'>καὶ</span> <span class='ocrx_word' id='word_1_318' title='bbox 3569 1639 3680 1676; x_wconf 76' lang='grc' dir='ltr'>πα-</span> 
     </span>
    </p>
   </div>
   <div class='ocr_carea' id='block_1_45' title="bbox 2106 1697 3329 1776">
    <p class='ocr_par' dir='ltr' id='par_1_45' title="bbox 2106 1697 3329 1776">
     <span class='ocr_line' id='line_1_45' title="bbox 2106 1697 3329 1776; baseline 0.01 -27"><span class='ocrx_word' id='word_1_319' title='bbox 2106 1697 2391 1768; x_wconf 79' lang='grc' dir='ltr'>ραϐάλοιεν</span> <span class='ocrx_word' id='word_1_320' title='bbox 2427 1701 2488 1752; x_wconf 83' lang='grc' dir='ltr'>τὸ</span> <span class='ocrx_word' id='word_1_321' title='bbox 2516 1700 2656 1754; x_wconf 82' lang='grc' dir='ltr'>οὑτω</span> <span class='ocrx_word' id='word_1_322' title='bbox 2686 1703 2830 1773; x_wconf 88' lang='grc' dir='ltr'>μέγα</span> <span class='ocrx_word' id='word_1_323' title='bbox 2854 1706 2950 1758; x_wconf 75' lang='grc' dir='ltr'><strong>καὶ</strong></span> <span class='ocrx_word' id='word_1_324' title='bbox 2980 1706 3329 1776; x_wconf 73' lang='grc' dir='ltr'>ἐξοχώτατον.</span> 
     </span>
    </p>
   </div>
   <div class='ocr_carea' id='block_1_46' title="bbox 2187 1789 3680 1875">
    <p class='ocr_par' dir='ltr' id='par_1_46' title="bbox 2187 1789 3680 1875">
     <span class='ocr_line' id='line_1_46' title="bbox 2187 1789 3680 1875; baseline 0.011 -33"><span class='ocrx_word' id='word_1_325' title='bbox 2187 1789 2346 1844; x_wconf 79' lang='grc' dir='ltr'>Ἀλλὰ</span> <span class='ocrx_word' id='word_1_326' title='bbox 2375 1792 2482 1862; x_wconf 79' lang='grc' dir='ltr'><strong>γάρ</strong></span> <span class='ocrx_word' id='word_1_327' title='bbox 2503 1794 2623 1846; x_wconf 76' lang='grc' dir='ltr'>ἐπεὶ</span> <span class='ocrx_word' id='word_1_328' title='bbox 2646 1793 2830 1848; x_wconf 75' lang='grc' dir='ltr'>λοιπὸν</span> <span class='ocrx_word' id='word_1_329' title='bbox 2860 1797 2954 1849; x_wconf 77' lang='grc' dir='ltr'>καὶ</span> <span class='ocrx_word' id='word_1_330' title='bbox 2980 1799 3008 1850; x_wconf 91' lang='lat'><strong>6</strong></span> <span class='ocrx_word' id='word_1_331' title='bbox 3025 1800 3462 1870; x_wconf 75' lang='grc' dir='ltr'>ἀποτεταγμένος</span> <span class='ocrx_word' id='word_1_332' title='bbox 3488 1804 3680 1875; x_wconf 72' lang='grc' dir='ltr'>καιρὸς</span> 
     </span>
    </p>
   </div>
   <div class='ocr_carea' id='block_1_47' title="bbox 2105 1884 3683 1963">
    <p class='ocr_par' dir='ltr' id='par_1_47' title="bbox 2105 1884 3683 1963">
     <span class='ocr_line' id='line_1_47' title="bbox 2105 1884 3683 1963; baseline 0.01 -27"><span class='ocrx_word' id='word_1_333' title='bbox 2105 1886 2204 1953; x_wconf 85' lang='grc' dir='ltr'>τῆς</span> <span class='ocrx_word' id='word_1_334' title='bbox 2254 1884 2349 1938; x_wconf 81' lang='grc' dir='ltr'><strong>τοῦ</strong></span> <span class='ocrx_word' id='word_1_335' title='bbox 2382 1886 2701 1957; x_wconf 82' lang='grc' dir='ltr'>τηλικούτου</span> <span class='ocrx_word' id='word_1_336' title='bbox 2752 1892 3058 1962; x_wconf 82' lang='grc' dir='ltr'>γεννήσεως</span> <span class='ocrx_word' id='word_1_337' title='bbox 3102 1888 3228 1963; x_wconf 80' lang='grc' dir='ltr'>ἧκε,</span> <span class='ocrx_word' id='word_1_338' title='bbox 3266 1894 3363 1947; x_wconf 79' lang='grc' dir='ltr'>καὶ</span> <span class='ocrx_word' id='word_1_339' title='bbox 3411 1896 3441 1949; x_wconf 87' lang='lat'><strong>6</strong></span> <span class='ocrx_word' id='word_1_340' title='bbox 3473 1894 3683 1963; x_wconf 77' lang='grc' dir='ltr'>γλυκὺς</span> 
     </span>
    </p>
   </div>
   <div class='ocr_carea' id='block_1_48' title="bbox 2104 1971 3680 2055">
    <p class='ocr_par' dir='ltr' id='par_1_48' title="bbox 2104 1971 3680 2055">
     <span class='ocr_line' id='line_1_48' title="bbox 2104 1971 3680 2055; baseline 0.01 -27"><span class='ocrx_word' id='word_1_341' title='bbox 2104 1971 2256 2040; x_wconf 73' lang='grc' dir='ltr'>οὗτος</span> <span class='ocrx_word' id='word_1_342' title='bbox 2283 1978 2478 2048; x_wconf 85' lang='grc' dir='ltr'>φόρτος</span> <span class='ocrx_word' id='word_1_343' title='bbox 2504 1979 2604 2045; x_wconf 86' lang='grc' dir='ltr'>τὰς</span> <span class='ocrx_word' id='word_1_344' title='bbox 2632 1981 2828 2046; x_wconf 80' lang='grc' dir='ltr'>ὠδῖνας</span> <span class='ocrx_word' id='word_1_345' title='bbox 2857 1983 2976 2036; x_wconf 75' lang='grc' dir='ltr'>ἔλυε</span> <span class='ocrx_word' id='word_1_346' title='bbox 3006 1984 3346 2055; x_wconf 80' lang='grc' dir='ltr'>παραδόξως,</span> <span class='ocrx_word' id='word_1_347' title='bbox 3383 1987 3445 2040; x_wconf 79' lang='grc' dir='ltr'><strong>οὑ</strong></span> <span class='ocrx_word' id='word_1_348' title='bbox 3474 1988 3680 2043; x_wconf 85' lang='grc' dir='ltr'>λυπού-</span> 
     </span>
    </p>
   </div>
   <div class='ocr_carea' id='block_1_49' title="bbox 2107 2069 3680 2149">
    <p class='ocr_par' dir='ltr' id='par_1_49' title="bbox 2107 2069 3680 2149">
     <span class='ocr_line' id='line_1_49' title="bbox 2107 2069 3680 2149; baseline 0.008 -28"><span class='ocrx_word' id='word_1_349' title='bbox 2107 2084 2206 2130; x_wconf 88' lang='grc' dir='ltr'><strong>σας</strong></span> <span class='ocrx_word' id='word_1_350' title='bbox 2255 2069 2454 2139; x_wconf 81' lang='grc' dir='ltr'>μᾶλλον</span> <span class='ocrx_word' id='word_1_351' title='bbox 2500 2070 2532 2142; x_wconf 77' lang='grc' dir='ltr'>ἦ</span> <span class='ocrx_word' id='word_1_352' title='bbox 2578 2072 2945 2144; x_wconf 85' lang='grc' dir='ltr'>ἀφραινούσας</span> <span class='ocrx_word' id='word_1_353' title='bbox 2976 2074 3043 2137; x_wconf 83' lang='grc'><strong>⁸⁵,</strong></span> <span class='ocrx_word' id='word_1_354' title='bbox 3080 2075 3174 2128; x_wconf 80' lang='grc' dir='ltr'><strong>καὶ</strong></span> <span class='ocrx_word' id='word_1_355' title='bbox 3203 2076 3395 2148; x_wconf 81' lang='grc' dir='ltr'>ἡδονὴν</span> <span class='ocrx_word' id='word_1_356' title='bbox 3441 2079 3680 2149; x_wconf 75' lang='grc' dir='ltr'>ἄρρητον</span> 
     </span>
    </p>
   </div>
   <div class='ocr_carea' id='block_1_50' title="bbox 2105 2159 3681 2237">
    <p class='ocr_par' dir='ltr' id='par_1_50' title="bbox 2105 2159 3681 2237">
     <span class='ocr_line' id='line_1_50' title="bbox 2105 2159 3681 2237; baseline 0.007 -25"><span class='ocrx_word' id='word_1_357' title='bbox 2105 2159 2489 2230; x_wconf 82' lang='grc' dir='ltr'>προξενούσας,</span> <span class='ocrx_word' id='word_1_358' title='bbox 2520 2159 2588 2234; x_wconf 78' lang='grc' dir='ltr'>ἧν</span> <span class='ocrx_word' id='word_1_359' title='bbox 2622 2164 2748 2217; x_wconf 78' lang='grc' dir='ltr'>ἰδεῖν</span> <span class='ocrx_word' id='word_1_360' title='bbox 2778 2164 2986 2229; x_wconf 80' lang='grc' dir='ltr'>πάντας</span> <span class='ocrx_word' id='word_1_361' title='bbox 3016 2166 3109 2217; x_wconf 71' lang='grc' dir='ltr'>καὶ</span> <span class='ocrx_word' id='word_1_362' title='bbox 3136 2164 3211 2236; x_wconf 87' lang='grc' dir='ltr'>τῷ</span> <span class='ocrx_word' id='word_1_363' title='bbox 3238 2167 3482 2237; x_wconf 82' lang='grc' dir='ltr'>τεχθέντι</span> <span class='ocrx_word' id='word_1_364' title='bbox 3517 2170 3681 2224; x_wconf 78' lang='grc' dir='ltr'>εὑθυο</span> 
     </span>
    </p>
   </div>
   <div class='ocr_carea' id='block_1_51' title="bbox 2109 2249 3685 2329">
    <p class='ocr_par' dir='ltr' id='par_1_51' title="bbox 2109 2249 3685 2329">
     <span class='ocr_line' id='line_1_51' title="bbox 2109 2249 3685 2329; baseline 0.007 -28"><span class='ocrx_word' id='word_1_365' title='bbox 2109 2249 2431 2318; x_wconf 84' lang='grc' dir='ltr'>μουμένους,</span> <span class='ocrx_word' id='word_1_366' title='bbox 2457 2252 2551 2304; x_wconf 69' lang='grc' dir='ltr'><strong>καλ⁸</strong></span> <span class='ocrx_word' id='word_1_367' title='bbox 2576 2251 2826 2320; x_wconf 87' lang='grc' dir='ltr'>γλῶσσαν</span> <span class='ocrx_word' id='word_1_368' title='bbox 2857 2253 3102 2325; x_wconf 82' lang='grc' dir='ltr'>εὑφημον</span> <span class='ocrx_word' id='word_1_369' title='bbox 3132 2254 3210 2326; x_wconf 82' lang='grc' dir='ltr'>τῷ</span> <span class='ocrx_word' id='word_1_370' title='bbox 3238 2256 3318 2320; x_wconf 86' lang='grc' dir='ltr'><strong>είς</strong></span> <span class='ocrx_word' id='word_1_371' title='bbox 3347 2257 3461 2327; x_wconf 84' lang='grc' dir='ltr'><strong>φῶς</strong></span> <span class='ocrx_word' id='word_1_372' title='bbox 3491 2258 3685 2329; x_wconf 74' lang='grc' dir='ltr'>ἥκοντι</span> 
     </span>
    </p>
   </div>
   <div class='ocr_carea' id='block_1_52' title="bbox 2107 2340 2691 2412">
    <p class='ocr_par' dir='ltr' id='par_1_52' title="bbox 2107 2340 2691 2412">
     <span class='ocr_line' id='line_1_52' title="bbox 2107 2340 2691 2412; baseline 0.01 -20"><span class='ocrx_word' id='word_1_373' title='bbox 2107 2340 2304 2411; x_wconf 79' lang='grc' dir='ltr'>παιδίῳ</span> <span class='ocrx_word' id='word_1_374' title='bbox 2342 2343 2691 2412; x_wconf 78' lang='grc' dir='ltr'>ὲπαφιέντας.</span> 
     </span>
    </p>
   </div>
   <div class='ocr_carea' id='block_1_53' title="bbox 2176 2455 3682 2536">
    <p class='ocr_par' dir='ltr' id='par_1_53' title="bbox 2176 2455 3682 2536">
     <span class='ocr_line' id='line_1_53' title="bbox 2176 2455 3682 2536; baseline 0.007 -27"><span class='ocrx_word' id='word_1_375' title='bbox 2176 2455 2326 2526; x_wconf 83' lang='grc' dir='ltr'>Παρὸ</span> <span class='ocrx_word' id='word_1_376' title='bbox 2354 2456 2418 2528; x_wconf 79' lang='grc' dir='ltr'>δὴ</span> <span class='ocrx_word' id='word_1_377' title='bbox 2464 2458 2558 2511; x_wconf 74' lang='grc' dir='ltr'>καὶ</span> <span class='ocrx_word' id='word_1_378' title='bbox 2590 2460 2617 2511; x_wconf 88' lang='lat'><strong>6</strong></span> <span class='ocrx_word' id='word_1_379' title='bbox 2647 2460 2924 2530; x_wconf 77' lang='grc' dir='ltr'>Ζαχαρίας</span> <span class='ocrx_word' id='word_1_380' title='bbox 2965 2463 3224 2533; x_wconf 77' lang='grc' dir='ltr'>μειζόνως</span> <span class='ocrx_word' id='word_1_381' title='bbox 3267 2465 3366 2536; x_wconf 82' lang='grc' dir='ltr'>τῆς</span> <span class='ocrx_word' id='word_1_382' title='bbox 3415 2464 3682 2536; x_wconf 76' lang='grc' dir='ltr'>εὐθυμίας</span> 
     </span>
    </p>
   </div>
   <div class='ocr_carea' id='block_1_54' title="bbox 2108 2546 3684 2625">
    <p class='ocr_par' dir='ltr' id='par_1_54' title="bbox 2108 2546 3684 2625">
     <span class='ocr_line' id='line_1_54' title="bbox 2108 2546 3684 2625; baseline 0.008 -27"><span class='ocrx_word' id='word_1_383' title='bbox 2108 2546 2495 2618; x_wconf 73' lang='grc' dir='ltr'><strong>ὑποπλησθεὶς,</strong></span> <span class='ocrx_word' id='word_1_384' title='bbox 2533 2548 2717 2613; x_wconf 77' lang='grc' dir='ltr'>ἔνθους</span> <span class='ocrx_word' id='word_1_385' title='bbox 2748 2567 2808 2603; x_wconf 90' lang='grc' dir='ltr'><strong>τε</strong></span> <span class='ocrx_word' id='word_1_386' title='bbox 2839 2554 3047 2620; x_wconf 85' lang='grc' dir='ltr'>γίνεται</span> <span class='ocrx_word' id='word_1_387' title='bbox 3086 2555 3286 2625; x_wconf 78' lang='grc' dir='ltr'>μᾶλλον</span> <span class='ocrx_word' id='word_1_388' title='bbox 3307 2595 3322 2621; x_wconf 86' lang='grc'><strong>,</strong></span> <span class='ocrx_word' id='word_1_389' title='bbox 3353 2555 3448 2609; x_wconf 79' lang='grc' dir='ltr'>καὶ</span> <span class='ocrx_word' id='word_1_390' title='bbox 3477 2557 3567 2609; x_wconf 77' lang='grc' dir='ltr'><strong>τὸν</strong></span> <span class='ocrx_word' id='word_1_391' title='bbox 3596 2557 3684 2610; x_wconf 85' lang='grc' dir='ltr'>δε-</span> 
     </span>
    </p>
   </div>
   <div class='ocr_carea' id='block_1_55' title="bbox 2107 2638 3682 2720">
    <p class='ocr_par' dir='ltr' id='par_1_55' title="bbox 2107 2638 3682 2720">
     <span class='ocr_line' id='line_1_55' title="bbox 2107 2638 3682 2720; baseline 0.009 -30"><span class='ocrx_word' id='word_1_392' title='bbox 2107 2638 2243 2707; x_wconf 79' lang='grc' dir='ltr'>σμὸν</span> <span class='ocrx_word' id='word_1_393' title='bbox 2272 2638 2389 2692; x_wconf 87' lang='grc' dir='ltr'>λύει</span> <span class='ocrx_word' id='word_1_394' title='bbox 2426 2639 2524 2709; x_wconf 81' lang='grc' dir='ltr'>τῆς</span> <span class='ocrx_word' id='word_1_395' title='bbox 2556 2640 2821 2711; x_wconf 81' lang='grc' dir='ltr'>γλώττης,</span> <span class='ocrx_word' id='word_1_396' title='bbox 2854 2642 3084 2717; x_wconf 79' lang='grc' dir='ltr'>λαμπρᾷ</span> <span class='ocrx_word' id='word_1_397' title='bbox 3121 2646 3325 2720; x_wconf 82' lang='grc' dir='ltr'>δηλαδὴ</span> <span class='ocrx_word' id='word_1_398' title='bbox 3367 2649 3461 2701; x_wconf 75' lang='grc' dir='ltr'>καὶ</span> <span class='ocrx_word' id='word_1_399' title='bbox 3493 2649 3682 2704; x_wconf 74' lang='grc' dir='ltr'>ἐνθεα-</span> 
     </span>
    </p>
   </div>
   <div class='ocr_carea' id='block_1_56' title="bbox 2108 2730 3684 2812">
    <p class='ocr_par' dir='ltr' id='par_1_56' title="bbox 2108 2730 3684 2812">
     <span class='ocr_line' id='line_1_56' title="bbox 2108 2730 3684 2812; baseline 0.01 -31"><span class='ocrx_word' id='word_1_400' title='bbox 2108 2732 2264 2800; x_wconf 83' lang='grc' dir='ltr'>στικῇ</span> <span class='ocrx_word' id='word_1_401' title='bbox 2291 2732 2442 2802; x_wconf 74' lang='grc' dir='ltr'>φωνῇ</span> <span class='ocrx_word' id='word_1_402' title='bbox 2473 2730 2567 2784; x_wconf 80' lang='grc' dir='ltr'>τοῦ</span> <span class='ocrx_word' id='word_1_403' title='bbox 2602 2734 2792 2798; x_wconf 82' lang='grc' dir='ltr'>παιδὸς</span> <span class='ocrx_word' id='word_1_404' title='bbox 2837 2735 3122 2806; x_wconf 86' lang='grc' dir='ltr'>κηρύττων</span> <span class='ocrx_word' id='word_1_405' title='bbox 3151 2738 3247 2809; x_wconf 77' lang='grc' dir='ltr'>τὴν</span> <span class='ocrx_word' id='word_1_406' title='bbox 3279 2740 3536 2812; x_wconf 81' lang='grc' dir='ltr'>πρόοδον,</span> <span class='ocrx_word' id='word_1_407' title='bbox 3583 2742 3684 2797; x_wconf 69' lang='grc' dir='ltr'>καὶ</span> 
     </span>
    </p>
   </div>
   <div class='ocr_carea' id='block_1_57' title="bbox 2106 2820 3684 2906">
    <p class='ocr_par' dir='ltr' id='par_1_57' title="bbox 2106 2820 3684 2906">
     <span class='ocr_line' id='line_1_57' title="bbox 2106 2820 3684 2906; baseline 0.01 -34"><span class='ocrx_word' id='word_1_408' title='bbox 2106 2820 2241 2874; x_wconf 84' lang='grc' dir='ltr'>πᾶσι</span> <span class='ocrx_word' id='word_1_409' title='bbox 2288 2825 2571 2893; x_wconf 81' lang='grc' dir='ltr'>καταφανῆ</span> <span class='ocrx_word' id='word_1_410' title='bbox 2604 2824 2701 2895; x_wconf 82' lang='grc' dir='ltr'>τὴν</span> <span class='ocrx_word' id='word_1_411' title='bbox 2747 2825 2902 2879; x_wconf 80' lang='grc' dir='ltr'>τοῦδε</span> <span class='ocrx_word' id='word_1_412' title='bbox 2943 2828 3102 2898; x_wconf 86' lang='grc' dir='ltr'>χάριν</span> <span class='ocrx_word' id='word_1_413' title='bbox 3149 2829 3320 2885; x_wconf 88' lang='grc' dir='ltr'>ποιῶν</span> <span class='ocrx_word' id='word_1_414' title='bbox 3346 2844 3358 2860; x_wconf 87' lang='lat'><strong>&#39;</strong></span> <span class='ocrx_word' id='word_1_415' title='bbox 3395 2833 3684 2906; x_wconf 79' lang='grc' dir='ltr'>προφήτην</span> 
     </span>
    </p>
   </div>
   <div class='ocr_carea' id='block_1_58' title="bbox 2106 2911 3683 2989">
    <p class='ocr_par' dir='ltr' id='par_1_58' title="bbox 2106 2911 3683 2989">
     <span class='ocr_line' id='line_1_58' title="bbox 2106 2911 3683 2989; baseline 0.008 -26"><span class='ocrx_word' id='word_1_416' title='bbox 2106 2911 2214 2981; x_wconf 78' lang='grc' dir='ltr'><strong>γὰρ</strong></span> <span class='ocrx_word' id='word_1_417' title='bbox 2241 2911 2334 2965; x_wconf 75' lang='grc' dir='ltr'><strong>τοῦ</strong></span> <span class='ocrx_word' id='word_1_418' title='bbox 2385 2913 2664 2982; x_wconf 66' lang='grc' dir='ltr'>Ὑψίστου,</span> <span class='ocrx_word' id='word_1_419' title='bbox 2690 2916 2783 2968; x_wconf 75' lang='grc' dir='ltr'>καὶ</span> <span class='ocrx_word' id='word_1_420' title='bbox 2808 2917 3114 2989; x_wconf 85' lang='grc' dir='ltr'>πρόδρομον</span> <span class='ocrx_word' id='word_1_421' title='bbox 3138 2919 3233 2972; x_wconf 83' lang='grc' dir='ltr'><strong>τοῦ</strong></span> <span class='ocrx_word' id='word_1_422' title='bbox 3265 2922 3555 2987; x_wconf 84' lang='grc' dir='ltr'>Δεσπότου,</span> <span class='ocrx_word' id='word_1_423' title='bbox 3589 2923 3683 2977; x_wconf 76' lang='grc' dir='ltr'>καὶ</span> 
     </span>
    </p>
   </div>
   <div class='ocr_carea' id='block_1_59' title="bbox 2105 3003 3682 3085">
    <p class='ocr_par' dir='ltr' id='par_1_59' title="bbox 2105 3003 3682 3085">
     <span class='ocr_line' id='line_1_59' title="bbox 2105 3003 3682 3085; baseline 0.01 -31"><span class='ocrx_word' id='word_1_424' title='bbox 2105 3003 2199 3055; x_wconf 79' lang='grc' dir='ltr'>τοῦ</span> <span class='ocrx_word' id='word_1_425' title='bbox 2230 3005 2403 3073; x_wconf 86' lang='grc' dir='ltr'>Λόγου</span> <span class='ocrx_word' id='word_1_426' title='bbox 2436 3005 2638 3077; x_wconf 76' lang='grc' dir='ltr'>φωνὴν,</span> <span class='ocrx_word' id='word_1_427' title='bbox 2670 3009 2765 3061; x_wconf 72' lang='grc' dir='ltr'>καὶ</span> <span class='ocrx_word' id='word_1_428' title='bbox 2798 3009 2977 3063; x_wconf 82' lang='grc' dir='ltr'>πάντα</span> <span class='ocrx_word' id='word_1_429' title='bbox 3005 3010 3074 3063; x_wconf 77' lang='grc' dir='ltr'>τὰ</span> <span class='ocrx_word' id='word_1_430' title='bbox 3104 3011 3237 3065; x_wconf 77' lang='grc' dir='ltr'>ἄλλα</span> <span class='ocrx_word' id='word_1_431' title='bbox 3265 3011 3454 3066; x_wconf 83' lang='grc' dir='ltr'>τοῦτον</span> <span class='ocrx_word' id='word_1_432' title='bbox 3484 3015 3682 3085; x_wconf 73' lang='grc' dir='ltr'>ἐπιχα-</span> 
     </span>
    </p>
   </div>
   <div class='ocr_carea' id='block_1_60' title="bbox 428 3095 2006 3177">
    <p class='ocr_par' dir='ltr' id='par_1_60' title="bbox 428 3096 2005 3168">
     <span class='ocr_line' id='line_1_60' title="bbox 428 3096 2005 3168; baseline 0.002 -17"><span class='ocrx_word' id='word_1_433' title='bbox 428 3096 591 3152; x_wconf 89' lang='lat' dir='ltr'><strong>modo</strong></span> <span class='ocrx_word' id='word_1_434' title='bbox 639 3097 798 3166; x_wconf 89' lang='lat' dir='ltr'><strong>plane</strong></span> <span class='ocrx_word' id='word_1_435' title='bbox 860 3098 1065 3152; x_wconf 81' lang='lat' dir='ltr'><strong>eximio</strong></span> <span class='ocrx_word' id='word_1_436' title='bbox 1111 3099 1189 3153; x_wconf 85' lang='lat' dir='ltr'><strong>illi</strong></span> <span class='ocrx_word' id='word_1_437' title='bbox 1253 3099 1512 3153; x_wconf 82' lang='lat' dir='ltr'><strong>distincte</strong></span> <span class='ocrx_word' id='word_1_438' title='bbox 1574 3098 1828 3167; x_wconf 87' lang='lat' dir='ltr'><strong>imponit,</strong></span> <span class='ocrx_word' id='word_1_439' title='bbox 1883 3114 2005 3168; x_wconf 65' lang='lat' dir='ltr'><strong>quae</strong></span> 
     </span>
    </p>
   </div>
   <div class='ocr_carea' id='block_1_61' title="bbox 2107 3095 3685 3177">
    <p class='ocr_par' dir='ltr' id='par_1_61' title="bbox 2110 3095 3685 3176">
     <span class='ocr_line' id='line_1_61' title="bbox 2110 3095 3685 3176; baseline 0.008 -29"><span class='ocrx_word' id='word_1_440' title='bbox 2110 3095 2272 3167; x_wconf 87' lang='grc' dir='ltr'>ρίτως</span> <span class='ocrx_word' id='word_1_441' title='bbox 2326 3098 2608 3165; x_wconf 75' lang='grc' dir='ltr'>ἀποκαλεῖ,</span> <span class='ocrx_word' id='word_1_442' title='bbox 2671 3099 2861 3170; x_wconf 76' lang='grc' dir='ltr'>κλῆσιν</span> <span class='ocrx_word' id='word_1_443' title='bbox 2919 3118 2978 3154; x_wconf 90' lang='grc' dir='ltr'><strong>τε</strong></span> <span class='ocrx_word' id='word_1_444' title='bbox 3023 3097 3090 3155; x_wconf 80' lang='grc' dir='ltr'>αὖ</span> <span class='ocrx_word' id='word_1_445' title='bbox 3149 3104 3339 3157; x_wconf 86' lang='grc' dir='ltr'>τούτου</span> <span class='ocrx_word' id='word_1_446' title='bbox 3388 3105 3685 3176; x_wconf 83' lang='grc' dir='ltr'>ὑπερφυῶς</span> 
     </span>
    </p>
   </div>
   <div class='ocr_carea' id='block_1_62' title="bbox 427 3189 2009 3260">
    <p class='ocr_par' dir='ltr' id='par_1_62' title="bbox 427 3189 2009 3260">
     <span class='ocr_line' id='line_1_62' title="bbox 427 3189 2009 3260; baseline -0.001 -15"><span class='ocrx_word' id='word_1_447' title='bbox 427 3189 776 3260; x_wconf 86' lang='lat' dir='ltr'><strong>compellatio</strong></span> <span class='ocrx_word' id='word_1_448' title='bbox 825 3189 1045 3260; x_wconf 89' lang='lat' dir='ltr'><strong>populis</strong></span> <span class='ocrx_word' id='word_1_449' title='bbox 1088 3190 1342 3255; x_wconf 88' lang='lat' dir='ltr'><strong>salutem,</strong></span> <span class='ocrx_word' id='word_1_450' title='bbox 1373 3198 1425 3245; x_wconf 91' lang='lat' dir='ltr'><strong>et</strong></span> <span class='ocrx_word' id='word_1_451' title='bbox 1485 3191 1800 3244; x_wconf 78' lang='lat' dir='ltr'><strong>futurorum</strong></span> <span class='ocrx_word' id='word_1_452' title='bbox 1836 3190 2009 3245; x_wconf 86' lang='lat' dir='ltr'><strong>bono-</strong></span> 
     </span>
    </p>
   </div>
   <div class='ocr_carea' id='block_1_63' title="bbox 430 3280 1324 3352">
    <p class='ocr_par' dir='ltr' id='par_1_63' title="bbox 430 3280 1324 3352">
     <span class='ocr_line' id='line_1_63' title="bbox 430 3280 1324 3352; baseline -0.002 -16"><span class='ocrx_word' id='word_1_453' title='bbox 430 3296 550 3336; x_wconf 90' lang='lat' dir='ltr'><strong>rum</strong></span> <span class='ocrx_word' id='word_1_454' title='bbox 576 3280 991 3351; x_wconf 70' lang='lat' dir='ltr'><strong>prredictionem</strong></span> <span class='ocrx_word' id='word_1_455' title='bbox 1033 3280 1324 3352; x_wconf 76' lang='lat' dir='ltr'><strong>signiﬁcat.</strong></span> 
     </span>
    </p>
   </div>
   <div class='ocr_carea' id='block_1_64' title="bbox 500 3492 2008 3565">
    <p class='ocr_par' dir='ltr' id='par_1_64' title="bbox 500 3492 2008 3565">
     <span class='ocr_line' id='line_1_64' title="bbox 500 3492 2008 3565; baseline -0.001 -15"><span class='ocrx_word' id='word_1_456' title='bbox 500 3495 617 3550; x_wconf 82' lang='lat' dir='ltr'><strong>Hoc</strong></span> <span class='ocrx_word' id='word_1_457' title='bbox 642 3494 894 3565; x_wconf 66' lang='lat' dir='ltr'><strong>praedixit</strong></span> <span class='ocrx_word' id='word_1_458' title='bbox 926 3503 983 3547; x_wconf 90' lang='lat' dir='ltr'><strong>et</strong></span> <span class='ocrx_word' id='word_1_459' title='bbox 1010 3492 1300 3564; x_wconf 67' lang='lat' dir='ltr'><strong>praecinuit</strong></span> <span class='ocrx_word' id='word_1_460' title='bbox 1334 3493 1647 3559; x_wconf 85' lang='lat' dir='ltr'><strong>Zacharias,</strong></span> <span class='ocrx_word' id='word_1_461' title='bbox 1676 3495 1825 3549; x_wconf 87' lang='lat' dir='ltr'><strong>hunc</strong></span> <span class='ocrx_word' id='word_1_462' title='bbox 1850 3496 2008 3564; x_wconf 89' lang='lat' dir='ltr'><strong>quasi</strong></span> 
     </span>
    </p>
   </div>
   <div class='ocr_carea' id='block_1_65' title="bbox 433 3582 2010 3655">
    <p class='ocr_par' dir='ltr' id='par_1_65' title="bbox 433 3582 2010 3655">
     <span class='ocr_line' id='line_1_65' title="bbox 433 3582 2010 3655; baseline 0.001 -16"><span class='ocrx_word' id='word_1_463' title='bbox 433 3593 647 3655; x_wconf 80' lang='lat' dir='ltr'><strong>partum</strong></span> <span class='ocrx_word' id='word_1_464' title='bbox 680 3584 820 3639; x_wconf 88' lang='lat' dir='ltr'><strong>sacri</strong></span> <span class='ocrx_word' id='word_1_465' title='bbox 866 3583 1012 3637; x_wconf 91' lang='lat' dir='ltr'><strong>illius</strong></span> <span class='ocrx_word' id='word_1_466' title='bbox 1044 3582 1246 3637; x_wconf 89' lang='lat' dir='ltr'><strong>silentii</strong></span> <span class='ocrx_word' id='word_1_467' title='bbox 1284 3583 1607 3654; x_wconf 83' lang='lat' dir='ltr'><strong>mysterium</strong></span> <span class='ocrx_word' id='word_1_468' title='bbox 1644 3584 1842 3638; x_wconf 90' lang='lat' dir='ltr'><strong>edidit.</strong></span> <span class='ocrx_word' id='word_1_469' title='bbox 1871 3586 2010 3640; x_wconf 83' lang='lat' dir='ltr'><strong>Hinc</strong></span> 
     </span>
    </p>
   </div>
   <div class='ocr_carea' id='block_1_66' title="bbox 430 3674 2008 3746">
    <p class='ocr_par' dir='ltr' id='par_1_66' title="bbox 430 3674 2008 3746">
     <span class='ocr_line' id='line_1_66' title="bbox 430 3674 2008 3746; baseline 0.001 -16"><span class='ocrx_word' id='word_1_470' title='bbox 430 3674 629 3730; x_wconf 88' lang='lat' dir='ltr'><strong>silendi</strong></span> <span class='ocrx_word' id='word_1_471' title='bbox 653 3674 722 3730; x_wconf 93' lang='lat' dir='ltr'><strong>ad</strong></span> <span class='ocrx_word' id='word_1_472' title='bbox 751 3684 967 3746; x_wconf 88' lang='lat' dir='ltr'><strong>tempus</strong></span> <span class='ocrx_word' id='word_1_473' title='bbox 988 3674 1372 3730; x_wconf 86' lang='lat' dir='ltr'><strong>necessitatem</strong></span> <span class='ocrx_word' id='word_1_474' title='bbox 1396 3676 1684 3746; x_wconf 88' lang='lat' dir='ltr'><strong>oportebat</strong></span> <span class='ocrx_word' id='word_1_475' title='bbox 1723 3677 1780 3730; x_wconf 92' lang='lat' dir='ltr'><strong>in</strong></span> <span class='ocrx_word' id='word_1_476' title='bbox 1816 3688 2008 3732; x_wconf 88' lang='lat' dir='ltr'><strong>vocem</strong></span> 
     </span>
    </p>
   </div>
   <div class='ocr_carea' id='block_1_67' title="bbox 431 3767 2007 3838">
    <p class='ocr_par' dir='ltr' id='par_1_67' title="bbox 431 3767 2007 3838">
     <span class='ocr_line' id='line_1_67' title="bbox 431 3767 2007 3838; baseline 0.002 -17"><span class='ocrx_word' id='word_1_477' title='bbox 431 3776 797 3838; x_wconf 89' lang='lat' dir='ltr'><strong>opportunam</strong></span> <span class='ocrx_word' id='word_1_478' title='bbox 841 3767 1184 3833; x_wconf 90' lang='lat' dir='ltr'><strong>commutari,</strong></span> <span class='ocrx_word' id='word_1_479' title='bbox 1213 3767 1579 3838; x_wconf 90' lang='lat' dir='ltr'><strong>omnibusque</strong></span> <span class='ocrx_word' id='word_1_480' title='bbox 1620 3776 1812 3823; x_wconf 90' lang='lat' dir='ltr'><strong>notum</strong></span> <span class='ocrx_word' id='word_1_481' title='bbox 1865 3768 2007 3836; x_wconf 80' lang='lat' dir='ltr'><strong>ﬁeri,</strong></span> 
     </span>
    </p>
   </div>
   <div class='ocr_carea' id='block_1_68' title="bbox 430 3856 2009 3928">
    <p class='ocr_par' dir='ltr' id='par_1_68' title="bbox 430 3856 2009 3928">
     <span class='ocr_line' id='line_1_68' title="bbox 430 3856 2009 3928; baseline 0.003 -18"><span class='ocrx_word' id='word_1_482' title='bbox 430 3857 566 3928; x_wconf 84' lang='lat' dir='ltr'><strong>legis</strong></span> <span class='ocrx_word' id='word_1_483' title='bbox 611 3856 832 3927; x_wconf 90' lang='lat' dir='ltr'><strong>quidem</strong></span> <span class='ocrx_word' id='word_1_484' title='bbox 880 3857 1206 3924; x_wconf 87' lang='lat' dir='ltr'><strong>sacerdotii,</strong></span> <span class='ocrx_word' id='word_1_485' title='bbox 1261 3865 1698 3928; x_wconf 82' lang='lat' dir='ltr'><strong>eaeterarumque</strong></span> <span class='ocrx_word' id='word_1_486' title='bbox 1744 3874 2009 3915; x_wconf 66' lang='lat' dir='ltr'><strong>caeremo-</strong></span> 
     </span>
    </p>
   </div>
   <div class='ocr_carea' id='block_1_69' title="bbox 430 3949 2011 4024">
    <p class='ocr_par' dir='ltr' id='par_1_69' title="bbox 430 3949 2011 4024">
     <span class='ocr_line' id='line_1_69' title="bbox 430 3949 2011 4024; baseline 0.004 -23"><span class='ocrx_word' id='word_1_487' title='bbox 430 3949 645 4003; x_wconf 89' lang='lat' dir='ltr'><strong>niarum</strong></span> <span class='ocrx_word' id='word_1_488' title='bbox 694 3959 942 4005; x_wconf 87' lang='lat' dir='ltr'><strong>veterum</strong></span> <span class='ocrx_word' id='word_1_489' title='bbox 981 3951 1465 4005; x_wconf 88' lang='lat' dir='ltr'><strong>commutationem</strong></span> <span class='ocrx_word' id='word_1_490' title='bbox 1509 3966 1574 4006; x_wconf 90' lang='lat' dir='ltr'><strong>ac</strong></span> <span class='ocrx_word' id='word_1_491' title='bbox 1609 3950 1794 4018; x_wconf 80' lang='lat' dir='ltr'><strong>tinem,</strong></span> <span class='ocrx_word' id='word_1_492' title='bbox 1823 3953 2011 4024; x_wconf 82' lang='lat' dir='ltr'><strong>gratiae</strong></span> 
     </span>
    </p>
   </div>
   <div class='ocr_carea' id='block_1_70' title="bbox 431 4023 2008 4097">
    <p class='ocr_par' dir='ltr' id='par_1_70' title="bbox 431 4023 2008 4097">
     <span class='ocr_line' id='line_1_70' title="bbox 431 4023 2008 4097; baseline -0.001 -1"><span class='ocrx_word' id='word_1_493' title='bbox 431 4055 561 4097; x_wconf 88' lang='lat' dir='ltr'><strong>vero</strong></span> <span class='ocrx_word' id='word_1_494' title='bbox 599 4041 895 4097; x_wconf 86' lang='lat' dir='ltr'><strong>adventum</strong></span> <span class='ocrx_word' id='word_1_495' title='bbox 928 4049 984 4096; x_wconf 88' lang='lat' dir='ltr'><strong>et</strong></span> <span class='ocrx_word' id='word_1_496' title='bbox 1012 4040 1437 4096; x_wconf 84' lang='lat' dir='ltr'><strong>declarationem</strong></span> <span class='ocrx_word' id='word_1_497' title='bbox 1472 4039 1782 4096; x_wconf 88' lang='lat' dir='ltr'><strong>advenisse.</strong></span> <span class='ocrx_word' id='word_1_498' title='bbox 1835 4023 1840 4024; x_wconf 12' lang='grc' dir='ltr'><em>γ</em></span> <span class='ocrx_word' id='word_1_499' title='bbox 1987 4023 2008 4042; x_wconf 67' lang='grc'><strong>⁸</strong></span> 
     </span>
    </p>
   </div>
   <div class='ocr_carea' id='block_1_71' title="bbox 500 4236 2010 4311">
    <p class='ocr_par' dir='ltr' id='par_1_71' title="bbox 500 4236 2010 4311">
     <span class='ocr_line' id='line_1_71' title="bbox 500 4236 2010 4311; baseline 0.003 -20"><span class='ocrx_word' id='word_1_500' title='bbox 500 4237 627 4291; x_wconf 63' lang='lat' dir='ltr'><strong>llaec</strong></span> <span class='ocrx_word' id='word_1_501' title='bbox 651 4236 945 4292; x_wconf 87' lang='lat' dir='ltr'><strong>Zacharias</strong></span> <span class='ocrx_word' id='word_1_502' title='bbox 975 4238 1122 4292; x_wconf 88' lang='lat' dir='ltr'><strong>clara</strong></span> <span class='ocrx_word' id='word_1_503' title='bbox 1162 4253 1320 4303; x_wconf 86' lang='lat' dir='ltr'><strong>voce,</strong></span> <span class='ocrx_word' id='word_1_504' title='bbox 1349 4255 1459 4310; x_wconf 91' lang='lat' dir='ltr'><strong>quo</strong></span> <span class='ocrx_word' id='word_1_505' title='bbox 1489 4246 1734 4311; x_wconf 85' lang='lat' dir='ltr'><strong>tempore</strong></span> <span class='ocrx_word' id='word_1_506' title='bbox 1759 4255 2010 4296; x_wconf 88' lang='lat' dir='ltr'><strong>necessa-</strong></span> 
     </span>
    </p>
   </div>
   <div class='ocr_carea' id='block_1_72' title="bbox 433 4327 2012 4400">
    <p class='ocr_par' dir='ltr' id='par_1_72' title="bbox 433 4327 2012 4400">
     <span class='ocr_line' id='line_1_72' title="bbox 433 4327 2012 4400; baseline 0.004 -20"><span class='ocrx_word' id='word_1_507' title='bbox 433 4327 573 4381; x_wconf 87' lang='lat' dir='ltr'><strong>rium</strong></span> <span class='ocrx_word' id='word_1_508' title='bbox 632 4337 783 4391; x_wconf 90' lang='lat' dir='ltr'><strong>erat,</strong></span> <span class='ocrx_word' id='word_1_509' title='bbox 832 4328 1119 4396; x_wconf 69' lang='lat' dir='ltr'><strong>praedixit;</strong></span> <span class='ocrx_word' id='word_1_510' title='bbox 1157 4328 1273 4384; x_wconf 64' lang='lat' dir='ltr'><strong>haec</strong></span> <span class='ocrx_word' id='word_1_511' title='bbox 1314 4329 1553 4385; x_wconf 81' lang='lat' dir='ltr'><strong>Joannes</strong></span> <span class='ocrx_word' id='word_1_512' title='bbox 1605 4331 1725 4400; x_wconf 87' lang='lat' dir='ltr'><strong>ejus</strong></span> <span class='ocrx_word' id='word_1_513' title='bbox 1766 4330 1910 4386; x_wconf 75' lang='lat' dir='ltr'><strong>[ilius</strong></span> <span class='ocrx_word' id='word_1_514' title='bbox 1957 4340 2012 4386; x_wconf 92' lang='lat' dir='ltr'><strong>et</strong></span> 
     </span>
    </p>
   </div>
   <div class='ocr_carea' id='block_1_73' title="bbox 2109 3188 3684 3266">
    <p class='ocr_par' dir='ltr' id='par_1_73' title="bbox 2109 3188 3684 3266">
     <span class='ocr_line' id='line_1_73' title="bbox 2109 3188 3684 3266; baseline 0.007 -26"><span class='ocrx_word' id='word_1_515' title='bbox 2109 3188 2438 3258; x_wconf 85' lang='grc' dir='ltr'>διεμφαίνει,</span> <span class='ocrx_word' id='word_1_516' title='bbox 2474 3189 2567 3241; x_wconf 75' lang='grc' dir='ltr'>καὶ</span> <span class='ocrx_word' id='word_1_517' title='bbox 2610 3190 2863 3261; x_wconf 81' lang='grc' dir='ltr'>Ἰωάννην</span> <span class='ocrx_word' id='word_1_518' title='bbox 2894 3193 3164 3264; x_wconf 81' lang='grc' dir='ltr'>ἁριδήλως</span> <span class='ocrx_word' id='word_1_519' title='bbox 3192 3196 3617 3266; x_wconf 75' lang='grc' dir='ltr'>προσονομάζει,</span> <span class='ocrx_word' id='word_1_520' title='bbox 3653 3198 3684 3251; x_wconf 81' lang='grc' dir='ltr'><strong>ὃ</strong></span> 
     </span>
    </p>
   </div>
   <div class='ocr_carea' id='block_1_74' title="bbox 2112 3278 3686 3358">
    <p class='ocr_par' dir='ltr' id='par_1_74' title="bbox 2112 3278 3686 3358">
     <span class='ocr_line' id='line_1_74' title="bbox 2112 3278 3686 3358; baseline 0.01 -28"><span class='ocrx_word' id='word_1_521' title='bbox 2112 3278 2386 3349; x_wconf 86' lang='grc' dir='ltr'>σωτηρίαν</span> <span class='ocrx_word' id='word_1_522' title='bbox 2432 3283 2545 3345; x_wconf 88' lang='grc' dir='ltr'>τοῖς</span> <span class='ocrx_word' id='word_1_523' title='bbox 2592 3281 2741 3346; x_wconf 82' lang='grc' dir='ltr'>λαοῖς</span> <span class='ocrx_word' id='word_1_524' title='bbox 2772 3285 3112 3355; x_wconf 82' lang='grc' dir='ltr'>ἐνσημαίνει,</span> <span class='ocrx_word' id='word_1_525' title='bbox 3138 3286 3236 3340; x_wconf 75' lang='grc' dir='ltr'>καὶ</span> <span class='ocrx_word' id='word_1_526' title='bbox 3269 3289 3380 3341; x_wconf 90' lang='grc' dir='ltr'><strong>τῶν</strong></span> <span class='ocrx_word' id='word_1_527' title='bbox 3412 3290 3686 3358; x_wconf 77' lang='grc' dir='ltr'>ἐσομένων</span> 
     </span>
    </p>
   </div>
   <div class='ocr_carea' id='block_1_75' title="bbox 2109 3369 2610 3443">
    <p class='ocr_par' dir='ltr' id='par_1_75' title="bbox 2109 3369 2610 3443">
     <span class='ocr_line' id='line_1_75' title="bbox 2109 3369 2610 3443; baseline 0.012 -22"><span class='ocrx_word' id='word_1_528' title='bbox 2109 3369 2330 3436; x_wconf 83' lang='grc' dir='ltr'>ἀγαθῶν</span> <span class='ocrx_word' id='word_1_529' title='bbox 2360 3372 2610 3443; x_wconf 78' lang='grc' dir='ltr'>μήνυσιν.</span> 
     </span>
    </p>
   </div>
   <div class='ocr_carea' id='block_1_76' title="bbox 2181 3480 3686 3563">
    <p class='ocr_par' dir='ltr' id='par_1_76' title="bbox 2181 3480 3686 3563">
     <span class='ocr_line' id='line_1_76' title="bbox 2181 3480 3686 3563; baseline 0.009 -30"><span class='ocrx_word' id='word_1_530' title='bbox 2181 3480 2399 3535; x_wconf 85' lang='grc' dir='ltr'>Τούτων</span> <span class='ocrx_word' id='word_1_531' title='bbox 2430 3483 2458 3535; x_wconf 97' lang='lat'><strong>6</strong></span> <span class='ocrx_word' id='word_1_532' title='bbox 2482 3485 2755 3557; x_wconf 88' lang='grc' dir='ltr'>Ζαχαρίας</span> <span class='ocrx_word' id='word_1_533' title='bbox 2785 3488 2881 3541; x_wconf 74' lang='grc' dir='ltr'>καὶ</span> <span class='ocrx_word' id='word_1_534' title='bbox 2918 3489 3327 3562; x_wconf 80' lang='grc' dir='ltr'>προαγορευτὴς</span> <span class='ocrx_word' id='word_1_535' title='bbox 3354 3490 3447 3545; x_wconf 81' lang='grc' dir='ltr'>καὶ</span> <span class='ocrx_word' id='word_1_536' title='bbox 3476 3494 3686 3563; x_wconf 83' lang='grc' dir='ltr'>προκή-</span> 
     </span>
    </p>
   </div>
   <div class='ocr_carea' id='block_1_77' title="bbox 2112 3571 3685 3656">
    <p class='ocr_par' dir='ltr' id='par_1_77' title="bbox 2112 3571 3685 3656">
     <span class='ocr_line' id='line_1_77' title="bbox 2112 3571 3685 3656; baseline 0.009 -32"><span class='ocrx_word' id='word_1_537' title='bbox 2112 3571 2229 3643; x_wconf 81' lang='grc' dir='ltr'>ρυξ,</span> <span class='ocrx_word' id='word_1_538' title='bbox 2259 3576 2352 3626; x_wconf 72' lang='grc' dir='ltr'>καὶ</span> <span class='ocrx_word' id='word_1_539' title='bbox 2380 3573 2537 3629; x_wconf 85' lang='grc' dir='ltr'>τοῦτο</span> <span class='ocrx_word' id='word_1_540' title='bbox 2556 3578 2653 3647; x_wconf 81' lang='grc' dir='ltr'>τῆς</span> <span class='ocrx_word' id='word_1_541' title='bbox 2685 3580 3094 3650; x_wconf 81' lang='grc' dir='ltr'>μυστηριώδους</span> <span class='ocrx_word' id='word_1_542' title='bbox 3117 3580 3283 3635; x_wconf 80' lang='grc' dir='ltr'>αὑτοῦ</span> <span class='ocrx_word' id='word_1_543' title='bbox 3314 3585 3522 3656; x_wconf 85' lang='grc' dir='ltr'>σιωπῆς</span> <span class='ocrx_word' id='word_1_544' title='bbox 3545 3585 3685 3655; x_wconf 82' lang='grc' dir='ltr'>ἀγα-</span> 
     </span>
    </p>
   </div>
   <div class='ocr_carea' id='block_1_78' title="bbox 2111 3664 3687 3747">
    <p class='ocr_par' dir='ltr' id='par_1_78' title="bbox 2111 3664 3687 3747">
     <span class='ocr_line' id='line_1_78' title="bbox 2111 3664 3687 3747; baseline 0.009 -31"><span class='ocrx_word' id='word_1_545' title='bbox 2111 3664 2222 3729; x_wconf 75' lang='grc' dir='ltr'>θὸν,</span> <span class='ocrx_word' id='word_1_546' title='bbox 2255 3665 2330 3729; x_wconf 84' lang='grc' dir='ltr'>ὡς</span> <span class='ocrx_word' id='word_1_547' title='bbox 2355 3666 2520 3733; x_wconf 78' lang='grc' dir='ltr'>είκδς,</span> <span class='ocrx_word' id='word_1_548' title='bbox 2557 3671 2831 3741; x_wconf 80' lang='grc' dir='ltr'>μαίευμα·</span> <span class='ocrx_word' id='word_1_549' title='bbox 2883 3672 2989 3727; x_wconf 79' lang='grc' dir='ltr'>ἔδει</span> <span class='ocrx_word' id='word_1_550' title='bbox 3042 3673 3153 3745; x_wconf 85' lang='grc' dir='ltr'><strong>γὰρ</strong></span> <span class='ocrx_word' id='word_1_551' title='bbox 3204 3674 3368 3729; x_wconf 80' lang='grc' dir='ltr'>αὑτοῦ</span> <span class='ocrx_word' id='word_1_552' title='bbox 3403 3677 3502 3747; x_wconf 80' lang='grc' dir='ltr'>τὴν</span> <span class='ocrx_word' id='word_1_553' title='bbox 3545 3678 3687 3731; x_wconf 78' lang='grc' dir='ltr'>κατὰ</span> 
     </span>
    </p>
   </div>
   <div class='ocr_carea' id='block_1_79' title="bbox 2112 3758 3687 3840">
    <p class='ocr_par' dir='ltr' id='par_1_79' title="bbox 2112 3758 3687 3840">
     <span class='ocr_line' id='line_1_79' title="bbox 2112 3758 3687 3840; baseline 0.008 -31"><span class='ocrx_word' id='word_1_554' title='bbox 2112 3758 2301 3827; x_wconf 73' lang='grc' dir='ltr'>καιρὸν</span> <span class='ocrx_word' id='word_1_555' title='bbox 2346 3759 2666 3830; x_wconf 78' lang='grc' dir='ltr'>ἀφθεγξίαν,</span> <span class='ocrx_word' id='word_1_556' title='bbox 2718 3764 2799 3828; x_wconf 87' lang='grc' dir='ltr'><strong>είς</strong></span> <span class='ocrx_word' id='word_1_557' title='bbox 2843 3764 3065 3837; x_wconf 86' lang='grc' dir='ltr'>φθέγμα</span> <span class='ocrx_word' id='word_1_558' title='bbox 3106 3767 3489 3840; x_wconf 84' lang='grc' dir='ltr'>εὐκαιρότερον</span> <span class='ocrx_word' id='word_1_559' title='bbox 3523 3770 3687 3839; x_wconf 83' lang='grc' dir='ltr'>ἀμει-</span> 
     </span>
    </p>
   </div>
   <div class='ocr_carea' id='block_1_80' title="bbox 2112 3847 3689 3929">
    <p class='ocr_par' dir='ltr' id='par_1_80' title="bbox 2112 3847 3689 3929">
     <span class='ocr_line' id='line_1_80' title="bbox 2112 3847 3689 3929; baseline 0.009 -29"><span class='ocrx_word' id='word_1_560' title='bbox 2112 3847 2329 3917; x_wconf 81' lang='grc' dir='ltr'>φθῆναι,</span> <span class='ocrx_word' id='word_1_561' title='bbox 2356 3851 2452 3903; x_wconf 64' lang='grc' dir='ltr'><strong>καὶ</strong></span> <span class='ocrx_word' id='word_1_562' title='bbox 2485 3853 2752 3924; x_wconf 87' lang='grc' dir='ltr'>γνωρίσαι</span> <span class='ocrx_word' id='word_1_563' title='bbox 2802 3856 2988 3924; x_wconf 81' lang='grc' dir='ltr'>πᾶσιν,</span> <span class='ocrx_word' id='word_1_564' title='bbox 3020 3858 3102 3911; x_wconf 85' lang='grc' dir='ltr'>ὅτι</span> <span class='ocrx_word' id='word_1_565' title='bbox 3134 3858 3228 3912; x_wconf 77' lang='grc' dir='ltr'>καὶ</span> <span class='ocrx_word' id='word_1_566' title='bbox 3256 3859 3439 3929; x_wconf 87' lang='grc' dir='ltr'>νόμου.</span> <span class='ocrx_word' id='word_1_567' title='bbox 3474 3861 3568 3914; x_wconf 74' lang='grc' dir='ltr'>καὶ</span> <span class='ocrx_word' id='word_1_568' title='bbox 3612 3862 3689 3914; x_wconf 77' lang='lat' dir='ltr'><strong>ie-</strong></span> 
     </span>
    </p>
   </div>
   <div class='ocr_carea' id='block_1_81' title="bbox 2114 3939 3687 4020">
    <p class='ocr_par' dir='ltr' id='par_1_81' title="bbox 2114 3939 3687 4020">
     <span class='ocr_line' id='line_1_81' title="bbox 2114 3939 3687 4020; baseline 0.008 -28"><span class='ocrx_word' id='word_1_569' title='bbox 2114 3939 2383 4011; x_wconf 88' lang='grc' dir='ltr'>ρωσὺνης,</span> <span class='ocrx_word' id='word_1_570' title='bbox 2420 3944 2515 3996; x_wconf 66' lang='grc' dir='ltr'>καὶ</span> <span class='ocrx_word' id='word_1_571' title='bbox 2550 3944 2767 3999; x_wconf 87' lang='grc' dir='ltr'>πάντων</span> <span class='ocrx_word' id='word_1_572' title='bbox 2805 3945 2915 4000; x_wconf 88' lang='grc' dir='ltr'><strong>τῶν</strong></span> <span class='ocrx_word' id='word_1_573' title='bbox 2945 3946 3191 4001; x_wconf 89' lang='grc' dir='ltr'>παλαιῶν</span> <span class='ocrx_word' id='word_1_574' title='bbox 3219 3949 3509 4020; x_wconf 81' lang='grc' dir='ltr'>μετάθεσις</span> <span class='ocrx_word' id='word_1_575' title='bbox 3534 3950 3687 4005; x_wconf 80' lang='grc' dir='ltr'>ἔσται</span> 
     </span>
    </p>
   </div>
   <div class='ocr_carea' id='block_1_82' title="bbox 2112 4034 3686 4110">
    <p class='ocr_par' dir='ltr' id='par_1_82' title="bbox 2112 4034 3686 4110">
     <span class='ocr_line' id='line_1_82' title="bbox 2112 4034 3686 4110; baseline 0.005 -25"><span class='ocrx_word' id='word_1_576' title='bbox 2112 4034 2205 4086; x_wconf 80' lang='grc' dir='ltr'>καὶ</span> <span class='ocrx_word' id='word_1_577' title='bbox 2261 4034 2463 4101; x_wconf 77' lang='grc' dir='ltr'>παῦλα,</span> <span class='ocrx_word' id='word_1_578' title='bbox 2518 4035 2618 4106; x_wconf 84' lang='grc' dir='ltr'>τῆς</span> <span class='ocrx_word' id='word_1_579' title='bbox 2673 4036 2730 4090; x_wconf 78' lang='grc' dir='ltr'>δὲ</span> <span class='ocrx_word' id='word_1_580' title='bbox 2774 4036 2995 4109; x_wconf 86' lang='grc' dir='ltr'>χάριτος</span> <span class='ocrx_word' id='word_1_581' title='bbox 3037 4038 3321 4101; x_wconf 76' lang='grc' dir='ltr'>ἐπέλευσις</span> <span class='ocrx_word' id='word_1_582' title='bbox 3375 4039 3466 4092; x_wconf 75' lang='grc' dir='ltr'>καὶ</span> <span class='ocrx_word' id='word_1_583' title='bbox 3518 4041 3686 4110; x_wconf 81' lang='grc' dir='ltr'>φανέ-</span> 
     </span>
    </p>
   </div>
   <div class='ocr_carea' id='block_1_83' title="bbox 2116 4141 2299 4195">
    <p class='ocr_par' dir='ltr' id='par_1_83' title="bbox 2116 4141 2299 4195">
     <span class='ocr_line' id='line_1_83' title="bbox 2116 4141 2299 4195; baseline 0.022 -18"><span class='ocrx_word' id='word_1_584' title='bbox 2116 4141 2299 4195; x_wconf 82' lang='grc' dir='ltr'>ρωσις.</span> 
     </span>
    </p>
   </div>
   <div class='ocr_carea' id='block_1_84' title="bbox 2183 4239 3687 4317">
    <p class='ocr_par' dir='ltr' id='par_1_84' title="bbox 2183 4239 3687 4317">
     <span class='ocr_line' id='line_1_84' title="bbox 2183 4239 3687 4317; baseline 0.005 -25"><span class='ocrx_word' id='word_1_585' title='bbox 2183 4239 2367 4293; x_wconf 83' lang='grc' dir='ltr'>Ταῦτα</span> <span class='ocrx_word' id='word_1_586' title='bbox 2411 4243 2439 4295; x_wconf 87' lang='lat'><strong>6</strong></span> <span class='ocrx_word' id='word_1_587' title='bbox 2468 4241 2742 4314; x_wconf 88' lang='grc' dir='ltr'>Ζαχαρίας</span> <span class='ocrx_word' id='word_1_588' title='bbox 2788 4242 2970 4314; x_wconf 83' lang='grc' dir='ltr'>τρανῷ</span> <span class='ocrx_word' id='word_1_589' title='bbox 3000 4243 3079 4315; x_wconf 80' lang='grc' dir='ltr'><strong>τῷ</strong></span> <span class='ocrx_word' id='word_1_590' title='bbox 3132 4244 3406 4317; x_wconf 83' lang='grc' dir='ltr'>φθέγματι</span> <span class='ocrx_word' id='word_1_591' title='bbox 3432 4286 3447 4311; x_wconf 94' lang='grc'><strong>,</strong></span> <span class='ocrx_word' id='word_1_592' title='bbox 3480 4246 3599 4300; x_wconf 82' lang='grc' dir='ltr'>καθ’</span> <span class='ocrx_word' id='word_1_593' title='bbox 3630 4246 3687 4300; x_wconf 80' lang='grc' dir='ltr'>ὃν</span> 
     </span>
    </p>
   </div>
   <div class='ocr_carea' id='block_1_85' title="bbox 2114 4327 3686 4407">
    <p class='ocr_par' dir='ltr' id='par_1_85' title="bbox 2114 4327 3686 4407">
     <span class='ocr_line' id='line_1_85' title="bbox 2114 4327 3686 4407; baseline 0.006 -26"><span class='ocrx_word' id='word_1_594' title='bbox 2114 4327 2219 4382; x_wconf 66' lang='grc' dir='ltr'>ἔδει</span> <span class='ocrx_word' id='word_1_595' title='bbox 2248 4330 2437 4401; x_wconf 78' lang='grc' dir='ltr'>καιρὸν</span> <span class='ocrx_word' id='word_1_596' title='bbox 2462 4331 2888 4403; x_wconf 80' lang='grc' dir='ltr'>προηγόρευσεν,</span> <span class='ocrx_word' id='word_1_597' title='bbox 2932 4334 3104 4387; x_wconf 79' lang='grc' dir='ltr'>ταῦτα</span> <span class='ocrx_word' id='word_1_598' title='bbox 3150 4335 3402 4407; x_wconf 82' lang='grc' dir='ltr'>Ἰωάννης</span> <span class='ocrx_word' id='word_1_599' title='bbox 3440 4339 3469 4391; x_wconf 89' lang='grc' dir='ltr'><strong>ὀ</strong></span> <span class='ocrx_word' id='word_1_600' title='bbox 3494 4337 3686 4391; x_wconf 84' lang='grc' dir='ltr'>τούτου</span> 
     </span>
    </p>
   </div>
   <div class='ocr_carea' id='block_1_86' title="bbox 433 4418 2006 4506">
    <p class='ocr_par' dir='ltr' id='par_1_86' title="bbox 433 4418 2006 4491">
     <span class='ocr_line' id='line_1_86' title="bbox 433 4418 2006 4491; baseline 0.002 -18"><span class='ocrx_word' id='word_1_601' title='bbox 433 4419 566 4473; x_wconf 89' lang='lat' dir='ltr'><strong>vidit</strong></span> <span class='ocrx_word' id='word_1_602' title='bbox 588 4427 643 4473; x_wconf 88' lang='lat' dir='ltr'><strong>et</strong></span> <span class='ocrx_word' id='word_1_603' title='bbox 666 4418 920 4473; x_wconf 86' lang='lat' dir='ltr'><strong>manibus</strong></span> <span class='ocrx_word' id='word_1_604' title='bbox 946 4420 1198 4474; x_wconf 86' lang='lat' dir='ltr'><strong>tractavit</strong></span> <span class='ocrx_word' id='word_1_605' title='bbox 1214 4421 1370 4491; x_wconf 84' lang='lat' dir='ltr'><strong>juxta</strong></span> <span class='ocrx_word' id='word_1_606' title='bbox 1399 4422 1741 4491; x_wconf 84' lang='lat' dir='ltr'><strong>cognominis</strong></span> <span class='ocrx_word' id='word_1_607' title='bbox 1760 4422 2006 4487; x_wconf 80' lang='lat' dir='ltr'><strong>eﬂ‘atum,</strong></span> 
     </span>
    </p>
   </div>
   <div class='ocr_carea' id='block_1_87' title="bbox 2107 4418 3687 4506">
    <p class='ocr_par' dir='ltr' id='par_1_87' title="bbox 2115 4421 3687 4499">
     <span class='ocr_line' id='line_1_87' title="bbox 2115 4421 3687 4499; baseline 0.006 -28"><span class='ocrx_word' id='word_1_608' title='bbox 2115 4423 2263 4484; x_wconf 89' lang='grc' dir='ltr'>παῖς,</span> <span class='ocrx_word' id='word_1_609' title='bbox 2290 4421 2386 4474; x_wconf 76' lang='grc' dir='ltr'>καὶ</span> <span class='ocrx_word' id='word_1_610' title='bbox 2413 4422 2657 4493; x_wconf 74' lang='grc' dir='ltr'>ἑώρακεν</span> <span class='ocrx_word' id='word_1_611' title='bbox 2687 4423 2808 4495; x_wconf 70' lang='grc' dir='ltr'>ἤδη,</span> <span class='ocrx_word' id='word_1_612' title='bbox 2844 4426 2939 4478; x_wconf 78' lang='grc' dir='ltr'>καὶ</span> <span class='ocrx_word' id='word_1_613' title='bbox 2973 4428 3159 4496; x_wconf 72' lang='grc' dir='ltr'>χερσὶν</span> <span class='ocrx_word' id='word_1_614' title='bbox 3188 4427 3504 4499; x_wconf 73' lang='grc' dir='ltr'>ἐψηλάφησε</span> <span class='ocrx_word' id='word_1_615' title='bbox 3545 4430 3687 4481; x_wconf 77' lang='grc' dir='ltr'>κατὰ</span> 
     </span>
    </p>
   </div>
   <div class='ocr_carea' id='block_1_88' title="bbox 430 4505 2006 4590">
    <p class='ocr_par' dir='ltr' id='par_1_88' title="bbox 430 4505 2006 4578">
     <span class='ocr_line' id='line_1_88' title="bbox 430 4505 2006 4578; baseline 0.002 -15"><span class='ocrx_word' id='word_1_616' title='bbox 430 4508 689 4563; x_wconf 88' lang='lat' dir='ltr'><strong>omnibus</strong></span> <span class='ocrx_word' id='word_1_617' title='bbox 715 4505 954 4561; x_wconf 85' lang='lat' dir='ltr'><strong>divinam</strong></span> <span class='ocrx_word' id='word_1_618' title='bbox 993 4509 1339 4578; x_wconf 67' lang='lat' dir='ltr'><strong>priesentiam</strong></span> <span class='ocrx_word' id='word_1_619' title='bbox 1385 4511 1740 4575; x_wconf 83' lang='lat' dir='ltr'><strong>annuntians,</strong></span> <span class='ocrx_word' id='word_1_620' title='bbox 1764 4518 1819 4564; x_wconf 89' lang='lat' dir='ltr'><strong>et</strong></span> <span class='ocrx_word' id='word_1_621' title='bbox 1844 4526 2006 4567; x_wconf 83' lang='lat' dir='ltr'><strong>verus</strong></span> 
     </span>
    </p>
   </div>
   <div class='ocr_carea' id='block_1_89' title="bbox 2107 4505 3687 4590">
    <p class='ocr_par' dir='ltr' id='par_1_89' title="bbox 2112 4512 3687 4590">
     <span class='ocr_line' id='line_1_89' title="bbox 2112 4512 3687 4590; baseline 0.004 -26"><span class='ocrx_word' id='word_1_622' title='bbox 2112 4512 2203 4565; x_wconf 81' lang='grc' dir='ltr'>τὸν</span> <span class='ocrx_word' id='word_1_623' title='bbox 2232 4512 2565 4584; x_wconf 86' lang='grc' dir='ltr'>συνώνυμον,</span> <span class='ocrx_word' id='word_1_624' title='bbox 2594 4515 2730 4569; x_wconf 77' lang='grc' dir='ltr'>πᾶσί</span> <span class='ocrx_word' id='word_1_625' title='bbox 2759 4533 2817 4571; x_wconf 90' lang='grc' dir='ltr'><strong>τε</strong></span> <span class='ocrx_word' id='word_1_626' title='bbox 2848 4516 2946 4587; x_wconf 81' lang='grc' dir='ltr'>τὴν</span> <span class='ocrx_word' id='word_1_627' title='bbox 2987 4517 3135 4571; x_wconf 88' lang='grc' dir='ltr'>θείαν</span> <span class='ocrx_word' id='word_1_628' title='bbox 3169 4518 3555 4588; x_wconf 83' lang='grc' dir='ltr'>καταγγέλλων</span> <span class='ocrx_word' id='word_1_629' title='bbox 3586 4521 3687 4590; x_wconf 78' lang='grc' dir='ltr'><strong>ἑμ-</strong></span> 
     </span>
    </p>
   </div>
   <div class='ocr_carea' id='block_1_90' title="bbox 436 4597 2006 4673">
    <p class='ocr_par' dir='ltr' id='par_1_90' title="bbox 436 4597 2006 4673">
     <span class='ocr_line' id='line_1_90' title="bbox 436 4597 2006 4673; baseline 0.002 -18"><span class='ocrx_word' id='word_1_630' title='bbox 436 4599 593 4655; x_wconf 78' lang='lat' dir='ltr'><strong>Verbi</strong></span> <span class='ocrx_word' id='word_1_631' title='bbox 638 4598 890 4654; x_wconf 89' lang='lat' dir='ltr'><strong>minister</strong></span> <span class='ocrx_word' id='word_1_632' title='bbox 936 4597 1133 4655; x_wconf 81' lang='lat' dir='ltr'><strong>factus.</strong></span> <span class='ocrx_word' id='word_1_633' title='bbox 1159 4600 1347 4670; x_wconf 87' lang='lat' dir='ltr'><strong>Neque</strong></span> <span class='ocrx_word' id='word_1_634' title='bbox 1396 4602 1545 4657; x_wconf 90' lang='lat' dir='ltr'><strong>enim</strong></span> <span class='ocrx_word' id='word_1_635' title='bbox 1581 4601 1727 4657; x_wconf 90' lang='lat' dir='ltr'><strong>ullus</strong></span> <span class='ocrx_word' id='word_1_636' title='bbox 1764 4617 2006 4673; x_wconf 89' lang='lat' dir='ltr'><strong>unquam</strong></span> 
     </span>
    </p>
   </div>
   <div class='ocr_carea' id='block_1_91' title="bbox 430 4690 2005 4759">
    <p class='ocr_par' dir='ltr' id='par_1_91' title="bbox 430 4690 2005 4759">
     <span class='ocr_line' id='line_1_91' title="bbox 430 4690 2005 4759; baseline 0.003 -15"><span class='ocrx_word' id='word_1_637' title='bbox 430 4691 581 4746; x_wconf 88' lang='lat' dir='ltr'><strong>visus</strong></span> <span class='ocrx_word' id='word_1_638' title='bbox 613 4702 715 4755; x_wconf 88' lang='lat' dir='ltr'><strong>est,</strong></span> <span class='ocrx_word' id='word_1_639' title='bbox 752 4690 847 4759; x_wconf 89' lang='lat' dir='ltr'><strong>qui</strong></span> <span class='ocrx_word' id='word_1_640' title='bbox 879 4691 964 4744; x_wconf 88' lang='lat' dir='ltr'><strong>vel</strong></span> <span class='ocrx_word' id='word_1_641' title='bbox 997 4690 1192 4745; x_wconf 81' lang='lat' dir='ltr'><strong>salutis</strong></span> <span class='ocrx_word' id='word_1_642' title='bbox 1223 4694 1329 4747; x_wconf 90' lang='lat' dir='ltr'><strong>iter</strong></span> <span class='ocrx_word' id='word_1_643' title='bbox 1363 4703 1713 4759; x_wconf 88' lang='lat' dir='ltr'><strong>monstraret,</strong></span> <span class='ocrx_word' id='word_1_644' title='bbox 1744 4694 1829 4749; x_wconf 89' lang='lat' dir='ltr'><strong>vel</strong></span> <span class='ocrx_word' id='word_1_645' title='bbox 1863 4695 2005 4749; x_wconf 88' lang='lat' dir='ltr'><strong>viam</strong></span> 
     </span>
    </p>
   </div>
   <div class='ocr_carea' id='block_1_92' title="bbox 431 4778 2006 4851">
    <p class='ocr_par' dir='ltr' id='par_1_92' title="bbox 431 4778 2006 4851">
     <span class='ocr_line' id='line_1_92' title="bbox 431 4778 2006 4851; baseline 0.004 -17"><span class='ocrx_word' id='word_1_646' title='bbox 431 4794 683 4850; x_wconf 87' lang='lat' dir='ltr'><strong>asperam</strong></span> <span class='ocrx_word' id='word_1_647' title='bbox 728 4779 784 4830; x_wconf 92' lang='lat' dir='ltr'><strong>in</strong></span> <span class='ocrx_word' id='word_1_648' title='bbox 828 4778 1047 4847; x_wconf 88' lang='lat' dir='ltr'><strong>planam</strong></span> <span class='ocrx_word' id='word_1_649' title='bbox 1078 4788 1337 4846; x_wconf 88' lang='lat' dir='ltr'><strong>verteret,</strong></span> <span class='ocrx_word' id='word_1_650' title='bbox 1370 4783 1599 4851; x_wconf 92' lang='lat' dir='ltr'><strong>perinde</strong></span> <span class='ocrx_word' id='word_1_651' title='bbox 1640 4801 1703 4838; x_wconf 93' lang='lat' dir='ltr'><strong>ac</strong></span> <span class='ocrx_word' id='word_1_652' title='bbox 1736 4784 2006 4840; x_wconf 79' lang='lat' dir='ltr'><strong>maximus</strong></span> 
     </span>
    </p>
   </div>
   <div class='ocr_carea' id='block_1_93' title="bbox 433 4866 2005 4941">
    <p class='ocr_par' dir='ltr' id='par_1_93' title="bbox 433 4866 2005 4941">
     <span class='ocr_line' id='line_1_93' title="bbox 433 4866 2005 4941; baseline 0.003 -18"><span class='ocrx_word' id='word_1_653' title='bbox 433 4872 523 4925; x_wconf 89' lang='lat' dir='ltr'><strong>ille</strong></span> <span class='ocrx_word' id='word_1_654' title='bbox 555 4880 609 4924; x_wconf 91' lang='lat' dir='ltr'><strong>et</strong></span> <span class='ocrx_word' id='word_1_655' title='bbox 646 4866 985 4921; x_wconf 87' lang='lat' dir='ltr'><strong>admirabilis</strong></span> <span class='ocrx_word' id='word_1_656' title='bbox 1020 4882 1357 4937; x_wconf 63' lang='lat' dir='ltr'><strong>praecursor,</strong></span> <span class='ocrx_word' id='word_1_657' title='bbox 1390 4872 1545 4941; x_wconf 89' lang='lat' dir='ltr'><strong>cujus</strong></span> <span class='ocrx_word' id='word_1_658' title='bbox 1587 4874 1698 4927; x_wconf 90' lang='lat' dir='ltr'><strong>vita</strong></span> <span class='ocrx_word' id='word_1_659' title='bbox 1728 4882 1783 4928; x_wconf 93' lang='lat' dir='ltr'><strong>et</strong></span> <span class='ocrx_word' id='word_1_660' title='bbox 1824 4889 2005 4928; x_wconf 90' lang='lat' dir='ltr'><strong>sermo</strong></span> 
     </span>
    </p>
   </div>
   <div class='ocr_carea' id='block_1_94' title="bbox 434 4959 2050 5032">
    <p class='ocr_par' dir='ltr' id='par_1_94' title="bbox 434 4959 2050 5032">
     <span class='ocr_line' id='line_1_94' title="bbox 434 4959 2050 5032; baseline 0.001 -18"><span class='ocrx_word' id='word_1_661' title='bbox 434 4970 595 5015; x_wconf 61' lang='lat' dir='ltr'><strong>tantae</strong></span> <span class='ocrx_word' id='word_1_662' title='bbox 639 4959 741 5013; x_wconf 79' lang='lat' dir='ltr'><strong>fuit</strong></span> <span class='ocrx_word' id='word_1_663' title='bbox 781 4960 1040 5014; x_wconf 89' lang='lat' dir='ltr'><strong>omnibus</strong></span> <span class='ocrx_word' id='word_1_664' title='bbox 1092 4959 1452 5025; x_wconf 89' lang='lat' dir='ltr'><strong>venerationi,</strong></span> <span class='ocrx_word' id='word_1_665' title='bbox 1502 4972 1563 5015; x_wconf 92' lang='lat' dir='ltr'><strong>ut</strong></span> <span class='ocrx_word' id='word_1_666' title='bbox 1613 4978 1871 5032; x_wconf 85' lang='lat' dir='ltr'><strong>magnum</strong></span> <span class='ocrx_word' id='word_1_667' title='bbox 1909 4964 2050 5016; x_wconf 65' lang='lat' dir='ltr'><strong>ali-o</strong></span> 
     </span>
    </p>
   </div>
   <div class='ocr_carea' id='block_1_95' title="bbox 432 5050 2006 5124">
    <p class='ocr_par' dir='ltr' id='par_1_95' title="bbox 432 5050 2006 5124">
     <span class='ocr_line' id='line_1_95' title="bbox 432 5050 2006 5124; baseline 0.003 -20"><span class='ocrx_word' id='word_1_668' title='bbox 432 5051 564 5120; x_wconf 89' lang='lat' dir='ltr'><strong>quid</strong></span> <span class='ocrx_word' id='word_1_669' title='bbox 609 5050 905 5121; x_wconf 82' lang='lat' dir='ltr'><strong>unicuique</strong></span> <span class='ocrx_word' id='word_1_670' title='bbox 954 5051 1257 5117; x_wconf 90' lang='lat' dir='ltr'><strong>videretur,</strong></span> <span class='ocrx_word' id='word_1_671' title='bbox 1288 5052 1330 5106; x_wconf 91' lang='lat' dir='ltr'><strong>si</strong></span> <span class='ocrx_word' id='word_1_672' title='bbox 1369 5051 1437 5106; x_wconf 91' lang='lat' dir='ltr'><strong>ad</strong></span> <span class='ocrx_word' id='word_1_673' title='bbox 1470 5069 1597 5108; x_wconf 91' lang='lat' dir='ltr'><strong>eum</strong></span> <span class='ocrx_word' id='word_1_674' title='bbox 1639 5054 1869 5124; x_wconf 86' lang='lat' dir='ltr'><strong>prepius</strong></span> <span class='ocrx_word' id='word_1_675' title='bbox 1912 5070 2006 5109; x_wconf 91' lang='lat' dir='ltr'><strong>ac-</strong></span> 
     </span>
    </p>
   </div>
   <div class='ocr_carea' id='block_1_96' title="bbox 431 5141 2008 5215">
    <p class='ocr_par' dir='ltr' id='par_1_96' title="bbox 431 5141 2008 5215">
     <span class='ocr_line' id='line_1_96' title="bbox 431 5141 2008 5215; baseline 0.002 -18"><span class='ocrx_word' id='word_1_676' title='bbox 431 5141 672 5205; x_wconf 84' lang='lat' dir='ltr'><strong>cederet,</strong></span> <span class='ocrx_word' id='word_1_677' title='bbox 698 5151 753 5195; x_wconf 92' lang='lat' dir='ltr'><strong>ct</strong></span> <span class='ocrx_word' id='word_1_678' title='bbox 793 5143 1109 5213; x_wconf 84' lang='lat' dir='ltr'><strong>loquentem</strong></span> <span class='ocrx_word' id='word_1_679' title='bbox 1137 5142 1328 5200; x_wconf 89' lang='lat' dir='ltr'><strong>audire</strong></span> <span class='ocrx_word' id='word_1_680' title='bbox 1373 5144 1685 5213; x_wconf 88' lang='lat' dir='ltr'><strong>sineretur;</strong></span> <span class='ocrx_word' id='word_1_681' title='bbox 1721 5145 1829 5215; x_wconf 79' lang='lat'><strong>95</strong></span> <span class='ocrx_word' id='word_1_682' title='bbox 1861 5145 2008 5200; x_wconf 88' lang='lat' dir='ltr'><strong>unde</strong></span> 
     </span>
    </p>
   </div>
   <div class='ocr_carea' id='block_1_97' title="bbox 434 5233 2007 5302">
    <p class='ocr_par' dir='ltr' id='par_1_97' title="bbox 434 5233 2007 5302">
     <span class='ocr_line' id='line_1_97' title="bbox 434 5233 2007 5302; baseline 0 -13"><span class='ocrx_word' id='word_1_683' title='bbox 434 5234 489 5289; x_wconf 87' lang='lat' dir='ltr'><strong>in</strong></span> <span class='ocrx_word' id='word_1_684' title='bbox 517 5234 761 5287; x_wconf 86' lang='lat' dir='ltr'><strong>animum</strong></span> <span class='ocrx_word' id='word_1_685' title='bbox 788 5233 1271 5301; x_wconf 87' lang='lat' dir='ltr'><strong>inducebant,eum</strong></span> <span class='ocrx_word' id='word_1_686' title='bbox 1298 5251 1419 5292; x_wconf 91' lang='lat' dir='ltr'><strong>esse</strong></span> <span class='ocrx_word' id='word_1_687' title='bbox 1442 5237 1674 5291; x_wconf 79' lang='lat' dir='ltr'><strong>fortasse</strong></span> <span class='ocrx_word' id='word_1_688' title='bbox 1703 5236 2007 5302; x_wconf 88' lang='lat' dir='ltr'><strong>Christum,</strong></span> 
     </span>
    </p>
   </div>
   <div class='ocr_carea' id='block_1_98' title="bbox 434 5323 1633 5393">
    <p class='ocr_par' dir='ltr' id='par_1_98' title="bbox 434 5323 1633 5393">
     <span class='ocr_line' id='line_1_98' title="bbox 434 5323 1633 5393; baseline 0.003 -16"><span class='ocrx_word' id='word_1_689' title='bbox 434 5339 596 5393; x_wconf 87' lang='lat' dir='ltr'><strong>quem</strong></span> <span class='ocrx_word' id='word_1_690' title='bbox 619 5323 686 5378; x_wconf 91' lang='lat' dir='ltr'><strong>ad</strong></span> <span class='ocrx_word' id='word_1_691' title='bbox 721 5324 973 5378; x_wconf 88' lang='lat' dir='ltr'><strong>homines</strong></span> <span class='ocrx_word' id='word_1_692' title='bbox 989 5328 1204 5382; x_wconf 91' lang='lat' dir='ltr'><strong>venisse</strong></span> <span class='ocrx_word' id='word_1_693' title='bbox 1227 5327 1633 5383; x_wconf 78' lang='lat' dir='ltr'><strong>existimabant.</strong></span> 
     </span>
    </p>
   </div>
   <div class='ocr_carea' id='block_1_99' title="bbox 506 5431 2011 5512">
    <p class='ocr_par' dir='ltr' id='par_1_99' title="bbox 506 5431 2011 5512">
     <span class='ocr_line' id='line_1_99' title="bbox 506 5431 2011 5512; baseline 0.007 -27"><span class='ocrx_word' id='word_1_694' title='bbox 506 5431 872 5498; x_wconf 90' lang='lat' dir='ltr'><strong>Quamobrem</strong></span> <span class='ocrx_word' id='word_1_695' title='bbox 918 5441 1000 5488; x_wconf 87' lang='lat' dir='ltr'><strong>tot</strong></span> <span class='ocrx_word' id='word_1_696' title='bbox 1047 5450 1110 5489; x_wconf 90' lang='lat' dir='ltr'><strong>ac</strong></span> <span class='ocrx_word' id='word_1_697' title='bbox 1154 5445 1304 5491; x_wconf 89' lang='lat' dir='ltr'><strong>tanta</strong></span> <span class='ocrx_word' id='word_1_698' title='bbox 1341 5440 1591 5511; x_wconf 86' lang='lat' dir='ltr'><strong>prodigia</strong></span> <span class='ocrx_word' id='word_1_699' title='bbox 1636 5449 1764 5495; x_wconf 92' lang='lat' dir='ltr'><strong>ante</strong></span> <span class='ocrx_word' id='word_1_700' title='bbox 1798 5450 1854 5497; x_wconf 91' lang='lat' dir='ltr'><strong>et</strong></span> <span class='ocrx_word' id='word_1_701' title='bbox 1886 5452 2011 5512; x_wconf 82' lang='lat' dir='ltr'><strong>post</strong></span> 
     </span>
    </p>
   </div>
   <div class='ocr_carea' id='block_1_100' title="bbox 2115 4604 3685 4681">
    <p class='ocr_par' dir='ltr' id='par_1_100' title="bbox 2115 4604 3685 4681">
     <span class='ocr_line' id='line_1_100' title="bbox 2115 4604 3685 4681; baseline 0.004 -24"><span class='ocrx_word' id='word_1_702' title='bbox 2115 4604 2360 4671; x_wconf 75' lang='grc' dir='ltr'>φάνειαν,</span> <span class='ocrx_word' id='word_1_703' title='bbox 2388 4604 2482 4659; x_wconf 68' lang='grc' dir='ltr'>καὶ</span> <span class='ocrx_word' id='word_1_704' title='bbox 2504 4605 2784 4678; x_wconf 83' lang='grc' dir='ltr'>ὑπηρέτης</span> <span class='ocrx_word' id='word_1_705' title='bbox 2809 4607 2905 4661; x_wconf 79' lang='grc' dir='ltr'>τοῦ</span> <span class='ocrx_word' id='word_1_706' title='bbox 2926 4609 3102 4678; x_wconf 83' lang='grc' dir='ltr'>Λόγου</span> <span class='ocrx_word' id='word_1_707' title='bbox 3132 4609 3422 4681; x_wconf 88' lang='grc' dir='ltr'>γενόμενος</span> <span class='ocrx_word' id='word_1_708' title='bbox 3445 4611 3685 4680; x_wconf 77' lang='grc' dir='ltr'>γνήσιος.</span> 
     </span>
    </p>
   </div>
   <div class='ocr_carea' id='block_1_101' title="bbox 2114 4693 3689 4772">
    <p class='ocr_par' dir='ltr' id='par_1_101' title="bbox 2114 4693 3689 4772">
     <span class='ocr_line' id='line_1_101' title="bbox 2114 4693 3689 4772; baseline 0.002 -25"><span class='ocrx_word' id='word_1_709' title='bbox 2114 4695 2249 4748; x_wconf 78' lang='grc' dir='ltr'>Οὑδὲ</span> <span class='ocrx_word' id='word_1_710' title='bbox 2287 4693 2395 4766; x_wconf 83' lang='grc' dir='ltr'><strong>γὰρ</strong></span> <span class='ocrx_word' id='word_1_711' title='bbox 2428 4696 2600 4768; x_wconf 77' lang='grc' dir='ltr'>ἐφάνη</span> <span class='ocrx_word' id='word_1_712' title='bbox 2627 4715 2711 4761; x_wconf 88' lang='grc' dir='ltr'><strong>τις</strong></span> <span class='ocrx_word' id='word_1_713' title='bbox 2735 4696 2908 4761; x_wconf 75' lang='grc' dir='ltr'>οὕτως</span> <span class='ocrx_word' id='word_1_714' title='bbox 2938 4701 2971 4772; x_wconf 79' lang='grc' dir='ltr'>ἢ</span> <span class='ocrx_word' id='word_1_715' title='bbox 3000 4701 3097 4770; x_wconf 78' lang='grc' dir='ltr'>τὴν</span> <span class='ocrx_word' id='word_1_716' title='bbox 3136 4700 3413 4765; x_wconf 77' lang='grc' dir='ltr'>σώζουσαν</span> <span class='ocrx_word' id='word_1_717' title='bbox 3445 4699 3689 4768; x_wconf 83' lang='grc' dir='ltr'>ὑφηγού-</span> 
     </span>
    </p>
   </div>
   <div class='ocr_carea' id='block_1_102' title="bbox 2117 4785 3687 4860">
    <p class='ocr_par' dir='ltr' id='par_1_102' title="bbox 2117 4785 3687 4860">
     <span class='ocr_line' id='line_1_102' title="bbox 2117 4785 3687 4860; baseline 0.001 -22"><span class='ocrx_word' id='word_1_718' title='bbox 2117 4802 2297 4857; x_wconf 84' lang='grc' dir='ltr'>μενος,</span> <span class='ocrx_word' id='word_1_719' title='bbox 2329 4785 2362 4857; x_wconf 83' lang='grc' dir='ltr'>ἢ</span> <span class='ocrx_word' id='word_1_720' title='bbox 2402 4786 2517 4839; x_wconf 82' lang='grc' dir='ltr'>ὁδὸν</span> <span class='ocrx_word' id='word_1_721' title='bbox 2549 4787 2645 4859; x_wconf 86' lang='grc' dir='ltr'>τὴν</span> <span class='ocrx_word' id='word_1_722' title='bbox 2676 4791 2934 4860; x_wconf 86' lang='grc' dir='ltr'>τραχεῖαν</span> <span class='ocrx_word' id='word_1_723' title='bbox 2982 4790 3252 4842; x_wconf 86' lang='grc' dir='ltr'>καθιστῶν</span> <span class='ocrx_word' id='word_1_724' title='bbox 3280 4788 3517 4853; x_wconf 72' lang='grc' dir='ltr'>εὔθετον,</span> <span class='ocrx_word' id='word_1_725' title='bbox 3552 4788 3627 4849; x_wconf 86' lang='grc' dir='ltr'>ὠς</span> <span class='ocrx_word' id='word_1_726' title='bbox 3657 4789 3687 4839; x_wconf 85' lang='lat'><strong>6</strong></span> 
     </span>
    </p>
   </div>
   <div class='ocr_carea' id='block_1_103' title="bbox 2114 4868 3688 4949">
    <p class='ocr_par' dir='ltr' id='par_1_103' title="bbox 2114 4868 3688 4949">
     <span class='ocr_line' id='line_1_103' title="bbox 2114 4868 3688 4949; baseline 0.003 -22"><span class='ocrx_word' id='word_1_727' title='bbox 2114 4876 2413 4947; x_wconf 87' lang='grc' dir='ltr'>πάμμεγας</span> <span class='ocrx_word' id='word_1_728' title='bbox 2453 4868 2628 4942; x_wconf 72' lang='grc' dir='ltr'>οὗτος,</span> <span class='ocrx_word' id='word_1_729' title='bbox 2656 4880 2751 4933; x_wconf 74' lang='grc' dir='ltr'>καὶ</span> <span class='ocrx_word' id='word_1_730' title='bbox 2782 4880 3212 4949; x_wconf 77' lang='grc' dir='ltr'>ἀξιοθαύμαστος</span> <span class='ocrx_word' id='word_1_731' title='bbox 3237 4871 3298 4930; x_wconf 77' lang='grc' dir='ltr'><strong>οὑ</strong></span> <span class='ocrx_word' id='word_1_732' title='bbox 3324 4877 3418 4930; x_wconf 73' lang='grc' dir='ltr'><strong>καὶ</strong></span> <span class='ocrx_word' id='word_1_733' title='bbox 3447 4876 3560 4946; x_wconf 86' lang='grc' dir='ltr'>βίος</span> <span class='ocrx_word' id='word_1_734' title='bbox 3591 4878 3688 4932; x_wconf 69' lang='grc' dir='ltr'><strong>καλ⁸</strong></span> 
     </span>
    </p>
   </div>
   <div class='ocr_carea' id='block_1_104' title="bbox 2108 4965 3691 5042">
    <p class='ocr_par' dir='ltr' id='par_1_104' title="bbox 2108 4965 3691 5042">
     <span class='ocr_line' id='line_1_104' title="bbox 2108 4965 3691 5042; baseline 0.002 -23"><span class='ocrx_word' id='word_1_735' title='bbox 2108 4965 2266 5035; x_wconf 84' lang='grc' dir='ltr'>λόγος</span> <span class='ocrx_word' id='word_1_736' title='bbox 2296 4971 2386 5022; x_wconf 71' lang='grc' dir='ltr'><strong>ἐπὶ</strong></span> <span class='ocrx_word' id='word_1_737' title='bbox 2406 4969 2656 5024; x_wconf 82' lang='grc' dir='ltr'>τοσοῦτον</span> <span class='ocrx_word' id='word_1_738' title='bbox 2686 4973 2851 5025; x_wconf 80' lang='grc' dir='ltr'>πᾶσιν</span> <span class='ocrx_word' id='word_1_739' title='bbox 2880 4972 3173 5040; x_wconf 78' lang='grc' dir='ltr'>αἰδέσιμος,</span> <span class='ocrx_word' id='word_1_740' title='bbox 3201 4970 3277 5033; x_wconf 81' lang='grc' dir='ltr'>ὡς</span> <span class='ocrx_word' id='word_1_741' title='bbox 3308 4966 3447 5041; x_wconf 79' lang='grc' dir='ltr'>μέγα</span> <span class='ocrx_word' id='word_1_742' title='bbox 3474 4969 3691 5042; x_wconf 78' lang='grc' dir='ltr'>ἑκάστῳ</span> 
     </span>
    </p>
   </div>
   <div class='ocr_carea' id='block_1_105' title="bbox 2110 5060 3693 5137">
    <p class='ocr_par' dir='ltr' id='par_1_105' title="bbox 2110 5060 3693 5137">
     <span class='ocr_line' id='line_1_105' title="bbox 2110 5060 3693 5137; baseline 0.004 -27"><span class='ocrx_word' id='word_1_743' title='bbox 2110 5060 2370 5129; x_wconf 76' lang='grc' dir='ltr'>νομίζειν,</span> <span class='ocrx_word' id='word_1_744' title='bbox 2400 5063 2494 5114; x_wconf 74' lang='grc' dir='ltr'>καὶ</span> <span class='ocrx_word' id='word_1_745' title='bbox 2515 5062 2575 5115; x_wconf 84' lang='grc' dir='ltr'>τὸ</span> <span class='ocrx_word' id='word_1_746' title='bbox 2609 5064 2766 5133; x_wconf 88' lang='grc' dir='ltr'>μόνον</span> <span class='ocrx_word' id='word_1_747' title='bbox 2795 5064 3047 5134; x_wconf 85' lang='grc' dir='ltr'>γενέσθαι</span> <span class='ocrx_word' id='word_1_748' title='bbox 3073 5062 3263 5117; x_wconf 87' lang='grc' dir='ltr'>τούτου</span> <span class='ocrx_word' id='word_1_749' title='bbox 3291 5065 3348 5117; x_wconf 83' lang='grc' dir='ltr'><strong>έν</strong></span> <span class='ocrx_word' id='word_1_750' title='bbox 3377 5061 3494 5137; x_wconf 82' lang='grc' dir='ltr'>χρῷ</span> <span class='ocrx_word' id='word_1_751' title='bbox 3509 5063 3577 5127; x_wconf 82' lang='grc'><strong>⁸⁸,</strong></span> <span class='ocrx_word' id='word_1_752' title='bbox 3596 5063 3693 5117; x_wconf 75' lang='grc' dir='ltr'>καὶ</span> 
     </span>
    </p>
   </div>
   <div class='ocr_carea' id='block_1_106' title="bbox 2112 5146 3695 5225">
    <p class='ocr_par' dir='ltr' id='par_1_106' title="bbox 2112 5146 3695 5225">
     <span class='ocr_line' id='line_1_106' title="bbox 2112 5146 3695 5225; baseline 0.006 -25"><span class='ocrx_word' id='word_1_753' title='bbox 2112 5146 2399 5215; x_wconf 87' lang='grc' dir='ltr'>πυθέσθαι,</span> <span class='ocrx_word' id='word_1_754' title='bbox 2447 5151 2503 5203; x_wconf 69' lang='lat' dir='ltr'><strong>ei</strong></span> <span class='ocrx_word' id='word_1_755' title='bbox 2539 5169 2590 5205; x_wconf 86' lang='grc' dir='ltr'><strong>τι</strong></span> <span class='ocrx_word' id='word_1_756' title='bbox 2626 5154 2718 5205; x_wconf 78' lang='grc' dir='ltr'>καὶ</span> <span class='ocrx_word' id='word_1_757' title='bbox 2759 5153 3019 5224; x_wconf 83' lang='grc' dir='ltr'>βούλοιτο,</span> <span class='ocrx_word' id='word_1_758' title='bbox 3065 5153 3209 5225; x_wconf 73' lang='grc' dir='ltr'>παρὸ</span> <span class='ocrx_word' id='word_1_759' title='bbox 3247 5154 3342 5209; x_wconf 80' lang='grc' dir='ltr'><strong>καὶ</strong></span> <span class='ocrx_word' id='word_1_760' title='bbox 3390 5156 3448 5206; x_wconf 82' lang='grc' dir='ltr'>ὲν</span> <span class='ocrx_word' id='word_1_761' title='bbox 3482 5153 3695 5222; x_wconf 77' lang='grc' dir='ltr'>ἑαυτοῖς</span> 
     </span>
    </p>
   </div>
   <div class='ocr_carea' id='block_1_107' title="bbox 2112 5238 3690 5317">
    <p class='ocr_par' dir='ltr' id='par_1_107' title="bbox 2112 5238 3690 5317">
     <span class='ocr_line' id='line_1_107' title="bbox 2112 5238 3690 5317; baseline 0.003 -26"><span class='ocrx_word' id='word_1_762' title='bbox 2112 5239 2282 5306; x_wconf 82' lang='grc' dir='ltr'>δόξαι,</span> <span class='ocrx_word' id='word_1_763' title='bbox 2319 5241 2478 5297; x_wconf 78' lang='grc' dir='ltr'>αὑτὸν</span> <span class='ocrx_word' id='word_1_764' title='bbox 2508 5238 2649 5297; x_wconf 73' lang='grc' dir='ltr'>εἶναι</span> <span class='ocrx_word' id='word_1_765' title='bbox 2691 5244 2956 5316; x_wconf 78' lang='grc' dir='ltr'>δήπουθεν</span> <span class='ocrx_word' id='word_1_766' title='bbox 2986 5246 3077 5299; x_wconf 81' lang='grc' dir='ltr'>τὸν</span> <span class='ocrx_word' id='word_1_767' title='bbox 3125 5246 3361 5317; x_wconf 80' lang='grc' dir='ltr'>Χριστὸν</span> <span class='ocrx_word' id='word_1_768' title='bbox 3403 5244 3461 5299; x_wconf 81' lang='grc' dir='ltr'>ὃν</span> <span class='ocrx_word' id='word_1_769' title='bbox 3484 5245 3565 5309; x_wconf 77' lang='grc' dir='ltr'>εἰς</span> <span class='ocrx_word' id='word_1_770' title='bbox 3593 5245 3690 5297; x_wconf 82' lang='grc' dir='ltr'>άν-</span> 
     </span>
    </p>
   </div>
   <div class='ocr_carea' id='block_1_108' title="bbox 2119 5330 2895 5406">
    <p class='ocr_par' dir='ltr' id='par_1_108' title="bbox 2119 5330 2895 5406">
     <span class='ocr_line' id='line_1_108' title="bbox 2119 5330 2895 5406; baseline 0.009 -24"><span class='ocrx_word' id='word_1_771' title='bbox 2119 5330 2146 5382; x_wconf 90' lang='grc' dir='ltr'><strong>θ</strong></span> <span class='ocrx_word' id='word_1_772' title='bbox 2154 5331 2370 5402; x_wconf 79' lang='grc' dir='ltr'>ρώπους</span> <span class='ocrx_word' id='word_1_773' title='bbox 2396 5333 2680 5402; x_wconf 79' lang='grc' dir='ltr'>ἀφίξεσθαι</span> <span class='ocrx_word' id='word_1_774' title='bbox 2711 5334 2895 5406; x_wconf 74' lang='grc' dir='ltr'>ᾤοντο.</span> 
     </span>
    </p>
   </div>
   <div class='ocr_carea' id='block_1_109' title="bbox 2187 5445 3689 5525">
    <p class='ocr_par' dir='ltr' id='par_1_109' title="bbox 2187 5445 3689 5525">
     <span class='ocr_line' id='line_1_109' title="bbox 2187 5445 3689 5525; baseline 0.001 -26"><span class='ocrx_word' id='word_1_775' title='bbox 2187 5445 2286 5500; x_wconf 84' lang='grc' dir='ltr'><strong>Διά</strong></span> <span class='ocrx_word' id='word_1_776' title='bbox 2315 5446 2486 5503; x_wconf 73' lang='grc' dir='ltr'>ταῦτα</span> <span class='ocrx_word' id='word_1_777' title='bbox 2506 5452 2643 5505; x_wconf 90' lang='grc' dir='ltr'>τοῖαι</span> <span class='ocrx_word' id='word_1_778' title='bbox 2678 5450 2775 5505; x_wconf 79' lang='grc' dir='ltr'>καὶ</span> <span class='ocrx_word' id='word_1_779' title='bbox 2805 5450 3064 5509; x_wconf 81' lang='grc' dir='ltr'>τοσαῦται</span> <span class='ocrx_word' id='word_1_780' title='bbox 3099 5453 3440 5525; x_wconf 87' lang='grc' dir='ltr'>θεοσημεῖαι,</span> <span class='ocrx_word' id='word_1_781' title='bbox 3464 5448 3556 5503; x_wconf 71' lang='grc' dir='ltr'>καὶ</span> <span class='ocrx_word' id='word_1_782' title='bbox 3584 5448 3689 5521; x_wconf 81' lang='grc' dir='ltr'>πρὸ</span> 
     </span>
    </p>
   </div>
   <div class='ocr_carea' id='block_1_110' title="bbox 1717 5600 2393 5658">
    <p class='ocr_par' dir='ltr' id='par_1_110' title="bbox 1717 5600 2393 5658">
     <span class='ocr_line' id='line_1_110' title="bbox 1717 5600 2393 5658; baseline 0.006 -4"><span class='ocrx_word' id='word_1_783' title='bbox 1717 5600 1952 5656; x_wconf 68' lang='grc' dir='ltr'><strong>ΫΛΒΙᾸΞ</strong></span> <span class='ocrx_word' id='word_1_784' title='bbox 1991 5602 2393 5658; x_wconf 73' lang='lat' dir='ltr'><strong>LECTIONES.</strong></span> 
     </span>
    </p>
   </div>
   <div class='ocr_carea' id='block_1_111' title="bbox 509 5700 2006 5810">
    <p class='ocr_par' dir='ltr' id='par_1_111' title="bbox 509 5700 1999 5805">
     <span class='ocr_line' id='line_1_111' title="bbox 509 5700 1999 5805; baseline 0.005 -23"><span class='ocrx_word' id='word_1_785' title='bbox 509 5728 553 5760; x_wconf 83' lang='lat'>&quot;</span> <span class='ocrx_word' id='word_1_786' title='bbox 576 5731 888 5801; x_wconf 76' lang='lat' dir='ltr'><strong>Legendum</strong></span> <span class='ocrx_word' id='word_1_787' title='bbox 926 5732 1143 5789; x_wconf 79' lang='lat' dir='ltr'><strong>Videtur</strong></span> <span class='ocrx_word' id='word_1_788' title='bbox 1171 5732 1531 5804; x_wconf 69' lang='grc' dir='ltr'>ἀφρςνοὺσας.</span> <span class='ocrx_word' id='word_1_789' title='bbox 1582 5700 1655 5768; x_wconf 28' lang='grc'><strong>’⁸⁸</strong></span> <span class='ocrx_word' id='word_1_790' title='bbox 1683 5730 1999 5805; x_wconf 76' lang='lat' dir='ltr'><strong>Legendum</strong></span> 
     </span>
    </p>
   </div>
   <div class='ocr_carea' id='block_1_112' title="bbox 2107 5700 2460 5810">
    <p class='ocr_par' dir='ltr' id='par_1_112' title="bbox 2107 5732 2460 5810">
     <span class='ocr_line' id='line_1_112' title="bbox 2107 5732 2460 5810; baseline 0.003 -18"><span class='ocrx_word' id='word_1_791' title='bbox 2107 5736 2260 5792; x_wconf 80' lang='lat' dir='ltr'><strong>detur</strong></span> <span class='ocrx_word' id='word_1_792' title='bbox 2296 5732 2460 5810; x_wconf 77' lang='grc' dir='ltr'>χομῷ.</span> 
     </span>
    </p>
   </div>
  </div>
