  <div class='ocr_page' id='page_1' title='image "/cluster/home/n/w/nwhite01/storage/ocr_20150623/84/hvd.32044073502213/032.png"; bbox 0 0 4060 6180; ppageno 0'>
   <div class='ocr_carea' id='block_1_1' title="bbox 371 334 1956 402">
    <p class='ocr_par' dir='ltr' id='par_1_1' title="bbox 371 336 1932 402">
     <span class='ocr_line' id='line_1_1' title="bbox 371 336 1932 402; baseline -0.005 0"><span class='ocrx_word' id='word_1_1' title='bbox 371 339 439 402; x_wconf 64' lang='grc'><strong>15</strong></span> <span class='ocrx_word' id='word_1_2' title='bbox 1460 336 1932 397; x_wconf 78' lang='lat' dir='ltr'><strong>AUCTARIUM.</strong></span> 
     </span>
    </p>
   </div>
   <div class='ocr_carea' id='block_1_2' title="bbox 2059 334 3632 402">
    <p class='ocr_par' dir='ltr' id='par_1_2' title="bbox 2079 334 3632 397">
     <span class='ocr_line' id='line_1_2' title="bbox 2079 334 3632 397; baseline 0.001 -4"><span class='ocrx_word' id='word_1_3' title='bbox 2079 336 2175 394; x_wconf 77' lang='lat' dir='ltr'><strong>AD</strong></span> <span class='ocrx_word' id='word_1_4' title='bbox 2213 337 2388 396; x_wconf 77' lang='grc' dir='ltr'><strong>ΤΟΜ.</strong></span> <span class='ocrx_word' id='word_1_5' title='bbox 2430 339 2528 397; x_wconf 80' lang='lat' dir='ltr'><strong>IV.</strong></span> <span class='ocrx_word' id='word_1_6' title='bbox 3562 334 3632 395; x_wconf 75' lang='grc'><strong>46</strong></span> 
     </span>
    </p>
   </div>
   <div class='ocr_carea' id='block_1_3' title="bbox 370 445 1956 521">
    <p class='ocr_par' dir='ltr' id='par_1_3' title="bbox 370 447 1948 521">
     <span class='ocr_line' id='line_1_3' title="bbox 370 447 1948 521; baseline -0.005 -14"><span class='ocrx_word' id='word_1_7' title='bbox 370 457 464 521; x_wconf 70' lang='grc' dir='ltr'>τῆς</span> <span class='ocrx_word' id='word_1_8' title='bbox 491 452 826 520; x_wconf 81' lang='grc' dir='ltr'><strong>γεννήσεως,</strong></span> <span class='ocrx_word' id='word_1_9' title='bbox 860 451 951 503; x_wconf 64' lang='grc' dir='ltr'>καὶ</span> <span class='ocrx_word' id='word_1_10' title='bbox 996 451 1130 521; x_wconf 68' lang='grc' dir='ltr'>μετὰ</span> <span class='ocrx_word' id='word_1_11' title='bbox 1161 450 1260 521; x_wconf 78' lang='grc' dir='ltr'><strong>τὴν</strong></span> <span class='ocrx_word' id='word_1_12' title='bbox 1307 449 1558 520; x_wconf 80' lang='grc' dir='ltr'><strong>γέννησιν</strong></span> <span class='ocrx_word' id='word_1_13' title='bbox 1589 449 1681 501; x_wconf 74' lang='grc' dir='ltr'><strong>ἐπὶ</strong></span> <span class='ocrx_word' id='word_1_14' title='bbox 1721 447 1800 517; x_wconf 81' lang='grc' dir='ltr'>τῷ</span> <span class='ocrx_word' id='word_1_15' title='bbox 1831 449 1948 500; x_wconf 88' lang='grc' dir='ltr'>θεο-</span> 
     </span>
    </p>
   </div>
   <div class='ocr_carea' id='block_1_4' title="bbox 2059 445 3633 521">
    <p class='ocr_par' dir='ltr' id='par_1_4' title="bbox 2059 445 3633 515">
     <span class='ocr_line' id='line_1_4' title="bbox 2059 445 3633 515; baseline 0.002 -17"><span class='ocrx_word' id='word_1_16' title='bbox 2059 445 2231 515; x_wconf 86' lang='lat' dir='ltr'><strong>ipsius</strong></span> <span class='ocrx_word' id='word_1_17' title='bbox 2263 449 2610 503; x_wconf 72' lang='lat' dir='ltr'><strong>nativitatem</strong></span> <span class='ocrx_word' id='word_1_18' title='bbox 2645 449 2914 504; x_wconf 88' lang='lat' dir='ltr'><strong>divinitus</strong></span> <span class='ocrx_word' id='word_1_19' title='bbox 2940 459 3158 504; x_wconf 83' lang='lat' dir='ltr'><strong>ostensa</strong></span> <span class='ocrx_word' id='word_1_20' title='bbox 3191 456 3340 512; x_wconf 87' lang='lat' dir='ltr'><strong>sunt,</strong></span> <span class='ocrx_word' id='word_1_21' title='bbox 3374 449 3633 502; x_wconf 83' lang='lat' dir='ltr'><strong>utomnia</strong></span> 
     </span>
    </p>
   </div>
   <div class='ocr_carea' id='block_1_5' title="bbox 371 528 1951 613">
    <p class='ocr_par' dir='ltr' id='par_1_5' title="bbox 371 528 1951 613">
     <span class='ocr_line' id='line_1_5' title="bbox 371 528 1951 613; baseline -0.006 -18"><span class='ocrx_word' id='word_1_22' title='bbox 371 541 771 613; x_wconf 80' lang='grc' dir='ltr'>ληπτικωτάτῳ</span> <span class='ocrx_word' id='word_1_23' title='bbox 818 538 1167 611; x_wconf 73' lang='grc' dir='ltr'>προέϐησαν·</span> <span class='ocrx_word' id='word_1_24' title='bbox 1211 539 1286 601; x_wconf 84' lang='grc' dir='ltr'>ὡς</span> <span class='ocrx_word' id='word_1_25' title='bbox 1334 537 1400 590; x_wconf 83' lang='grc' dir='ltr'>ἂν</span> <span class='ocrx_word' id='word_1_26' title='bbox 1430 536 1542 607; x_wconf 76' lang='grc' dir='ltr'>ἔχοι</span> <span class='ocrx_word' id='word_1_27' title='bbox 1576 528 1732 598; x_wconf 66' lang='grc' dir='ltr'>οὗτος</span> <span class='ocrx_word' id='word_1_28' title='bbox 1775 534 1951 588; x_wconf 84' lang='grc' dir='ltr'>πάντα</span> 
     </span>
    </p>
   </div>
   <div class='ocr_carea' id='block_1_6' title="bbox 372 626 1950 700">
    <p class='ocr_par' dir='ltr' id='par_1_6' title="bbox 372 626 1950 700">
     <span class='ocr_line' id='line_1_6' title="bbox 372 626 1950 700; baseline -0.006 -15"><span class='ocrx_word' id='word_1_29' title='bbox 372 633 528 686; x_wconf 80' lang='grc' dir='ltr'>καινᾶ</span> <span class='ocrx_word' id='word_1_30' title='bbox 561 633 654 685; x_wconf 70' lang='grc' dir='ltr'>καὶ</span> <span class='ocrx_word' id='word_1_31' title='bbox 683 630 1062 700; x_wconf 73' lang='grc' dir='ltr'><strong>ἐξηλλαγμένα</strong></span> <span class='ocrx_word' id='word_1_32' title='bbox 1085 646 1098 658; x_wconf 81' lang='lat'><strong>&#39;</strong></span> <span class='ocrx_word' id='word_1_33' title='bbox 1123 630 1181 690; x_wconf 83' lang='grc' dir='ltr'>ὃς</span> <span class='ocrx_word' id='word_1_34' title='bbox 1202 645 1265 695; x_wconf 85' lang='grc' dir='ltr'><strong>γε</strong></span> <span class='ocrx_word' id='word_1_35' title='bbox 1300 626 1585 698; x_wconf 77' lang='grc' dir='ltr'>περιουσίᾳ</span> <span class='ocrx_word' id='word_1_36' title='bbox 1613 626 1950 694; x_wconf 82' lang='grc' dir='ltr'>Πνεύματος,</span> 
     </span>
    </p>
   </div>
   <div class='ocr_carea' id='block_1_7' title="bbox 375 715 1948 796">
    <p class='ocr_par' dir='ltr' id='par_1_7' title="bbox 375 715 1948 796">
     <span class='ocr_line' id='line_1_7' title="bbox 375 715 1948 796; baseline -0.008 -17"><span class='ocrx_word' id='word_1_37' title='bbox 375 728 536 796; x_wconf 84' lang='grc' dir='ltr'>μήπω</span> <span class='ocrx_word' id='word_1_38' title='bbox 571 723 697 795; x_wconf 89' lang='grc' dir='ltr'>μηδ’</span> <span class='ocrx_word' id='word_1_39' title='bbox 724 722 904 777; x_wconf 74' lang='grc' dir='ltr'>αὐτῶν</span> <span class='ocrx_word' id='word_1_40' title='bbox 933 721 1155 790; x_wconf 71' lang='grc' dir='ltr'>ἀφεθεὶς</span> <span class='ocrx_word' id='word_1_41' title='bbox 1189 715 1263 774; x_wconf 84' lang='grc' dir='ltr'><strong>ὧν</strong></span> <span class='ocrx_word' id='word_1_42' title='bbox 1296 721 1552 774; x_wconf 77' lang='grc' dir='ltr'><strong>ἐνειλεῖτο</strong></span> <span class='ocrx_word' id='word_1_43' title='bbox 1597 718 1948 788; x_wconf 87' lang='grc' dir='ltr'>σπαργάνων,</span> 
     </span>
    </p>
   </div>
   <div class='ocr_carea' id='block_1_8' title="bbox 371 810 1952 887">
    <p class='ocr_par' dir='ltr' id='par_1_8' title="bbox 371 810 1952 887">
     <span class='ocr_line' id='line_1_8' title="bbox 371 810 1952 887; baseline -0.006 -17"><span class='ocrx_word' id='word_1_44' title='bbox 371 817 464 887; x_wconf 79' lang='grc' dir='ltr'>τὴν</span> <span class='ocrx_word' id='word_1_45' title='bbox 490 815 697 886; x_wconf 75' lang='grc' dir='ltr'>ἔρημον</span> <span class='ocrx_word' id='word_1_46' title='bbox 729 815 891 877; x_wconf 78' lang='grc' dir='ltr'>εὐθὺς</span> <span class='ocrx_word' id='word_1_47' title='bbox 917 814 1134 885; x_wconf 72' lang='grc' dir='ltr'>ᾤκησεν</span> <span class='ocrx_word' id='word_1_48' title='bbox 1167 812 1434 882; x_wconf 77' lang='grc' dir='ltr'>ἁσκεπὴς,</span> <span class='ocrx_word' id='word_1_49' title='bbox 1473 812 1722 874; x_wconf 80' lang='grc' dir='ltr'>ἀνέστιος</span> <span class='ocrx_word' id='word_1_50' title='bbox 1743 851 1757 874; x_wconf 93' lang='grc'>,</span> <span class='ocrx_word' id='word_1_51' title='bbox 1789 810 1952 878; x_wconf 85' lang='grc' dir='ltr'>ἄτρο-</span> 
     </span>
    </p>
   </div>
   <div class='ocr_carea' id='block_1_9' title="bbox 373 897 1963 976">
    <p class='ocr_par' dir='ltr' id='par_1_9' title="bbox 373 897 1963 976">
     <span class='ocr_line' id='line_1_9' title="bbox 373 897 1963 976; baseline 0.004 -22"><span class='ocrx_word' id='word_1_52' title='bbox 373 897 488 976; x_wconf 72' lang='grc' dir='ltr'>φος,</span> <span class='ocrx_word' id='word_1_53' title='bbox 518 907 616 959; x_wconf 78' lang='grc' dir='ltr'>καὶ</span> <span class='ocrx_word' id='word_1_54' title='bbox 645 905 756 958; x_wconf 82' lang='grc' dir='ltr'>τῶν</span> <span class='ocrx_word' id='word_1_55' title='bbox 779 905 1132 976; x_wconf 82' lang='grc' dir='ltr'>ἀνθρωπίνων</span> <span class='ocrx_word' id='word_1_56' title='bbox 1159 905 1294 968; x_wconf 82' lang='grc' dir='ltr'>ὅλως</span> <span class='ocrx_word' id='word_1_57' title='bbox 1322 904 1604 972; x_wconf 73' lang='grc' dir='ltr'><strong>τυγχάνων</strong></span> <span class='ocrx_word' id='word_1_58' title='bbox 1634 901 1963 973; x_wconf 56' lang='grc' dir='ltr'>ἀπρὸσψαυπ</span> 
     </span>
    </p>
   </div>
   <div class='ocr_carea' id='block_1_10' title="bbox 373 991 1950 1067">
    <p class='ocr_par' dir='ltr' id='par_1_10' title="bbox 373 991 1950 1067">
     <span class='ocr_line' id='line_1_10' title="bbox 373 991 1950 1067; baseline -0.007 -15"><span class='ocrx_word' id='word_1_59' title='bbox 373 1016 516 1060; x_wconf 83' lang='grc' dir='ltr'>στος.</span> <span class='ocrx_word' id='word_1_60' title='bbox 570 999 657 1060; x_wconf 82' lang='grc' dir='ltr'>Ὡς</span> <span class='ocrx_word' id='word_1_61' title='bbox 693 996 802 1067; x_wconf 75' lang='grc' dir='ltr'><strong>γάρ</strong></span> <span class='ocrx_word' id='word_1_62' title='bbox 831 996 883 1047; x_wconf 74' lang='grc' dir='ltr'>εἴ</span> <span class='ocrx_word' id='word_1_63' title='bbox 928 1013 1012 1058; x_wconf 86' lang='grc' dir='ltr'><strong>τις</strong></span> <span class='ocrx_word' id='word_1_64' title='bbox 1044 995 1303 1065; x_wconf 79' lang='grc' dir='ltr'><strong>ἄσαρκος,</strong></span> <span class='ocrx_word' id='word_1_65' title='bbox 1343 994 1376 1064; x_wconf 81' lang='grc' dir='ltr'>ἢ</span> <span class='ocrx_word' id='word_1_66' title='bbox 1418 994 1616 1066; x_wconf 79' lang='grc' dir='ltr'>μᾶλλον</span> <span class='ocrx_word' id='word_1_67' title='bbox 1657 993 1732 1054; x_wconf 85' lang='grc' dir='ltr'>ὼς</span> <span class='ocrx_word' id='word_1_68' title='bbox 1778 991 1831 1043; x_wconf 80' lang='grc' dir='ltr'>εἴ</span> <span class='ocrx_word' id='word_1_69' title='bbox 1871 1008 1950 1054; x_wconf 84' lang='grc' dir='ltr'><strong>τις</strong></span> 
     </span>
    </p>
   </div>
   <div class='ocr_carea' id='block_1_11' title="bbox 371 1079 1955 1159">
    <p class='ocr_par' dir='ltr' id='par_1_11' title="bbox 371 1079 1955 1159">
     <span class='ocr_line' id='line_1_11' title="bbox 371 1079 1955 1159; baseline -0.003 -18"><span class='ocrx_word' id='word_1_70' title='bbox 371 1090 428 1153; x_wconf 80' lang='grc' dir='ltr'>ἐξ</span> <span class='ocrx_word' id='word_1_71' title='bbox 454 1086 690 1159; x_wconf 77' lang='grc' dir='ltr'>οὐρανοῦ</span> <span class='ocrx_word' id='word_1_72' title='bbox 715 1088 867 1157; x_wconf 79' lang='grc' dir='ltr'>ἥκων</span> <span class='ocrx_word' id='word_1_73' title='bbox 895 1085 1148 1154; x_wconf 79' lang='grc' dir='ltr'>ἅγγελος,</span> <span class='ocrx_word' id='word_1_74' title='bbox 1179 1085 1320 1138; x_wconf 75' lang='grc' dir='ltr'>οὕτω</span> <span class='ocrx_word' id='word_1_75' title='bbox 1349 1086 1443 1138; x_wconf 72' lang='grc' dir='ltr'>καὶ</span> <span class='ocrx_word' id='word_1_76' title='bbox 1467 1085 1678 1154; x_wconf 78' lang='grc' dir='ltr'><strong>διαίτης</strong></span> <span class='ocrx_word' id='word_1_77' title='bbox 1702 1079 1838 1154; x_wconf 78' lang='grc' dir='ltr'>εἶχε,</span> <span class='ocrx_word' id='word_1_78' title='bbox 1861 1083 1955 1136; x_wconf 78' lang='grc' dir='ltr'>καὶ</span> 
     </span>
    </p>
   </div>
   <div class='ocr_carea' id='block_1_12' title="bbox 374 1177 1954 1251">
    <p class='ocr_par' dir='ltr' id='par_1_12' title="bbox 374 1177 1954 1251">
     <span class='ocr_line' id='line_1_12' title="bbox 374 1177 1954 1251; baseline -0.003 -18"><span class='ocrx_word' id='word_1_79' title='bbox 374 1182 485 1251; x_wconf 79' lang='grc' dir='ltr'>βίου</span> <span class='ocrx_word' id='word_1_80' title='bbox 519 1180 653 1232; x_wconf 74' lang='grc' dir='ltr'>αὐτὸ</span> <span class='ocrx_word' id='word_1_81' title='bbox 686 1180 846 1249; x_wconf 86' lang='grc' dir='ltr'>μόνον</span> <span class='ocrx_word' id='word_1_82' title='bbox 877 1179 1040 1232; x_wconf 83' lang='grc' dir='ltr'>ἀΰ).ου</span> <span class='ocrx_word' id='word_1_83' title='bbox 1063 1221 1076 1242; x_wconf 92' lang='grc'>,</span> <span class='ocrx_word' id='word_1_84' title='bbox 1119 1179 1206 1231; x_wconf 79' lang='grc' dir='ltr'><strong>ἵνα</strong></span> <span class='ocrx_word' id='word_1_85' title='bbox 1251 1177 1324 1248; x_wconf 80' lang='grc' dir='ltr'>μὴ</span> <span class='ocrx_word' id='word_1_86' title='bbox 1352 1177 1481 1250; x_wconf 70' lang='grc' dir='ltr'>δόξῃ</span> <span class='ocrx_word' id='word_1_87' title='bbox 1532 1179 1674 1247; x_wconf 87' lang='grc' dir='ltr'>τάχα</span> <span class='ocrx_word' id='word_1_88' title='bbox 1700 1177 1832 1249; x_wconf 77' lang='grc' dir='ltr'>ὕλης</span> <span class='ocrx_word' id='word_1_89' title='bbox 1862 1177 1954 1230; x_wconf 74' lang='grc' dir='ltr'>καὶ</span> 
     </span>
    </p>
   </div>
   <div class='ocr_carea' id='block_1_13' title="bbox 372 1261 1950 1342">
    <p class='ocr_par' dir='ltr' id='par_1_13' title="bbox 372 1261 1950 1342">
     <span class='ocr_line' id='line_1_13' title="bbox 372 1261 1950 1342; baseline -0.002 -17"><span class='ocrx_word' id='word_1_90' title='bbox 372 1273 575 1342; x_wconf 75' lang='grc' dir='ltr'>φθορᾶς</span> <span class='ocrx_word' id='word_1_91' title='bbox 591 1271 689 1324; x_wconf 83' lang='grc' dir='ltr'><strong>άνθ</strong></span> <span class='ocrx_word' id='word_1_92' title='bbox 698 1287 898 1342; x_wconf 87' lang='grc' dir='ltr'>ρωπος,</span> <span class='ocrx_word' id='word_1_93' title='bbox 916 1261 976 1322; x_wconf 69' lang='grc' dir='ltr'>οὗ</span> <span class='ocrx_word' id='word_1_94' title='bbox 995 1270 1170 1323; x_wconf 82' lang='grc' dir='ltr'>πάντα</span> <span class='ocrx_word' id='word_1_95' title='bbox 1183 1273 1430 1340; x_wconf 86' lang='grc' dir='ltr'>κρεῖττον</span> <span class='ocrx_word' id='word_1_96' title='bbox 1449 1270 1480 1339; x_wconf 73' lang='grc' dir='ltr'><strong>ἦ</strong></span> <span class='ocrx_word' id='word_1_97' title='bbox 1495 1269 1633 1323; x_wconf 78' lang='grc' dir='ltr'>κατὰ</span> <span class='ocrx_word' id='word_1_98' title='bbox 1647 1269 1950 1340; x_wconf 81' lang='grc' dir='ltr'>ἄνθρωπον.</span> 
     </span>
    </p>
   </div>
   <div class='ocr_carea' id='block_1_14' title="bbox 440 1359 1951 1433">
    <p class='ocr_par' dir='ltr' id='par_1_14' title="bbox 440 1359 1951 1433">
     <span class='ocr_line' id='line_1_14' title="bbox 440 1359 1951 1433; baseline -0.003 -17"><span class='ocrx_word' id='word_1_99' title='bbox 440 1364 550 1416; x_wconf 74' lang='grc' dir='ltr'><strong>Καὶ</strong></span> <span class='ocrx_word' id='word_1_100' title='bbox 601 1363 791 1432; x_wconf 76' lang='grc' dir='ltr'>ἔμοιγε</span> <span class='ocrx_word' id='word_1_101' title='bbox 846 1361 982 1433; x_wconf 72' lang='grc' dir='ltr'>πρὸς</span> <span class='ocrx_word' id='word_1_102' title='bbox 1028 1363 1247 1433; x_wconf 83' lang='grc' dir='ltr'>μνήμην</span> <span class='ocrx_word' id='word_1_103' title='bbox 1293 1361 1496 1415; x_wconf 83' lang='grc' dir='ltr'>τούτων</span> <span class='ocrx_word' id='word_1_104' title='bbox 1547 1362 1577 1413; x_wconf 82' lang='grc' dir='ltr'>ὁ</span> <span class='ocrx_word' id='word_1_105' title='bbox 1632 1361 1788 1430; x_wconf 81' lang='grc' dir='ltr'>λόγος</span> <span class='ocrx_word' id='word_1_106' title='bbox 1840 1359 1951 1424; x_wconf 83' lang='grc' dir='ltr'>ἰὼν,</span> 
     </span>
    </p>
   </div>
   <div class='ocr_carea' id='block_1_15' title="bbox 374 1450 1950 1524">
    <p class='ocr_par' dir='ltr' id='par_1_15' title="bbox 374 1450 1950 1524">
     <span class='ocr_line' id='line_1_15' title="bbox 374 1450 1950 1524; baseline -0.002 -19"><span class='ocrx_word' id='word_1_107' title='bbox 374 1454 624 1507; x_wconf 71' lang='grc' dir='ltr'>ἐδούλετο</span> <span class='ocrx_word' id='word_1_108' title='bbox 653 1453 766 1524; x_wconf 82' lang='grc' dir='ltr'><strong>ἄρα</strong></span> <span class='ocrx_word' id='word_1_109' title='bbox 796 1453 890 1506; x_wconf 74' lang='grc' dir='ltr'>καὶ</span> <span class='ocrx_word' id='word_1_110' title='bbox 913 1453 1206 1523; x_wconf 84' lang='grc' dir='ltr'>άναμέρος,</span> <span class='ocrx_word' id='word_1_111' title='bbox 1235 1453 1311 1514; x_wconf 85' lang='grc' dir='ltr'>ὡς</span> <span class='ocrx_word' id='word_1_112' title='bbox 1339 1452 1569 1504; x_wconf 72' lang='grc' dir='ltr'>ἕκαστον</span> <span class='ocrx_word' id='word_1_113' title='bbox 1601 1451 1711 1522; x_wconf 79' lang='grc' dir='ltr'>ἔχει</span> <span class='ocrx_word' id='word_1_114' title='bbox 1738 1450 1950 1515; x_wconf 83' lang='grc' dir='ltr'>διιέναι,</span> 
     </span>
    </p>
   </div>
   <div class='ocr_carea' id='block_1_16' title="bbox 375 1539 1954 1612">
    <p class='ocr_par' dir='ltr' id='par_1_16' title="bbox 375 1539 1954 1612">
     <span class='ocr_line' id='line_1_16' title="bbox 375 1539 1954 1612; baseline -0.003 -16"><span class='ocrx_word' id='word_1_115' title='bbox 375 1544 482 1606; x_wconf 78' lang='grc' dir='ltr'><strong>πῶς</strong></span> <span class='ocrx_word' id='word_1_116' title='bbox 511 1539 670 1607; x_wconf 71' lang='grc' dir='ltr'>οὗτος</span> <span class='ocrx_word' id='word_1_117' title='bbox 703 1543 898 1612; x_wconf 84' lang='grc' dir='ltr'>κομιδῇ</span> <span class='ocrx_word' id='word_1_118' title='bbox 936 1544 1129 1611; x_wconf 73' lang='grc' dir='ltr'>νήπιος</span> <span class='ocrx_word' id='word_1_119' title='bbox 1153 1541 1249 1607; x_wconf 83' lang='grc' dir='ltr'>ὢν,</span> <span class='ocrx_word' id='word_1_120' title='bbox 1283 1543 1377 1596; x_wconf 68' lang='grc' dir='ltr'><strong>καλ⁵</strong></span> <span class='ocrx_word' id='word_1_121' title='bbox 1411 1542 1666 1610; x_wconf 79' lang='grc' dir='ltr'><strong>ἀγκαλῶν</strong></span> <span class='ocrx_word' id='word_1_122' title='bbox 1703 1541 1954 1610; x_wconf 80' lang='grc' dir='ltr'>δεόμενος</span> 
     </span>
    </p>
   </div>
   <div class='ocr_carea' id='block_1_17' title="bbox 375 1631 1956 1704">
    <p class='ocr_par' dir='ltr' id='par_1_17' title="bbox 375 1631 1956 1704">
     <span class='ocr_line' id='line_1_17' title="bbox 375 1631 1956 1704; baseline -0.003 -18"><span class='ocrx_word' id='word_1_123' title='bbox 375 1635 678 1704; x_wconf 82' lang='grc' dir='ltr'>μητρικῶν,</span> <span class='ocrx_word' id='word_1_124' title='bbox 724 1633 822 1704; x_wconf 83' lang='grc' dir='ltr'>τὴν</span> <span class='ocrx_word' id='word_1_125' title='bbox 856 1633 1050 1702; x_wconf 79' lang='grc' dir='ltr'>ἄφιλον</span> <span class='ocrx_word' id='word_1_126' title='bbox 1096 1632 1312 1701; x_wconf 87' lang='grc' dir='ltr'>ἐκείνην</span> <span class='ocrx_word' id='word_1_127' title='bbox 1342 1635 1436 1686; x_wconf 75' lang='grc' dir='ltr'>καὶ</span> <span class='ocrx_word' id='word_1_128' title='bbox 1484 1635 1742 1703; x_wconf 80' lang='grc' dir='ltr'>τραχεῖαν</span> <span class='ocrx_word' id='word_1_129' title='bbox 1783 1631 1956 1684; x_wconf 81' lang='grc' dir='ltr'>εἵλετο</span> 
     </span>
    </p>
   </div>
   <div class='ocr_carea' id='block_1_18' title="bbox 375 1720 1953 1794">
    <p class='ocr_par' dir='ltr' id='par_1_18' title="bbox 375 1720 1953 1794">
     <span class='ocr_line' id='line_1_18' title="bbox 375 1720 1953 1794; baseline -0.003 -17"><span class='ocrx_word' id='word_1_130' title='bbox 375 1725 720 1792; x_wconf 74' lang='grc' dir='ltr'>άγωγὴν,τδν</span> <span class='ocrx_word' id='word_1_131' title='bbox 744 1725 973 1794; x_wconf 79' lang='grc' dir='ltr'><strong>ἄμικτον</strong></span> <span class='ocrx_word' id='word_1_132' title='bbox 997 1722 1131 1792; x_wconf 77' lang='grc' dir='ltr'>βίον,</span> <span class='ocrx_word' id='word_1_133' title='bbox 1153 1722 1243 1777; x_wconf 79' lang='grc' dir='ltr'><strong>τὸν</strong></span> <span class='ocrx_word' id='word_1_134' title='bbox 1261 1722 1644 1792; x_wconf 84' lang='grc' dir='ltr'>ἀκοινώνητον,</span> <span class='ocrx_word' id='word_1_135' title='bbox 1668 1721 1762 1775; x_wconf 73' lang='grc' dir='ltr'>καὶ</span> <span class='ocrx_word' id='word_1_136' title='bbox 1789 1720 1953 1790; x_wconf 81' lang='grc' dir='ltr'>ἐσχά-</span> 
     </span>
    </p>
   </div>
   <div class='ocr_carea' id='block_1_19' title="bbox 2055 538 3630 610">
    <p class='ocr_par' dir='ltr' id='par_1_19' title="bbox 2055 538 3630 610">
     <span class='ocr_line' id='line_1_19' title="bbox 2055 538 3630 610; baseline 0.001 -20"><span class='ocrx_word' id='word_1_137' title='bbox 2055 553 2197 591; x_wconf 87' lang='lat' dir='ltr'><strong>nova</strong></span> <span class='ocrx_word' id='word_1_138' title='bbox 2241 545 2297 593; x_wconf 91' lang='lat' dir='ltr'><strong>et</strong></span> <span class='ocrx_word' id='word_1_139' title='bbox 2325 539 2589 594; x_wconf 88' lang='lat' dir='ltr'><strong>inusitata</strong></span> <span class='ocrx_word' id='word_1_140' title='bbox 2630 540 2859 594; x_wconf 89' lang='lat' dir='ltr'><strong>haberet</strong></span> <span class='ocrx_word' id='word_1_141' title='bbox 2888 541 2999 603; x_wconf 91' lang='lat' dir='ltr'><strong>ille,</strong></span> <span class='ocrx_word' id='word_1_142' title='bbox 3039 541 3133 610; x_wconf 91' lang='lat' dir='ltr'><strong>qui</strong></span> <span class='ocrx_word' id='word_1_143' title='bbox 3153 540 3397 609; x_wconf 86' lang='lat' dir='ltr'><strong>Spiritus</strong></span> <span class='ocrx_word' id='word_1_144' title='bbox 3426 538 3630 601; x_wconf 80' lang='lat' dir='ltr'><strong>alllatu,</strong></span> 
     </span>
    </p>
   </div>
   <div class='ocr_carea' id='block_1_20' title="bbox 2055 629 3633 700">
    <p class='ocr_par' dir='ltr' id='par_1_20' title="bbox 2055 629 3633 700">
     <span class='ocr_line' id='line_1_20' title="bbox 2055 629 3633 700; baseline 0.003 -21"><span class='ocrx_word' id='word_1_145' title='bbox 2055 629 2301 682; x_wconf 86' lang='lat' dir='ltr'><strong>nondum</strong></span> <span class='ocrx_word' id='word_1_146' title='bbox 2333 646 2401 684; x_wconf 84' lang='lat' dir='ltr'><strong>ex</strong></span> <span class='ocrx_word' id='word_1_147' title='bbox 2427 631 2514 695; x_wconf 90' lang='lat' dir='ltr'><strong>iis,</strong></span> <span class='ocrx_word' id='word_1_148' title='bbox 2552 631 2760 700; x_wconf 83' lang='lat' dir='ltr'><strong>quibus</strong></span> <span class='ocrx_word' id='word_1_149' title='bbox 2791 631 3071 685; x_wconf 91' lang='lat' dir='ltr'><strong>involutus</strong></span> <span class='ocrx_word' id='word_1_150' title='bbox 3093 640 3232 697; x_wconf 90' lang='lat' dir='ltr'><strong>erat,</strong></span> <span class='ocrx_word' id='word_1_151' title='bbox 3274 630 3459 685; x_wconf 80' lang='lat' dir='ltr'><strong>fasciis</strong></span> <span class='ocrx_word' id='word_1_152' title='bbox 3483 645 3633 684; x_wconf 80' lang='lat' dir='ltr'><strong>exso-</strong></span> 
     </span>
    </p>
   </div>
   <div class='ocr_carea' id='block_1_21' title="bbox 2055 720 3628 786">
    <p class='ocr_par' dir='ltr' id='par_1_21' title="bbox 2055 720 3628 786">
     <span class='ocr_line' id='line_1_21' title="bbox 2055 720 3628 786; baseline 0.002 -13"><span class='ocrx_word' id='word_1_153' title='bbox 2055 720 2226 785; x_wconf 90' lang='lat' dir='ltr'><strong>lutus,</strong></span> <span class='ocrx_word' id='word_1_154' title='bbox 2248 737 2492 776; x_wconf 85' lang='lat' dir='ltr'><strong>eremum</strong></span> <span class='ocrx_word' id='word_1_155' title='bbox 2528 724 2712 777; x_wconf 80' lang='lat' dir='ltr'><strong>statim</strong></span> <span class='ocrx_word' id='word_1_156' title='bbox 2743 724 2974 779; x_wconf 86' lang='lat' dir='ltr'><strong>incoluit</strong></span> <span class='ocrx_word' id='word_1_157' title='bbox 3003 725 3119 777; x_wconf 88' lang='lat' dir='ltr'><strong>sine</strong></span> <span class='ocrx_word' id='word_1_158' title='bbox 3145 730 3311 786; x_wconf 90' lang='lat' dir='ltr'><strong>tecto,</strong></span> <span class='ocrx_word' id='word_1_159' title='bbox 3336 722 3456 776; x_wconf 85' lang='lat' dir='ltr'><strong>sine</strong></span> <span class='ocrx_word' id='word_1_160' title='bbox 3485 722 3628 785; x_wconf 84' lang='lat' dir='ltr'><strong>foco,</strong></span> 
     </span>
    </p>
   </div>
   <div class='ocr_carea' id='block_1_22' title="bbox 2056 812 3630 876">
    <p class='ocr_par' dir='ltr' id='par_1_22' title="bbox 2056 812 3630 876">
     <span class='ocr_line' id='line_1_22' title="bbox 2056 812 3630 876; baseline 0.001 -11"><span class='ocrx_word' id='word_1_161' title='bbox 2056 814 2176 865; x_wconf 89' lang='lat' dir='ltr'><strong>sine</strong></span> <span class='ocrx_word' id='word_1_162' title='bbox 2223 812 2370 876; x_wconf 82' lang='lat' dir='ltr'><strong>cibo,</strong></span> <span class='ocrx_word' id='word_1_163' title='bbox 2422 814 2544 867; x_wconf 85' lang='lat' dir='ltr'><strong>sino</strong></span> <span class='ocrx_word' id='word_1_164' title='bbox 2590 815 2702 870; x_wconf 92' lang='lat' dir='ltr'><strong>ullo</strong></span> <span class='ocrx_word' id='word_1_165' title='bbox 2748 830 2874 869; x_wconf 87' lang='lat' dir='ltr'><strong>cum</strong></span> <span class='ocrx_word' id='word_1_166' title='bbox 2919 815 3238 870; x_wconf 87' lang='lat' dir='ltr'><strong>hominibus</strong></span> <span class='ocrx_word' id='word_1_167' title='bbox 3273 815 3630 870; x_wconf 92' lang='lat' dir='ltr'><strong>commercio.</strong></span> 
     </span>
    </p>
   </div>
   <div class='ocr_carea' id='block_1_23' title="bbox 2055 905 3632 978">
    <p class='ocr_par' dir='ltr' id='par_1_23' title="bbox 2055 905 3632 978">
     <span class='ocr_line' id='line_1_23' title="bbox 2055 905 3632 978; baseline 0.001 -20"><span class='ocrx_word' id='word_1_168' title='bbox 2055 905 2190 959; x_wconf 85' lang='lat' dir='ltr'><strong>Nam</strong></span> <span class='ocrx_word' id='word_1_169' title='bbox 2218 906 2369 960; x_wconf 89' lang='lat' dir='ltr'><strong>velut</strong></span> <span class='ocrx_word' id='word_1_170' title='bbox 2395 908 2578 960; x_wconf 86' lang='lat' dir='ltr'><strong>carnis</strong></span> <span class='ocrx_word' id='word_1_171' title='bbox 2604 923 2820 977; x_wconf 83' lang='lat' dir='ltr'><strong>expers,</strong></span> <span class='ocrx_word' id='word_1_172' title='bbox 2847 915 2941 961; x_wconf 85' lang='lat' dir='ltr'><strong>aut</strong></span> <span class='ocrx_word' id='word_1_173' title='bbox 2965 908 3148 976; x_wconf 83' lang='lat' dir='ltr'><strong>potius</strong></span> <span class='ocrx_word' id='word_1_174' title='bbox 3187 908 3414 978; x_wconf 81' lang='lat' dir='ltr'><strong>angelus</strong></span> <span class='ocrx_word' id='word_1_175' title='bbox 3437 924 3467 962; x_wconf 88' lang='lat' dir='ltr'><strong>e</strong></span> <span class='ocrx_word' id='word_1_176' title='bbox 3492 907 3632 962; x_wconf 88' lang='lat' dir='ltr'><strong>coelo</strong></span> 
     </span>
    </p>
   </div>
   <div class='ocr_carea' id='block_1_24' title="bbox 2058 994 3634 1065">
    <p class='ocr_par' dir='ltr' id='par_1_24' title="bbox 2058 994 3634 1065">
     <span class='ocr_line' id='line_1_24' title="bbox 2058 994 3634 1065; baseline 0.003 -19"><span class='ocrx_word' id='word_1_177' title='bbox 2058 994 2347 1065; x_wconf 88' lang='lat' dir='ltr'><strong>delapsus,</strong></span> <span class='ocrx_word' id='word_1_178' title='bbox 2382 996 2588 1051; x_wconf 87' lang='lat' dir='ltr'><strong>victum</strong></span> <span class='ocrx_word' id='word_1_179' title='bbox 2626 1005 2681 1051; x_wconf 91' lang='lat' dir='ltr'><strong>et</strong></span> <span class='ocrx_word' id='word_1_180' title='bbox 2722 1000 2886 1052; x_wconf 89' lang='lat' dir='ltr'><strong>vitam</strong></span> <span class='ocrx_word' id='word_1_181' title='bbox 2919 998 3182 1053; x_wconf 72' lang='lat' dir='ltr'><strong>duntaxat</strong></span> <span class='ocrx_word' id='word_1_182' title='bbox 3215 998 3634 1054; x_wconf 85' lang='lat' dir='ltr'><strong>immaterialcm</strong></span> 
     </span>
    </p>
   </div>
   <div class='ocr_carea' id='block_1_25' title="bbox 2057 1085 3633 1151">
    <p class='ocr_par' dir='ltr' id='par_1_25' title="bbox 2057 1085 3633 1151">
     <span class='ocr_line' id='line_1_25' title="bbox 2057 1085 3633 1151; baseline 0.004 -13"><span class='ocrx_word' id='word_1_183' title='bbox 2057 1085 2269 1151; x_wconf 83' lang='lat' dir='ltr'><strong>habuit,</strong></span> <span class='ocrx_word' id='word_1_184' title='bbox 2318 1097 2381 1141; x_wconf 89' lang='lat' dir='ltr'><strong>ut</strong></span> <span class='ocrx_word' id='word_1_185' title='bbox 2441 1104 2549 1142; x_wconf 93' lang='lat' dir='ltr'><strong>non</strong></span> <span class='ocrx_word' id='word_1_186' title='bbox 2587 1087 2870 1143; x_wconf 80' lang='lat' dir='ltr'><strong>videretur</strong></span> <span class='ocrx_word' id='word_1_187' title='bbox 2915 1089 3080 1144; x_wconf 88' lang='lat' dir='ltr'><strong>homo</strong></span> <span class='ocrx_word' id='word_1_188' title='bbox 3116 1090 3358 1144; x_wconf 81' lang='lat' dir='ltr'><strong>materiae</strong></span> <span class='ocrx_word' id='word_1_189' title='bbox 3409 1100 3465 1144; x_wconf 90' lang='lat' dir='ltr'><strong>et</strong></span> <span class='ocrx_word' id='word_1_190' title='bbox 3507 1106 3633 1146; x_wconf 91' lang='lat' dir='ltr'><strong>cor-</strong></span> 
     </span>
    </p>
   </div>
   <div class='ocr_carea' id='block_1_26' title="bbox 2058 1179 3633 1253">
    <p class='ocr_par' dir='ltr' id='par_1_26' title="bbox 2058 1179 3633 1253">
     <span class='ocr_line' id='line_1_26' title="bbox 2058 1179 3633 1253; baseline 0.003 -22"><span class='ocrx_word' id='word_1_191' title='bbox 2058 1179 2300 1244; x_wconf 84' lang='lat' dir='ltr'><strong>ruptioni</strong></span> <span class='ocrx_word' id='word_1_192' title='bbox 2354 1180 2641 1248; x_wconf 81' lang='lat' dir='ltr'><strong>obnoxius,</strong></span> <span class='ocrx_word' id='word_1_193' title='bbox 2671 1182 2828 1253; x_wconf 84' lang='lat' dir='ltr'><strong>cujus</strong></span> <span class='ocrx_word' id='word_1_194' title='bbox 2885 1183 3068 1237; x_wconf 85' lang='lat' dir='ltr'><strong>omnia</strong></span> <span class='ocrx_word' id='word_1_195' title='bbox 3136 1197 3297 1251; x_wconf 87' lang='lat' dir='ltr'><strong>supra</strong></span> <span class='ocrx_word' id='word_1_196' title='bbox 3355 1181 3633 1236; x_wconf 88' lang='lat' dir='ltr'><strong>hominem</strong></span> 
     </span>
    </p>
   </div>
   <div class='ocr_carea' id='block_1_27' title="bbox 2057 1271 2258 1326">
    <p class='ocr_par' dir='ltr' id='par_1_27' title="bbox 2057 1271 2258 1326">
     <span class='ocr_line' id='line_1_27' title="bbox 2057 1271 2258 1326; baseline 0.01 -2"><span class='ocrx_word' id='word_1_197' title='bbox 2057 1271 2258 1326; x_wconf 76' lang='lat' dir='ltr'><strong>forent.</strong></span> 
     </span>
    </p>
   </div>
   <div class='ocr_carea' id='block_1_28' title="bbox 2132 1363 3636 1435">
    <p class='ocr_par' dir='ltr' id='par_1_28' title="bbox 2132 1363 3636 1435">
     <span class='ocr_line' id='line_1_28' title="bbox 2132 1363 3636 1435; baseline 0.001 -19"><span class='ocrx_word' id='word_1_198' title='bbox 2132 1363 2262 1417; x_wconf 81' lang='lat' dir='ltr'><strong>Mihi</strong></span> <span class='ocrx_word' id='word_1_199' title='bbox 2302 1365 2521 1434; x_wconf 86' lang='lat' dir='ltr'><strong>quidem</strong></span> <span class='ocrx_word' id='word_1_200' title='bbox 2553 1367 2668 1420; x_wconf 75' lang='lat' dir='ltr'><strong>hrec</strong></span> <span class='ocrx_word' id='word_1_201' title='bbox 2704 1365 2969 1420; x_wconf 85' lang='lat' dir='ltr'><strong>memoria</strong></span> <span class='ocrx_word' id='word_1_202' title='bbox 3012 1366 3277 1435; x_wconf 86' lang='lat' dir='ltr'><strong>repetenti</strong></span> <span class='ocrx_word' id='word_1_203' title='bbox 3322 1365 3489 1419; x_wconf 83' lang='lat' dir='ltr'><strong>subiit</strong></span> <span class='ocrx_word' id='word_1_204' title='bbox 3522 1365 3636 1418; x_wconf 78' lang='lat' dir='ltr'><strong>sin-</strong></span> 
     </span>
    </p>
   </div>
   <div class='ocr_carea' id='block_1_29' title="bbox 2057 1452 3636 1524">
    <p class='ocr_par' dir='ltr' id='par_1_29' title="bbox 2057 1452 3636 1524">
     <span class='ocr_line' id='line_1_29' title="bbox 2057 1452 3636 1524; baseline 0.001 -20"><span class='ocrx_word' id='word_1_205' title='bbox 2057 1452 2181 1520; x_wconf 80' lang='lat' dir='ltr'><strong>gula</strong></span> <span class='ocrx_word' id='word_1_206' title='bbox 2206 1465 2520 1523; x_wconf 79' lang='lat' dir='ltr'><strong>perpartcs</strong></span> <span class='ocrx_word' id='word_1_207' title='bbox 2547 1455 2780 1509; x_wconf 86' lang='lat' dir='ltr'><strong>dicendo</strong></span> <span class='ocrx_word' id='word_1_208' title='bbox 2808 1455 3087 1524; x_wconf 85' lang='lat' dir='ltr'><strong>persequi,</strong></span> <span class='ocrx_word' id='word_1_209' title='bbox 3111 1455 3385 1524; x_wconf 87' lang='lat' dir='ltr'><strong>quomodo</strong></span> <span class='ocrx_word' id='word_1_210' title='bbox 3411 1455 3500 1508; x_wconf 87' lang='lat' dir='ltr'><strong>ille</strong></span> <span class='ocrx_word' id='word_1_211' title='bbox 3517 1470 3636 1506; x_wconf 93' lang='lat' dir='ltr'><strong>om-</strong></span> 
     </span>
    </p>
   </div>
   <div class='ocr_carea' id='block_1_30' title="bbox 2058 1544 3634 1616">
    <p class='ocr_par' dir='ltr' id='par_1_30' title="bbox 2058 1544 3634 1616">
     <span class='ocr_line' id='line_1_30' title="bbox 2058 1544 3634 1616; baseline -0.001 -18"><span class='ocrx_word' id='word_1_212' title='bbox 2058 1544 2190 1598; x_wconf 87' lang='lat' dir='ltr'><strong>nino</strong></span> <span class='ocrx_word' id='word_1_213' title='bbox 2230 1544 2428 1610; x_wconf 82' lang='lat' dir='ltr'><strong>infans,</strong></span> <span class='ocrx_word' id='word_1_214' title='bbox 2456 1555 2512 1600; x_wconf 88' lang='lat' dir='ltr'><strong>et</strong></span> <span class='ocrx_word' id='word_1_215' title='bbox 2554 1546 2817 1600; x_wconf 84' lang='lat' dir='ltr'><strong>maternis</strong></span> <span class='ocrx_word' id='word_1_216' title='bbox 2843 1547 2991 1600; x_wconf 89' lang='lat' dir='ltr'><strong>ulnis</strong></span> <span class='ocrx_word' id='word_1_217' title='bbox 3038 1546 3309 1616; x_wconf 81' lang='lat' dir='ltr'><strong>indigens,</strong></span> <span class='ocrx_word' id='word_1_218' title='bbox 3359 1545 3634 1615; x_wconf 81' lang='lat' dir='ltr'><strong>ingratum</strong></span> 
     </span>
    </p>
   </div>
   <div class='ocr_carea' id='block_1_31' title="bbox 2057 1636 3636 1705">
    <p class='ocr_par' dir='ltr' id='par_1_31' title="bbox 2057 1636 3636 1705">
     <span class='ocr_line' id='line_1_31' title="bbox 2057 1636 3636 1705; baseline 0.001 -17"><span class='ocrx_word' id='word_1_219' title='bbox 2057 1644 2114 1689; x_wconf 91' lang='lat' dir='ltr'><strong>et</strong></span> <span class='ocrx_word' id='word_1_220' title='bbox 2142 1651 2398 1705; x_wconf 87' lang='lat' dir='ltr'><strong>asperum</strong></span> <span class='ocrx_word' id='word_1_221' title='bbox 2424 1637 2760 1701; x_wconf 84' lang='lat' dir='ltr'><strong>institutum,</strong></span> <span class='ocrx_word' id='word_1_222' title='bbox 2790 1653 2852 1691; x_wconf 90' lang='lat' dir='ltr'><strong>ac</strong></span> <span class='ocrx_word' id='word_1_223' title='bbox 2878 1638 3046 1691; x_wconf 88' lang='lat' dir='ltr'><strong>vitam</strong></span> <span class='ocrx_word' id='word_1_224' title='bbox 3070 1637 3295 1691; x_wconf 83' lang='lat' dir='ltr'><strong>hum-ani</strong></span> <span class='ocrx_word' id='word_1_225' title='bbox 3324 1640 3337 1656; x_wconf 87' lang='lat'><strong><em>‘</em></strong></span> <span class='ocrx_word' id='word_1_226' title='bbox 3369 1636 3636 1691; x_wconf 88' lang='lat' dir='ltr'><strong>consortii</strong></span> 
     </span>
    </p>
   </div>
   <div class='ocr_carea' id='block_1_32' title="bbox 2058 1727 3635 1803">
    <p class='ocr_par' dir='ltr' id='par_1_32' title="bbox 2058 1727 3635 1803">
     <span class='ocr_line' id='line_1_32' title="bbox 2058 1727 3635 1803; baseline 0.001 -23"><span class='ocrx_word' id='word_1_227' title='bbox 2058 1727 2451 1796; x_wconf 86' lang='lat' dir='ltr'><strong>societatisque</strong></span> <span class='ocrx_word' id='word_1_228' title='bbox 2481 1735 2762 1797; x_wconf 79' lang='lat' dir='ltr'><strong>expertem</strong></span> <span class='ocrx_word' id='word_1_229' title='bbox 2783 1735 2837 1783; x_wconf 89' lang='lat' dir='ltr'><strong>et</strong></span> <span class='ocrx_word' id='word_1_230' title='bbox 2871 1730 3095 1782; x_wconf 90' lang='lat' dir='ltr'><strong>omnino</strong></span> <span class='ocrx_word' id='word_1_231' title='bbox 3122 1728 3420 1783; x_wconf 83' lang='lat' dir='ltr'><strong>solitariam</strong></span> <span class='ocrx_word' id='word_1_232' title='bbox 3453 1728 3635 1803; x_wconf 79' lang='lat' dir='ltr'><strong>elege-</strong></span> 
     </span>
    </p>
   </div>
   <div class='ocr_carea' id='block_1_33' title="bbox 375 1794 1956 1889">
    <p class='ocr_par' dir='ltr' id='par_1_33' title="bbox 375 1811 1951 1886">
     <span class='ocr_line' id='line_1_33' title="bbox 375 1811 1951 1886; baseline -0.003 -19"><span class='ocrx_word' id='word_1_233' title='bbox 375 1833 478 1878; x_wconf 82' lang='grc' dir='ltr'><strong>τως</strong></span> <span class='ocrx_word' id='word_1_234' title='bbox 522 1816 853 1886; x_wconf 78' lang='grc' dir='ltr'>μονότροπον</span> <span class='ocrx_word' id='word_1_235' title='bbox 885 1831 900 1847; x_wconf 80' lang='grc' dir='ltr'><strong><em>ο</em></strong></span> <span class='ocrx_word' id='word_1_236' title='bbox 938 1815 1103 1868; x_wconf 84' lang='grc' dir='ltr'>πόσον</span> <span class='ocrx_word' id='word_1_237' title='bbox 1136 1832 1194 1867; x_wconf 87' lang='grc' dir='ltr'>τε</span> <span class='ocrx_word' id='word_1_238' title='bbox 1225 1814 1318 1867; x_wconf 83' lang='grc' dir='ltr'>τὸν</span> <span class='ocrx_word' id='word_1_239' title='bbox 1366 1816 1558 1885; x_wconf 83' lang='grc' dir='ltr'>χρόνον</span> <span class='ocrx_word' id='word_1_240' title='bbox 1588 1812 1730 1866; x_wconf 74' lang='grc' dir='ltr'>οὕτω</span> <span class='ocrx_word' id='word_1_241' title='bbox 1779 1811 1951 1880; x_wconf 81' lang='grc' dir='ltr'>διῆξε,</span> 
     </span>
    </p>
   </div>
   <div class='ocr_carea' id='block_1_34' title="bbox 2059 1794 3637 1889">
    <p class='ocr_par' dir='ltr' id='par_1_34' title="bbox 2061 1818 3637 1889">
     <span class='ocr_line' id='line_1_34' title="bbox 2061 1818 3637 1889; baseline 0.002 -20"><span class='ocrx_word' id='word_1_242' title='bbox 2061 1818 2164 1882; x_wconf 92' lang='lat' dir='ltr'><strong>rit;</strong></span> <span class='ocrx_word' id='word_1_243' title='bbox 2201 1829 2468 1887; x_wconf 90' lang='lat' dir='ltr'><strong>quantum</strong></span> <span class='ocrx_word' id='word_1_244' title='bbox 2518 1819 2782 1889; x_wconf 88' lang='lat' dir='ltr'><strong>temporis</strong></span> <span class='ocrx_word' id='word_1_245' title='bbox 2816 1821 2889 1874; x_wconf 84' lang='lat' dir='ltr'><strong>ita</strong></span> <span class='ocrx_word' id='word_1_246' title='bbox 2926 1819 3093 1874; x_wconf 81' lang='lat' dir='ltr'><strong>fuerit</strong></span> <span class='ocrx_word' id='word_1_247' title='bbox 3125 1828 3393 1884; x_wconf 87' lang='lat' dir='ltr'><strong>versatus,</strong></span> <span class='ocrx_word' id='word_1_248' title='bbox 3432 1820 3501 1873; x_wconf 87' lang='lat' dir='ltr'><strong>ab</strong></span> <span class='ocrx_word' id='word_1_249' title='bbox 3522 1835 3637 1873; x_wconf 90' lang='lat' dir='ltr'><strong>om-</strong></span> 
     </span>
    </p>
   </div>
   <div class='ocr_carea' id='block_1_35' title="bbox 379 1905 1950 1978">
    <p class='ocr_par' dir='ltr' id='par_1_35' title="bbox 379 1905 1950 1978">
     <span class='ocr_line' id='line_1_35' title="bbox 379 1905 1950 1978; baseline -0.003 -19"><span class='ocrx_word' id='word_1_250' title='bbox 379 1907 539 1977; x_wconf 81' lang='grc' dir='ltr'>μηδὲν</span> <span class='ocrx_word' id='word_1_251' title='bbox 573 1908 699 1976; x_wconf 79' lang='grc' dir='ltr'><strong>μήτ’</strong></span> <span class='ocrx_word' id='word_1_252' title='bbox 724 1909 781 1958; x_wconf 81' lang='grc' dir='ltr'>ἐν</span> <span class='ocrx_word' id='word_1_253' title='bbox 818 1906 988 1978; x_wconf 79' lang='grc' dir='ltr'>ἀώρῳ</span> <span class='ocrx_word' id='word_1_254' title='bbox 1022 1909 1088 1977; x_wconf 82' lang='grc' dir='ltr'>τῇ</span> <span class='ocrx_word' id='word_1_255' title='bbox 1115 1905 1318 1977; x_wconf 78' lang='grc' dir='ltr'>ἡλικίᾳ,</span> <span class='ocrx_word' id='word_1_256' title='bbox 1355 1905 1479 1976; x_wconf 84' lang='grc' dir='ltr'>μήτ’</span> <span class='ocrx_word' id='word_1_257' title='bbox 1506 1907 1586 1969; x_wconf 86' lang='grc' dir='ltr'>εἰς</span> <span class='ocrx_word' id='word_1_258' title='bbox 1623 1905 1763 1975; x_wconf 75' lang='grc' dir='ltr'>ἥϐην</span> <span class='ocrx_word' id='word_1_259' title='bbox 1782 1905 1950 1974; x_wconf 75' lang='grc' dir='ltr'>ἥκων,</span> 
     </span>
    </p>
   </div>
   <div class='ocr_carea' id='block_1_36' title="bbox 379 1997 1956 2069">
    <p class='ocr_par' dir='ltr' id='par_1_36' title="bbox 379 1997 1956 2069">
     <span class='ocr_line' id='line_1_36' title="bbox 379 1997 1956 2069; baseline -0.001 -18"><span class='ocrx_word' id='word_1_260' title='bbox 379 1999 509 2069; x_wconf 81' lang='grc' dir='ltr'>πρός</span> <span class='ocrx_word' id='word_1_261' title='bbox 539 2015 590 2050; x_wconf 85' lang='grc' dir='ltr'><strong>τι</strong></span> <span class='ocrx_word' id='word_1_262' title='bbox 635 1998 742 2050; x_wconf 85' lang='grc' dir='ltr'>τῶν</span> <span class='ocrx_word' id='word_1_263' title='bbox 776 1998 1135 2069; x_wconf 76' lang='grc' dir='ltr'>ἀνθρωπίνων</span> <span class='ocrx_word' id='word_1_264' title='bbox 1183 1997 1539 2060; x_wconf 65' lang='grc' dir='ltr'>ἑπικλισθεὶς,</span> <span class='ocrx_word' id='word_1_265' title='bbox 1575 1997 1692 2059; x_wconf 82' lang='grc' dir='ltr'>πῶς</span> <span class='ocrx_word' id='word_1_266' title='bbox 1726 2014 1783 2048; x_wconf 87' lang='grc' dir='ltr'><strong>τε</strong></span> <span class='ocrx_word' id='word_1_267' title='bbox 1813 1998 1956 2050; x_wconf 73' lang='grc' dir='ltr'>κατὰ</span> 
     </span>
    </p>
   </div>
   <div class='ocr_carea' id='block_1_37' title="bbox 371 2088 1955 2162">
    <p class='ocr_par' dir='ltr' id='par_1_37' title="bbox 371 2088 1955 2162">
     <span class='ocr_line' id='line_1_37' title="bbox 371 2088 1955 2162; baseline -0.001 -20"><span class='ocrx_word' id='word_1_268' title='bbox 371 2091 511 2142; x_wconf 75' lang='grc' dir='ltr'>θεῖον</span> <span class='ocrx_word' id='word_1_269' title='bbox 535 2090 920 2160; x_wconf 77' lang='grc' dir='ltr'>χρηματισμὸν</span> <span class='ocrx_word' id='word_1_270' title='bbox 942 2090 1018 2160; x_wconf 81' lang='grc' dir='ltr'>τῷ</span> <span class='ocrx_word' id='word_1_271' title='bbox 1056 2089 1295 2162; x_wconf 76' lang='grc' dir='ltr'><strong>Ἰορδάνῃ</strong></span> <span class='ocrx_word' id='word_1_272' title='bbox 1323 2088 1680 2158; x_wconf 58' lang='grc' dir='ltr'>ὲπεφοίτησεν</span> <span class='ocrx_word' id='word_1_273' title='bbox 1709 2090 1766 2140; x_wconf 84' lang='grc' dir='ltr'>ἐν</span> <span class='ocrx_word' id='word_1_274' title='bbox 1795 2088 1955 2140; x_wconf 81' lang='grc' dir='ltr'>ὑστέ-</span> 
     </span>
    </p>
   </div>
   <div class='ocr_carea' id='block_1_38' title="bbox 375 2179 1953 2254">
    <p class='ocr_par' dir='ltr' id='par_1_38' title="bbox 375 2179 1953 2254">
     <span class='ocr_line' id='line_1_38' title="bbox 375 2179 1953 2254; baseline -0.003 -20"><span class='ocrx_word' id='word_1_275' title='bbox 375 2201 474 2254; x_wconf 80' lang='grc' dir='ltr'>ρῳ,</span> <span class='ocrx_word' id='word_1_276' title='bbox 503 2184 670 2253; x_wconf 75' lang='grc' dir='ltr'>ἡνίκα</span> <span class='ocrx_word' id='word_1_277' title='bbox 689 2183 788 2235; x_wconf 63' lang='grc' dir='ltr'>καὶ</span> <span class='ocrx_word' id='word_1_278' title='bbox 811 2181 1028 2253; x_wconf 84' lang='grc' dir='ltr'>πρῶτον</span> <span class='ocrx_word' id='word_1_279' title='bbox 1059 2185 1170 2244; x_wconf 84' lang='grc' dir='ltr'>τοῖς</span> <span class='ocrx_word' id='word_1_280' title='bbox 1198 2179 1505 2251; x_wconf 82' lang='grc' dir='ltr'>ἀνθρώποις</span> <span class='ocrx_word' id='word_1_281' title='bbox 1529 2180 1724 2250; x_wconf 83' lang='grc' dir='ltr'>ἐφάνη,</span> <span class='ocrx_word' id='word_1_282' title='bbox 1749 2180 1870 2232; x_wconf 84' lang='grc' dir='ltr'>τίνα</span> <span class='ocrx_word' id='word_1_283' title='bbox 1894 2195 1953 2230; x_wconf 90' lang='grc' dir='ltr'><strong>τε</strong></span> 
     </span>
    </p>
   </div>
   <div class='ocr_carea' id='block_1_39' title="bbox 372 2270 1954 2346">
    <p class='ocr_par' dir='ltr' id='par_1_39' title="bbox 372 2270 1954 2346">
     <span class='ocr_line' id='line_1_39' title="bbox 372 2270 1954 2346; baseline -0.003 -19"><span class='ocrx_word' id='word_1_284' title='bbox 372 2272 438 2346; x_wconf 74' lang='grc' dir='ltr'>ἦν</span> <span class='ocrx_word' id='word_1_285' title='bbox 465 2275 500 2327; x_wconf 78' lang='grc' dir='ltr'>ἃ</span> <span class='ocrx_word' id='word_1_286' title='bbox 534 2277 644 2336; x_wconf 81' lang='grc' dir='ltr'>τοῖς</span> <span class='ocrx_word' id='word_1_287' title='bbox 670 2275 819 2337; x_wconf 80' lang='grc' dir='ltr'>λαοῖς</span> <span class='ocrx_word' id='word_1_288' title='bbox 850 2273 1126 2344; x_wconf 78' lang='grc' dir='ltr'>βαπτίζων</span> <span class='ocrx_word' id='word_1_289' title='bbox 1159 2275 1548 2343; x_wconf 81' lang='grc' dir='ltr'>παρηγγυᾶτο·</span> <span class='ocrx_word' id='word_1_290' title='bbox 1595 2274 1689 2325; x_wconf 69' lang='grc' dir='ltr'><strong>καλ⁴</strong></span> <span class='ocrx_word' id='word_1_291' title='bbox 1725 2271 1786 2324; x_wconf 87' lang='grc' dir='ltr'>τὸ</span> <span class='ocrx_word' id='word_1_292' title='bbox 1813 2270 1954 2324; x_wconf 81' lang='grc' dir='ltr'>πάν-</span> 
     </span>
    </p>
   </div>
   <div class='ocr_carea' id='block_1_40' title="bbox 373 2363 1952 2436">
    <p class='ocr_par' dir='ltr' id='par_1_40' title="bbox 373 2363 1952 2436">
     <span class='ocr_line' id='line_1_40' title="bbox 373 2363 1952 2436; baseline 0 -19"><span class='ocrx_word' id='word_1_293' title='bbox 373 2385 480 2418; x_wconf 87' lang='grc' dir='ltr'><strong>των</strong></span> <span class='ocrx_word' id='word_1_294' title='bbox 515 2365 970 2436; x_wconf 80' lang='grc' dir='ltr'>παραδοξότατον,</span> <span class='ocrx_word' id='word_1_295' title='bbox 1003 2365 1124 2427; x_wconf 78' lang='grc' dir='ltr'><strong>πῶς</strong></span> <span class='ocrx_word' id='word_1_296' title='bbox 1168 2366 1262 2418; x_wconf 70' lang='grc' dir='ltr'>καὶ</span> <span class='ocrx_word' id='word_1_297' title='bbox 1310 2364 1471 2417; x_wconf 79' lang='grc' dir='ltr'>αὑτὸν</span> <span class='ocrx_word' id='word_1_298' title='bbox 1517 2367 1574 2417; x_wconf 90' lang='grc' dir='ltr'>ἐν</span> <span class='ocrx_word' id='word_1_299' title='bbox 1620 2366 1732 2427; x_wconf 86' lang='grc' dir='ltr'>τοῖς</span> <span class='ocrx_word' id='word_1_300' title='bbox 1761 2363 1952 2417; x_wconf 77' lang='grc' dir='ltr'>ὕδασιν</span> 
     </span>
    </p>
   </div>
   <div class='ocr_carea' id='block_1_41' title="bbox 373 2455 1952 2527">
    <p class='ocr_par' dir='ltr' id='par_1_41' title="bbox 373 2455 1952 2527">
     <span class='ocr_line' id='line_1_41' title="bbox 373 2455 1952 2527; baseline -0.003 -15"><span class='ocrx_word' id='word_1_301' title='bbox 373 2460 639 2512; x_wconf 78' lang='grc' dir='ltr'>ὲεάπτισε</span> <span class='ocrx_word' id='word_1_302' title='bbox 673 2459 764 2512; x_wconf 74' lang='grc' dir='ltr'>τὸν</span> <span class='ocrx_word' id='word_1_303' title='bbox 796 2459 1091 2527; x_wconf 84' lang='grc' dir='ltr'>Δεσπότην,</span> <span class='ocrx_word' id='word_1_304' title='bbox 1121 2459 1365 2527; x_wconf 81' lang='grc' dir='ltr'>κορυφῆς</span> <span class='ocrx_word' id='word_1_305' title='bbox 1393 2456 1493 2525; x_wconf 82' lang='grc' dir='ltr'>τῆς</span> <span class='ocrx_word' id='word_1_306' title='bbox 1521 2455 1712 2509; x_wconf 74' lang='grc' dir='ltr'>τούτου</span> <span class='ocrx_word' id='word_1_307' title='bbox 1734 2455 1952 2526; x_wconf 60' lang='grc' dir='ltr'>ἁψάμε-</span> 
     </span>
    </p>
   </div>
   <div class='ocr_carea' id='block_1_42' title="bbox 375 2547 1954 2619">
    <p class='ocr_par' dir='ltr' id='par_1_42' title="bbox 375 2547 1954 2619">
     <span class='ocr_line' id='line_1_42' title="bbox 375 2547 1954 2619; baseline -0.004 -15"><span class='ocrx_word' id='word_1_308' title='bbox 375 2569 484 2614; x_wconf 85' lang='grc' dir='ltr'>νος,</span> <span class='ocrx_word' id='word_1_309' title='bbox 516 2551 826 2604; x_wconf 83' lang='grc' dir='ltr'>τελευταῖον</span> <span class='ocrx_word' id='word_1_310' title='bbox 859 2549 976 2612; x_wconf 81' lang='grc' dir='ltr'>πῶς</span> <span class='ocrx_word' id='word_1_311' title='bbox 1004 2550 1092 2602; x_wconf 74' lang='grc' dir='ltr'>διὰ</span> <span class='ocrx_word' id='word_1_312' title='bbox 1113 2549 1202 2601; x_wconf 83' lang='grc' dir='ltr'>τὸν</span> <span class='ocrx_word' id='word_1_313' title='bbox 1225 2550 1502 2619; x_wconf 82' lang='grc' dir='ltr'>Δεσπότην</span> <span class='ocrx_word' id='word_1_314' title='bbox 1536 2548 1631 2600; x_wconf 71' lang='grc' dir='ltr'>καὶ</span> <span class='ocrx_word' id='word_1_315' title='bbox 1655 2547 1752 2619; x_wconf 75' lang='grc' dir='ltr'>τὴν</span> <span class='ocrx_word' id='word_1_316' title='bbox 1779 2549 1954 2601; x_wconf 84' lang='grc' dir='ltr'>οἰκίαν</span> 
     </span>
    </p>
   </div>
   <div class='ocr_carea' id='block_1_43' title="bbox 373 2637 1954 2715">
    <p class='ocr_par' dir='ltr' id='par_1_43' title="bbox 373 2637 1954 2715">
     <span class='ocr_line' id='line_1_43' title="bbox 373 2637 1954 2715; baseline -0.002 -18"><span class='ocrx_word' id='word_1_317' title='bbox 373 2645 683 2715; x_wconf 76' lang='grc' dir='ltr'>ἐκτέτμητο</span> <span class='ocrx_word' id='word_1_318' title='bbox 720 2643 982 2713; x_wconf 66' lang='grc' dir='ltr'>κεφαλὴν,</span> <span class='ocrx_word' id='word_1_319' title='bbox 1011 2637 1078 2714; x_wconf 80' lang='grc' dir='ltr'>ἧς</span> <span class='ocrx_word' id='word_1_320' title='bbox 1118 2642 1211 2694; x_wconf 69' lang='grc' dir='ltr'><strong>καὶ</strong></span> <span class='ocrx_word' id='word_1_321' title='bbox 1250 2642 1311 2694; x_wconf 88' lang='grc' dir='ltr'>τὸ</span> <span class='ocrx_word' id='word_1_322' title='bbox 1351 2640 1580 2709; x_wconf 80' lang='grc' dir='ltr'>ἀσελγὲς</span> <span class='ocrx_word' id='word_1_323' title='bbox 1611 2642 1787 2694; x_wconf 81' lang='grc' dir='ltr'>ἐκεῖνο</span> <span class='ocrx_word' id='word_1_324' title='bbox 1822 2658 1954 2694; x_wconf 87' lang='grc' dir='ltr'>κατ-</span> 
     </span>
    </p>
   </div>
   <div class='ocr_carea' id='block_1_44' title="bbox 372 2734 888 2804">
    <p class='ocr_par' dir='ltr' id='par_1_44' title="bbox 372 2734 888 2804">
     <span class='ocr_line' id='line_1_44' title="bbox 372 2734 888 2804; baseline 0 -18"><span class='ocrx_word' id='word_1_325' title='bbox 372 2736 522 2804; x_wconf 76' lang='grc' dir='ltr'>ωρχή</span> <span class='ocrx_word' id='word_1_326' title='bbox 534 2751 663 2785; x_wconf 88' lang='grc' dir='ltr'>σατο</span> <span class='ocrx_word' id='word_1_327' title='bbox 686 2734 888 2803; x_wconf 77' lang='grc' dir='ltr'>κόριον.</span> 
     </span>
    </p>
   </div>
   <div class='ocr_carea' id='block_1_45' title="bbox 445 2821 1952 2894">
    <p class='ocr_par' dir='ltr' id='par_1_45' title="bbox 445 2821 1952 2894">
     <span class='ocr_line' id='line_1_45' title="bbox 445 2821 1646 2850; baseline 0.006 -6"><span class='ocrx_word' id='word_1_328' title='bbox 445 2827 458 2844; x_wconf 71' lang='grc' dir='ltr'>α</span> <span class='ocrx_word' id='word_1_329' title='bbox 530 2825 554 2834; x_wconf 83' lang='lat'><strong><em>~</em></strong></span> <span class='ocrx_word' id='word_1_330' title='bbox 694 2821 720 2838; x_wconf 78' lang='grc' dir='ltr'><strong>τ</strong></span> <span class='ocrx_word' id='word_1_331' title='bbox 1167 2823 1178 2838; x_wconf 72' lang='grc' dir='ltr'>ν</span> <span class='ocrx_word' id='word_1_332' title='bbox 1388 2823 1434 2850; x_wconf 68' lang='grc' dir='ltr'><strong>’ν</strong></span> <span class='ocrx_word' id='word_1_333' title='bbox 1634 2823 1646 2841; x_wconf 75' lang='grc' dir='ltr'><strong><em>ο</em></strong></span> 
     </span>
     <span class='ocr_line' id='line_1_46' title="bbox 455 2822 1952 2894; baseline -0.001 -17"><span class='ocrx_word' id='word_1_334' title='bbox 455 2827 487 2877; x_wconf 87' lang='grc' dir='ltr'><strong>Γ</strong></span> <span class='ocrx_word' id='word_1_335' title='bbox 491 2843 629 2878; x_wconf 77' lang='grc' dir='ltr'>αυτα</span> <span class='ocrx_word' id='word_1_336' title='bbox 662 2843 754 2878; x_wconf 75' lang='grc' dir='ltr'><strong>ουν</strong></span> <span class='ocrx_word' id='word_1_337' title='bbox 784 2824 962 2878; x_wconf 79' lang='grc' dir='ltr'>καὶτὰ</span> <span class='ocrx_word' id='word_1_338' title='bbox 987 2823 1065 2877; x_wconf 79' lang='grc' dir='ltr'>ἐτι</span> <span class='ocrx_word' id='word_1_339' title='bbox 1088 2841 1278 2877; x_wconf 85' lang='grc' dir='ltr'>τουτου</span> <span class='ocrx_word' id='word_1_340' title='bbox 1311 2841 1480 2894; x_wconf 61' lang='grc' dir='ltr'>μειςω</span> <span class='ocrx_word' id='word_1_341' title='bbox 1506 2824 1599 2876; x_wconf 69' lang='grc' dir='ltr'><strong>καλ⁵</strong></span> <span class='ocrx_word' id='word_1_342' title='bbox 1625 2822 1952 2893; x_wconf 61' lang='grc' dir='ltr'>υνζκηλότερα,</span> 
     </span>
    </p>
   </div>
   <div class='ocr_carea' id='block_1_46' title="bbox 371 2914 1956 2986">
    <p class='ocr_par' dir='ltr' id='par_1_46' title="bbox 371 2914 1956 2986">
     <span class='ocr_line' id='line_1_47' title="bbox 371 2914 1956 2986; baseline -0.003 -16"><span class='ocrx_word' id='word_1_343' title='bbox 371 2918 428 2970; x_wconf 68' lang='grc' dir='ltr'>εἴ</span> <span class='ocrx_word' id='word_1_344' title='bbox 448 2934 511 2986; x_wconf 86' lang='grc' dir='ltr'><strong>γε</strong></span> <span class='ocrx_word' id='word_1_345' title='bbox 549 2918 644 2968; x_wconf 66' lang='grc' dir='ltr'>καὶ</span> <span class='ocrx_word' id='word_1_346' title='bbox 670 2915 951 2986; x_wconf 77' lang='grc' dir='ltr'>ἐνεχώρει,</span> <span class='ocrx_word' id='word_1_347' title='bbox 997 2914 1209 2982; x_wconf 80' lang='grc' dir='ltr'>ἐξεῖπεν</span> <span class='ocrx_word' id='word_1_348' title='bbox 1235 2917 1263 2968; x_wconf 91' lang='grc' dir='ltr'>ὁ</span> <span class='ocrx_word' id='word_1_349' title='bbox 1303 2914 1457 2982; x_wconf 85' lang='grc' dir='ltr'>λόγος</span> <span class='ocrx_word' id='word_1_350' title='bbox 1488 2915 1582 2968; x_wconf 78' lang='grc' dir='ltr'>καὶ</span> <span class='ocrx_word' id='word_1_351' title='bbox 1615 2915 1956 2986; x_wconf 79' lang='grc' dir='ltr'>παρεστήσα-</span> 
     </span>
    </p>
   </div>
   <div class='ocr_carea' id='block_1_47' title="bbox 372 3006 1955 3080">
    <p class='ocr_par' dir='ltr' id='par_1_47' title="bbox 372 3006 1955 3080">
     <span class='ocr_line' id='line_1_48' title="bbox 372 3006 1955 3080; baseline -0.003 -18"><span class='ocrx_word' id='word_1_352' title='bbox 372 3029 455 3075; x_wconf 84' lang='grc' dir='ltr'><strong>το,</strong></span> <span class='ocrx_word' id='word_1_353' title='bbox 492 3011 655 3073; x_wconf 72' lang='grc' dir='ltr'>αὐτός</span> <span class='ocrx_word' id='word_1_354' title='bbox 682 3027 741 3061; x_wconf 88' lang='grc' dir='ltr'><strong>τε</strong></span> <span class='ocrx_word' id='word_1_355' title='bbox 775 3008 937 3080; x_wconf 73' lang='grc' dir='ltr'>ἡδίων</span> <span class='ocrx_word' id='word_1_356' title='bbox 966 3009 1032 3079; x_wconf 77' lang='grc' dir='ltr'><strong>τῇ</strong></span> <span class='ocrx_word' id='word_1_357' title='bbox 1063 3006 1267 3061; x_wconf 85' lang='grc' dir='ltr'>τούτων</span> <span class='ocrx_word' id='word_1_358' title='bbox 1305 3007 1586 3076; x_wconf 86' lang='grc' dir='ltr'>γινόμενος</span> <span class='ocrx_word' id='word_1_359' title='bbox 1623 3007 1832 3077; x_wconf 79' lang='grc' dir='ltr'>μνήμῃ,</span> <span class='ocrx_word' id='word_1_360' title='bbox 1862 3006 1955 3058; x_wconf 68' lang='grc' dir='ltr'><strong>καλ⁸</strong></span> 
     </span>
    </p>
   </div>
   <div class='ocr_carea' id='block_1_48' title="bbox 375 3095 2027 3184">
    <p class='ocr_par' dir='ltr' id='par_1_48' title="bbox 375 3095 2027 3184">
     <span class='ocr_line' id='line_1_49' title="bbox 375 3095 2027 3184; baseline -0.004 -32"><span class='ocrx_word' id='word_1_361' title='bbox 375 3102 599 3171; x_wconf 81' lang='grc' dir='ltr'>ἀκροαῖς</span> <span class='ocrx_word' id='word_1_362' title='bbox 621 3097 890 3167; x_wconf 76' lang='grc' dir='ltr'>φιλοθὲοις</span> <span class='ocrx_word' id='word_1_363' title='bbox 916 3098 1014 3167; x_wconf 73' lang='grc' dir='ltr'>οὐχ</span> <span class='ocrx_word' id='word_1_364' title='bbox 1032 3098 1231 3168; x_wconf 73' lang='grc' dir='ltr'>ἥκιστα</span> <span class='ocrx_word' id='word_1_365' title='bbox 1253 3095 1631 3167; x_wconf 75' lang='grc' dir='ltr'><strong>χαριζόμενος.</strong></span> <span class='ocrx_word' id='word_1_366' title='bbox 1667 3095 1808 3148; x_wconf 83' lang='grc' dir='ltr'>Ἀλλ’</span> <span class='ocrx_word' id='word_1_367' title='bbox 1835 3097 1955 3147; x_wconf 72' lang='grc' dir='ltr'>ἐπεὶ</span> <span class='ocrx_word' id='word_1_368' title='bbox 1983 3124 2027 3184; x_wconf 77' lang='lat' dir='ltr'><strong>C</strong></span> 
     </span>
    </p>
   </div>
   <div class='ocr_carea' id='block_1_49' title="bbox 375 3186 1956 3263">
    <p class='ocr_par' dir='ltr' id='par_1_49' title="bbox 375 3186 1956 3263">
     <span class='ocr_line' id='line_1_50' title="bbox 375 3186 1956 3263; baseline -0.003 -19"><span class='ocrx_word' id='word_1_369' title='bbox 375 3193 566 3263; x_wconf 77' lang='grc' dir='ltr'>ἐτέρου</span> <span class='ocrx_word' id='word_1_370' title='bbox 595 3193 690 3245; x_wconf 75' lang='grc' dir='ltr'>καὶ</span> <span class='ocrx_word' id='word_1_371' title='bbox 717 3193 878 3260; x_wconf 82' lang='grc' dir='ltr'>λόγου</span> <span class='ocrx_word' id='word_1_372' title='bbox 909 3190 1024 3242; x_wconf 74' lang='grc' dir='ltr'>ἐστὶ</span> <span class='ocrx_word' id='word_1_373' title='bbox 1059 3189 1149 3242; x_wconf 72' lang='grc' dir='ltr'>καὶ</span> <span class='ocrx_word' id='word_1_374' title='bbox 1173 3189 1363 3259; x_wconf 80' lang='grc' dir='ltr'>καιροῦ</span> <span class='ocrx_word' id='word_1_375' title='bbox 1395 3189 1463 3241; x_wconf 73' lang='grc' dir='ltr'><strong>τὰ</strong></span> <span class='ocrx_word' id='word_1_376' title='bbox 1491 3188 1736 3251; x_wconf 80' lang='grc' dir='ltr'>τοιαῦτα,</span> <span class='ocrx_word' id='word_1_377' title='bbox 1767 3186 1956 3240; x_wconf 87' lang='grc' dir='ltr'>καθότι</span> 
     </span>
    </p>
   </div>
   <div class='ocr_carea' id='block_1_50' title="bbox 379 3279 1958 3354">
    <p class='ocr_par' dir='ltr' id='par_1_50' title="bbox 379 3279 1958 3354">
     <span class='ocr_line' id='line_1_51' title="bbox 379 3279 1958 3354; baseline -0.004 -16"><span class='ocrx_word' id='word_1_378' title='bbox 379 3285 474 3338; x_wconf 82' lang='grc' dir='ltr'>καὶ</span> <span class='ocrx_word' id='word_1_379' title='bbox 515 3283 815 3354; x_wconf 76' lang='grc' dir='ltr'>ἀρχόμενος</span> <span class='ocrx_word' id='word_1_380' title='bbox 854 3282 955 3354; x_wconf 74' lang='grc' dir='ltr'><strong>ἤδη</strong></span> <span class='ocrx_word' id='word_1_381' title='bbox 987 3283 1015 3333; x_wconf 83' lang='grc' dir='ltr'><strong>ὁ</strong></span> <span class='ocrx_word' id='word_1_382' title='bbox 1051 3280 1207 3348; x_wconf 84' lang='grc' dir='ltr'>λόγος</span> <span class='ocrx_word' id='word_1_383' title='bbox 1249 3283 1491 3352; x_wconf 74' lang='grc' dir='ltr'>εἰρήκει,</span> <span class='ocrx_word' id='word_1_384' title='bbox 1543 3279 1697 3332; x_wconf 68' lang='grc' dir='ltr'>οὐδὲν</span> <span class='ocrx_word' id='word_1_385' title='bbox 1725 3279 1866 3342; x_wconf 79' lang='grc' dir='ltr'>τέως</span> <span class='ocrx_word' id='word_1_386' title='bbox 1901 3282 1958 3332; x_wconf 90' lang='grc' dir='ltr'>ἐν</span> 
     </span>
    </p>
   </div>
   <div class='ocr_carea' id='block_1_51' title="bbox 383 3372 1958 3448">
    <p class='ocr_par' dir='ltr' id='par_1_51' title="bbox 383 3372 1958 3448">
     <span class='ocr_line' id='line_1_52' title="bbox 383 3372 1958 3448; baseline -0.002 -20"><span class='ocrx_word' id='word_1_387' title='bbox 383 3377 461 3447; x_wconf 79' lang='grc' dir='ltr'>τῷ</span> <span class='ocrx_word' id='word_1_388' title='bbox 500 3378 724 3445; x_wconf 75' lang='grc' dir='ltr'><strong>παρόντι</strong></span> <span class='ocrx_word' id='word_1_389' title='bbox 773 3379 903 3446; x_wconf 72' lang='grc' dir='ltr'>περὶ</span> <span class='ocrx_word' id='word_1_390' title='bbox 949 3378 1172 3433; x_wconf 82' lang='grc' dir='ltr'>ἐκείνων</span> <span class='ocrx_word' id='word_1_391' title='bbox 1222 3379 1356 3448; x_wconf 74' lang='grc' dir='ltr'>ἐρεῖ,</span> <span class='ocrx_word' id='word_1_392' title='bbox 1411 3376 1572 3447; x_wconf 85' lang='grc' dir='ltr'>μόνον</span> <span class='ocrx_word' id='word_1_393' title='bbox 1615 3373 1812 3446; x_wconf 85' lang='grc' dir='ltr'>δηλαδὴ</span> <span class='ocrx_word' id='word_1_394' title='bbox 1848 3372 1958 3426; x_wconf 81' lang='grc' dir='ltr'>τῶν</span> 
     </span>
    </p>
   </div>
   <div class='ocr_carea' id='block_1_52' title="bbox 392 3465 1964 3540">
    <p class='ocr_par' dir='ltr' id='par_1_52' title="bbox 392 3465 1964 3540">
     <span class='ocr_line' id='line_1_53' title="bbox 392 3465 1964 3540; baseline -0.001 -21"><span class='ocrx_word' id='word_1_395' title='bbox 392 3468 534 3520; x_wconf 68' lang='grc' dir='ltr'>κατὰ</span> <span class='ocrx_word' id='word_1_396' title='bbox 567 3467 662 3538; x_wconf 70' lang='grc' dir='ltr'><strong>τὴν</strong></span> <span class='ocrx_word' id='word_1_397' title='bbox 697 3468 944 3539; x_wconf 78' lang='grc' dir='ltr'><strong>γέννησιν</strong></span> <span class='ocrx_word' id='word_1_398' title='bbox 979 3469 1348 3540; x_wconf 77' lang='grc' dir='ltr'>μεμνημένος,</span> <span class='ocrx_word' id='word_1_399' title='bbox 1385 3468 1479 3520; x_wconf 70' lang='grc' dir='ltr'>καὶ</span> <span class='ocrx_word' id='word_1_400' title='bbox 1509 3465 1614 3520; x_wconf 82' lang='grc' dir='ltr'><strong>τῶν</strong></span> <span class='ocrx_word' id='word_1_401' title='bbox 1658 3465 1799 3519; x_wconf 82' lang='grc' dir='ltr'>κατὰ</span> <span class='ocrx_word' id='word_1_402' title='bbox 1828 3465 1964 3518; x_wconf 84' lang='grc' dir='ltr'>ταύ-</span> 
     </span>
    </p>
   </div>
   <div class='ocr_carea' id='block_1_53' title="bbox 387 3556 1959 3630">
    <p class='ocr_par' dir='ltr' id='par_1_53' title="bbox 387 3556 1959 3630">
     <span class='ocr_line' id='line_1_54' title="bbox 387 3556 1959 3630; baseline 0 -22"><span class='ocrx_word' id='word_1_403' title='bbox 387 3574 488 3627; x_wconf 85' lang='grc' dir='ltr'><strong>την</strong></span> <span class='ocrx_word' id='word_1_404' title='bbox 528 3559 763 3628; x_wconf 71' lang='grc' dir='ltr'>τεράτων</span> <span class='ocrx_word' id='word_1_405' title='bbox 801 3559 894 3612; x_wconf 71' lang='grc' dir='ltr'>καὶ</span> <span class='ocrx_word' id='word_1_406' title='bbox 945 3559 1291 3630; x_wconf 86' lang='grc' dir='ltr'>θαυμασίων,</span> <span class='ocrx_word' id='word_1_407' title='bbox 1346 3558 1442 3628; x_wconf 75' lang='grc' dir='ltr'>οὐχ</span> <span class='ocrx_word' id='word_1_408' title='bbox 1480 3556 1620 3609; x_wconf 78' lang='grc' dir='ltr'>ὥστε</span> <span class='ocrx_word' id='word_1_409' title='bbox 1659 3557 1754 3608; x_wconf 75' lang='grc' dir='ltr'><strong>καὶ</strong></span> <span class='ocrx_word' id='word_1_410' title='bbox 1785 3557 1959 3608; x_wconf 82' lang='grc' dir='ltr'>εἰπεῖν</span> 
     </span>
    </p>
   </div>
   <div class='ocr_carea' id='block_1_54' title="bbox 383 3646 1956 3720">
    <p class='ocr_par' dir='ltr' id='par_1_54' title="bbox 383 3646 1956 3720">
     <span class='ocr_line' id='line_1_55' title="bbox 383 3646 1956 3720; baseline -0.002 -17"><span class='ocrx_word' id='word_1_411' title='bbox 383 3669 434 3703; x_wconf 81' lang='grc' dir='ltr'><strong>τι</strong></span> <span class='ocrx_word' id='word_1_412' title='bbox 459 3649 736 3704; x_wconf 82' lang='grc' dir='ltr'>κάνταῦθα</span> <span class='ocrx_word' id='word_1_413' title='bbox 768 3649 944 3720; x_wconf 78' lang='grc' dir='ltr'>(τοῦτο</span> <span class='ocrx_word' id='word_1_414' title='bbox 967 3651 1094 3720; x_wconf 77' lang='grc' dir='ltr'>γὰρ,</span> <span class='ocrx_word' id='word_1_415' title='bbox 1117 3651 1189 3713; x_wconf 70' lang='grc' dir='ltr'>ὡς</span> <span class='ocrx_word' id='word_1_416' title='bbox 1210 3650 1344 3717; x_wconf 77' lang='grc' dir='ltr'>ἴστε,</span> <span class='ocrx_word' id='word_1_417' title='bbox 1376 3651 1469 3701; x_wconf 80' lang='grc' dir='ltr'>καὶ</span> <span class='ocrx_word' id='word_1_418' title='bbox 1501 3648 1712 3718; x_wconf 80' lang='grc' dir='ltr'>φθάσας</span> <span class='ocrx_word' id='word_1_419' title='bbox 1741 3646 1956 3718; x_wconf 83' lang='grc' dir='ltr'>πρῶτος</span> 
     </span>
    </p>
   </div>
   <div class='ocr_carea' id='block_1_55' title="bbox 382 3739 1959 3812">
    <p class='ocr_par' dir='ltr' id='par_1_55' title="bbox 382 3739 1959 3812">
     <span class='ocr_line' id='line_1_56' title="bbox 382 3739 1959 3812; baseline -0.002 -18"><span class='ocrx_word' id='word_1_420' title='bbox 382 3742 687 3812; x_wconf 78' lang='grc' dir='ltr'>ἐδήλωσεν),</span> <span class='ocrx_word' id='word_1_421' title='bbox 736 3741 844 3795; x_wconf 79' lang='grc' dir='ltr'>ἀλλ’</span> <span class='ocrx_word' id='word_1_422' title='bbox 869 3741 1009 3795; x_wconf 83' lang='grc' dir='ltr'>ὥστε</span> <span class='ocrx_word' id='word_1_423' title='bbox 1047 3741 1138 3794; x_wconf 80' lang='grc' dir='ltr'>τὸν</span> <span class='ocrx_word' id='word_1_424' title='bbox 1170 3741 1331 3795; x_wconf 82' lang='grc' dir='ltr'>πόθον</span> <span class='ocrx_word' id='word_1_425' title='bbox 1367 3739 1724 3806; x_wconf 78' lang='grc' dir='ltr'>ἐνδείξασθαι,</span> <span class='ocrx_word' id='word_1_426' title='bbox 1766 3741 1863 3792; x_wconf 66' lang='grc' dir='ltr'><strong>κοιλ⁵</strong></span> <span class='ocrx_word' id='word_1_427' title='bbox 1891 3743 1959 3791; x_wconf 79' lang='grc' dir='ltr'><strong>τὰ.</strong></span> 
     </span>
    </p>
   </div>
   <div class='ocr_carea' id='block_1_56' title="bbox 377 3831 1427 3904">
    <p class='ocr_par' dir='ltr' id='par_1_56' title="bbox 377 3831 1427 3904">
     <span class='ocr_line' id='line_1_57' title="bbox 377 3831 1427 3904; baseline 0.003 -20"><span class='ocrx_word' id='word_1_428' title='bbox 377 3831 479 3901; x_wconf 81' lang='grc' dir='ltr'>τῆς</span> <span class='ocrx_word' id='word_1_429' title='bbox 519 3831 730 3903; x_wconf 71' lang='grc' dir='ltr'>ἡμέρας</span> <span class='ocrx_word' id='word_1_430' title='bbox 761 3833 1059 3902; x_wconf 82' lang='grc' dir='ltr'>ἐνσημᾶναι</span> <span class='ocrx_word' id='word_1_431' title='bbox 1090 3831 1427 3904; x_wconf 84' lang='grc' dir='ltr'>χαρμόσυνα.</span> 
     </span>
    </p>
   </div>
   <div class='ocr_carea' id='block_1_57' title="bbox 449 3923 1958 3996">
    <p class='ocr_par' dir='ltr' id='par_1_57' title="bbox 449 3923 1958 3996">
     <span class='ocr_line' id='line_1_58' title="bbox 449 3923 1958 3996; baseline -0.001 -19"><span class='ocrx_word' id='word_1_432' title='bbox 449 3924 568 3978; x_wconf 72' lang='grc' dir='ltr'><strong>Νῦν</strong></span> <span class='ocrx_word' id='word_1_433' title='bbox 607 3925 717 3994; x_wconf 75' lang='grc' dir='ltr'><strong>γάρ</strong></span> <span class='ocrx_word' id='word_1_434' title='bbox 747 3925 822 3989; x_wconf 80' lang='grc' dir='ltr'>ὡς</span> <span class='ocrx_word' id='word_1_435' title='bbox 850 3925 1064 3996; x_wconf 79' lang='grc' dir='ltr'>ἀληθῶς</span> <span class='ocrx_word' id='word_1_436' title='bbox 1094 3926 1246 3979; x_wconf 79' lang='grc' dir='ltr'>πᾶσα</span> <span class='ocrx_word' id='word_1_437' title='bbox 1274 3924 1458 3978; x_wconf 84' lang='grc' dir='ltr'>θάλλει</span> <span class='ocrx_word' id='word_1_438' title='bbox 1482 3923 1699 3996; x_wconf 81' lang='grc' dir='ltr'>καρδία,</span> <span class='ocrx_word' id='word_1_439' title='bbox 1732 3925 1958 3988; x_wconf 73' lang='grc' dir='ltr'>καὶτοῖς</span> 
     </span>
    </p>
   </div>
   <div class='ocr_carea' id='block_1_58' title="bbox 375 4016 1960 4088">
    <p class='ocr_par' dir='ltr' id='par_1_58' title="bbox 375 4016 1960 4088">
     <span class='ocr_line' id='line_1_59' title="bbox 375 4016 1960 4088; baseline 0.001 -19"><span class='ocrx_word' id='word_1_440' title='bbox 375 4017 472 4070; x_wconf 77' lang='grc' dir='ltr'><strong>τοῦ</strong></span> <span class='ocrx_word' id='word_1_441' title='bbox 518 4016 815 4088; x_wconf 67' lang='grc' dir='ltr'>θεολήπτου</span> <span class='ocrx_word' id='word_1_442' title='bbox 874 4019 1160 4088; x_wconf 79' lang='grc' dir='ltr'>συνήδεται</span> <span class='ocrx_word' id='word_1_443' title='bbox 1211 4017 1509 4086; x_wconf 47' lang='grc' dir='ltr'>γενεσίοις</span> <span class='ocrx_word' id='word_1_444' title='bbox 1559 4017 1652 4070; x_wconf 78' lang='grc' dir='ltr'><strong>νῦν</strong></span> <span class='ocrx_word' id='word_1_445' title='bbox 1699 4017 1960 4088; x_wconf 82' lang='grc' dir='ltr'>μειδίαμα</span> 
     </span>
    </p>
   </div>
   <div class='ocr_carea' id='block_1_59' title="bbox 375 4108 1960 4180">
    <p class='ocr_par' dir='ltr' id='par_1_59' title="bbox 375 4108 1960 4180">
     <span class='ocr_line' id='line_1_60' title="bbox 375 4108 1960 4180; baseline 0 -20"><span class='ocrx_word' id='word_1_446' title='bbox 375 4109 478 4178; x_wconf 70' lang='grc' dir='ltr'>τὴν</span> <span class='ocrx_word' id='word_1_447' title='bbox 507 4110 740 4161; x_wconf 77' lang='grc' dir='ltr'>ἑκάστου</span> <span class='ocrx_word' id='word_1_448' title='bbox 777 4109 974 4179; x_wconf 69' lang='grc' dir='ltr'>ψυχὴν,</span> <span class='ocrx_word' id='word_1_449' title='bbox 1022 4109 1117 4162; x_wconf 81' lang='grc' dir='ltr'>καὶ</span> <span class='ocrx_word' id='word_1_450' title='bbox 1155 4109 1461 4180; x_wconf 74' lang='grc' dir='ltr'>εὐφροσύνη</span> <span class='ocrx_word' id='word_1_451' title='bbox 1497 4108 1824 4179; x_wconf 79' lang='grc' dir='ltr'>κατείληφεν</span> <span class='ocrx_word' id='word_1_452' title='bbox 1863 4108 1960 4180; x_wconf 77' lang='grc' dir='ltr'><strong>ἄῤ-</strong></span> 
     </span>
    </p>
   </div>
   <div class='ocr_carea' id='block_1_60' title="bbox 379 4198 1958 4271">
    <p class='ocr_par' dir='ltr' id='par_1_60' title="bbox 379 4198 1958 4271">
     <span class='ocr_line' id='line_1_61' title="bbox 379 4198 1958 4271; baseline 0.001 -20"><span class='ocrx_word' id='word_1_453' title='bbox 379 4202 544 4268; x_wconf 75' lang='grc' dir='ltr'>ῥητος</span> <span class='ocrx_word' id='word_1_454' title='bbox 568 4217 582 4231; x_wconf 88' lang='grc'><strong>·</strong></span> <span class='ocrx_word' id='word_1_455' title='bbox 611 4198 707 4253; x_wconf 74' lang='grc' dir='ltr'>νῦν</span> <span class='ocrx_word' id='word_1_456' title='bbox 734 4201 914 4271; x_wconf 71' lang='grc' dir='ltr'>χαίρει</span> <span class='ocrx_word' id='word_1_457' title='bbox 950 4201 1046 4254; x_wconf 77' lang='grc' dir='ltr'>καὶ</span> <span class='ocrx_word' id='word_1_458' title='bbox 1065 4202 1166 4268; x_wconf 84' lang='grc' dir='ltr'><strong>ὅση</strong></span> <span class='ocrx_word' id='word_1_459' title='bbox 1201 4201 1311 4253; x_wconf 79' lang='grc' dir='ltr'>τῶν</span> <span class='ocrx_word' id='word_1_460' title='bbox 1340 4201 1516 4254; x_wconf 64' lang='grc' dir='ltr'>ἀειλων</span> <span class='ocrx_word' id='word_1_461' title='bbox 1541 4200 1720 4269; x_wconf 73' lang='grc' dir='ltr'>φύσις,</span> <span class='ocrx_word' id='word_1_462' title='bbox 1745 4202 1838 4254; x_wconf 57' lang='grc' dir='ltr'><strong>καλ⁴</strong></span> <span class='ocrx_word' id='word_1_463' title='bbox 1860 4202 1958 4271; x_wconf 82' lang='grc' dir='ltr'><strong>ὅση</strong></span> 
     </span>
    </p>
   </div>
   <div class='ocr_carea' id='block_1_61' title="bbox 377 4291 1962 4363">
    <p class='ocr_par' dir='ltr' id='par_1_61' title="bbox 377 4291 1962 4363">
     <span class='ocr_line' id='line_1_62' title="bbox 377 4291 1962 4363; baseline 0 -21"><span class='ocrx_word' id='word_1_464' title='bbox 377 4291 470 4343; x_wconf 70' lang='grc' dir='ltr'><strong>τὸν</strong></span> <span class='ocrx_word' id='word_1_465' title='bbox 503 4291 620 4344; x_wconf 74' lang='grc' dir='ltr'><strong>άνω</strong></span> <span class='ocrx_word' id='word_1_466' title='bbox 652 4292 826 4362; x_wconf 84' lang='grc' dir='ltr'>χῶρον</span> <span class='ocrx_word' id='word_1_467' title='bbox 853 4295 1013 4359; x_wconf 73' lang='grc' dir='ltr'>οἰκεῖ,</span> <span class='ocrx_word' id='word_1_468' title='bbox 1043 4294 1136 4345; x_wconf 73' lang='grc' dir='ltr'><strong>καλ⁵</strong></span> <span class='ocrx_word' id='word_1_469' title='bbox 1157 4293 1256 4362; x_wconf 79' lang='grc' dir='ltr'><strong>ὅση</strong></span> <span class='ocrx_word' id='word_1_470' title='bbox 1287 4292 1378 4346; x_wconf 76' lang='grc' dir='ltr'>τὸν</span> <span class='ocrx_word' id='word_1_471' title='bbox 1403 4293 1552 4346; x_wconf 81' lang='grc' dir='ltr'>κάτω</span> <span class='ocrx_word' id='word_1_472' title='bbox 1573 4293 1682 4363; x_wconf 68' lang='grc' dir='ltr'><strong>ἄρα</strong></span> <span class='ocrx_word' id='word_1_473' title='bbox 1709 4292 1802 4345; x_wconf 76' lang='grc' dir='ltr'>καὶ</span> <span class='ocrx_word' id='word_1_474' title='bbox 1833 4293 1962 4343; x_wconf 77' lang='grc' dir='ltr'><strong>ὑπο-</strong></span> 
     </span>
    </p>
   </div>
   <div class='ocr_carea' id='block_1_62' title="bbox 377 4382 1960 4457">
    <p class='ocr_par' dir='ltr' id='par_1_62' title="bbox 377 4382 1960 4457">
     <span class='ocr_line' id='line_1_63' title="bbox 377 4382 1960 4457; baseline 0.001 -23"><span class='ocrx_word' id='word_1_475' title='bbox 377 4382 615 4451; x_wconf 77' lang='grc' dir='ltr'>χθόνιον,</span> <span class='ocrx_word' id='word_1_476' title='bbox 654 4383 740 4438; x_wconf 80' lang='grc' dir='ltr'><strong>διὰ</strong></span> <span class='ocrx_word' id='word_1_477' title='bbox 777 4387 874 4456; x_wconf 82' lang='grc' dir='ltr'>τὴν</span> <span class='ocrx_word' id='word_1_478' title='bbox 925 4385 1222 4457; x_wconf 83' lang='grc' dir='ltr'>μέλλουσαν</span> <span class='ocrx_word' id='word_1_479' title='bbox 1257 4385 1472 4438; x_wconf 75' lang='grc' dir='ltr'>ἔσεσθαι</span> <span class='ocrx_word' id='word_1_480' title='bbox 1512 4386 1785 4456; x_wconf 86' lang='grc' dir='ltr'>σωτηρίαν</span> <span class='ocrx_word' id='word_1_481' title='bbox 1820 4385 1960 4437; x_wconf 74' lang='grc' dir='ltr'>διπα-</span> 
     </span>
    </p>
   </div>
   <div class='ocr_carea' id='block_1_63' title="bbox 2058 1908 3636 1978">
    <p class='ocr_par' dir='ltr' id='par_1_63' title="bbox 2058 1908 3636 1978">
     <span class='ocr_line' id='line_1_64' title="bbox 2058 1908 3636 1978; baseline 0.001 -17"><span class='ocrx_word' id='word_1_482' title='bbox 2058 1908 2223 1962; x_wconf 88' lang='lat' dir='ltr'><strong>nibus</strong></span> <span class='ocrx_word' id='word_1_483' title='bbox 2245 1909 2410 1964; x_wconf 86' lang='lat' dir='ltr'><strong>rebus</strong></span> <span class='ocrx_word' id='word_1_484' title='bbox 2433 1909 2710 1974; x_wconf 89' lang='lat' dir='ltr'><strong>humanis,</strong></span> <span class='ocrx_word' id='word_1_485' title='bbox 2740 1925 2862 1963; x_wconf 90' lang='lat' dir='ltr'><strong>cum</strong></span> <span class='ocrx_word' id='word_1_486' title='bbox 2892 1909 2946 1962; x_wconf 92' lang='lat' dir='ltr'><strong>in</strong></span> <span class='ocrx_word' id='word_1_487' title='bbox 2968 1911 3146 1978; x_wconf 89' lang='lat' dir='ltr'><strong>prima</strong></span> <span class='ocrx_word' id='word_1_488' title='bbox 3178 1913 3418 1974; x_wconf 61' lang='lat' dir='ltr'><strong>aatatula,</strong></span> <span class='ocrx_word' id='word_1_489' title='bbox 3447 1920 3561 1964; x_wconf 90' lang='lat' dir='ltr'><strong>tum</strong></span> <span class='ocrx_word' id='word_1_490' title='bbox 3580 1909 3636 1962; x_wconf 88' lang='lat' dir='ltr'><strong>in</strong></span> 
     </span>
    </p>
   </div>
   <div class='ocr_carea' id='block_1_64' title="bbox 2052 2001 3640 2071">
    <p class='ocr_par' dir='ltr' id='par_1_64' title="bbox 2052 2001 3640 2071">
     <span class='ocr_line' id='line_1_65' title="bbox 2052 2001 3640 2071; baseline 0.001 -18"><span class='ocrx_word' id='word_1_491' title='bbox 2052 2001 2346 2070; x_wconf 88' lang='lat' dir='ltr'><strong>juventute</strong></span> <span class='ocrx_word' id='word_1_492' title='bbox 2382 2010 2703 2070; x_wconf 85' lang='lat' dir='ltr'><strong>separatus;</strong></span> <span class='ocrx_word' id='word_1_493' title='bbox 2743 2001 3019 2070; x_wconf 89' lang='lat' dir='ltr'><strong>quomodo</strong></span> <span class='ocrx_word' id='word_1_494' title='bbox 3043 2002 3198 2071; x_wconf 69' lang='lat' dir='ltr'><strong>juxta</strong></span> <span class='ocrx_word' id='word_1_495' title='bbox 3240 2001 3490 2055; x_wconf 85' lang='lat' dir='ltr'><strong>divinum</strong></span> <span class='ocrx_word' id='word_1_496' title='bbox 3517 2016 3640 2054; x_wconf 85' lang='lat' dir='ltr'><strong>ora-</strong></span> 
     </span>
    </p>
   </div>
   <div class='ocr_carea' id='block_1_65' title="bbox 2058 2092 3638 2162">
    <p class='ocr_par' dir='ltr' id='par_1_65' title="bbox 2058 2092 3638 2162">
     <span class='ocr_line' id='line_1_66' title="bbox 2058 2092 3638 2162; baseline 0.001 -14"><span class='ocrx_word' id='word_1_497' title='bbox 2058 2093 2242 2148; x_wconf 89' lang='lat' dir='ltr'><strong>culum</strong></span> <span class='ocrx_word' id='word_1_498' title='bbox 2282 2092 2351 2146; x_wconf 88' lang='lat' dir='ltr'><strong>ad</strong></span> <span class='ocrx_word' id='word_1_499' title='bbox 2401 2093 2695 2148; x_wconf 88' lang='lat' dir='ltr'><strong>Jordanem</strong></span> <span class='ocrx_word' id='word_1_500' title='bbox 2746 2095 2947 2149; x_wconf 89' lang='lat' dir='ltr'><strong>deinde</strong></span> <span class='ocrx_word' id='word_1_501' title='bbox 2980 2093 3213 2157; x_wconf 80' lang='lat' dir='ltr'><strong>venerit,</strong></span> <span class='ocrx_word' id='word_1_502' title='bbox 3251 2093 3343 2146; x_wconf 87' lang='lat' dir='ltr'><strong>ubi</strong></span> <span class='ocrx_word' id='word_1_503' title='bbox 3400 2095 3638 2162; x_wconf 87' lang='lat' dir='ltr'><strong>primum</strong></span> 
     </span>
    </p>
   </div>
   <div class='ocr_carea' id='block_1_66' title="bbox 2055 2184 3642 2255">
    <p class='ocr_par' dir='ltr' id='par_1_66' title="bbox 2055 2184 3642 2255">
     <span class='ocr_line' id='line_1_67' title="bbox 2055 2184 3642 2255; baseline 0 -17"><span class='ocrx_word' id='word_1_504' title='bbox 2055 2184 2377 2243; x_wconf 82' lang='lat' dir='ltr'><strong>hominibus</strong></span> <span class='ocrx_word' id='word_1_505' title='bbox 2417 2184 2568 2238; x_wconf 89' lang='lat' dir='ltr'><strong>visus</strong></span> <span class='ocrx_word' id='word_1_506' title='bbox 2604 2194 2718 2248; x_wconf 87' lang='lat' dir='ltr'><strong>est;</strong></span> <span class='ocrx_word' id='word_1_507' title='bbox 2748 2201 2867 2254; x_wconf 74' lang='lat' dir='ltr'><strong>qua:</strong></span> <span class='ocrx_word' id='word_1_508' title='bbox 2900 2185 3104 2240; x_wconf 83' lang='lat' dir='ltr'><strong>fuerint</strong></span> <span class='ocrx_word' id='word_1_509' title='bbox 3146 2186 3258 2249; x_wconf 90' lang='lat' dir='ltr'><strong>illa,</strong></span> <span class='ocrx_word' id='word_1_510' title='bbox 3301 2202 3419 2255; x_wconf 74' lang='lat' dir='ltr'><strong>qua:</strong></span> <span class='ocrx_word' id='word_1_511' title='bbox 3463 2184 3642 2255; x_wconf 87' lang='lat' dir='ltr'><strong>bapti-</strong></span> 
     </span>
    </p>
   </div>
   <div class='ocr_carea' id='block_1_67' title="bbox 2058 2275 3634 2347">
    <p class='ocr_par' dir='ltr' id='par_1_67' title="bbox 2058 2275 3634 2347">
     <span class='ocr_line' id='line_1_68' title="bbox 2058 2275 3634 2347; baseline 0.003 -19"><span class='ocrx_word' id='word_1_512' title='bbox 2058 2290 2189 2329; x_wconf 83' lang='lat' dir='ltr'><strong>zans</strong></span> <span class='ocrx_word' id='word_1_513' title='bbox 2215 2275 2434 2344; x_wconf 84' lang='lat' dir='ltr'><strong>pepulis</strong></span> <span class='ocrx_word' id='word_1_514' title='bbox 2467 2275 2850 2343; x_wconf 87' lang='lat' dir='ltr'><strong>denuntiaret;</strong></span> <span class='ocrx_word' id='word_1_515' title='bbox 2885 2284 2960 2342; x_wconf 90' lang='lat' dir='ltr'><strong>et,</strong></span> <span class='ocrx_word' id='word_1_516' title='bbox 3017 2277 3164 2347; x_wconf 89' lang='lat' dir='ltr'><strong>quod</strong></span> <span class='ocrx_word' id='word_1_517' title='bbox 3213 2277 3374 2331; x_wconf 84' lang='lat' dir='ltr'><strong>ﬁdem</strong></span> <span class='ocrx_word' id='word_1_518' title='bbox 3415 2293 3634 2332; x_wconf 88' lang='lat' dir='ltr'><strong>onmem</strong></span> 
     </span>
    </p>
   </div>
   <div class='ocr_carea' id='block_1_68' title="bbox 2057 2366 3636 2438">
    <p class='ocr_par' dir='ltr' id='par_1_68' title="bbox 2057 2366 3636 2438">
     <span class='ocr_line' id='line_1_69' title="bbox 2057 2366 3636 2438; baseline 0.001 -17"><span class='ocrx_word' id='word_1_519' title='bbox 2057 2375 2302 2436; x_wconf 80' lang='lat' dir='ltr'><strong>superat,</strong></span> <span class='ocrx_word' id='word_1_520' title='bbox 2326 2366 2605 2436; x_wconf 89' lang='lat' dir='ltr'><strong>quomodo</strong></span> <span class='ocrx_word' id='word_1_521' title='bbox 2648 2368 2704 2422; x_wconf 91' lang='lat' dir='ltr'><strong>in</strong></span> <span class='ocrx_word' id='word_1_522' title='bbox 2731 2369 2889 2438; x_wconf 84' lang='lat' dir='ltr'><strong>aquis</strong></span> <span class='ocrx_word' id='word_1_523' title='bbox 2922 2369 3099 2438; x_wconf 88' lang='lat' dir='ltr'><strong>ipsum</strong></span> <span class='ocrx_word' id='word_1_524' title='bbox 3134 2368 3425 2422; x_wconf 87' lang='lat' dir='ltr'><strong>Dominum</strong></span> <span class='ocrx_word' id='word_1_525' title='bbox 3453 2367 3636 2438; x_wconf 88' lang='lat' dir='ltr'><strong>bapti-</strong></span> 
     </span>
    </p>
   </div>
   <div class='ocr_carea' id='block_1_69' title="bbox 2063 2459 3638 2530">
    <p class='ocr_par' dir='ltr' id='par_1_69' title="bbox 2063 2459 3638 2530">
     <span class='ocr_line' id='line_1_70' title="bbox 2063 2459 3638 2530; baseline 0.001 -18"><span class='ocrx_word' id='word_1_526' title='bbox 2063 2459 2292 2523; x_wconf 84' lang='lat' dir='ltr'><strong>zav&#39;erit,</strong></span> <span class='ocrx_word' id='word_1_527' title='bbox 2328 2460 2558 2530; x_wconf 87' lang='lat' dir='ltr'><strong>ejusque</strong></span> <span class='ocrx_word' id='word_1_528' title='bbox 2587 2469 2752 2530; x_wconf 92' lang='lat' dir='ltr'><strong>caput</strong></span> <span class='ocrx_word' id='word_1_529' title='bbox 2786 2460 3056 2530; x_wconf 84' lang='lat' dir='ltr'><strong>tetigerit;</strong></span> <span class='ocrx_word' id='word_1_530' title='bbox 3094 2459 3329 2529; x_wconf 88' lang='lat' dir='ltr'><strong>denique</strong></span> <span class='ocrx_word' id='word_1_531' title='bbox 3361 2459 3638 2530; x_wconf 90' lang='lat' dir='ltr'><strong>quomodo</strong></span> 
     </span>
    </p>
   </div>
   <div class='ocr_carea' id='block_1_70' title="bbox 2057 2539 3634 2621">
    <p class='ocr_par' dir='ltr' id='par_1_70' title="bbox 2057 2539 3634 2621">
     <span class='ocr_line' id='line_1_71' title="bbox 2057 2539 3634 2621; baseline 0.001 -19"><span class='ocrx_word' id='word_1_532' title='bbox 2057 2559 2286 2620; x_wconf 82' lang='lat' dir='ltr'><strong>propter</strong></span> <span class='ocrx_word' id='word_1_533' title='bbox 2309 2539 2608 2605; x_wconf 79' lang='lat' dir='ltr'><strong>Dominum</strong></span> <span class='ocrx_word' id='word_1_534' title='bbox 2646 2567 2747 2606; x_wconf 92' lang='lat' dir='ltr'><strong>suo</strong></span> <span class='ocrx_word' id='word_1_535' title='bbox 2783 2552 2900 2621; x_wconf 91' lang='lat' dir='ltr'><strong>ipse</strong></span> <span class='ocrx_word' id='word_1_536' title='bbox 2940 2551 3202 2605; x_wconf 89' lang='lat' dir='ltr'><strong>multatus</strong></span> <span class='ocrx_word' id='word_1_537' title='bbox 3231 2549 3398 2605; x_wconf 81' lang='lat' dir='ltr'><strong>fuerit</strong></span> <span class='ocrx_word' id='word_1_538' title='bbox 3434 2549 3634 2620; x_wconf 85' lang='lat' dir='ltr'><strong>capite,</strong></span> 
     </span>
    </p>
   </div>
   <div class='ocr_carea' id='block_1_71' title="bbox 2055 2643 3178 2714">
    <p class='ocr_par' dir='ltr' id='par_1_71' title="bbox 2055 2643 3178 2714">
     <span class='ocr_line' id='line_1_72' title="bbox 2055 2643 3178 2714; baseline 0.002 -20"><span class='ocrx_word' id='word_1_539' title='bbox 2055 2643 2215 2712; x_wconf 81' lang='lat' dir='ltr'><strong>cujus</strong></span> <span class='ocrx_word' id='word_1_540' title='bbox 2247 2656 2409 2696; x_wconf 85' lang='lat' dir='ltr'><strong>causa</strong></span> <span class='ocrx_word' id='word_1_541' title='bbox 2443 2657 2644 2712; x_wconf 73' lang='lat' dir='ltr'><strong>procax</strong></span> <span class='ocrx_word' id='word_1_542' title='bbox 2665 2643 2844 2714; x_wconf 91' lang='lat' dir='ltr'><strong>puella</strong></span> <span class='ocrx_word' id='word_1_543' title='bbox 2867 2643 3178 2698; x_wconf 62' lang='lat' dir='ltr'><strong>saltat-erat.</strong></span> 
     </span>
    </p>
   </div>
   <div class='ocr_carea' id='block_1_72' title="bbox 2127 2815 3636 2888">
    <p class='ocr_par' dir='ltr' id='par_1_72' title="bbox 2127 2815 3636 2888">
     <span class='ocr_line' id='line_1_73' title="bbox 2127 2815 3636 2888; baseline 0.001 -20"><span class='ocrx_word' id='word_1_544' title='bbox 2127 2815 2253 2871; x_wconf 74' lang='lat' dir='ltr'><strong>Haec</strong></span> <span class='ocrx_word' id='word_1_545' title='bbox 2285 2825 2342 2872; x_wconf 84' lang='lat' dir='ltr'><strong>et</strong></span> <span class='ocrx_word' id='word_1_546' title='bbox 2379 2815 2484 2870; x_wconf 91' lang='lat' dir='ltr'><strong>alia</strong></span> <span class='ocrx_word' id='word_1_547' title='bbox 2516 2818 2723 2888; x_wconf 86' lang='lat' dir='ltr'><strong>majora</strong></span> <span class='ocrx_word' id='word_1_548' title='bbox 2772 2816 3238 2888; x_wconf 88' lang='lat' dir='ltr'><strong>sublimioraque,</strong></span> <span class='ocrx_word' id='word_1_549' title='bbox 3279 2817 3326 2872; x_wconf 88' lang='lat' dir='ltr'><strong>si</strong></span> <span class='ocrx_word' id='word_1_550' title='bbox 3357 2817 3440 2872; x_wconf 70' lang='lat' dir='ltr'><strong>“fas</strong></span> <span class='ocrx_word' id='word_1_551' title='bbox 3469 2823 3636 2878; x_wconf 86' lang='lat' dir='ltr'><strong>esset.</strong></span> 
     </span>
    </p>
   </div>
   <div class='ocr_carea' id='block_1_73' title="bbox 2057 2906 3637 2980">
    <p class='ocr_par' dir='ltr' id='par_1_73' title="bbox 2057 2906 3637 2980">
     <span class='ocr_line' id='line_1_74' title="bbox 2057 2906 3637 2980; baseline 0 -18"><span class='ocrx_word' id='word_1_552' title='bbox 2057 2906 2296 2962; x_wconf 83' lang='lat' dir='ltr'><strong>dicendo</strong></span> <span class='ocrx_word' id='word_1_553' title='bbox 2331 2909 2443 2980; x_wconf 77' lang='lat'><strong>96</strong></span> <span class='ocrx_word' id='word_1_554' title='bbox 2469 2918 2900 2979; x_wconf 88' lang='lat' dir='ltr'><strong>persequeretur</strong></span> <span class='ocrx_word' id='word_1_555' title='bbox 2929 2911 3046 2965; x_wconf 66' lang='lat' dir='ltr'><strong>haec</strong></span> <span class='ocrx_word' id='word_1_556' title='bbox 3075 2909 3250 2964; x_wconf 90' lang='lat' dir='ltr'><strong>oratio</strong></span> <span class='ocrx_word' id='word_1_557' title='bbox 3283 2924 3424 2972; x_wconf 88' lang='lat' dir='ltr'><strong>mea,</strong></span> <span class='ocrx_word' id='word_1_558' title='bbox 3460 2916 3637 2962; x_wconf 86' lang='lat' dir='ltr'><strong>tanta-</strong></span> 
     </span>
    </p>
   </div>
   <div class='ocr_carea' id='block_1_74' title="bbox 2059 2998 3641 3069">
    <p class='ocr_par' dir='ltr' id='par_1_74' title="bbox 2059 2998 3641 3069">
     <span class='ocr_line' id='line_1_75' title="bbox 2059 2998 3641 3069; baseline 0.001 -17"><span class='ocrx_word' id='word_1_559' title='bbox 2059 3015 2292 3069; x_wconf 86' lang='lat' dir='ltr'><strong>rumque</strong></span> <span class='ocrx_word' id='word_1_560' title='bbox 2328 3016 2513 3054; x_wconf 89' lang='lat' dir='ltr'><strong>rerum</strong></span> <span class='ocrx_word' id='word_1_561' title='bbox 2545 3001 3064 3055; x_wconf 88' lang='lat' dir='ltr'><strong>commemoratione</strong></span> <span class='ocrx_word' id='word_1_562' title='bbox 3099 2999 3317 3054; x_wconf 78' lang='lat' dir='ltr'><strong>suavior</strong></span> <span class='ocrx_word' id='word_1_563' title='bbox 3340 2998 3515 3061; x_wconf 81' lang='lat' dir='ltr'><strong>fieret,</strong></span> <span class='ocrx_word' id='word_1_564' title='bbox 3537 3014 3641 3054; x_wconf 86' lang='lat' dir='ltr'><strong>nec</strong></span> 
     </span>
    </p>
   </div>
   <div class='ocr_carea' id='block_1_75' title="bbox 2063 3091 3639 3162">
    <p class='ocr_par' dir='ltr' id='par_1_75' title="bbox 2063 3091 3639 3162">
     <span class='ocr_line' id='line_1_76' title="bbox 2063 3091 3639 3162; baseline 0 -17"><span class='ocrx_word' id='word_1_565' title='bbox 2063 3091 2334 3162; x_wconf 78' lang='lat' dir='ltr'><strong>religiosis</strong></span> <span class='ocrx_word' id='word_1_566' title='bbox 2385 3091 2613 3146; x_wconf 88' lang='lat' dir='ltr'><strong>auribus</strong></span> <span class='ocrx_word' id='word_1_567' title='bbox 2662 3108 2854 3160; x_wconf 89' lang='lat' dir='ltr'><strong>parum</strong></span> <span class='ocrx_word' id='word_1_568' title='bbox 2898 3091 3332 3162; x_wconf 81' lang='lat' dir='ltr'><strong>gratiﬁcaretur;</strong></span> <span class='ocrx_word' id='word_1_569' title='bbox 3391 3091 3485 3145; x_wconf 90' lang='lat' dir='ltr'><strong>sed</strong></span> <span class='ocrx_word' id='word_1_570' title='bbox 3535 3091 3639 3145; x_wconf 85' lang='lat' dir='ltr'><strong>ista</strong></span> 
     </span>
    </p>
   </div>
   <div class='ocr_carea' id='block_1_76' title="bbox 2058 3181 3639 3252">
    <p class='ocr_par' dir='ltr' id='par_1_76' title="bbox 2058 3181 3639 3252">
     <span class='ocr_line' id='line_1_77' title="bbox 2058 3181 3639 3252; baseline 0 -16"><span class='ocrx_word' id='word_1_571' title='bbox 2058 3196 2370 3237; x_wconf 83' lang='lat' dir='ltr'><strong>sermonem</strong></span> <span class='ocrx_word' id='word_1_572' title='bbox 2417 3181 2610 3245; x_wconf 88' lang='lat' dir='ltr'><strong>alium,</strong></span> <span class='ocrx_word' id='word_1_573' title='bbox 2657 3181 2828 3245; x_wconf 88' lang='lat' dir='ltr'><strong>aliud,</strong></span> <span class='ocrx_word' id='word_1_574' title='bbox 2872 3191 2932 3236; x_wconf 91' lang='lat' dir='ltr'><strong>ut</strong></span> <span class='ocrx_word' id='word_1_575' title='bbox 2973 3182 3137 3252; x_wconf 88' lang='lat' dir='ltr'><strong>hujus</strong></span> <span class='ocrx_word' id='word_1_576' title='bbox 3184 3183 3448 3238; x_wconf 88' lang='lat' dir='ltr'><strong>orationis</strong></span> <span class='ocrx_word' id='word_1_577' title='bbox 3479 3182 3639 3236; x_wconf 89' lang='lat' dir='ltr'><strong>initio</strong></span> 
     </span>
    </p>
   </div>
   <div class='ocr_carea' id='block_1_77' title="bbox 2060 3271 3633 3343">
    <p class='ocr_par' dir='ltr' id='par_1_77' title="bbox 2060 3271 3633 3343">
     <span class='ocr_line' id='line_1_78' title="bbox 2060 3271 3633 3343; baseline -0.001 -16"><span class='ocrx_word' id='word_1_578' title='bbox 2060 3271 2309 3327; x_wconf 86' lang='lat' dir='ltr'><strong>dicebam</strong></span> <span class='ocrx_word' id='word_1_579' title='bbox 2331 3312 2344 3335; x_wconf 93' lang='lat'><strong>,</strong></span> <span class='ocrx_word' id='word_1_580' title='bbox 2374 3280 2591 3340; x_wconf 89' lang='lat' dir='ltr'><strong>tempus</strong></span> <span class='ocrx_word' id='word_1_581' title='bbox 2635 3272 2880 3342; x_wconf 78' lang='lat' dir='ltr'><strong>exigunt.</strong></span> <span class='ocrx_word' id='word_1_582' title='bbox 2910 3272 3059 3327; x_wconf 83' lang='lat' dir='ltr'><strong>Nihil</strong></span> <span class='ocrx_word' id='word_1_583' title='bbox 3090 3289 3157 3327; x_wconf 77' lang='lat' dir='ltr'><strong>ex</strong></span> <span class='ocrx_word' id='word_1_584' title='bbox 3200 3273 3308 3328; x_wconf 88' lang='lat' dir='ltr'><strong>illis</strong></span> <span class='ocrx_word' id='word_1_585' title='bbox 3347 3272 3633 3343; x_wconf 82' lang='lat' dir='ltr'><strong>attingam,</strong></span> 
     </span>
    </p>
   </div>
   <div class='ocr_carea' id='block_1_78' title="bbox 2057 3364 3641 3435">
    <p class='ocr_par' dir='ltr' id='par_1_78' title="bbox 2057 3364 3641 3435">
     <span class='ocr_line' id='line_1_79' title="bbox 2057 3364 3641 3435; baseline -0.002 -14"><span class='ocrx_word' id='word_1_586' title='bbox 2057 3380 2249 3421; x_wconf 88' lang='lat' dir='ltr'><strong>eorum</strong></span> <span class='ocrx_word' id='word_1_587' title='bbox 2279 3364 2544 3418; x_wconf 77' lang='lat' dir='ltr'><strong>duntaxat</strong></span> <span class='ocrx_word' id='word_1_588' title='bbox 2581 3378 2704 3433; x_wconf 66' lang='lat' dir='ltr'><strong>qua:</strong></span> <span class='ocrx_word' id='word_1_589' title='bbox 2747 3364 2815 3418; x_wconf 89' lang='lat' dir='ltr'><strong>ad</strong></span> <span class='ocrx_word' id='word_1_590' title='bbox 2849 3365 3191 3420; x_wconf 83' lang='lat' dir='ltr'><strong>nativitatem</strong></span> <span class='ocrx_word' id='word_1_591' title='bbox 3239 3364 3536 3435; x_wconf 87' lang='lat' dir='ltr'><strong>pertinent,</strong></span> <span class='ocrx_word' id='word_1_592' title='bbox 3584 3372 3641 3418; x_wconf 86' lang='lat' dir='ltr'><strong>et</strong></span> 
     </span>
    </p>
   </div>
   <div class='ocr_carea' id='block_1_79' title="bbox 2060 3456 3641 3532">
    <p class='ocr_par' dir='ltr' id='par_1_79' title="bbox 2060 3456 3641 3532">
     <span class='ocr_line' id='line_1_80' title="bbox 2060 3456 3641 3532; baseline -0.001 -19"><span class='ocrx_word' id='word_1_593' title='bbox 2060 3460 2436 3532; x_wconf 81' lang='lat' dir='ltr'><strong>prodigiorum</strong></span> <span class='ocrx_word' id='word_1_594' title='bbox 2490 3463 2653 3526; x_wconf 83' lang='lat' dir='ltr'><strong>atque</strong></span> <span class='ocrx_word' id='word_1_595' title='bbox 2688 3458 3078 3514; x_wconf 89' lang='lat' dir='ltr'><strong>miraculorum</strong></span> <span class='ocrx_word' id='word_1_596' title='bbox 3114 3474 3235 3529; x_wconf 69' lang='lat' dir='ltr'><strong>quae</strong></span> <span class='ocrx_word' id='word_1_597' title='bbox 3275 3468 3388 3511; x_wconf 88' lang='lat' dir='ltr'><strong>tum</strong></span> <span class='ocrx_word' id='word_1_598' title='bbox 3427 3456 3641 3512; x_wconf 89' lang='lat' dir='ltr'><strong>accide-</strong></span> 
     </span>
    </p>
   </div>
   <div class='ocr_carea' id='block_1_80' title="bbox 2060 3549 3635 3623">
    <p class='ocr_par' dir='ltr' id='par_1_80' title="bbox 2060 3549 3635 3623">
     <span class='ocr_line' id='line_1_81' title="bbox 2060 3549 3635 3623; baseline -0.002 -18"><span class='ocrx_word' id='word_1_599' title='bbox 2060 3561 2208 3616; x_wconf 89' lang='lat' dir='ltr'><strong>runt,</strong></span> <span class='ocrx_word' id='word_1_600' title='bbox 2246 3568 2488 3619; x_wconf 87' lang='lat' dir='ltr'><strong>memor;</strong></span> <span class='ocrx_word' id='word_1_601' title='bbox 2519 3569 2629 3607; x_wconf 91' lang='lat' dir='ltr'><strong>non</strong></span> <span class='ocrx_word' id='word_1_602' title='bbox 2660 3551 2806 3623; x_wconf 91' lang='lat' dir='ltr'><strong>quod</strong></span> <span class='ocrx_word' id='word_1_603' title='bbox 2844 3551 2944 3605; x_wconf 90' lang='lat' dir='ltr'><strong>ista</strong></span> <span class='ocrx_word' id='word_1_604' title='bbox 2970 3559 3266 3623; x_wconf 68' lang='lat' dir='ltr'><strong>retractare</strong></span> <span class='ocrx_word' id='word_1_605' title='bbox 3291 3549 3476 3613; x_wconf 87' lang='lat' dir='ltr'><strong>velim,</strong></span> <span class='ocrx_word' id='word_1_606' title='bbox 3495 3565 3635 3618; x_wconf 66' lang='lat' dir='ltr'><strong>quae,</strong></span> 
     </span>
    </p>
   </div>
   <div class='ocr_carea' id='block_1_81' title="bbox 2060 3639 3640 3712">
    <p class='ocr_par' dir='ltr' id='par_1_81' title="bbox 2060 3639 3640 3712">
     <span class='ocr_line' id='line_1_82' title="bbox 2060 3639 3640 3712; baseline -0.002 -16"><span class='ocrx_word' id='word_1_607' title='bbox 2060 3652 2121 3696; x_wconf 92' lang='lat' dir='ltr'><strong>ut</strong></span> <span class='ocrx_word' id='word_1_608' title='bbox 2164 3641 2335 3707; x_wconf 88' lang='lat' dir='ltr'><strong>scitis,</strong></span> <span class='ocrx_word' id='word_1_609' title='bbox 2371 3658 2498 3712; x_wconf 88' lang='lat' dir='ltr'><strong>pars</strong></span> <span class='ocrx_word' id='word_1_610' title='bbox 2543 3643 2810 3698; x_wconf 88' lang='lat' dir='ltr'><strong>orationis</strong></span> <span class='ocrx_word' id='word_1_611' title='bbox 2845 3642 2997 3711; x_wconf 88' lang='lat' dir='ltr'><strong>prior</strong></span> <span class='ocrx_word' id='word_1_612' title='bbox 3055 3640 3364 3712; x_wconf 83' lang='lat' dir='ltr'><strong>occupavit,</strong></span> <span class='ocrx_word' id='word_1_613' title='bbox 3415 3639 3509 3695; x_wconf 87' lang='lat' dir='ltr'><strong>sed</strong></span> <span class='ocrx_word' id='word_1_614' title='bbox 3561 3639 3640 3694; x_wconf 86' lang='lat' dir='ltr'><strong>sic</strong></span> 
     </span>
    </p>
   </div>
   <div class='ocr_carea' id='block_1_82' title="bbox 2059 3732 3637 3804">
    <p class='ocr_par' dir='ltr' id='par_1_82' title="bbox 2059 3732 3637 3804">
     <span class='ocr_line' id='line_1_83' title="bbox 2059 3732 3637 3804; baseline -0.003 -14"><span class='ocrx_word' id='word_1_615' title='bbox 2059 3735 2344 3790; x_wconf 89' lang='lat' dir='ltr'><strong>ostendam</strong></span> <span class='ocrx_word' id='word_1_616' title='bbox 2381 3749 2623 3789; x_wconf 88' lang='lat' dir='ltr'><strong>amorem</strong></span> <span class='ocrx_word' id='word_1_617' title='bbox 2645 3775 2659 3800; x_wconf 91' lang='lat'><strong>,</strong></span> <span class='ocrx_word' id='word_1_618' title='bbox 2701 3742 2757 3789; x_wconf 85' lang='lat' dir='ltr'><strong>et</strong></span> <span class='ocrx_word' id='word_1_619' title='bbox 2786 3749 2970 3788; x_wconf 89' lang='lat' dir='ltr'><strong>meum</strong></span> <span class='ocrx_word' id='word_1_620' title='bbox 3005 3733 3073 3788; x_wconf 93' lang='lat' dir='ltr'><strong>de</strong></span> <span class='ocrx_word' id='word_1_621' title='bbox 3112 3733 3217 3788; x_wconf 90' lang='lat' dir='ltr'><strong>hoc</strong></span> <span class='ocrx_word' id='word_1_622' title='bbox 3249 3732 3339 3787; x_wconf 88' lang='lat' dir='ltr'><strong>die</strong></span> <span class='ocrx_word' id='word_1_623' title='bbox 3377 3733 3637 3804; x_wconf 77' lang='lat' dir='ltr'><strong>gaudium</strong></span> 
     </span>
    </p>
   </div>
   <div class='ocr_carea' id='block_1_83' title="bbox 2057 3826 2394 3898">
    <p class='ocr_par' dir='ltr' id='par_1_83' title="bbox 2057 3826 2394 3898">
     <span class='ocr_line' id='line_1_84' title="bbox 2057 3826 2394 3898; baseline -0.006 -16"><span class='ocrx_word' id='word_1_624' title='bbox 2057 3826 2394 3898; x_wconf 82' lang='lat' dir='ltr'><strong>signiﬁcabo.</strong></span> 
     </span>
    </p>
   </div>
   <div class='ocr_carea' id='block_1_84' title="bbox 2129 3913 3636 3989">
    <p class='ocr_par' dir='ltr' id='par_1_84' title="bbox 2129 3913 3636 3989">
     <span class='ocr_line' id='line_1_85' title="bbox 2129 3913 3636 3989; baseline -0.004 -15"><span class='ocrx_word' id='word_1_625' title='bbox 2129 3919 2288 3974; x_wconf 85' lang='lat' dir='ltr'><strong>Nunc</strong></span> <span class='ocrx_word' id='word_1_626' title='bbox 2307 3934 2472 3989; x_wconf 88' lang='lat' dir='ltr'><strong>quam</strong></span> <span class='ocrx_word' id='word_1_627' title='bbox 2485 3917 2772 3972; x_wconf 81' lang='lat' dir='ltr'><strong>verissime</strong></span> <span class='ocrx_word' id='word_1_628' title='bbox 2795 3915 3429 3971; x_wconf 79' lang='lat' dir='ltr'><strong>exbilaranturomnium</strong></span> <span class='ocrx_word' id='word_1_629' title='bbox 3451 3913 3636 3978; x_wconf 90' lang='lat' dir='ltr'><strong>corda,</strong></span> 
     </span>
    </p>
   </div>
   <div class='ocr_carea' id='block_1_85' title="bbox 2061 3993 3642 4080">
    <p class='ocr_par' dir='ltr' id='par_1_85' title="bbox 2061 3993 3642 4080">
     <span class='ocr_line' id='line_1_86' title="bbox 2061 3993 3642 4080; baseline -0.005 -12"><span class='ocrx_word' id='word_1_630' title='bbox 2061 3993 2117 4068; x_wconf 81' lang='lat' dir='ltr'><strong>et</strong></span> <span class='ocrx_word' id='word_1_631' title='bbox 2168 4012 2394 4080; x_wconf 81' lang='lat' dir='ltr'><strong>Joannis</strong></span> <span class='ocrx_word' id='word_1_632' title='bbox 2430 4011 2711 4066; x_wconf 85' lang='lat' dir='ltr'><strong>natalibus</strong></span> <span class='ocrx_word' id='word_1_633' title='bbox 2759 4009 3131 4080; x_wconf 83' lang='lat' dir='ltr'><strong>gratulantur;</strong></span> <span class='ocrx_word' id='word_1_634' title='bbox 3178 4024 3325 4063; x_wconf 88' lang='lat' dir='ltr'><strong>nunc</strong></span> <span class='ocrx_word' id='word_1_635' title='bbox 3380 4008 3642 4062; x_wconf 83' lang='lat' dir='ltr'><strong>uniuscu-</strong></span> 
     </span>
    </p>
   </div>
   <div class='ocr_carea' id='block_1_86' title="bbox 2057 4099 3639 4173">
    <p class='ocr_par' dir='ltr' id='par_1_86' title="bbox 2057 4099 3639 4173">
     <span class='ocr_line' id='line_1_87' title="bbox 2057 4099 3639 4173; baseline -0.002 -18"><span class='ocrx_word' id='word_1_636' title='bbox 2057 4103 2258 4173; x_wconf 87' lang='lat' dir='ltr'><strong>jusque</strong></span> <span class='ocrx_word' id='word_1_637' title='bbox 2313 4103 2496 4156; x_wconf 91' lang='lat' dir='ltr'><strong>sinum</strong></span> <span class='ocrx_word' id='word_1_638' title='bbox 2540 4101 2791 4156; x_wconf 88' lang='lat' dir='ltr'><strong>hilaritas</strong></span> <span class='ocrx_word' id='word_1_639' title='bbox 2840 4107 2896 4155; x_wconf 85' lang='lat' dir='ltr'><strong>et</strong></span> <span class='ocrx_word' id='word_1_640' title='bbox 2959 4099 3217 4171; x_wconf 78' lang='lat' dir='ltr'><strong>gaudium</strong></span> <span class='ocrx_word' id='word_1_641' title='bbox 3271 4099 3639 4154; x_wconf 84' lang='lat' dir='ltr'><strong>inenarrabile</strong></span> 
     </span>
    </p>
   </div>
   <div class='ocr_carea' id='block_1_87' title="bbox 2061 4190 3641 4262">
    <p class='ocr_par' dir='ltr' id='par_1_87' title="bbox 2061 4190 3641 4262">
     <span class='ocr_line' id='line_1_88' title="bbox 2061 4190 3641 4262; baseline -0.003 -14"><span class='ocrx_word' id='word_1_642' title='bbox 2061 4192 2358 4262; x_wconf 84' lang='lat' dir='ltr'><strong>complevit</strong></span> <span class='ocrx_word' id='word_1_643' title='bbox 2395 4209 2408 4244; x_wconf 91' lang='lat'>:</span> <span class='ocrx_word' id='word_1_644' title='bbox 2453 4207 2601 4246; x_wconf 90' lang='lat' dir='ltr'><strong>nunc</strong></span> <span class='ocrx_word' id='word_1_645' title='bbox 2629 4191 2856 4261; x_wconf 65' lang='lat' dir='ltr'><strong>singulae</strong></span> <span class='ocrx_word' id='word_1_646' title='bbox 2877 4199 3088 4245; x_wconf 72' lang='lat' dir='ltr'><strong>natura:</strong></span> <span class='ocrx_word' id='word_1_647' title='bbox 3117 4190 3454 4259; x_wconf 89' lang='lat' dir='ltr'><strong>spirituales,</strong></span> <span class='ocrx_word' id='word_1_648' title='bbox 3479 4198 3641 4260; x_wconf 81' lang='lat' dir='ltr'><strong>quot-</strong></span> 
     </span>
    </p>
   </div>
   <div class='ocr_carea' id='block_1_88' title="bbox 2062 4280 3638 4353">
    <p class='ocr_par' dir='ltr' id='par_1_88' title="bbox 2062 4280 3638 4353">
     <span class='ocr_line' id='line_1_89' title="bbox 2062 4280 3638 4353; baseline -0.001 -17"><span class='ocrx_word' id='word_1_649' title='bbox 2062 4291 2198 4352; x_wconf 92' lang='lat' dir='ltr'><strong>quot</strong></span> <span class='ocrx_word' id='word_1_650' title='bbox 2219 4283 2498 4338; x_wconf 73' lang='lat' dir='ltr'><strong>caelestem</strong></span> <span class='ocrx_word' id='word_1_651' title='bbox 2530 4283 2809 4353; x_wconf 74' lang='lat' dir='ltr'><strong>regionem</strong></span> <span class='ocrx_word' id='word_1_652' title='bbox 2841 4281 3109 4348; x_wconf 87' lang='lat' dir='ltr'><strong>incolunt,</strong></span> <span class='ocrx_word' id='word_1_653' title='bbox 3146 4291 3201 4336; x_wconf 91' lang='lat' dir='ltr'><strong>et</strong></span> <span class='ocrx_word' id='word_1_654' title='bbox 3226 4289 3496 4352; x_wconf 83' lang='lat' dir='ltr'><strong>quotquot</strong></span> <span class='ocrx_word' id='word_1_655' title='bbox 3524 4280 3638 4335; x_wconf 88' lang='lat' dir='ltr'><strong>sive</strong></span> 
     </span>
    </p>
   </div>
   <div class='ocr_carea' id='block_1_89' title="bbox 2065 4371 3635 4441">
    <p class='ocr_par' dir='ltr' id='par_1_89' title="bbox 2065 4371 3635 4441">
     <span class='ocr_line' id='line_1_90' title="bbox 2065 4371 3635 4441; baseline -0.003 -13"><span class='ocrx_word' id='word_1_656' title='bbox 2065 4381 2259 4437; x_wconf 88' lang='lat' dir='ltr'><strong>terras,</strong></span> <span class='ocrx_word' id='word_1_657' title='bbox 2318 4375 2432 4429; x_wconf 90' lang='lat' dir='ltr'><strong>sive</strong></span> <span class='ocrx_word' id='word_1_658' title='bbox 2484 4371 2690 4428; x_wconf 84' lang='lat' dir='ltr'><strong>inferos</strong></span> <span class='ocrx_word' id='word_1_659' title='bbox 2729 4372 3072 4436; x_wconf 87' lang='lat' dir='ltr'><strong>inhabitant,</strong></span> <span class='ocrx_word' id='word_1_660' title='bbox 3105 4381 3331 4441; x_wconf 85' lang='lat' dir='ltr'><strong>propter</strong></span> <span class='ocrx_word' id='word_1_661' title='bbox 3383 4371 3635 4436; x_wconf 85' lang='lat' dir='ltr'><strong>salutem,</strong></span> 
     </span>
    </p>
   </div>
   <div class='ocr_carea' id='block_1_90' title="bbox 379 4463 1956 4547">
    <p class='ocr_par' dir='ltr' id='par_1_90' title="bbox 379 4475 1956 4547">
     <span class='ocr_line' id='line_1_91' title="bbox 379 4475 1956 4547; baseline 0.002 -22"><span class='ocrx_word' id='word_1_662' title='bbox 379 4491 502 4528; x_wconf 79' lang='lat' dir='ltr'><strong>cw&#39;</strong></span> <span class='ocrx_word' id='word_1_663' title='bbox 542 4475 666 4545; x_wconf 79' lang='grc' dir='ltr'>ἄρτι</span> <span class='ocrx_word' id='word_1_664' title='bbox 701 4475 764 4528; x_wconf 73' lang='grc' dir='ltr'><strong>τὸ</strong></span> <span class='ocrx_word' id='word_1_665' title='bbox 803 4477 896 4530; x_wconf 80' lang='grc' dir='ltr'><strong>ἀπ’</strong></span> <span class='ocrx_word' id='word_1_666' title='bbox 925 4478 1119 4540; x_wconf 74' lang='grc' dir='ltr'>αἰῶνος</span> <span class='ocrx_word' id='word_1_667' title='bbox 1157 4476 1514 4547; x_wconf 81' lang='grc' dir='ltr'>σεσιγημένον</span> <span class='ocrx_word' id='word_1_668' title='bbox 1554 4477 1846 4547; x_wconf 81' lang='grc' dir='ltr'>μυστήριον</span> <span class='ocrx_word' id='word_1_669' title='bbox 1873 4478 1956 4528; x_wconf 76' lang='grc' dir='ltr'><strong>ἐκ·</strong></span> 
     </span>
    </p>
   </div>
   <div class='ocr_carea' id='block_1_91' title="bbox 2059 4463 3635 4547">
    <p class='ocr_par' dir='ltr' id='par_1_91' title="bbox 2065 4463 3635 4532">
     <span class='ocr_line' id='line_1_92' title="bbox 2065 4463 3635 4532; baseline 0 -16"><span class='ocrx_word' id='word_1_670' title='bbox 2065 4479 2186 4532; x_wconf 69' lang='lat' dir='ltr'><strong>qua:</strong></span> <span class='ocrx_word' id='word_1_671' title='bbox 2225 4463 2352 4519; x_wconf 88' lang='lat' dir='ltr'><strong>inde</strong></span> <span class='ocrx_word' id='word_1_672' title='bbox 2404 4463 2459 4518; x_wconf 90' lang='lat' dir='ltr'><strong>in</strong></span> <span class='ocrx_word' id='word_1_673' title='bbox 2495 4477 2686 4517; x_wconf 90' lang='lat' dir='ltr'><strong>omnes</strong></span> <span class='ocrx_word' id='word_1_674' title='bbox 2739 4463 2903 4516; x_wconf 82' lang='lat' dir='ltr'><strong>debet</strong></span> <span class='ocrx_word' id='word_1_675' title='bbox 2951 4463 3283 4526; x_wconf 88' lang='lat' dir='ltr'><strong>redundare,</strong></span> <span class='ocrx_word' id='word_1_676' title='bbox 3320 4463 3572 4516; x_wconf 66' lang='lat' dir='ltr'><strong>laetantur</strong></span> <span class='ocrx_word' id='word_1_677' title='bbox 3621 4478 3635 4516; x_wconf 89' lang='lat'><strong>:</strong></span> 
     </span>
    </p>
   </div>
   <div class='ocr_carea' id='block_1_92' title="bbox 377 4563 1958 4639">
    <p class='ocr_par' dir='ltr' id='par_1_92' title="bbox 377 4563 1958 4639">
     <span class='ocr_line' id='line_1_93' title="bbox 377 4563 1958 4639; baseline 0.003 -23"><span class='ocrx_word' id='word_1_678' title='bbox 377 4563 714 4618; x_wconf 81' lang='grc' dir='ltr'>καλύπτεται</span> <span class='ocrx_word' id='word_1_679' title='bbox 743 4583 756 4597; x_wconf 91' lang='grc'><strong>·</strong></span> <span class='ocrx_word' id='word_1_680' title='bbox 803 4567 929 4638; x_wconf 80' lang='grc' dir='ltr'>ἄρτι</span> <span class='ocrx_word' id='word_1_681' title='bbox 968 4570 997 4621; x_wconf 82' lang='grc' dir='ltr'><strong>ὁ</strong></span> <span class='ocrx_word' id='word_1_682' title='bbox 1049 4568 1341 4639; x_wconf 70' lang='grc' dir='ltr'>μονογενὴς</span> <span class='ocrx_word' id='word_1_683' title='bbox 1383 4568 1478 4621; x_wconf 78' lang='grc' dir='ltr'><strong>τοῦ</strong></span> <span class='ocrx_word' id='word_1_684' title='bbox 1515 4567 1650 4621; x_wconf 83' lang='grc' dir='ltr'><strong>Θεοῦ</strong></span> <span class='ocrx_word' id='word_1_685' title='bbox 1684 4567 1831 4634; x_wconf 73' lang='grc' dir='ltr'>Υἱὸς,</span> <span class='ocrx_word' id='word_1_686' title='bbox 1865 4567 1958 4620; x_wconf 75' lang='grc' dir='ltr'>καὶ</span> 
     </span>
    </p>
   </div>
   <div class='ocr_carea' id='block_1_93' title="bbox 376 4658 1442 4733">
    <p class='ocr_par' dir='ltr' id='par_1_93' title="bbox 376 4658 1442 4733">
     <span class='ocr_line' id='line_1_94' title="bbox 376 4658 1442 4733; baseline 0.004 -22"><span class='ocrx_word' id='word_1_687' title='bbox 376 4658 507 4721; x_wconf 70' lang='grc' dir='ltr'><strong>Υἱὸς</strong></span> <span class='ocrx_word' id='word_1_688' title='bbox 540 4660 830 4731; x_wconf 80' lang='grc' dir='ltr'>ἀνθρώπου</span> <span class='ocrx_word' id='word_1_689' title='bbox 860 4660 1068 4730; x_wconf 85' lang='grc' dir='ltr'>γίνεται</span> <span class='ocrx_word' id='word_1_690' title='bbox 1094 4663 1442 4733; x_wconf 75' lang='grc' dir='ltr'>ἁπορῤήτως.</span> 
     </span>
    </p>
   </div>
   <div class='ocr_carea' id='block_1_94' title="bbox 453 4815 1959 4887">
    <p class='ocr_par' dir='ltr' id='par_1_94' title="bbox 453 4815 1959 4887">
     <span class='ocr_line' id='line_1_95' title="bbox 453 4815 1959 4887; baseline 0.003 -20"><span class='ocrx_word' id='word_1_691' title='bbox 453 4817 613 4884; x_wconf 81' lang='grc' dir='ltr'>Ἀρτι</span> <span class='ocrx_word' id='word_1_692' title='bbox 639 4817 859 4884; x_wconf 82' lang='grc' dir='ltr'>ἄγγελοι</span> <span class='ocrx_word' id='word_1_693' title='bbox 888 4819 1000 4880; x_wconf 87' lang='grc' dir='ltr'>τοῖς</span> <span class='ocrx_word' id='word_1_694' title='bbox 1021 4815 1328 4887; x_wconf 83' lang='grc' dir='ltr'>ἀνθρώποις</span> <span class='ocrx_word' id='word_1_695' title='bbox 1360 4817 1737 4883; x_wconf 83' lang='grc' dir='ltr'>συνάπτονται,</span> <span class='ocrx_word' id='word_1_696' title='bbox 1771 4819 1864 4871; x_wconf 73' lang='grc' dir='ltr'>καὶ</span> <span class='ocrx_word' id='word_1_697' title='bbox 1889 4817 1959 4871; x_wconf 86' lang='grc' dir='ltr'><strong>τὰ</strong></span> 
     </span>
    </p>
   </div>
   <div class='ocr_carea' id='block_1_95' title="bbox 376 4908 1958 4980">
    <p class='ocr_par' dir='ltr' id='par_1_95' title="bbox 376 4908 1958 4980">
     <span class='ocr_line' id='line_1_96' title="bbox 376 4908 1958 4980; baseline 0.004 -23"><span class='ocrx_word' id='word_1_698' title='bbox 376 4909 508 4978; x_wconf 75' lang='grc' dir='ltr'>πρὶν</span> <span class='ocrx_word' id='word_1_699' title='bbox 531 4908 792 4960; x_wconf 78' lang='grc' dir='ltr'>διεστῶτα</span> <span class='ocrx_word' id='word_1_700' title='bbox 824 4911 903 4972; x_wconf 76' lang='grc' dir='ltr'>εἰς</span> <span class='ocrx_word' id='word_1_701' title='bbox 950 4908 1008 4960; x_wconf 84' lang='grc' dir='ltr'>ἓν</span> <span class='ocrx_word' id='word_1_702' title='bbox 1048 4909 1491 4978; x_wconf 82' lang='grc' dir='ltr'>συνεισέρχεται·</span> <span class='ocrx_word' id='word_1_703' title='bbox 1531 4911 1706 4963; x_wconf 80' lang='grc' dir='ltr'>πάντα</span> <span class='ocrx_word' id='word_1_704' title='bbox 1738 4909 1846 4980; x_wconf 83' lang='grc' dir='ltr'><strong>γὰρ</strong></span> <span class='ocrx_word' id='word_1_705' title='bbox 1888 4909 1958 4964; x_wconf 82' lang='grc' dir='ltr'>τὰ</span> 
     </span>
    </p>
   </div>
   <div class='ocr_carea' id='block_1_96' title="bbox 375 5000 1957 5073">
    <p class='ocr_par' dir='ltr' id='par_1_96' title="bbox 375 5000 1957 5073">
     <span class='ocr_line' id='line_1_97' title="bbox 375 5000 1957 5073; baseline 0.001 -20"><span class='ocrx_word' id='word_1_706' title='bbox 375 5000 614 5070; x_wconf 77' lang='grc' dir='ltr'>κρείττω</span> <span class='ocrx_word' id='word_1_707' title='bbox 654 5003 720 5073; x_wconf 80' lang='grc' dir='ltr'>τῇ</span> <span class='ocrx_word' id='word_1_708' title='bbox 756 5001 852 5053; x_wconf 76' lang='grc' dir='ltr'>τοῦ</span> <span class='ocrx_word' id='word_1_709' title='bbox 883 5002 1200 5072; x_wconf 83' lang='grc' dir='ltr'>Προδρὸμου</span> <span class='ocrx_word' id='word_1_710' title='bbox 1246 5001 1526 5073; x_wconf 79' lang='grc' dir='ltr'>συντρέχει</span> <span class='ocrx_word' id='word_1_711' title='bbox 1564 5004 1832 5072; x_wconf 79' lang='grc' dir='ltr'>γεννήσει,</span> <span class='ocrx_word' id='word_1_712' title='bbox 1865 5003 1957 5055; x_wconf 74' lang='grc' dir='ltr'>καὶ</span> 
     </span>
    </p>
   </div>
   <div class='ocr_carea' id='block_1_97' title="bbox 377 5091 1958 5165">
    <p class='ocr_par' dir='ltr' id='par_1_97' title="bbox 377 5091 1958 5165">
     <span class='ocr_line' id='line_1_98' title="bbox 377 5091 1958 5165; baseline 0.003 -21"><span class='ocrx_word' id='word_1_713' title='bbox 377 5091 548 5144; x_wconf 78' lang='grc' dir='ltr'>αὐτοῦ</span> <span class='ocrx_word' id='word_1_714' title='bbox 601 5095 669 5164; x_wconf 78' lang='grc' dir='ltr'><strong>τῇ</strong></span> <span class='ocrx_word' id='word_1_715' title='bbox 714 5093 957 5164; x_wconf 82' lang='grc' dir='ltr'>προσόδῳ</span> <span class='ocrx_word' id='word_1_716' title='bbox 1009 5095 1118 5147; x_wconf 85' lang='grc' dir='ltr'><strong>πᾶν</strong></span> <span class='ocrx_word' id='word_1_717' title='bbox 1155 5093 1207 5145; x_wconf 82' lang='grc' dir='ltr'><strong>εί</strong></span> <span class='ocrx_word' id='word_1_718' title='bbox 1242 5111 1295 5146; x_wconf 90' lang='grc' dir='ltr'>τι</span> <span class='ocrx_word' id='word_1_719' title='bbox 1336 5093 1641 5159; x_wconf 86' lang='grc' dir='ltr'>κάλλιστον,</span> <span class='ocrx_word' id='word_1_720' title='bbox 1677 5095 1779 5164; x_wconf 70' lang='grc' dir='ltr'>ἤδη</span> <span class='ocrx_word' id='word_1_721' title='bbox 1820 5112 1958 5165; x_wconf 86' lang='grc' dir='ltr'>συμ-</span> 
     </span>
    </p>
   </div>
   <div class='ocr_carea' id='block_1_98' title="bbox 377 5183 1956 5256">
    <p class='ocr_par' dir='ltr' id='par_1_98' title="bbox 377 5183 1956 5256">
     <span class='ocr_line' id='line_1_99' title="bbox 377 5183 1956 5256; baseline 0.004 -22"><span class='ocrx_word' id='word_1_722' title='bbox 377 5183 658 5252; x_wconf 78' lang='grc' dir='ltr'>πρόεισιν·</span> <span class='ocrx_word' id='word_1_723' title='bbox 709 5186 934 5248; x_wconf 73' lang='grc' dir='ltr'>εἰκότως</span> <span class='ocrx_word' id='word_1_724' title='bbox 979 5185 1108 5256; x_wconf 83' lang='grc' dir='ltr'>ἄρα,</span> <span class='ocrx_word' id='word_1_725' title='bbox 1159 5187 1253 5240; x_wconf 73' lang='grc' dir='ltr'>καὶ</span> <span class='ocrx_word' id='word_1_726' title='bbox 1299 5185 1368 5238; x_wconf 79' lang='grc' dir='ltr'>τὰ</span> <span class='ocrx_word' id='word_1_727' title='bbox 1413 5187 1532 5240; x_wconf 83' lang='grc' dir='ltr'>κατ’</span> <span class='ocrx_word' id='word_1_728' title='bbox 1571 5186 1733 5240; x_wconf 84' lang='grc' dir='ltr'>αὑτὸν</span> <span class='ocrx_word' id='word_1_729' title='bbox 1779 5189 1956 5241; x_wconf 88' lang='grc' dir='ltr'>πάντα</span> 
     </span>
    </p>
   </div>
   <div class='ocr_carea' id='block_1_99' title="bbox 374 5273 1952 5350">
    <p class='ocr_par' dir='ltr' id='par_1_99' title="bbox 374 5273 1952 5350">
     <span class='ocr_line' id='line_1_100' title="bbox 374 5273 1952 5350; baseline 0.004 -24"><span class='ocrx_word' id='word_1_730' title='bbox 374 5273 570 5338; x_wconf 75' lang='grc' dir='ltr'>καινὰ,</span> <span class='ocrx_word' id='word_1_731' title='bbox 600 5277 691 5329; x_wconf 70' lang='grc' dir='ltr'>καὶ</span> <span class='ocrx_word' id='word_1_732' title='bbox 721 5276 981 5347; x_wconf 80' lang='grc' dir='ltr'>σύλληψις</span> <span class='ocrx_word' id='word_1_733' title='bbox 1009 5277 1148 5346; x_wconf 77' lang='grc' dir='ltr'>ἅμα,</span> <span class='ocrx_word' id='word_1_734' title='bbox 1181 5277 1275 5331; x_wconf 85' lang='grc' dir='ltr'>καὶ</span> <span class='ocrx_word' id='word_1_735' title='bbox 1304 5277 1576 5348; x_wconf 80' lang='grc' dir='ltr'>γέννησις,</span> <span class='ocrx_word' id='word_1_736' title='bbox 1617 5280 1709 5331; x_wconf 66' lang='grc' dir='ltr'>καὶ</span> <span class='ocrx_word' id='word_1_737' title='bbox 1741 5279 1952 5350; x_wconf 84' lang='grc' dir='ltr'>ἀγωγὴ,</span> 
     </span>
    </p>
   </div>
   <div class='ocr_carea' id='block_1_100' title="bbox 373 5364 1956 5441">
    <p class='ocr_par' dir='ltr' id='par_1_100' title="bbox 373 5364 1956 5441">
     <span class='ocr_line' id='line_1_101' title="bbox 373 5364 1956 5441; baseline 0.004 -25"><span class='ocrx_word' id='word_1_738' title='bbox 373 5366 474 5417; x_wconf 75' lang='grc' dir='ltr'>καὶ</span> <span class='ocrx_word' id='word_1_739' title='bbox 505 5364 638 5434; x_wconf 76' lang='grc' dir='ltr'>βίος,</span> <span class='ocrx_word' id='word_1_740' title='bbox 664 5369 756 5421; x_wconf 80' lang='grc' dir='ltr'>καὶ</span> <span class='ocrx_word' id='word_1_741' title='bbox 775 5369 875 5421; x_wconf 84' lang='grc' dir='ltr'>ὅσα</span> <span class='ocrx_word' id='word_1_742' title='bbox 905 5369 1038 5423; x_wconf 78' lang='grc' dir='ltr'>ἄλλα</span> <span class='ocrx_word' id='word_1_743' title='bbox 1071 5370 1162 5422; x_wconf 76' lang='grc' dir='ltr'>ἐπὶ</span> <span class='ocrx_word' id='word_1_744' title='bbox 1190 5369 1364 5439; x_wconf 78' lang='grc' dir='ltr'>τούτῳ</span> <span class='ocrx_word' id='word_1_745' title='bbox 1394 5368 1712 5441; x_wconf 78' lang='grc' dir='ltr'>παραδόξως</span> <span class='ocrx_word' id='word_1_746' title='bbox 1739 5386 1956 5423; x_wconf 88' lang='grc' dir='ltr'>συνετε-</span> 
     </span>
    </p>
   </div>
   <div class='ocr_carea' id='block_1_101' title="bbox 369 5455 565 5526">
    <p class='ocr_par' dir='ltr' id='par_1_101' title="bbox 369 5455 565 5526">
     <span class='ocr_line' id='line_1_102' title="bbox 369 5455 565 5526; baseline 0.01 -20"><span class='ocrx_word' id='word_1_747' title='bbox 369 5455 565 5526; x_wconf 78' lang='grc' dir='ltr'>λέσθη.</span> 
     </span>
    </p>
   </div>
   <div class='ocr_carea' id='block_1_102' title="bbox 446 5547 1958 5624">
    <p class='ocr_par' dir='ltr' id='par_1_102' title="bbox 446 5547 1958 5624">
     <span class='ocr_line' id='line_1_103' title="bbox 446 5547 1958 5624; baseline 0.005 -24"><span class='ocrx_word' id='word_1_748' title='bbox 446 5547 658 5601; x_wconf 74' lang='grc' dir='ltr'>Οὐκοῦν</span> <span class='ocrx_word' id='word_1_749' title='bbox 703 5549 890 5619; x_wconf 66' lang='grc' dir='ltr'>μηδεὶς</span> <span class='ocrx_word' id='word_1_750' title='bbox 930 5549 1180 5619; x_wconf 80' lang='grc' dir='ltr'>στυγνὸς,</span> <span class='ocrx_word' id='word_1_751' title='bbox 1215 5549 1401 5621; x_wconf 73' lang='grc' dir='ltr'>μηδεὶς</span> <span class='ocrx_word' id='word_1_752' title='bbox 1453 5550 1724 5624; x_wconf 78' lang='grc' dir='ltr'>κατηφὴς,</span> <span class='ocrx_word' id='word_1_753' title='bbox 1769 5552 1958 5624; x_wconf 71' lang='grc' dir='ltr'>μηδεὶς</span> 
     </span>
    </p>
   </div>
   <div class='ocr_carea' id='block_1_103' title="bbox 367 5638 1954 5715">
    <p class='ocr_par' dir='ltr' id='par_1_103' title="bbox 367 5638 1954 5715">
     <span class='ocr_line' id='line_1_104' title="bbox 367 5638 1954 5715; baseline 0.006 -25"><span class='ocrx_word' id='word_1_754' title='bbox 367 5638 522 5707; x_wconf 72' lang='grc' dir='ltr'>λύπη</span> <span class='ocrx_word' id='word_1_755' title='bbox 575 5640 856 5705; x_wconf 76' lang='grc' dir='ltr'>κατωπδς,</span> <span class='ocrx_word' id='word_1_756' title='bbox 895 5641 986 5696; x_wconf 80' lang='grc' dir='ltr'>τοῦ</span> <span class='ocrx_word' id='word_1_757' title='bbox 1034 5643 1302 5714; x_wconf 85' lang='grc' dir='ltr'>παρόντος</span> <span class='ocrx_word' id='word_1_758' title='bbox 1359 5645 1634 5715; x_wconf 83' lang='grc' dir='ltr'>μετεχέτω</span> <span class='ocrx_word' id='word_1_759' title='bbox 1673 5645 1954 5714; x_wconf 86' lang='grc' dir='ltr'>συλλόγου.</span> 
     </span>
    </p>
   </div>
   <div class='ocr_carea' id='block_1_104' title="bbox 381 5729 1955 5808">
    <p class='ocr_par' dir='ltr' id='par_1_104' title="bbox 381 5729 1955 5808">
     <span class='ocr_line' id='line_1_105' title="bbox 381 5729 1955 5808; baseline 0.008 -26"><span class='ocrx_word' id='word_1_760' title='bbox 381 5729 549 5784; x_wconf 70' lang='grc' dir='ltr'>Ἀλλὰ</span> <span class='ocrx_word' id='word_1_761' title='bbox 596 5734 692 5787; x_wconf 76' lang='grc' dir='ltr'>καὶ</span> <span class='ocrx_word' id='word_1_762' title='bbox 739 5733 915 5806; x_wconf 76' lang='grc' dir='ltr'>ψυχῆς</span> <span class='ocrx_word' id='word_1_763' title='bbox 971 5735 1129 5791; x_wconf 75' lang='grc' dir='ltr'>ἀνίαν</span> <span class='ocrx_word' id='word_1_764' title='bbox 1179 5736 1277 5792; x_wconf 72' lang='grc' dir='ltr'>καὶ</span> <span class='ocrx_word' id='word_1_765' title='bbox 1325 5735 1572 5808; x_wconf 78' lang='grc' dir='ltr'>σώματος</span> <span class='ocrx_word' id='word_1_766' title='bbox 1625 5737 1955 5804; x_wconf 81' lang='grc' dir='ltr'>άποτιναξά-</span> 
     </span>
    </p>
   </div>
   <div class='ocr_carea' id='block_1_105' title="bbox 2064 4553 3636 4624">
    <p class='ocr_par' dir='ltr' id='par_1_105' title="bbox 2064 4553 3636 4624">
     <span class='ocr_line' id='line_1_106' title="bbox 2064 4553 3636 4624; baseline -0.001 -17"><span class='ocrx_word' id='word_1_767' title='bbox 2064 4568 2210 4608; x_wconf 85' lang='lat' dir='ltr'><strong>nunc</strong></span> <span class='ocrx_word' id='word_1_768' title='bbox 2235 4554 2616 4609; x_wconf 89' lang='lat' dir='ltr'><strong>absconditum</strong></span> <span class='ocrx_word' id='word_1_769' title='bbox 2661 4567 2692 4606; x_wconf 83' lang='lat' dir='ltr'><strong>a</strong></span> <span class='ocrx_word' id='word_1_770' title='bbox 2736 4553 2936 4608; x_wconf 72' lang='lat' dir='ltr'><strong>saeculo</strong></span> <span class='ocrx_word' id='word_1_771' title='bbox 2979 4553 3298 4624; x_wconf 85' lang='lat' dir='ltr'><strong>mysterium</strong></span> <span class='ocrx_word' id='word_1_772' title='bbox 3331 4553 3636 4618; x_wconf 85' lang='lat' dir='ltr'><strong>revelatur;</strong></span> 
     </span>
    </p>
   </div>
   <div class='ocr_carea' id='block_1_106' title="bbox 2065 4643 3640 4715">
    <p class='ocr_par' dir='ltr' id='par_1_106' title="bbox 2065 4643 3640 4715">
     <span class='ocr_line' id='line_1_107' title="bbox 2065 4643 3640 4715; baseline 0.001 -16"><span class='ocrx_word' id='word_1_773' title='bbox 2065 4660 2212 4700; x_wconf 89' lang='lat' dir='ltr'><strong>nunc</strong></span> <span class='ocrx_word' id='word_1_774' title='bbox 2238 4646 2558 4715; x_wconf 81' lang='lat' dir='ltr'><strong>unigenitus</strong></span> <span class='ocrx_word' id='word_1_775' title='bbox 2583 4645 2681 4700; x_wconf 90' lang='lat' dir='ltr'><strong>Dei</strong></span> <span class='ocrx_word' id='word_1_776' title='bbox 2722 4644 2892 4700; x_wconf 85' lang='lat' dir='ltr'><strong>Filius</strong></span> <span class='ocrx_word' id='word_1_777' title='bbox 2941 4644 2998 4699; x_wconf 84' lang='lat' dir='ltr'><strong>ﬁt</strong></span> <span class='ocrx_word' id='word_1_778' title='bbox 3036 4644 3300 4700; x_wconf 85' lang='lat' dir='ltr'><strong>inellabili</strong></span> <span class='ocrx_word' id='word_1_779' title='bbox 3347 4643 3508 4700; x_wconf 91' lang='lat' dir='ltr'><strong>modo</strong></span> <span class='ocrx_word' id='word_1_780' title='bbox 3552 4645 3640 4700; x_wconf 81' lang='lat' dir='ltr'><strong>Fi-</strong></span> 
     </span>
    </p>
   </div>
   <div class='ocr_carea' id='block_1_107' title="bbox 2063 4738 2461 4815">
    <p class='ocr_par' dir='ltr' id='par_1_107' title="bbox 2063 4738 2461 4815">
     <span class='ocr_line' id='line_1_108' title="bbox 2063 4738 2461 4815; baseline 0 -21"><span class='ocrx_word' id='word_1_781' title='bbox 2063 4738 2461 4815; x_wconf 26' lang='lat' dir='ltr'><strong>lius-hominis.</strong></span> 
     </span>
    </p>
   </div>
   <div class='ocr_carea' id='block_1_108' title="bbox 2133 4831 3637 4903">
    <p class='ocr_par' dir='ltr' id='par_1_108' title="bbox 2133 4831 3637 4903">
     <span class='ocr_line' id='line_1_109' title="bbox 2133 4831 3637 4903; baseline 0 -16"><span class='ocrx_word' id='word_1_782' title='bbox 2133 4832 2252 4887; x_wconf 85' lang='lat' dir='ltr'><strong>Jam</strong></span> <span class='ocrx_word' id='word_1_783' title='bbox 2294 4831 2472 4902; x_wconf 82' lang='lat' dir='ltr'><strong>angeli</strong></span> <span class='ocrx_word' id='word_1_784' title='bbox 2506 4848 2630 4888; x_wconf 90' lang='lat' dir='ltr'><strong>cum</strong></span> <span class='ocrx_word' id='word_1_785' title='bbox 2661 4831 2980 4887; x_wconf 84' lang='lat' dir='ltr'><strong>hominibus</strong></span> <span class='ocrx_word' id='word_1_786' title='bbox 3011 4833 3452 4903; x_wconf 81' lang='lat' dir='ltr'><strong>conjunguntur,</strong></span> <span class='ocrx_word' id='word_1_787' title='bbox 3491 4841 3546 4887; x_wconf 84' lang='lat' dir='ltr'><strong>et</strong></span> <span class='ocrx_word' id='word_1_788' title='bbox 3581 4832 3637 4888; x_wconf 87' lang='lat' dir='ltr'><strong>in</strong></span> 
     </span>
    </p>
   </div>
   <div class='ocr_carea' id='block_1_109' title="bbox 2064 4921 3638 4993">
    <p class='ocr_par' dir='ltr' id='par_1_109' title="bbox 2064 4921 3638 4993">
     <span class='ocr_line' id='line_1_110' title="bbox 2064 4921 3638 4993; baseline 0.003 -20"><span class='ocrx_word' id='word_1_789' title='bbox 2064 4935 2234 4974; x_wconf 89' lang='lat' dir='ltr'><strong>unum</strong></span> <span class='ocrx_word' id='word_1_790' title='bbox 2255 4921 2612 4987; x_wconf 85' lang='lat' dir='ltr'><strong>conveniunt,</strong></span> <span class='ocrx_word' id='word_1_791' title='bbox 2634 4938 2755 4990; x_wconf 85' lang='lat' dir='ltr'><strong>quae</strong></span> <span class='ocrx_word' id='word_1_792' title='bbox 2787 4921 2940 4991; x_wconf 90' lang='lat' dir='ltr'><strong>prius</strong></span> <span class='ocrx_word' id='word_1_793' title='bbox 2959 4932 3118 4976; x_wconf 88' lang='lat' dir='ltr'><strong>erant</strong></span> <span class='ocrx_word' id='word_1_794' title='bbox 3135 4922 3476 4977; x_wconf 81' lang='lat' dir='ltr'><strong>dissitaznam</strong></span> <span class='ocrx_word' id='word_1_795' title='bbox 3497 4923 3638 4993; x_wconf 88' lang='lat' dir='ltr'><strong>opti-</strong></span> 
     </span>
    </p>
   </div>
   <div class='ocr_carea' id='block_1_110' title="bbox 2063 5013 3628 5082">
    <p class='ocr_par' dir='ltr' id='par_1_110' title="bbox 2063 5013 3628 5082">
     <span class='ocr_line' id='line_1_111' title="bbox 2063 5013 3628 5082; baseline 0.004 -17"><span class='ocrx_word' id='word_1_796' title='bbox 2063 5027 2150 5066; x_wconf 91' lang='lat' dir='ltr'><strong>ma</strong></span> <span class='ocrx_word' id='word_1_797' title='bbox 2179 5027 2410 5082; x_wconf 81' lang='lat' dir='ltr'><strong>quaeque</strong></span> <span class='ocrx_word' id='word_1_798' title='bbox 2439 5028 2564 5067; x_wconf 90' lang='lat' dir='ltr'><strong>cum</strong></span> <span class='ocrx_word' id='word_1_799' title='bbox 2589 5013 2948 5068; x_wconf 65' lang='lat' dir='ltr'><strong>Prmcumoris</strong></span> <span class='ocrx_word' id='word_1_800' title='bbox 2974 5013 3248 5069; x_wconf 88' lang='lat' dir='ltr'><strong>natalibus</strong></span> <span class='ocrx_word' id='word_1_801' title='bbox 3269 5024 3628 5081; x_wconf 89' lang='lat' dir='ltr'><strong>concurrunt,</strong></span> 
     </span>
    </p>
   </div>
   <div class='ocr_carea' id='block_1_111' title="bbox 2061 5102 3636 5176">
    <p class='ocr_par' dir='ltr' id='par_1_111' title="bbox 2061 5102 3636 5176">
     <span class='ocr_line' id='line_1_112' title="bbox 2061 5102 3636 5176; baseline 0 -17"><span class='ocrx_word' id='word_1_802' title='bbox 2061 5111 2118 5159; x_wconf 85' lang='lat' dir='ltr'><strong>et</strong></span> <span class='ocrx_word' id='word_1_803' title='bbox 2151 5119 2274 5158; x_wconf 89' lang='lat' dir='ltr'><strong>cum</strong></span> <span class='ocrx_word' id='word_1_804' title='bbox 2299 5104 2417 5175; x_wconf 89' lang='lat' dir='ltr'><strong>ejus</strong></span> <span class='ocrx_word' id='word_1_805' title='bbox 2442 5103 2682 5176; x_wconf 76' lang='lat' dir='ltr'><strong>adventu</strong></span> <span class='ocrx_word' id='word_1_806' title='bbox 2718 5102 3183 5160; x_wconf 85' lang='lat' dir='ltr'><strong>excellentissima</strong></span> <span class='ocrx_word' id='word_1_807' title='bbox 3213 5120 3441 5176; x_wconf 87' lang='lat' dir='ltr'><strong>quaeque</strong></span> <span class='ocrx_word' id='word_1_808' title='bbox 3473 5106 3636 5161; x_wconf 90' lang='lat' dir='ltr'><strong>simul</strong></span> 
     </span>
    </p>
   </div>
   <div class='ocr_carea' id='block_1_112' title="bbox 2063 5195 3635 5269">
    <p class='ocr_par' dir='ltr' id='par_1_112' title="bbox 2063 5195 3635 5269">
     <span class='ocr_line' id='line_1_113' title="bbox 2063 5195 3635 5269; baseline 0.002 -18"><span class='ocrx_word' id='word_1_809' title='bbox 2063 5195 2380 5262; x_wconf 80' lang='lat' dir='ltr'><strong>conﬂuunt;</strong></span> <span class='ocrx_word' id='word_1_810' title='bbox 2410 5211 2514 5250; x_wconf 90' lang='lat' dir='ltr'><strong>nec</strong></span> <span class='ocrx_word' id='word_1_811' title='bbox 2540 5195 2817 5250; x_wconf 88' lang='lat' dir='ltr'><strong>immerito</strong></span> <span class='ocrx_word' id='word_1_812' title='bbox 2842 5209 2970 5250; x_wconf 90' lang='lat' dir='ltr'><strong>sane</strong></span> <span class='ocrx_word' id='word_1_813' title='bbox 2993 5195 3195 5263; x_wconf 87' lang='lat' dir='ltr'><strong>omnia,</strong></span> <span class='ocrx_word' id='word_1_814' title='bbox 3222 5215 3343 5268; x_wconf 62' lang='lat' dir='ltr'><strong>qua:</strong></span> <span class='ocrx_word' id='word_1_815' title='bbox 3369 5200 3435 5253; x_wconf 87' lang='lat' dir='ltr'><strong>ad</strong></span> <span class='ocrx_word' id='word_1_816' title='bbox 3460 5199 3635 5269; x_wconf 88' lang='lat' dir='ltr'><strong>ipsum</strong></span> 
     </span>
    </p>
   </div>
   <div class='ocr_carea' id='block_1_113' title="bbox 2064 5287 3637 5356">
    <p class='ocr_par' dir='ltr' id='par_1_113' title="bbox 2064 5287 3637 5356">
     <span class='ocr_line' id='line_1_114' title="bbox 2064 5287 3637 5356; baseline 0.002 -15"><span class='ocrx_word' id='word_1_817' title='bbox 2064 5287 2360 5356; x_wconf 88' lang='lat' dir='ltr'><strong>pertinent,</strong></span> <span class='ocrx_word' id='word_1_818' title='bbox 2389 5302 2528 5341; x_wconf 81' lang='lat' dir='ltr'><strong>nova</strong></span> <span class='ocrx_word' id='word_1_819' title='bbox 2560 5293 2709 5351; x_wconf 90' lang='lat' dir='ltr'><strong>sunt,</strong></span> <span class='ocrx_word' id='word_1_820' title='bbox 2743 5297 3063 5356; x_wconf 87' lang='lat' dir='ltr'><strong>conceptus,</strong></span> <span class='ocrx_word' id='word_1_821' title='bbox 3098 5289 3392 5354; x_wconf 88' lang='lat' dir='ltr'><strong>nativitas,</strong></span> <span class='ocrx_word' id='word_1_822' title='bbox 3420 5289 3637 5344; x_wconf 89' lang='lat' dir='ltr'><strong>institu-</strong></span> 
     </span>
    </p>
   </div>
   <div class='ocr_carea' id='block_1_114' title="bbox 2063 5377 3637 5450">
    <p class='ocr_par' dir='ltr' id='par_1_114' title="bbox 2063 5377 3637 5450">
     <span class='ocr_line' id='line_1_115' title="bbox 2063 5377 3637 5450; baseline 0.003 -19"><span class='ocrx_word' id='word_1_823' title='bbox 2063 5387 2203 5443; x_wconf 92' lang='lat' dir='ltr'><strong>tum,</strong></span> <span class='ocrx_word' id='word_1_824' title='bbox 2238 5379 2363 5433; x_wconf 62' lang='lat' dir='ltr'><strong>vitae</strong></span> <span class='ocrx_word' id='word_1_825' title='bbox 2407 5393 2616 5450; x_wconf 76' lang='lat' dir='ltr'><strong>genus,</strong></span> <span class='ocrx_word' id='word_1_826' title='bbox 2651 5385 2706 5431; x_wconf 88' lang='lat' dir='ltr'><strong>et</strong></span> <span class='ocrx_word' id='word_1_827' title='bbox 2759 5377 2862 5432; x_wconf 87' lang='lat' dir='ltr'><strong>alia</strong></span> <span class='ocrx_word' id='word_1_828' title='bbox 2895 5394 3015 5448; x_wconf 75' lang='lat' dir='ltr'><strong>quae</strong></span> <span class='ocrx_word' id='word_1_829' title='bbox 3068 5379 3123 5434; x_wconf 88' lang='lat' dir='ltr'><strong>in</strong></span> <span class='ocrx_word' id='word_1_830' title='bbox 3169 5381 3287 5450; x_wconf 88' lang='lat' dir='ltr'><strong>ipso</strong></span> <span class='ocrx_word' id='word_1_831' title='bbox 3331 5381 3526 5439; x_wconf 83' lang='lat' dir='ltr'><strong>mirum</strong></span> <span class='ocrx_word' id='word_1_832' title='bbox 3581 5381 3637 5436; x_wconf 89' lang='lat' dir='ltr'><strong>in</strong></span> 
     </span>
    </p>
   </div>
   <div class='ocr_carea' id='block_1_115' title="bbox 2066 5468 2734 5538">
    <p class='ocr_par' dir='ltr' id='par_1_115' title="bbox 2066 5468 2734 5538">
     <span class='ocr_line' id='line_1_116' title="bbox 2066 5468 2734 5538; baseline 0.001 -15"><span class='ocrx_word' id='word_1_833' title='bbox 2066 5469 2289 5523; x_wconf 91' lang='lat' dir='ltr'><strong>modum</strong></span> <span class='ocrx_word' id='word_1_834' title='bbox 2317 5468 2558 5538; x_wconf 84' lang='lat' dir='ltr'><strong>perfecta</strong></span> <span class='ocrx_word' id='word_1_835' title='bbox 2587 5477 2734 5524; x_wconf 89' lang='lat' dir='ltr'><strong>sunt.</strong></span> 
     </span>
    </p>
   </div>
   <div class='ocr_carea' id='block_1_116' title="bbox 2133 5557 3635 5630">
    <p class='ocr_par' dir='ltr' id='par_1_116' title="bbox 2133 5557 3635 5630">
     <span class='ocr_line' id='line_1_117' title="bbox 2133 5557 3635 5630; baseline 0.001 -16"><span class='ocrx_word' id='word_1_836' title='bbox 2133 5558 2329 5614; x_wconf 88' lang='lat' dir='ltr'><strong>Nullus</strong></span> <span class='ocrx_word' id='word_1_837' title='bbox 2354 5557 2523 5630; x_wconf 78' lang='lat' dir='ltr'><strong>igitur</strong></span> <span class='ocrx_word' id='word_1_838' title='bbox 2547 5560 2846 5626; x_wconf 87' lang='lat' dir='ltr'><strong>austerior,</strong></span> <span class='ocrx_word' id='word_1_839' title='bbox 2871 5560 3057 5617; x_wconf 86' lang='lat' dir='ltr'><strong>nullus</strong></span> <span class='ocrx_word' id='word_1_840' title='bbox 3079 5559 3263 5630; x_wconf 85' lang='lat' dir='ltr'><strong>pusilli</strong></span> <span class='ocrx_word' id='word_1_841' title='bbox 3296 5559 3482 5626; x_wconf 88' lang='lat' dir='ltr'><strong>animi,</strong></span> <span class='ocrx_word' id='word_1_842' title='bbox 3508 5561 3635 5617; x_wconf 89' lang='lat' dir='ltr'><strong>nul-</strong></span> 
     </span>
    </p>
   </div>
   <div class='ocr_carea' id='block_1_117' title="bbox 2061 5649 3636 5722">
    <p class='ocr_par' dir='ltr' id='par_1_117' title="bbox 2061 5649 3636 5722">
     <span class='ocr_line' id='line_1_118' title="bbox 2061 5649 3636 5722; baseline 0.002 -19"><span class='ocrx_word' id='word_1_843' title='bbox 2061 5649 2149 5705; x_wconf 91' lang='lat' dir='ltr'><strong>lus</strong></span> <span class='ocrx_word' id='word_1_844' title='bbox 2177 5649 2389 5705; x_wconf 89' lang='lat' dir='ltr'><strong>tristior</strong></span> <span class='ocrx_word' id='word_1_845' title='bbox 2407 5649 2480 5704; x_wconf 82' lang='lat' dir='ltr'><strong>sit</strong></span> <span class='ocrx_word' id='word_1_846' title='bbox 2506 5650 2672 5722; x_wconf 87' lang='lat' dir='ltr'><strong>hujus</strong></span> <span class='ocrx_word' id='word_1_847' title='bbox 2701 5651 2970 5707; x_wconf 78' lang='lat' dir='ltr'><strong>orationis</strong></span> <span class='ocrx_word' id='word_1_848' title='bbox 2989 5651 3295 5722; x_wconf 83' lang='lat' dir='ltr'><strong>particeps:</strong></span> <span class='ocrx_word' id='word_1_849' title='bbox 3327 5651 3422 5706; x_wconf 89' lang='lat' dir='ltr'><strong>sed</strong></span> <span class='ocrx_word' id='word_1_850' title='bbox 3457 5653 3551 5722; x_wconf 88' lang='lat' dir='ltr'><strong>qui</strong></span> <span class='ocrx_word' id='word_1_851' title='bbox 3581 5660 3636 5706; x_wconf 83' lang='lat' dir='ltr'><strong>et</strong></span> 
     </span>
    </p>
   </div>
   <div class='ocr_carea' id='block_1_118' title="bbox 2063 5739 3639 5816">
    <p class='ocr_par' dir='ltr' id='par_1_118' title="bbox 2063 5739 3639 5816">
     <span class='ocr_line' id='line_1_119' title="bbox 2063 5739 3639 5816; baseline 0.001 -20"><span class='ocrx_word' id='word_1_852' title='bbox 2063 5739 2230 5796; x_wconf 88' lang='lat' dir='ltr'><strong>animi</strong></span> <span class='ocrx_word' id='word_1_853' title='bbox 2269 5751 2324 5800; x_wconf 88' lang='lat' dir='ltr'><strong>et</strong></span> <span class='ocrx_word' id='word_1_854' title='bbox 2378 5742 2663 5812; x_wconf 82' lang='lat' dir='ltr'><strong>corporis‘</strong></span> <span class='ocrx_word' id='word_1_855' title='bbox 2695 5758 2988 5801; x_wconf 86' lang='lat' dir='ltr'><strong>maerorem</strong></span> <span class='ocrx_word' id='word_1_856' title='bbox 3025 5741 3136 5814; x_wconf 76' lang='lat'><strong>97</strong></span> <span class='ocrx_word' id='word_1_857' title='bbox 3167 5741 3387 5816; x_wconf 86' lang='lat' dir='ltr'><strong>abjecit,</strong></span> <span class='ocrx_word' id='word_1_858' title='bbox 3414 5741 3639 5801; x_wconf 78' lang='lat' dir='ltr'><strong>accedat</strong></span> 
     </span>
    </p>
   </div>
  </div>
