4060 6180
348 348 416 412 47
1554 329 1871 392 OPERUM
1944 324 2432 385 THEODORETI

3490 313 3623 383 ,48

347 462 460 526 ille,
487 457 728 513 celebret
752 453 1019 526 praeconis
1039 450 1262 514 natalia,
1291 457 1345 503 et
1373 447 1516 502 diem
1535 446 1683 500 hunc
1717 445 1936 499 faustis-

2056 456 2221 502 ιενος,
2250 438 2422 501 οὕτως
2451 436 2636 491 εἰσίτω
2670 434 2942 506 ὲορτάσων
2972 433 3064 487 τοῦ
3101 434 3344 505 κήρυκος
3373 430 3443 485 τὰ
3463 434 3623 500 γενέ-

350 552 552 607 simum
608 549 885 620 pra-dicet.
945 544 1087 612 Quid
1139 542 1286 597 enim
1343 541 1523 612 majus
1573 540 1641 594 ad
1702 539 1937 594 delicias

352 646 579 710 afferat,
634 659 759 698 cum
819 638 1189 712 pulcherrima
1219 649 1472 704 quaeque,
1526 644 1582 688 et
1614 632 1937 687 suavissima

351 750 581 806 qumque
622 729 1130 803 perfectissimaque
1176 724 1232 777 in
1278 738 1452 776 unum
1508 730 1698 778 coacta
1729 721 1935 786 videat,

351 827 554 898 quibus
587 825 806 882 divinus
830 824 919 878 ille
955 821 1299 893 praenuntius
1337 821 1642 875 instructus
1672 815 1796 871 est?

424 981 562 1038 Cum
587 981 753 1051 igitur
788 978 1204 1055 te,'beatissimc
1229 979 1566 1046 Prmcursor,
1597 976 1676 1032 sic
1706 976 1809 1031 via:
1841 974 1942 1030 du-

355 1089 475 1129 cem
522 1088 584 1127 ac
614 1070 921 1141 principem
972 1067 1387 1133 ornaverimus,
1423 1066 1524 1122 abs
1557 1076 1609 1122 te
1656 1066 1728 1122 sit
1782 1066 1943 1121 nobis

354 1164 566 1227 lzetitia,
594 1163 773 1218 omnis
806 1178 933 1233 spes
958 1171 1013 1217 et
1044 1162 1331 1226 auxilium,
1355 1168 1552 1231 praesto
1577 1160 1673 1224 sis,
1696 1167 1944 1214 amantes

355 1271 408 1313 te
463 1256 705 1320 redama,
746 1265 803 1310 et
860 1256 1069 1311 intimis
1126 1255 1293 1310 animi
1343 1254 1600 1309 sensibus
1658 1269 1785 1323 erga
1843 1267 1945 1308 nos

353 1361 691 1413 commotus,
711 1366 824 1406 non
851 1359 1039 1403 nostra
1068 1356 1284 1418 reputa,
1312 1362 1414 1401 nec
1437 1361 1552 1410 eas,
1575 1345 1778 1415 quibus
1802 1359 1943 1414 quo-

355 1444 487 1499 tidie
514 1443 887 1513 implicamur,
923 1440 1264 1510 iniquitates,
1291 1438 1386 1497 sed
1404 1436 1944 1492 commiserationem

354 1537 676 1591 errantibus
700 1535 922 1590 exhibe.
959 1533 1042 1588 Ad
1069 1532 1362 1588 arbitrium
1386 1530 1558 1587 habes
1586 1530 1685 1586 tibi
1713 1544 1947 1585 consen-

356 1629 586 1683 tientem
618 1628 932 1692 Dominum,
971 1625 1065 1696 qui
1091 1624 1251 1680 nobis
1272 1624 1567 1689 condonet,
1590 1623 1635 1677 si
1659 1622 1791 1692 quid
1822 1638 1949 1691 per-

356 1735 545 1790 peram
569 1719 748 1789 egisse
773 1718 1091 1783 videamur;
1118 1716 1285 1787 hujus
1311 1714 1460 1770 enim
1487 1730 1547 1770 es
1580 1715 1813 1779 amicus,
1840 1713 1944 1769 Ba-

2039 530 2182 594 θλια,
2219 530 2312 583 καὶ
2359 528 2745 601 πανηγυρίσων
2781 529 2881 598 τῆς
2910 525 3124 597 ἡμέρας
3161 523 3230 577 τά
3265 524 3624 594 χαριστήρια.

2040 623 2105 676 Τί
2147 623 2254 694 γάρ
2293 622 2388 677 καὶ
2435 622 2619 694 μεῖζον
2666 622 2747 685 είς
2786 620 2982 692 ἡδονὴν
3025 617 3297 689 κομιεῖταί
3332 632 3416 679 τις
3464 615 3626 670 πάνθ’

2040 715 2180 786 ὁρῶν
2210 714 2306 769 νῦν
2330 713 2399 767 τὰ
2444 714 2704 768 κάλλιστα
2745 714 2884 784 ἃμα,
2911 711 3007 765 καὶ
3035 710 3251 781 ἦδιστα,
3291 708 3386 762 καὶ
3415 708 3629 761 λυσιτεν

2042 806 2273 861 λέστατα
2306 809 2384 873 εἰς
2414 806 2471 859 ἓν
2503 806 2846 871 συνελθόντα,
2880 805 2974 860 καὶ
3007 801 3252 875 μηνυτὴν
3294 800 3490 873 ἔχοντα
3524 800 3621 855 καὶ

2044 900 2382 973 προάγγελον
2414 900 2507 954 τὸν
2545 899 2839 971 θεόληπτον
2860 916 2876 967 ;
3354 892 3375 905 ”

2126 991 2289 1044 Ἀλλὰ
2319 990 2485 1062 γάρ⁵¹¹
2516 990 2639 1043 ἐπεὶ
2689 990 2770 1053 σὲ,
2804 983 2851 1043 ὦ
2896 987 3287 1061 μακαριώτατε
3320 987 3627 1060 Πρόδρομε,

2044 1082 2186 1137 οὕτω
2231 1082 2324 1136 καὶ
2376 1082 2569 1154 ὁδηγὸν
2619 1083 2714 1135 καὶ⁹
2772 1082 3016 1152 ἀρχηγὸν
3056 1081 3113 1133 ὲν
3159 1081 3276 1143 τοῖς
3321 1079 3631 1149 κρείττοσιν

2045 1175 2478 1246 ὲπλουτήσαμεν,
2517 1174 2614 1228 καὶ
2650 1172 2803 1244 παρὰ
2837 1172 2932 1226 σοῦ
2963 1174 3096 1243 ἡμῖν
3140 1172 3236 1225 καὶ
3265 1169 3425 1242 ἡδονὴ
3457 1171 3630 1234 πᾶσα,

2047 1268 2142 1322 καὶ
2171 1267 2350 1333 ἐλπὶς,
2400 1268 2492 1320 καὶ
2543 1266 2785 1337 βοήθεια,
2820 1264 3043 1336 φάνηθι,
3085 1265 3180 1318 καὶ
3212 1262 3376 1326 αὐτὸς
3404 1264 3630 1316 ἀντιπο-

2049 1353 2158 1408 θῶν
2186 1353 2314 1417 τοὺς
2342 1354 2667 1417 ποθοῦντας,
2700 1355 2797 1407 καὶ
2829 1355 3090 1424 χρηστοῖς
3118 1352 3247 1423 περὶ
3275 1353 3423 1423 ἡμᾶς
3449 1350 3635 1406 κινού-

2050 1462 2210 1517 μενος
2240 1444 2590 1515 σπλάγχνοις,
2618 1444 2694 1515 μὴ
2723 1445 2791 1499 τά
2827 1446 3074 1516 ἡμέτερα
3096 1442 3469 1514 λογιζόμενος,
3510 1443 3635 1514 μηδ’

2046 1534 2129 1604 οἷς
2158 1538 2281 1593 καθ’
2315 1540 2529 1610 ἡμέραν
2567 1537 2980 1609 συνειλήμμεθα
3020 1535 3365 1605 αἰτιάμασιν,
3408 1535 3545 1589 ἀλλὰ
3569 1534 3635 1588 τὸ

2051 1633 2143 1686 σὺν
2175 1631 2457 1702 συμπαθὲς
2487 1630 2581 1684 καὶ
2608 1630 2943 1699 ’σφάλλουσιν
2976 1628 3408 1699 ἐνδεικνύμενος.
3449 1627 3637 1697 Ἔχεις

2047 1722 2155 1793 γάρ
2240 1721 2566 1792 βουλόμενος
2631 1719 2950 1775 ὲπινεύοντα
3016 1720 3109 1774 τὸν
3163 1719 3442 1788 Δεσπότην
3471 1759 3486 1783 ,
3543 1718 3638 1771 καὶ

356 1812 544 1881 ptista,
580 1825 886 1882 praecursor
913 1817 968 1864 et
1000 1807 1300 1879 propheta;
1326 1822 1453 1861 eum
1489 1807 1702 1861 caneris
1736 1814 1791 1860 et
1814 1806 1951 1860 libe-

2056 1812 2279 1882 ἀφιέντα
2311 1814 2464 1885 ἡμῖν,
2488 1813 2539 1865 εί
2556 1830 2609 1865 τι
2642 1811 2717 1882 μὴ
2740 1812 2834 1865 καὶ
2853 1811 3079 1874 δεόντως
3102 1809 3427 1881 φαινοίμεθα
3455 1808 3634 1880 πράτ-

358 1905 474 1959 rius
498 1912 553 1959 et
569 1902 937 1958 conﬁdentius
960 1901 1259 1972 alloqueris
1289 1919 1302 1954 :
1332 1900 1556 1955 auditur
1574 1900 1946 1970 interpellatio

359 2007 469 2061 tua,
499 2005 554 2051 et
605 2011 799 2067 preces
845 1995 965 2051 sine
1011 1994 1181 2050 ullius
1210 1993 1525 2050 interventu
1557 1993 1622 2049 ad
1653 2008 1818 2050 aures
1848 1993 1947 2049 Dei

357 2089 539 2143 slain:
605 2087 894 2143 accedunt.
947 2086 1224 2143 Caeterum
1277 2100 1378 2156 pro
1439 2086 1603 2141 nobis
1663 2100 1946 2156 nunquam

357 2196 540 2236 cesses
573 2179 889 2250 deprecari;
928 2194 1050 2249 qua:
1092 2177 1254 2235 nobis
1304 2176 1657 2243 conducunt,
1692 2178 1945 2249 impetra,

361 2283 422 2328 ut
450 2271 778 2341 clementem
802 2271 977 2326 Deum
998 2269 1321 2335 habeamus,
1347 2276 1405 2325 et
1430 2269 1486 2324 in
1518 2268 1709 2326 futuro
1743 2269 1948 2325 saeculo

360 2365 541 2436 ipsum
598 2379 981 2435 assequamur,
1015 2362 1110 2433 qui
1144 2362 1474 2433 promissam
1526 2362 1687 2418 nobis
1718 2362 1947 2434 gloriam

360 2456 652 2523 concedat,
682 2456 738 2511 in
777 2455 1000 2513 Christo
1021 2456 1155 2513 Jesu
1181 2454 1415 2510 Domino
1441 2463 1655 2521 nostro,
1690 2470 1799 2511 una
1822 2469 1951 2510 cum

361 2547 697 2604 viviﬁcatore
743 2547 976 2619 Spiritu,
1025 2563 1176 2604 nunc
1217 2556 1275 2604 et
1317 2562 1555 2619 semper,
1582 2554 1641 2604 et
1667 2548 1722 2603 in
1753 2547 1953 2606 saecula

361 2638 709 2693 saeculorum.
727 2637 925 2694 Amen.

2052 1919 2269 1967 σιῖοντες⁹
2307 1902 2372 1955 σὺ
2421 1901 2529 1973 γὰρ
2574 1900 2767 1956 τούτου
2811 1901 2909 1954 καὶ
2957 1900 3135 1971 φίλος,
3183 1899 3279 1953 καὶ
3312 1897 3639 1969 βαπτιστὴς,

2053 1996 2148 2050 καὶ
2181 1995 2506 2067 πρόδρομος,
2544 1996 2640 2048 καὶ
2684 1994 3006 2067 προφήτης,
3039 1992 3136 2046 καὶ
3167 1991 3262 2045 σοῦ
3299 1994 3332 2062 η
3368 1991 3505 2062 πρὸς
3541 1990 3643 2042 αὐο-

2054 2086 2147 2140 τὺν
2189 2084 2471 2160 παρρησία
2518 2084 2720 2156 μείζων
2765 2086 2881 2148 τοῖς
2926 2084 3090 2152 ὅλοις,
3124 2083 3220 2139 καὶ
3266 2082 3633 2154 ἀπαράθετος,

2053 2176 2122 2230 δι’
2151 2177 2221 2248 ἦν
2247 2193 2330 2230 σοι
2365 2175 2514 2247 καὶὴ
2546 2175 2785 2241 ἔντευξις
2815 2175 3079 2246 άκουστὴ,
3113 2176 3211 2229 καὶ
3236 2174 3269 2246 ἡ
3294 2173 3478 2244 δέησις
3501 2173 3643 2243 ἄμε-

2060 2285 2175 2335 σος,
2211 2268 2420 2332 καὶιεὶς
2454 2261 2568 2321 ὦτα
2598 2266 2735 2321 Θεοῦ
2786 2267 3022 2338 μάλιστα
3068 2267 3363 2323 πίπτουσα.
3405 2263 3499 2336 Μὴ
3547 2257 3644 2318 οὖν

2058 2362 2295 2426 ὲλλίποις
2326 2360 2513 2415 λοιπὸν
2544 2360 2683 2431 ὑπὲρ
2708 2359 2909 2414 δούλων
2939 2356 3282 2433 πρεσϐεύων,
3318 2357 3415 2411 καὶ
3442 2355 3512 2409 τὰ
3540 2354 3640 2408 λυ-

2061 2454 2244 2525 σιτελῆ
2280 2454 2413 2525 ήμῖν
2451 2451 2858 2522 ἐξαιτούμενος,
2899 2452 2977 2515 ὡς
3017 2450 3086 2505 ἂν
3124 2449 3221 2504 καὶ
3262 2448 3395 2503 Θεὸν
3437 2445 3643 2518 εὐμενῆ

2063 2545 2349 2622 σχοίημεν,
2380 2544 2474 2598 καὶ
2502 2543 2666 2598 αὐτοῦ
2699 2542 2939 2616 Χριστοῦ
2957 2543 3006 2575 ⁸⁸
3035 2543 3095 2596 ὲν
3134 2540 3212 2613 τῷ
3252 2540 3501 2613 μέλλοντι
3545 2536 3645 2591 τύ·-

2062 2655 2275 2712 χοιμεν,
2309 2636 2587 2709 βασιλείαν
2621 2638 2755 2709 ἡμῖν
2784 2636 2884 2707 τὴν
2918 2633 3337 2707 ἐπηγγελμένην
3372 2634 3648 2705 παρέχον.

360 2749 472 2796 τος,
526 2732 584 2785 ἐν
612 2730 833 2803 Χριστῷ
870 2729 1045 2802 ἰησοῦ
1091 2731 1283 2803 Κυρίῳ
1331 2728 1491 2802 ἡμῶν
1544 2730 1661 2803 ἆμα
1700 2730 1777 2804 τῷ
1826 2731 2076 2805 ζωοποιῷ
2116 2728 2416 2801 Πνεύματι,
2449 2729 2544 2784 νῦν
2590 2728 2687 2784 καὶ
2718 2729 2805 2784 ἀεὶ
2836 2729 2931 2784 καὶ
2971 2728 3051 2791 είς
3101 2727 3230 2790 τοὺς
3285 2725 3489 2790 αἰῶνας
3535 2725 3647 2780 τῶν

362 2822 596 2879 αἰώνων.
641 2824 834 2897 Ἀμήν.

364 2936 480 3009 98
508 2936 592 2992 Eat
616 2937 920 2994 Theodoreti
945 2940 1274 3015 germanibus
1294 2942 1594 3015 quinquein
1612 2939 1671 2998 S.
1694 2942 1952 2998 Joannem

2070 2943 2447 3014 Θεοδωρήτου
2497 2943 2567 3015 ex
2620 2940 2738 2996 τῶν
2777 2948 2821 3015 ξ’
2856 2940 3180 3015 ,ζογωνμείς
3211 2938 3317 2993 τὸν
3349 2937 3419 2992 ἐν
3455 2937 3647 3008 ἁγίοις

934 3008 1387 3081 είινυδοειοιηιιίη.

2400 3014 2689 3081 Ἰωάννην
2731 3012 2839 3066 τὸν
2867 3010 3326 3080 Χρυσόστομον.

1523 3187 1605 3243 Ex
1640 3188 1823 3248 Photii
1857 3190 2201 3258 Bibliotheca,
2233 3187 2357 3245 cod.
2392 3188 2516 3243 275.

439 3352 592 3410 Lecti
636 3362 767 3411 sunt
802 3371 1109 3422 sermones,
1145 3372 1285 3429 quos
1328 3357 1526 3415 beatus
1575 3358 1961 3418 Theodoretus
1987 3376 2030 3435 ο

367 3447 424 3503 in
482 3455 733 3503 sanctum
778 3447 1048 3507 Joannem
1095 3446 1552 3520 Chnysostomum
1599 3453 1950 3522 composuit:

366 3552 433 3592 ex
467 3537 532 3592 iis
560 3536 831 3591 hactenus
854 3537 1102 3608 quinque
1135 3545 1347 3592 tantum
1384 3539 1809 3604 vidimus,unde
1833 3555 1956 3610 quae

369 3635 679 3698 sequuntur
706 3626 1119 3703 descripsimus,

438 3807 693 3878 Quinque
736 3824 1056 3866 sermonum
1099 3811 1313 3881 primus
1345 3810 1565 3867 videtur
1609 3811 1779 3867 alium
1807 3811 1958 3883 prio-

370 3901 488 3954 rem
522 3895 711 3969 sequi,
744 3908 839 3956 aut
869 3910 1020 3958 certe
1059 3917 1189 3974 pars
1230 3903 1466 3975 alicujus
1506 3917 1649 3959 esse.
1683 3903 1956 3959 Caeterum

372 3999 572 4047 tractat
596 3992 874 4062 quomodo
896 3993 1177 4067 (Joannes)
1202 4004 1464 4052 evocatus
1494 3995 1959 4068 Constantinopo-

369 4083 467 4137 lim
509 4084 1070 4157 venerit,ipsiusque
1116 4088 1567 4160 archiepiscopus
1624 4089 1958 4146 constitutus

370 4174 443 4228 sit
481 4192 493 4227 :
529 4174 805 4244 quomodo
849 4177 1256 4251 presbyterium
1287 4187 1344 4234 et
1378 4195 1657 4235 summum
1701 4179 1959 4236 sacerdo-

372 4265 511 4320 tium
542 4265 609 4319 ad
643 4266 926 4336 antiquam
971 4284 1221 4324 normam
1274 4271 1425 4325 omni
1468 4269 1653 4326 studio
1697 4286 1959 4327 revocare

371 4366 603 4416 conatus
653 4358 764 4413 sit:
799 4376 923 4431 quae
963 4369 1157 4418 contra
1203 4360 1435 4422 Gainam
1482 4378 1785 4434 generosus
1819 4367 1832 4382 ’
1865 4362 1958 4417 ille

371 4451 630 4518 Joannes,
662 4468 811 4508 nunc
856 4468 919 4508 os
967 4453 1253 4510 ferocienti
1297 4453 1617 4520 occludens,
1658 4470 1806 4510 nunc
1858 4469 1958 4525 pro

372 4544 652 4599 communi
712 4544 1030 4615 reipublica:
1080 4546 1304 4622 negotio
1361 4547 1636 4618 legatione
1698 4545 1956 4619 fungens,

373 4635 587 4705 peregit
620 4655 632 4688 :
667 4635 945 4706 quomodo
975 4636 1198 4693 tandem
1252 4638 1458 4694 invidia
1502 4639 1832 4694 sententiam
1865 4654 1960 4694 e1-

2147 3358 2489 3430 Ἀνεγνώσθη
2518 3358 2584 3413 ὲκ
2611 3358 2722 3413 τῶν
2744 3354 2839 3412 τοῦ
2882 3354 3154 3426 μακαρίου
3179 3352 3526 3427 Θεοδωρίγεου
3556 3352 3646 3407 λό-

2063 3464 2199 3517 γων,
2229 3448 2325 3511 οὓς
2366 3448 2447 3511 είς
2473 3448 2564 3502 τὸν
2599 3450 2657 3501 ὲν
2692 3446 2870 3515 ἁγίοις
2912 3445 3170 3513 Ἰωάννην
3205 3446 3297 3499 τὸν
3337 3446 3650 3518 Χρυσόπο-

2068 3553 2168 3608 μον
2195 3537 2524 3601 συνετάξατο
2548 3578 2563 3602 ,
2598 3529 2673 3590 ὧν
2702 3537 2863 3607 ἡμεῖς
2895 3535 3058 3590 πέντε
3087 3535 3227 3599 τέως
3249 3536 3294 3568 ⁸⁸
3328 3536 3511 3608 ἴδομεν
3536 3576 3551 3600 ,
3588 3536 3648 3604 ἐξ

2065 3622 2140 3682 ὧν
2174 3629 2269 3683 καί
2296 3646 2450 3693 τινας
2482 3626 2714 3697 ἐκλογάς
2758 3628 2857 3692 τάς
2888 3629 3339 3700 ὑποτεταγμένας
3364 3646 3645 3703 παρεγρα-

2063 3720 2307 3793 ψάμεθα.

2136 3813 2257 3868 Ὀτι
2293 3813 2402 3867 τῶν
2433 3813 2594 3868 πέντε
2623 3815 2798 3883 λόγων
2823 3814 2852 3867 ὁ
2885 3814 3121 3886 πρῶτος,
3152 3812 3314 3870 ἄλλον
3345 3811 3455 3884 πρὸ
3479 3813 3647 3871 αὐτοῦ

2064 3906 2212 3960 δοκεί
2238 3905 2513 3977 δέχεσθαι,
2545 3906 2577 3977 ἢ
2628 3906 2792 3977 μέρος
2833 3906 3000 3961 αὑτοῦ
3036 3904 3174 3960 εἶναι
3197 3924 3211 3938 ·
3253 3906 3393 3978 πλὴν
3422 3907 3648 3978 διαλαμ-

2067 3996 2255 4063 ϐάνει,
2294 3997 2419 4052 ὅθεν
2466 4014 2526 4052 τε
2569 3998 2906 4069 μετάκλητος
2953 3999 3035 4063 είς
3077 3998 3648 4053 Κωνσταντινούπολιν

2064 4083 2189 4162 ἧκε,
2223 4088 2319 4143 καὶ
2357 4089 2506 4153 ὅπως
2533 4090 2703 4160 αὐτῆς
2732 4089 3020 4161 ἀρχιερεὺς
3048 4089 3309 4160 κατέστη.
3335 4090 3426 4144 καὶ
3453 4089 3529 4152 ὡς
3548 4087 3648 4159 τὴν

2070 4177 2391 4251 ἱερωσύνην,
2440 4179 2536 4245 καὶ
2565 4178 3001 4251 ἀρχιερωσύνην,
3034 4180 3117 4245 εἰς
3161 4180 3255 4235 τὸν
3287 4181 3514 4254 άρχαῖον
3553 4180 3651 4233 κό-

2069 4285 2205 4341 σμον
2226 4270 2521 4338 ἐπανάγειν
2548 4270 2807 4341 ἔπειρᾶτο
2827 4269 3032 4343 σπουδῇ
3060 4271 3210 4346 πάσῃ
3234 4288 3247 4303 ’
3271 4274 3367 4328 καὶ
3389 4272 3489 4326 ὃσα
3513 4270 3652 4342 πρὸς

2066 4362 2267 4418 Γαῖναν
2298 4362 2367 4426 ⁸⁸,
2407 4362 2567 4416 τοῦτο
2599 4361 2698 4432 μὲν
2723 4363 2752 4414 ὁ
2778 4364 3025 4430 γενναῖος
3057 4361 3427 4433 ἐπιστομίζων
3468 4362 3653 4417 Ἰωάνο

2067 4473 2187 4527 νης,
2236 4454 2394 4509 τοῦτο
2420 4454 2477 4508 δὲ
2515 4454 2654 4527 ὑπὲρ
2694 4455 2803 4513 τῶν
2841 4454 3038 4510 κοινῶν
3075 4456 3176 4525 τῆς
3220 4454 3497 4517 πολιτείας
3537 4453 3652 4506 δια-

2067 4545 2503 4619 πρεσϐευόμενος
2530 4546 2871 4617 πραγμάτων
2897 4546 3226 4618 διεπράξατο
3245 4564 3259 4578 ·
3292 4546 3389 4601 καὶ
3415 4545 3492 4610 ὼς
3518 4544 3653 4615 φθό-

2067 4654 2158 4702 νος
2187 4637 2338 4708 αὐτῷ
2369 4636 2467 4709 τὴν
2498 4638 2800 4711 ὑπερορίαν
2831 4639 2875 4672 ⁸³
2903 4638 3229 4710 ἐψηφίσατο.
3253 4638 3363 4693 Καί
3390 4655 3514 4691 τινα
3542 4635 3654 4690 τῶν

373 4725 481 4780 silii
508 4726 563 4781 in
584 4742 713 4781 eum
758 4728 1006 4796 protulit.
1031 4727 1158 4783 Ilaec
1199 4737 1256 4782 et
1296 4730 1403 4784 alia
1441 4746 1565 4800 quze
1614 4732 1701 4786 vir
1738 4740 1952 4787 sanctus

2072 4727 2233 4800 μέχρι
2258 4729 2446 4811 τέλους
2475 4728 2706 4800 ἱστορῶν
2740 4728 2820 4799 τῷ
2852 4728 3125 4799 θεσπεσίῳ
3159 4728 3315 4799 ἀνδρὶ
3353 4722 3650 4796 διηνυσμέ-

373 4814 627 4884 perfecit,
676 4815 745 4870 ad
783 4813 949 4871 ﬁnem
1007 4832 1182 4887 usque
1241 4833 1476 4875 narrans
1507 4819 1959 4899 (Tlieodoretus),

376 4908 547 4963 multa
573 4907 954 4975 nihilominus,
986 4909 1097 4965 imo
1130 4909 1368 4980 plurima
1391 4912 1783 4980 prtetermittit.

445 4994 549 5062 Qui
596 4999 849 5068 sequitur
883 4999 1082 5055 breves
1114 4998 1326 5070 aliquas
1370 4998 1582 5063 laudes,
1613 4998 1802 5056 brevis
1847 5002 1963 5073 ipse

376 5084 633 5149 absolvit,
666 5086 833 5142 ducto
858 5087 985 5144 inde
1023 5087 1254 5145 exordio
1281 5105 1292 5141 :
1322 5086 1528 5143 lterum
1563 5087 1707 5143 nobis
1736 5088 1963 5147 Joannis

379 5177 637 5232 memoria
662 5188 959 5234 revocatur.

451 5267 672 5324 Tertius
719 5267 1097 5326 laudationum
1130 5273 1280 5345 leges
1312 5282 1559 5344 superat.
1607 5272 1840 5330 Prsestat
1869 5290 1968 5330 au-

2070 4838 2198 4886 νων,
2228 4820 2297 4875 τὰ
2326 4820 2518 4886 πολλὰ,
2555 4820 2755 4893 μᾶλλον
2775 4820 2831 4874 δὲ
2855 4819 2925 4875 τά
2956 4819 3183 4874 πλεῖστα
3213 4817 3575 4890 παρατρέχει.

2155 4998 2213 5053 '0
2244 4998 2303 5053 δὲ
2339 4999 2537 5070 ἐφεξῆς
2576 5000 2735 5070 λόγος
2775 5001 3032 5063 ἐπαίνους
3069 4998 3223 5062 τινὰς
3258 4995 3655 5068 ὀλιγοστίχους,

2075 5090 2168 5181 καὶ
2205 5090 2370 5153 αὐτὸς
2410 5091 2744 5162 ὀλιγόστιχος
2793 5091 2919 5181 ὣν⁸
2951 5089 3310 5162 διαπεραίνει,
3351 5089 3658 5161 ἀρχόμενος

2076 5174 2179 5235 ὧδε
2200 5196 2215 5211 °
2253 5181 2445 5236 Πάλιν
2465 5182 2614 5252 ἡμῖν
2660 5174 2951 5239 Ἰωάννόυ
2979 5182 3046 5238 τὸ
3069 5183 3494 5253 μνημόσυνον.

2159 5274 2218 5327 Ὀ
2239 5274 2296 5328 δὲ
2322 5275 2459 5346 μετὰ
2485 5275 2694 5342 τοῦτον,
2726 5274 3021 5348 ἐγκωμίων
3048 5274 3147 5346 μὲν
3176 5274 3270 5330 καὶ
3295 5273 3458 5337 αὐτὸς
3495 5272 3664 5343 ὑπερ-

1662 5446 1894 5506 VARUS
1934 5449 2346 5508 LECTIONES.

452 5590 501 5625 "
533 5590 695 5670 Ἀλλὰ
729 5588 858 5664 γάρ,
894 5607 949 5644 κ.
980 5604 1033 5645 τ.
1062 5587 1113 5643 λ.
1145 5588 1216 5670 l_lt
1242 5589 1563 5670 totanhujus
1579 5591 1862 5670 orationis
1888 5593 2104 5670 indoles
2133 5608 2162 5650 a
2186 5594 2516 5670 politissima
2560 5595 2895 5670 Theodoreti
2934 5596 3159 5669 ingenio
3182 5591 3514 5670 etpmas_c_u_la
3542 5592 3663 5663 ejus

383 5661 698 5738 eloquentia
732 5659 819 5717 est
847 5659 1278 5738 quam_max_ime
1312 5659 1513 5738 aliena,
1549 5659 1627 5717 ita
1662 5662 1917 5738 epilogus
1959 5659 2250 5738 iste_sal'is
2296 5666 2661 5738 recentiorem
2715 5659 3048 5738 scriptorem
3096 5668 3300 5738 prodit.
3379 5659 3633 5738 "Legati

388 5729 519 5786 dum
550 5732 770 5804 videtur
813 5729 1072 5804 χρηστοῦ.
1123 5729 1372 5804 Δξ’ᾼτέως.
1403 5729 1765 5804 Edit_._prior,
1800 5729 1935 5797 πως.

2013 5736 2058 5767 ⁸⁸
2075 5734 2308 5809 Pltotius
2332 5750 2390 5809 p1
2416 5750 2492 5809 In:
2530 5736 2686 5795 1515.
2715 5733 2934 5808 Γάῖναν,
2970 5739 3025 5793 in
3062 5733 3234 5809 marg.
3270 5738 3310 5791 Γ
3314 5736 3490 5794 αῖνᾶν.
3526 5733 3661 5791 Vide

389 5815 580 5877 supra,
607 5807 647 5860 ι.
677 5802 766 5869 Ill,
798 5799 1041 5875 17071.
1118 5800 1162 5834 “
1199 5800 1424 5873 ὑπερορ.
1467 5799 1609 5857 Ibid:
1649 5803 1707 5859 in
1764 5817 1935 5875 marg.
1986 5799 2412 5877 ampullam—ll.
2456 5805 2538 5863 St.
