4060 6180
428 261 498 329 ιθ
1538 264 2007 326 AUCTARIUM.

2154 263 2251 322 AD
2283 262 2455 322 T031.
2503 263 2599 322 IV.
3627 261 3695 323 50

432 380 650 448 ἐρχεται
680 375 907 446 νόμους·
937 374 1185 447 διαφέρει
1221 374 1280 430 δὲ
1304 374 1413 429 τῶν
1447 374 1553 448 πρὸ
1586 376 1751 431 αὐτοῦ
1782 380 1848 448 τῇ
1881 375 2011 430 καλ-

2122 383 2225 428 tcm
2252 373 2533 442 prioribus
2565 372 2856 426 verborum
2878 378 2933 425 ct
2960 370 3358 430 sententiarum
3393 371 3695 441 pulchritu-

430 469 551 540 λονῇ
580 468 692 522 τῶν
716 485 777 521 τε
804 467 1086 540 ῥημάτων,
1115 468 1211 522 καὶ
1240 467 1351 522 τῶν
1379 468 1669 539 νοημάτων
1689 485 1702 498 ·
1737 468 2017 539 προοιμιά-

430 559 579 623 (erat
601 558 661 612 δὲ
695 557 873 612 οὕτω·
910 557 1310 627 Πολυστόμου
1352 557 1470 626 τὴν
1507 557 1828 625 παροῦσαν
1864 556 2015 613 ὑπό-

427 653 600 705 θεσιν
645 650 982 720 σάλπιγγος
1020 650 1335 719 δεομένην,
1376 651 1450 704 ὲν
1479 647 1727 718 παιδικῇ
1750 650 1869 704 νῦν
1899 648 2015 717 ὀρῶ

425 738 916 794 κινδυνεύουσαν
966 739 1197 809 γλώττῃ
1218 755 1233 770 ·
1291 740 1388 792 καὶ
1454 738 1681 805 κάλλος
1726 738 2011 805 ἀθλητοῦ,

420 832 669 899 μυρίαις
718 832 1220 901 συγγραψάμενον
1270 831 1529 898 τέχναις,
1582 830 1827 886 ἀσθενεῖ
1872 830 2013 895 νῦν,

423 924 513 987 είς
558 920 805 989 γραφὴν
843 920 975 990 ἐμοὶ
1036 920 1278 990 τεχνίτῃ
1325 922 1740 990 προκείμενον.
1794 920 1867 973 Τὸ
1915 918 2014 990 μὲν

426 1012 718 1083 προοίμιον
762 1010 1002 1064 τοιοῦτον
1042 1026 1055 1040 ·
1114 1013 1331 1077 Ἄλλος
1375 1011 1564 1066 αὐτὸν
1590 1011 1754 1066 ἕλκει
1784 1009 2015 1078 βοηθὸν

427 1102 857 1173 ἁρπαζόμενος,
892 1104 1084 1170 ἄλλος
1104 1104 1282 1158 καλεῖ
1299 1102 1681 1173 δικαζόμενος
1699 1103 2011 1168 σύνδικον,

427 1195 620 1260 ἄλλος
680 1193 924 1259 πεινῶν,
980 1193 1133 1262 ὑπὲρ
1171 1194 1399 1262 τροφῆς
1452 1195 1720 1257 ἱκετεύει,
1765 1193 2011 1263 γυμνὸς,

425 1285 584 1353 ὑπὲρ
630 1283 987 1354 ἐνδύματος,
1025 1286 1219 1351 ἄλλος
1270 1285 1458 1340 αὐτὸν
1496 1284 1767 1351 ἁποδὺει,
1823 1285 2014 1351 ἄλλος

427 1375 691 1442 πενθῶν,
730 1380 821 1443 εις
851 1376 1241 1445 παράκλησιν
1276 1377 1465 1431 δεῖται
1485 1394 1498 1407 ·
1537 1376 1778 1446 δεσμῶν
1813 1376 2015 1446 ἔτερος

429 1468 821 1535 ἀπολυθῆναι
850 1467 975 1535 ,βοᾷ
997 1486 1009 1501 ·
1058 1467 1224 1522 ἕλκει
1279 1485 1369 1534 τις
1410 1467 1592 1522 αὐτὸν
1629 1466 1820 1533 ἄλλος
1865 1467 2015 1535 πρὸς

429 1558 636 1613 νόσων
656 1558 1006 1625 ἐπίσκεψιν,
1034 1556 1210 1623 ξένος
1235 1556 1390 1611 αἰτεῖ
1407 1557 1794 1627 καταπῦγιον,
1815 1556 2015 1626 ἕτερος

429 1648 771 1717 παραστὰς.
802 1647 990 1718 χρέως
1040 1648 1340 1717 ὀδύρεται·
1372 1648 1566 1715 ἄλλος
1600 1649 1875 1718 ἐπόπτην
1914 1650 2015 1704 καὶ

430 1734 813 1804 διαλλακτὴν
856 1734 975 1790 τῶν
1022 1737 1163 1805 κατ’,
1184 1734 1354 1792 οἷκον
1384 1737 1826 1807 μεταπέμπεται
1872 1738 2015 1793 στάι
2047 1730 2092 1787 Β

434 1841 613 1891 σεων,
651 1825 799 1880 οὐδὲ
832 1826 1056 1892 δοῦλος
1097 1829 1249 1898 πρὸς
1290 1827 1487 1883 ἄλλον
1533 1830 1892 1899 καταφεύγει
1923 1829 2019 1884 δε-

434 1919 668 1972 σπότου
696 1918 916 1987 πικρὰν
936 1920 1380 1989 ὀλοφυρόμενος
1401 1919 1833 1989 ἀγανάκτησιν.
1856 1923 2020 1989 Χήρα

428 2005 552 2074 ,ϐοᾷ
580 2006 669 2071 τὸ,
701 2007 989 2078 Ἐλέησον·
1025 2008 1188 2075 ἄλλη
1229 2007 1345 2076 τὴν
1388 2008 1684 2077 ὀρφανίαν
1722 2006 2015 2074 ὀδύρεται.

435 2100 653 2168 Πυρίαι
703 2099 784 2165 τῷ
834 2100 1013 2168 πατρὶ
1037 2101 1166 2155 καθ’
1198 2099 1470 2168 ἑκάστην
1520 2100 1670 2169 πρὸς
1723 2099 2019 2166 ἑκάστους

438 2191 590 2260 ὑπὲρ
617 2190 883 2245 ἑκάστου
922 2192 1155 2259 τροπαί.
1203 2190 1548 2259 Ἀρπάζετιιί
1585 2208 1694 2256 τις,
1737 2191 1836 2243 καὶ
1873 2208 2021 2244 συν-

438 2282 661 2353 ήπρος
695 2288 728 2338 ὀ
759 2283 983 2351 πατήρ·
1027 2284 1205 2354 λιμὸς
1237 2284 1508 2354 ἐνοχλεῖ,
1542 2285 1639 2339 καὶ
1671 2283 1926 2353 τροφεὺς
1951 2284 2019 2338 ἐκ

439 2377 785 2445 συνηγόρου
823 2377 1082 2446 γίνεται·
1129 2376 1307 2431 νοσεῖ
1342 2394 1456 2443 τις,
1489 2377 1585 2431 καὶ
1614 2378 1702 2442 είς
1743 2376 1945 2444 ἰατρὸν
1987 2379 2019 2430 ὀ

438 2467 699 2536 τροφεὺς
718 2467 1159 2537 μεταϐάλλεται
1188 2484 1202 2497 ·
1236 2467 1442 2522 πένθει
1469 2483 1558 2533 τις
1588 2464 2017 2534 περιπέπτωκε,

438 2558 541 2612 καὶ
582 2561 618 2611 ὀ
655 2559 994 2629 νοσοκόμος
1023 2560 1363 2628 εὑρίσκεται
1411 2559 1785 2629 παραμύθιον
1807 2558 1853 2589 ⁸³
1874 2574 1888 2588 ·
1926 2556 2022 2622 ξέ-

442 2668 566 2705 νων
593 2652 826 2720 ἐπέστη
860 2652 1106 2722 φροντὶς
1123 2692 1139 2718 ,
1166 2652 1266 2707 καὶ
1294 2652 1618 2721 ξενοδόχος
1644 2654 1678 2706 ὀ
1700 2651 1897 2704 πάντα
1929 2667 2022 2720 τε·

442 2744 634 2814 τονὼς
684 2742 1125 2799 ἀναδείκνυται.
1176 2746 1286 2800 Καὶ
1336 2746 1397 2797 τί
1440 2744 1559 2813 χρὴ
1585 2746 1713 2798 καθ’
1761 2744 2023 2799 ἕκαστον

442 2837 664 2908 λέγειν,
695 2836 815 2892 ὅσα
838 2838 1062 2907 χρόνου
1081 2837 1233 2907 μέρη
1260 2837 1368 2891 τὸν
1393 2838 1631 2892 ἐκείνου
1658 2837 1807 2902 ,βίον
1832 2836 2024 2906 διεμέ-

442 2946 689 2999 τρησεν,
719 2932 821 2985 ἵνα
841 2930 930 3000 μὴ
972 2929 1088 2999 τὴν
1114 2930 1573 3000 ἀρχιερωσύνην
1598 2932 1796 3000 μόνην
1822 2931 2022 3001 Mrta;

2116 467 2266 520 dine.
2303 466 2393 520 Sic
2424 466 2618 535 incipit
2654 483 2665 517 :
2701 464 2809 519 Viri
2834 466 3164 518 disertissimi
3198 464 3556 517 laudationem
3583 480 3697 536 qua:

2113 556 2226 626 99
2255 557 2381 610 tuba
2416 556 2695 627 indigeret,
2721 554 2913 626 puerili
2948 556 3272 625 propositam
3318 553 3512 625 lingua:
3557 558 3696 624 peri-

2115 651 2293 704 clitari
2324 649 2469 704 video
2497 666 2513 702 :
2544 648 2984 719 quemadmodum
3021 659 3066 701 et
3099 648 3253 701 decus
3285 647 3519 713 atlzlette,
3554 647 3699 700 mille

2116 759 2233 794 cum
2264 741 2506 809 artiﬁciis
2547 742 2865 810 descriptum
2906 740 3031 793 mihi
3069 757 3205 793 nunc
3238 740 3494 794 imbecillo
3521 742 3697 794 animo

2117 832 2313 901 artiﬁci
2349 834 2419 886 ad
2473 833 2869 887 describendum
2910 834 3254 902 propositam.
3304 832 3393 887 Sic
3433 849 3491 887 se
3531 833 3697 887 habet

2116 926 2474 990 Procemium,
2514 932 2827 995 sequuntur
2854 924 2957 978 ista
2983 942 2995 976 :
3026 923 3174 978 Alius
3223 923 3374 978 illum
3403 925 3614 995 rapiens
3642 925 3695 976 in

2116 1016 2380 1070 auxilium
2418 1018 2619 1081 trahit;
2650 1017 2789 1070 alius
2831 1016 2884 1069 in
2924 1016 3018 1085 jus
3056 1031 3245 1069 vocans
3282 1025 3563 1085 patronum
3596 1017 3697 1067 im-

2117 1104 2327 1175 plorat;
2380 1104 2518 1158 alius
2564 1104 2838 1173 famelicus
2882 1105 3081 1168 cibum,
3122 1105 3289 1157 nudus
3316 1114 3502 1158 restem
3546 1113 3695 1168 orat;

2117 1196 2256 1250 alius
2303 1195 2457 1249 illum
2500 1196 2674 1259 exuit;
2732 1194 2870 1248 alius
2915 1193 3099 1248 dolens
3144 1194 3552 1248 consolationem
3608 1212 3698 1263 pc-

2119 1290 2211 1353 tit;
2255 1287 2394 1342 alius
2442 1285 2664 1341 uinculis
2711 1284 2908 1339 exsolvi
2954 1294 3233 1355 precatur;
3269 1285 3407 1339 alius
3447 1286 3517 1338 ad
3556 1301 3698 1337 mor-

2118 1379 2302 1432 borum
2332 1378 2711 1449 inspectionem
2746 1378 2921 1448 ipsum
2958 1377 3150 1440 trahit;
3181 1378 3489 1446 peregrinus
3524 1376 3697 1444 hospi-

2118 1471 2252 1523 tium
2301 1471 2534 1541 ﬂagitat,
2570 1476 2709 1523 astat
2750 1468 2887 1522 alius
2940 1468 3169 1522 debitum
3202 1468 3518 1539 deplorans,
3564 1468 3701 1524 alius

2119 1562 2401 1616 arbitrium
2448 1570 2496 1617 et
2535 1559 2926 1633 paciﬁcatorem
2973 1560 3377 1615 domesticarum
3427 1561 3702 1614 turbarum

2120 1654 2359 1718 accersit,
2393 1670 2486 1707 nec
2529 1653 2600 1707 ad
2627 1652 2793 1707 alium
2823 1652 3055 1721 confugit
3100 1668 3279 1706 servus
3313 1669 3560 1705 amaram
3612 1652 3705 1705 do-

2118 1747 2247 1801 mini
2277 1746 2695 1817 indignationem
2732 1746 2947 1816 deﬁens.
2978 1744 3106 1799 Inde
3142 1744 3303 1798 vidua
3350 1744 3568 1810 clamat,
3606 1744 3703 1797 Mi-

2119 1852 2335 1902 serere;
2380 1838 2504 1890 inde
2552 1837 2831 1890 orbitatem
2891 1835 3153 1905 deplorat.
3201 1835 3385 1891 Multa?
3436 1853 3498 1890 ac
3540 1838 3705 1890 varia:

2120 1929 2295 1997 patri,
2328 1929 2383 1981 in
2418 1928 2675 1997 singulos,
2718 1944 2812 1998 pro
2849 1926 3072 1997 singulis
3113 1929 3578 1991 commutationes;
3612 1945 3702 1981 ra-

2120 2020 2266 2089 pitur
2295 2021 2410 2089 quis
2456 2020 2511 2073 in
2538 2018 2821 2089 judicium,
2853 2026 3110 2089 patronus
3146 2018 3351 2084 euadit;
3396 2020 3561 2088 fames
3605 2019 3705 2072 ali—

2120 2127 2274 2181 quem
2300 2119 2473 2176 vexat,
2502 2110 2563 2178 ﬁt
2600 2111 2827 2163 nutritor
2856 2125 2920 2163 ea:
2954 2118 3207 2180 patrono;
3241 2109 3431 2180 aliquis
3460 2120 3701 2181 a’grotat,

2121 2203 2351 2256 nutritor
2375 2202 2429 2255 in
2452 2201 2705 2254 medicum
2737 2200 2993 2266 vertitur;
3024 2198 3205 2253 dolore
3228 2200 3420 2271 aliquis
3457 2202 3701 2264 concidit,

2119 2291 2355 2347 solamen
2417 2292 2604 2362 afferre
2653 2290 3060 2360 deprehenditur
3121 2291 3385 2356 medicus;
3444 2292 3704 2369 hospitum

2122 2400 2250 2438 cura
2299 2382 2503 2447 incidit,
2542 2382 2721 2435 'omnia
2763 2382 2936 2451 factus
2989 2389 3343 2452 susceptorem
3379 2398 3434 2435 se
3480 2382 3703 2435 exhibet.

2123 2475 2267 2542 Quid
2306 2477 2492 2530 attinet
2522 2475 2767 2545 prosequi
2792 2473 3010 2528 dicendo
3034 2473 3273 2545 singulas
3300 2477 3549 2549 temporis
3573 2494 3702 2548 par-

2124 2576 2220 2633 tes,
2246 2584 2363 2639 qua:
2388 2568 2553 2622 vitam
2577 2567 2742 2638 ipsius
2773 2566 3024 2621 dimenste
3047 2573 3191 2632 sunt,
3218 2567 3263 2620 si
3292 2567 3355 2620 de
3385 2566 3498 2620 solo
3521 2585 3703 2621 sacer-

2124 2661 2267 2715 dotio
2307 2659 2477 2715 dicere
2506 2659 2807 2730 nequeam?
2831 2667 2982 2713 tanta
3010 2657 3334 2714 salutarium
3370 2678 3585 2731 operum
3616 2679 3707 2715 va-

2125 2755 2286 2807 rietas
2325 2754 2558 2807 homines
2605 2768 2711 2807 non
2758 2750 2917 2822 plane
2968 2751 3201 2822 reliquit.
3238 2751 3283 2807 Ο
3318 2752 3500 2806 ducem
3546 2755 3705 2806 etiam

2125 2851 2241 2917 post
2264 2845 2384 2899 uiue
2406 2843 2568 2914 ﬁnem
2590 2843 2975 2913 fortissimum!
2997 2860 3027 2897 ο
3052 2843 3271 2898 militem
3290 2845 3518 2899 hostibus
3548 2847 3705 2897 etiam

2125 2951 2154 2988 e
2180 2933 2421 3005 sepulcro
2459 2932 2786 2988 terribilem!
2812 2949 2841 2987 ο
2873 2933 3047 3005 lyram
3084 2934 3254 2987 omnis
3284 2935 3576 2987 harmonia:
3611 2949 3703 2985 ca-

448 3024 718 3090 ΐοσαύτη
756 3022 899 3089 τοὺς
931 3021 1282 3091 ἀνθρώπους
1321 3022 1511 3091 ἔργων
1555 3023 1865 3091 σωτηρίων
1891 3037 2020 3076 ποι-

2128 3041 2330 3096 pacem,
2363 3034 2530 3079 morte
2543 3026 2665 3095 jam
2687 3024 3073 3079 dissolutam!o
3098 3023 3388 3078 tribunalia
3411 3031 3556 3077 tanto
3583 3042 3708 3080 ora-

441 3116 604 3170 αιλία
627 3114 930 3183 προϊοῦσα
961 3116 1033 3169 οὐ
1071 3114 1362 3170 διέλιπεν.
1405 3116 1469 3169 Ὠ
1521 3112 1886 3183 στρατιώτου
1920 3116 2018 3171 καὶ

2129 3124 2241 3170 tore
2282 3117 2442 3186 100
2474 3116 2659 3169 orbata
2678 3117 2698 3168 .'
2726 3132 2756 3168 ο
2788 3115 3082 3169 salutarem
3121 3116 3389 3169 hominum
3426 3133 3702 3186 sagenam,

436 3206 587 3275 μετὰ
615 3204 911 3272 τελευτὴν
934 3205 1219 3273 ἀριστέως
1240 3220 1254 3234 ·
1281 3202 1328 3257 ὦ
1344 3204 1621 3275 λυπηροῦ
1637 3204 1760 3269 τοῖς
1786 3204 2020 3274 ἐχθροῖς

2126 3209 2181 3262 in
2206 3207 2392 3262 ccelum
2424 3215 2638 3277 raptam
2658 3207 2677 3259 !
2694 3224 2723 3260 ο
2740 3208 2983 3261 arborem
3000 3207 3085 3260 'in
3109 3205 3295 3261 cwlum
3305 3208 3425 3278 jam
3444 3217 3491 3262 et
3506 3216 3706 3261 terram

443 3296 543 3351 stat
568 3297 717 3365 μετὰ
739 3296 934 3365 τάφον
961 3296 1242 3350 ὁπλίτου·
1278 3293 1326 3348 ὢ
1354 3298 1767 3365 παναρμονίας
1809 3297 2019 3363 λύρας,

450 3386 699 3454 τελευτῇ
727 3386 1071 3454 λελυμένης
1088 3402 1102 3415 ·
1151 3386 1198 3438 ῶ
1227 3385 1638 3454 δικαστηρίων
1663 3386 2024 3454 τηλικοῦτον

449 3478 783 3545 ρυθμιστὴν
824 3476 1263 3546 ἐζημιωμένων·
1314 3474 1362 3529 ὢ
1411 3477 1710 3545 σωτηρίου
1751 3476 1878 3544 τοῖς
1917 3477 2023 3532 ἀν-

447 3563 700 3634 θρώποις
734 3568 820 3633 είς
865 3565 1129 3635 οὐρανὸν
1167 3567 1662 3635 ἀναρπασθείσης
1708 3566 2018 3637 σαγήνης·

446 3656 493 3711 ὢ
517 3657 766 3727 δένδρου
819 3660 970 3728 πρὸς
1001 3658 1264 3727 οὐρανὸν
1301 3659 1403 3713 καὶ
1450 3659 1568 3730 γῆν
1606 3658 2018 3729 μερισθέντος,

447 3748 544 3801 καὶ
599 3746 676 3816 τῇ
700 3747 818 3817 μέν
870 3748 937 3802 τὸ
983 3748 1175 3817 σῶμα,
1215 3747 1296 3814 τῷ
1325 3748 1396 3802 δέ
1440 3748 1556 3817 τὴν
1588 3746 1802 3818 ψυχὴν
1830 3764 2021 3819 παρα-

442 3841 740 3909 σχόντος·
795 3840 866 3893 ἐν
908 3839 1074 3909 τάφῳ
1112 3839 1177 3893 τὸ
1222 3838 1333 3908 τῆς
1388 3842 1759 3908 Ἐκκλησίας
1798 3841 2022 3911 συγκέ-

442 3937 714 3988 κλεισται
739 3936 950 4002 στόμα.
972 3928 1107 4001 Οἶος
1129 3933 1438 4000 εὐσεϐείας
1454 3932 1782 4002 ἀνθρώπων
1801 3935 2020 4003 ὀφθαλο

2127 3299 2386 3361 divisam,
2418 3304 2466 3349 et
2511 3297 2629 3350 huic
2678 3297 2885 3366 quidem
2920 3314 3126 3368 corpus,
3175 3297 3257 3352 illi
3302 3315 3424 3353 vero
3468 3302 3707 3354 animum

2126 3389 2460 3444 tradentem!
2501 3386 2570 3442 0s
2609 3387 2857 3442 Ecclesia:
2900 3389 2955 3441 in
2999 3387 3239 3459 sepulcro
3288 3389 3549 3445 occlusum
3596 3391 3709 3445 est!

2129 3480 2374 3546 Quantus
2404 3477 2600 3532 ocellus
2631 3477 2843 3547 pietatis
2877 3492 2941 3531 ex
2974 3478 3245 3531 hominum
3284 3486 3561 3550 conspectu
3589 3494 3707 3532 ere-

2124 3579 2246 3642 ptus
2277 3570 2391 3624 est!
2426 3568 2547 3624 Non
2597 3576 2835 3622 mortuus
2868 3583 2943 3634 es,
2979 3567 3276 3622 beatissime
3303 3567 3486 3632 Pater,
3520 3567 3612 3622 sed
3650 3574 3708 3619 ut

2125 3663 2207 3717 sol
2247 3660 2526 3715 occidisti:
2571 3659 2807 3730 lugemus
2849 3666 2918 3724 te,
2942 3675 3047 3712 non
3093 3667 3149 3712 ut
3192 3665 3479 3723 mortuum,
3520 3659 3612 3712 sed
3651 3667 3708 3711 ut

2128 3754 2274 3809 nobis
2334 3750 2696 3806 absconditum
2749 3765 2768 3803 :
2816 3751 3103 3820 quierimus
3137 3756 3204 3814 te,
3254 3765 3357 3803 non
3405 3748 3553 3803 velut
3598 3751 3708 3804 vita

2129 3846 2388 3917 functum,
2425 3842 2517 3897 sed
2548 3851 2806 3912 tanquam
2847 3840 3110 3895 eleuatum
3139 3840 3195 3894 in
3222 3839 3428 3895 calum.
3468 3840 3559 3896 Sic
3591 3840 3708 3895 fere

2130 3936 2329 3991 tertius
2360 3936 2499 4005 (sive
2520 3933 2771 4005 quartus)
2797 3933 2959 3987 liber.

443 4030 555 4099 μός
576 4028 976 4097 ἀνηρπάσθη]
1010 4031 1092 4084 υὺ
1120 4028 1437 4096 τέθνηκας,
1463 4025 1512 4083 ὦ
1541 4029 1794 4099 μακάριε
1823 4030 2036 4100 Πάτερ,
2075 4031 2212 4087 ἀλλ’
2250 4031 2332 4097 ὡς
2365 4029 2541 4097 ἥλιος
2566 4027 2728 4091 ἕδυς.
2773 4029 2896 4095 Οὐχ
2926 4027 3007 4091 ὡς
3050 4027 3461 4091 ἀποθανόντος
3483 4024 3705 4094 ἀλγοῦ-

443 4140 573 4192 μεν,
605 4123 746 4177 ἀλλ’
771 4123 846 4187 ὡς
877 4121 1023 4191 ἡμῖν
1052 4120 1464 4191 κεκρυμμένου
1484 4137 1498 4150 ·
1533 4123 1646 4190 οὐχ
1703 4122 1786 4187 ὡς
1847 4122 2139 4178 τεθνεῶτα
2170 4122 2478 4193 ζητοῦμεν,
2514 4120 2649 4175 ἀλλ’
2684 4119 2765 4185 ὡς
2799 4120 2887 4185 είς
2949 4117 3247 4188 οὐρανοὺς
3303 4115 3703 4189 μεταστάντα.

456 4213 618 4268 Ἀλλὰ
645 4214 868 4269 τοιαῦτα
902 4214 1021 4285 μὲν,
1051 4214 1146 4267 καὶ
1175 4212 1204 4266 ὁ
1230 4213 1412 4284 τρίτος
1445 4213 1499 4283 (ἦ
1527 4214 1805 4285 τέταρτος)
1841 4214 2019 4285 λόγος.

525 4307 999 4378 Ἐγκωμιαστικοῦ
1026 4307 1085 4360 δὲ
1112 4306 1281 4360 τύπον
1308 4305 1400 4359 καὶ
1418 4307 1447 4358 ὁ
1465 4305 1722 4378 τέταρτος
1743 4307 2017 4372 διασώζει,

2198 4302 2439 4370 Quartus
2502 4300 2708 4370 pariter
2755 4298 3128 4354 encomiaslici
3196 4298 3429 4356 formam
3498 4315 3703 4370 servat.

444 4404 510 4456 ὲκ
533 4400 629 4455 τοῦ
660 4400 772 4453 δεῖν
814 4400 979 4471 τιμᾷν
1023 4396 1266 4468 πατέρας
1295 4396 1404 4451 τῶν
1432 4396 1672 4453 ἐπαίνων
1711 4397 2020 4469 ἀπαρχόμε·

2126 4396 2295 4452 ducto
2332 4392 2663 4448 laudationis
2689 4391 2846 4445 initio
2872 4406 2939 4446 ex
2961 4406 3028 4445 eo
3052 4390 3201 4460 quod
3235 4400 3488 4460 oporteat
3510 4410 3706 4463 paren-

447 4511 559 4560 νος,
586 4486 648 4546 οὗ
670 4495 788 4546 ἐστι
819 4493 914 4546 καὶ
941 4490 1145 4546 ταῦτα·

523 4674 755 4727 Τούτων
785 4671 904 4724 τῶν
945 4670 1244 4740 ποιμένων
1294 4666 1383 4735 εἷς
1428 4667 1526 4723 καὶ
1568 4670 1600 4721 ὀ
1643 4668 1949 4732 Ἰωάννης,
1980 4666 2019 4733 ἠ

444 4760 672 4826 ἄκακος
705 4762 980 4827 σύνεσις,
1007 4762 1040 4815 ό
1071 4761 1491 4829 πολυόμματος
1510 4756 1679 4823 νοῦς.
1713 4754 1824 4822 τῆς
1849 4757 2022 4824 εὐαγ-

446 4852 696 4921 τελικῆς
720 4835 1027 4921 ἐμπειρίας
1062 4852 1101 4919 ἠ
1128 4851 1369 4916 βίϐλος,
1397 4852 1430 4903 ὀ
1464 4846 1651 4917 κηροῦ
1672 4845 1822 4912 πρὸς
1850 4846 2021 4899 διαλ-

450 4949 635 5013 λαγὰς
658 4944 1165 5011 εὐπλαστότερος,
1194 4943 1259 4995 τὸ
1287 4940 1438 5009 πρὸς
1466 4940 1807 5010 χαρίσματα
1836 4942 2024 4993 πέλα-

451 5054 571 5105 γος,
602 5041 635 5091 ὀ
674 5038 827 5105 πρὸς
869 5035 1091 5101 δόλους
1125 5035 1558 5103 πολεμούντων
1590 5029 1886 5099 ἀκέραιος,
1915 5030 2025 5100 τῆς

459 5129 818 5196 Ἑκκλησίιις
877 5129 910 5180 ὀ
970 5127 1284 5195 περίϐολος
1318 5142 1331 5156 ·
1393 5122 1592 5188 οὐδεὶς
1650 5124 2026 5192 ὑποκρίσεως

453 5221 633 5273 αὐτόν
663 5219 1057 5275 διελάνθανεν
1075 5218 1231 5287 ὄφις.
1248 5217 1439 5271 Πόθεν
1464 5230 1561 5269 σοι
1576 5215 1791 5279 ,Βούλει
1819 5216 2021 5280 δείξω·

452 5327 564 5379 μεν
598 5312 700 5369 τὸν
742 5311 1031 5378 Ἰωάννην
1076 5307 1443 5377 aediﬁcator;
1497 5305 1591 5357 Ἐκ
1641 5304 2019 5374 φιλοξενίαςς

2129 4485 2279 4540 tibus
2334 4484 2598 4538 honorem
2660 4479 2942 4534 exhibere.
3001 4478 3127 4532 Haec
3188 4478 3316 4535 inde
3378 4479 3702 4553 deprompta

2127 4583 2256 4631 sunt.
2284 4592 2297 4627 :

2192 4666 2425 4720 Joannes
2452 4666 2638 4718 horum
2672 4667 2947 4732 pastorum
2984 4678 3118 4716 unus
3160 4663 3277 4731 fuit,
3314 4662 3559 4718 uoluntas
3590 4667 3703 4721 sine

2129 4756 2358 4819 malitia,
2394 4770 2539 4808 mens
2566 4752 2947 4815 oculatissima,
2974 4752 3288 4824 evangelicae
3318 4755 3520 4825 peritia:
3552 4754 3699 4816 liber.

2124 4846 2191 4911 “,
2218 4864 2336 4901 cera
2361 4847 2413 4900 in
2437 4862 2616 4899 omnes
2643 4844 2842 4914 formas
2868 4843 3307 4910 commutabilior,
3329 4844 3548 4916 pelagus
3580 4863 3703 4917 gra-

2126 4941 2343 5003 tiarum,
2387 4945 2573 4992 contra
2624 4936 2774 4991 dolos
2841 4938 3067 4991 hostium
3120 4937 3401 5007 infractus,
3455 4935 3703 4992 Ecclesia'

2124 5034 2509 5088 munimentum
2542 5048 2558 5086 :
2596 5029 2776 5084 nullus
2810 5029 2965 5083 illum
2987 5030 3313 5100 hypocriseos
3355 5043 3568 5099 serpens
3616 5029 3700 5082 la~

2126 5127 2244 5180 tuit.
2284 5123 2429 5179 Unde
2452 5124 2543 5177 tibi
2572 5124 2647 5176 vis
2679 5121 3096 5175 demonstremus
3133 5118 3396 5173 Joannem
3440 5116 3703 5190 singulari

2132 5217 2325 5269 honore
2389 5214 2651 5284 dignum?
2706 5212 2770 5266 ab
2820 5209 3225 5280 hospitalitate?
3255 5210 3449 5281 Ecquis
3498 5210 3703 5268 Joanne

2132 5308 2396 5362 amantior
2436 5307 2695 5376 hospitum
2718 5304 2742 5357 ?
2768 5322 2799 5359 a
2832 5306 3129 5363 constantia
3175 5306 3227 5359 in
3276 5304 3704 5375 defensionibus?

1717 5485 1955 5543 VARI/IS
1996 5484 2394 5542 LECTIONES.

516 5614 561 5683 ξ’
592 5612 739 5668 Edit.
797 5615 951 5683 prior
1004 5610 1708 5683 napauueioosSequimur
1742 5604 2074 5683 iectioucm,
2132 5620 2253 5683 qua:
2300 5609 2497 5683 gustat
2540 5602 2683 5683 apud
2730 5603 3006 5659 Piiotium.

3111 5603 3154 5635 ⁸³
3188 5601 3362 5657 Proul.
3415 5602 3701 5671 Scriptum:

448 5700 481 5738 ι
513 5681 617 5739 Deo
644 5672 939 5755 inspiratw,
976 5672 1251 5755 impolluta
1282 5672 1611 5747 bibliotheca,
1648 5678 1837 5732 dit'ina'
1868 5672 2566 5747 thesaurusintelligentia.
2597 5672 2762 5730 ΒΑΜ.
