4054 6138
324 207 398 272 57
1459 201 1894 260 AUCTARIUM

1991 225 2000 237 -
2029 203 2124 260 AD
2160 202 2334 263 TOM'.
2375 205 2462 265 ιν.
3513 173 3583 268 58

325 318 683 384 ﬁdis-ﬂuctus
713 313 945 369 transire
977 313 1093 368 ausi
1129 313 1280 380 estis,
1310 323 1369 369 ut
1401 327 1640 370 nostram
1673 317 1907 371 audiatis
1941 320 1985 374 Α
2081 316 2208 370 Vere
2238 319 2550 389 obstupescit
2579 319 2764 373 caelum
2791 321 2860 373 ad
2887 322 3002 383 hoc,
3034 327 3082 373 et
3112 320 3315 374 horruit
3355 321 3586 390 amplius

321 428 554 476 vocem,
598 423 762 479 quam
811 407 981 462 vestri
1034 407 1273 478 pastoris
1326 407 1476 462 vocis
1527 407 1759 480 efﬁgiem
1811 423 1910 478 pu-

323 505 479 558 tatis.

398 590 736 647 Desideratis
775 591 923 645 enim
964 589 1155 644 audire
1195 590 1466 660 iucundas
1509 590 1675 645 vestri
1727 600 1910 660 pasto-

320 685 400 739 ris
442 683 656 738 ﬁstulas
689 700 706 736 :
740 682 996 751 pastoris,
1035 697 1202 752 quem
1232 691 1483 750 pastores
1521 681 1656 736 socii
1690 682 1910 735 calamis

317 774 672 835 occiderunt,
712 780 772 826 ut
818 781 1035 843 putant,
1072 772 1140 826 ad
1180 787 1320 841 quos
1357 773 1502 828 Deus
1537 789 1636 843 per
1674 773 1909 843 prophe-

320 875 436 918 tam
489 864 686 917 clamat
735 881 750 916 :
801 864 1048 918 Pastores
1106 864 1260 918 multi
1303 874 1650 936 corruperunt
1696 865 1908 918 vineam

313 969 531 1015 meam,
584 952 995 1022 coinquinarunt
1041 953 1333 1023 portionem
1376 970 1577 1018 meant,
1625 961 1907 1024 posuerunt

309 1052 533 1112 partem
586 1059 758 1097 meam
804 1043 1202 1097 desiderabilem
1250 1045 1305 1097 in
1345 1045 1681 1099 solitudinem
1716 1045 1906 1115 imper-

313 1139 468 1192 viam
495 1134 547 1190 1‘.
585 1136 740 1190 Dicat
763 1135 831 1190 de
855 1135 1080 1204 ipsis,et
1100 1152 1198 1206 per
1221 1137 1388 1190 alium
1422 1137 1744 1206 prophetam
1772 1159 1786 1192 ;
1813 1137 1907 1193 Se-

311 1229 552 1283 cundum
575 1227 965 1281 multitudinem
996 1229 1230 1298 ipsorum
1261 1231 1334 1286 ita
1360 1237 1699 1299 peccaverunt
1728 1231 1853 1283 mihi
1887 1247 1899 1282 :

313 1321 550 1391 gloriam
585 1336 765 1373 eorum
795 1321 848 1372 in
875 1321 1222 1390 ignominiam
1251 1337 1444 1390 ponam
1477 1319 1518 1374 Ι.
1551 1321 1702 1376 Dicat
1725 1330 1781 1377 et
1808 1337 1906 1391 per

313 1412 487 1466 alium
525 1411 725 1465 iterum
760 1409 1082 1479 prophetam
1112 1428 1126 1463 :
1157 1410 1242 1466 Va:
1273 1410 1374 1479 ﬁlii
1405 1420 1680 1482 apostatae,
1712 1413 1904 1484 fecistis

311 1503 616 1568 consilium,
671 1512 721 1556 et
777 1519 880 1556 non
938 1518 1002 1556 ea:
1061 1519 1174 1569 me;
1230 1511 1280 1556 et
1327 1513 1503 1574 pacta,
1554 1512 1604 1558 et
1654 1521 1759 1558 non
1811 1521 1905 1575 per

312 1595 563 1664 spiritum
605 1609 808 1656 meum;
839 1599 896 1644 ut
933 1592 1199 1662 adjiciatis
1239 1604 1506 1662 peccatum
1538 1610 1696 1664 super
1723 1609 1904 1665 pecca-

311 1695 464 1748 tum;
495 1683 728 1735 conversi
756 1682 900 1745 estis,
928 1682 1017 1751 qui
1043 1681 1364 1750 profundum
1391 1681 1666 1736 consilium
1695 1681 1902 1736 consul-

316 1777 472 1838 tatis,
513 1782 558 1827 et
583 1775 839 1844 injustam
875 1785 936 1826 ω.
969 1773 1124 1828 Dicat
1151 1774 1221 1828 ad
1253 1789 1349 1829 eos
1375 1782 1431 1829 et
1461 1775 1628 1830 Isaias
1661 1792 1674 1829 ε
1712 1774 1900 1829 Manus

311 1869 455 1920 enim
471 1874 653 1920 vestra:
669 1864 884 1936 polluta:
904 1867 1313 1935 suntsanguine,
1335 1865 1490 1934 107
1512 1873 1560 1918 et
1576 1865 1725 1935 digiti
1744 1867 1900 1919 vestri

308 1959 540 2025 peccatis
578 1974 590 2008 :
625 1955 807 2026 lingua
847 1962 1022 2010 vestra
1067 1953 1242 2008 locuta
1283 1963 1357 2008 est
1397 1955 1734 2024 injustitiam,
1765 1963 1813 2008 et
1841 1972 1898 2010 os

310 2057 546 2102 vestrum
588 2050 922 2118 iniquitatem
960 2047 1268 2100 meditatum
1310 2053 1406 2100 est.
1440 2045 1630 2100 Nullus
1669 2045 1900 2117 loquitur

301 2139 482 2206 justo,
513 2140 636 2208 quia
669 2138 965 2208 concipiunt
1005 2135 1256 2200 laborem,
1289 2142 1339 2188 et
1381 2137 1598 2206 pariunt
1646 2137 1899 2206 iniquita-

311 2239 438 2282 tem.
472 2231 488 2249 ⁶
517 2228 626 2284 Ova
682 2229 923 2300 aspidum
977 2227 1346 2293 excluserunt,
1396 2235 1446 2281 et
1494 2226 1628 2282 telas
1681 2244 1896 2282 aranea:

307 2329 556 2376 texerunt
589 2332 638 2374 ιι.

379 2411 573 2465 Videte
613 2410 1016 2467 accusationem
1061 2410 1300 2477 malitiae,
1335 2420 1391 2467 et
1433 2412 1744 2482 putredinis
1779 2428 1894 2466 ma-

307 2503 438 2557 litia
466 2502 859 2568 indicium,ova
894 2502 1232 2572 aspidum,et
1255 2502 1390 2556 telas
1411 2517 1624 2558 aranea:
1660 2521 1672 2555 :
1699 2513 1892 2573 partus

303 2595 527 2664 quidem
554 2595 1143 2666 malitiam,conceptus
1171 2603 1355 2650 autem
1394 2595 1767 2651 inﬁrmitatem
1793 2597 1892 2651 ba-

306 2688 418 2743 bet.
443 2687 556 2743 Ova
585 2687 836 2757 aspidum
861 2688 1084 2742 malitiae
1116 2687 1362 2757 species;
1403 2687 1512 2742 tela
1551 2703 1766 2743 araneae
1799 2689 1886 2742 in-

305 2778 585 2834 ﬁrmitatis
625 2786 1011 2850 argumentum
1070 2788 1194 2844 est;
1246 2787 1302 2834 et
1374 2779 1668 2834 comedens
1721 2795 1887 2834 ovum

301 2885 496 2925 eorum
524 2869 896 2934 confractum,
931 2879 1190 2941 putamen
1231 2870 1460 2926 invenit.
1506 2871 1696 2926 Vidisti
1730 2871 1886 2926 mali-

305 2961 432 3015 tiam
474 2961 887 3016 inﬁrmantem?
929 2962 1112 3017 vidisti
1147 2961 1520 3017 oﬁ'endentem
1563 2976 1675 3016 non
1709 2962 1884 3024 allen-

302 3053 523 3108 dentem
543 3054 568 3106 '!
592 3052 774 3107 vidisti
802 3069 950 3118 eum,
979 3053 1072 3122 qui
1101 3052 1474 3122 impugnatur,
1517 3054 1885 3108 coronatum?

303 3153 354 3199 et
382 3147 471 3216 qui
499 3145 724 3200 comedit
753 3161 907 3199 ovum
938 3162 1120 3198 eorum
1149 3146 1501 3216 confractum,
1533 3147 1712 3200 urium
1749 3146 1891 3202 inve-

304 3237 618 3293 nit.Urium
653 3246 838 3292 autem
873 3246 954 3292 est
988 3237 1191 3307 aliquid
1226 3238 1436 3303 sterile,
1491 3237 1599 3293 hoc
1650 3245 1754 3304 est,
1791 3238 1892 3292 im-

306 3327 632 3397 perfectum.
682 3329 842 3393 Isaia,
893 3330 1176 3400 promulga
1219 3328 1381 3384 nobis
1417 3338 1476 3384 et
1513 3328 1732 3384 malitia:
1765 3343 1890 3398 spe—

310 3419 475 3473 ciem.
521 3419 591 3474 Et
631 3422 686 3474 in
726 3423 840 3492 ipso
883 3421 1175 3474 basiliscus.
1205 3420 1321 3476 Hoc
1375 3432 1558 3476 autem
1609 3421 1886 3488 mirabile,

303 3509 454 3579 quod
494 3509 782 3566 basiliscus
806 3511 864 3565 in
889 3511 1004 3574 illo,
1042 3520 1101 3566 et
1147 3511 1351 3575 urium,
1396 3512 1501 3566 hoc
1533 3519 1636 3577 est,
1679 3511 1884 3568 sterile.

305 3598 598 3657 Basiliscus
616 3611 801 3656 autem
823 3602 1084 3657 malitiam
1110 3602 1381 3672 signiﬁcat
1398 3619 1418 3668 ;.
1441 3601 1886 3672 quandoquidem

308 3687 534 3745 bestiola
566 3691 686 3746 haec
723 3692 968 3748 omnium
1017 3691 1295 3760 reptilium
1332 3690 1669 3746 ferocissima
1696 3699 1801 3756 est,
1833 3691 1885 3747 ei

304 3781 513 3835 confert
537 3781 765 3836 malitiae
794 3782 1080 3848 sobolem;
1105 3797 1296 3838 verum
1334 3790 1391 3837 et
1435 3781 1526 3836 illa
1570 3782 1686 3852 ipsa
1724 3782 1884 3837 urion

304 3882 404 3934 est,
437 3881 667 3942 propter
693 3871 1072 3928 inﬁrmitatem
1095 3873 1319 3930 malitiae
1347 3891 1358 3925 :
1391 3871 1771 3928 inﬁrmaenim
1800 3881 1885 3928 est

308 3965 528 4019 malitia.

367 4052 632 4122 Sequitur
663 4053 1102 4109 demonstratio:
1153 4052 1277 4108 Tela
1328 4068 1508 4105 eorum
1545 4069 1649 4105 non
1692 4052 1789 4105 erit
1826 4053 1882 4105 in

306 4147 707 4209 vestimentum;
752 4162 856 4199 non
895 4147 1036 4200 enim
1077 4147 1373 4200 vestiuntur
1404 4146 1468 4199 ab
1499 4144 1737 4214 operibus
1767 4160 1883 4196 ma-

310 4252 466 4289 nuum
503 4254 754 4290 suarum.
782 4237 1016 4303 Quare?
1063 4236 1200 4302 Quia
1229 4253 1390 4307 opera
1442 4235 1736 4305 injustitiw.
1789 4234 1882 4289 Dic

310 4324 539 4392 speciem
576 4324 882 4394 iniustitia}.
902 4325 1062 4378 Pedes
1092 4341 1274 4378 eorum
1305 4325 1361 4377 in
1397 4323 1600 4377 malum
1630 4328 1876 4376 currunt.
1911 4333 1956 4389 Ι)

309 4414 568 4470 Nimirum
598 4425 661 4470 ut
685 4416 890 4485 aliquid
921 4415 1032 4470 ﬁat.
1074 4415 1140 4469 Et
1169 4414 1367 4469 veloces
1405 4414 1473 4467 ad
1514 4413 1882 4485 effundendum

307 4508 629 4576 sanguinem.
663 4506 803 4572 Quid
841 4507 906 4560 ad
943 4507 1056 4561 lucc
1076 4507 1098 4560 ?
1120 4506 1399 4562 Cunctatio
1429 4513 1478 4558 et
1509 4504 1793 4575 infelicitas
1824 4505 1882 4559 in

309 4598 396 4649 siis
413 4614 612 4651 eorum.
639 4597 773 4651 Nam
795 4599 892 4652 vite
913 4613 1096 4651 eorum
1116 4607 1388 4664 tortuosae,
1412 4613 1550 4669 quas
1571 4601 1881 4662 transeunt,

307 4698 358 4742 et
379 4692 519 4743 riam
549 4692 696 4760 pacis
727 4691 1022 4744 nescierunt
1058 4697 1106 4743 ο.

372 4780 509 4834 Vere
536 4781 792 4835 lamentis
823 4781 987 4852 digna
1037 4789 1169 4836 sunt
1215 4781 1354 4842 haec,
1381 4779 1529 4852 quod
1563 4776 1881 4834 sacerdotes

306 4880 492 4926 conu’a
525 4874 842 4930 sacerdotes
875 4874 1004 4929 talia
1030 4873 1230 4928 dicant.
1277 4873 1474 4929 Verum
1496 4873 1602 4928 hoc
1627 4870 1880 4936 dicimus,

307 4977 416 5016 non
440 4965 583 5033 quod
620 4974 833 5018 tantum
878 4979 1200 5020 accusemus
1233 4964 1374 5029 illos,
1418 4972 1684 5036 quantum
1713 4961 1883 5019 vestri

307 5068 493 5108 curam
525 5058 784 5125 gerimus.
811 5056 879 5111 Et
901 5067 1024 5126 post
1045 5056 1151 5112 alia
1182 5075 1194 5110 :

361 5207 606 5280 lVJerem.
637 5230 733 5278 xu,
769 5214 852 5269 lO.
953 5212 972 5253 ι
1012 5215 1169 5272 Osee.
1212 5231 1284 5278 ιν,
1322 5217 1374 5270 7.
1481 5225 1519 5254 ω
1551 5216 1656 5275 lsa.
1681 5231 1804 5280 xxx,
1833 5216 1882 5270 l.

300 5291 328 5332 ς
357 5279 493 5337 ibid.
530 5284 615 5352 10,
649 5285 734 5340 ll.
809 5295 829 5322 τ
860 5285 964 5342 lsa.
989 5302 1076 5353 ιιι,
1118 5287 1206 5350 12,
1228 5285 1316 5340 22.

1965 5223 1992 5252 ιι
2015 5211 2117 5269 lsa.
2162 5226 2269 5278 le,
2299 5209 2354 5274 5,
2389 5209 2422 5263 5
2495 5213 2521 5244 °
2553 5203 2686 5261 ibid.
2715 5203 2770 5270 6,
2797 5203 2848 5259 8.

2013 417 2178 474 terra,
2211 411 2335 464 dicit
2375 411 2653 474 Dominus,
2696 412 2821 480 quia
2871 410 2973 463 duo
3021 412 3128 466 [nec
3167 410 3311 464 mala
3343 411 3460 480 fecit
3489 428 3586 481 po-

2014 501 2169 569 pulus
2215 503 2333 555 iste.
2376 503 2479 567 Me,
2517 504 2716 572 inquit,
2762 503 3174 573 dercliquerunt,
3205 505 3403 570 fontem
3435 522 3587 575 aqua:

2011 592 2158 654 vivae,
2191 602 2239 644 et
2269 593 2514 662 [oderunt
2545 595 2639 648 sibi
2659 597 2914 647 cisternas
2945 596 3181 660 detritus,
3216 613 3332 666 qua?
3361 613 3462 648 non
3496 613 3587 666 po-

2011 689 2188 734 terunt
2233 700 2429 753 aquam
2474 687 2745 738 continere
2776 694 2822 737 P.
2877 685 3029 738 Dicat
3067 685 3134 738 ad
3180 703 3276 740 eos
3308 677 3450 739 Deus
3487 702 3584 754 per

2007 773 2300 827 Jeremiam
2336 776 2660 844 prophetam
2701 794 2713 828 :
2745 778 2983 830 Transite
3014 778 3082 830 ad
3127 777 3329 830 insulas
3359 777 3581 842 Chetim,

2009 871 2059 916 et
2089 865 2277 930 videte;
2306 873 2355 917 et
2403 867 2457 918 in
2499 866 2670 920 Cedar
2701 869 2913 932 mittite,
2949 878 2997 920 et
3029 869 3356 922 considerate
3385 869 3511 922 bene
3538 873 3583 924 si

1977 955 2149 1023 'facta
2179 957 2284 1008 sint
2327 955 2481 1022 talia,
2515 957 2696 1028 qualia
2752 963 2882 1025 lucc,
2938 960 2983 1013 si
3035 959 3350 1014 mutaverint
3407 971 3581 1030 gentes

2006 1046 2127 1100 deos
2155 1063 2276 1100 suos
2301 1057 2352 1100 ει.

2081 1159 2318 1214 Transite
2365 1161 2436 1215 ad
2489 1162 2697 1216 insulas
2744 1161 2962 1218 Chetim.
3005 1162 3124 1218 Non
3155 1163 3343 1228 vultis,
3383 1165 3580 1233 inquit,

2005 1251 2150 1307 ferre
2174 1252 2340 1307 verba
2365 1269 2485 1307 mea
2510 1271 2525 1320 ;
2555 1269 2666 1308 non
2694 1254 2846 1310 fertis
2873 1255 3205 1324 prophetas;
3247 1271 3356 1309 non
3386 1258 3584 1326 accipi-

2007 1343 2077 1398 tis
2105 1343 2328 1414 legem;
2369 1360 2480 1398 non
2527 1345 2752 1401 creditis
2796 1345 3000 1400 divinis
3045 1345 3383 1416 Scripturis?
3434 1363 3584 1402 assu-

2006 1436 2138 1490 mite
2162 1435 2450 1505 gentilium
2482 1453 2685 1506 pueros
2714 1437 2769 1491 in
2799 1437 3095 1502 doctores;
3141 1438 3215 1492 ite
3264 1438 3330 1492 ad
3371 1447 3580 1508 gentes,

2003 1537 2060 1583 et
2079 1529 2274 1584 discite
2299 1529 2577 1598 quomodo
2599 1529 2850 1583 colantur
2871 1529 2938 1582 ab
2958 1529 3066 1583 illis
3091 1528 3167 1582 dii
3197 1529 3580 1598 putativi,cum

1933 1661 1978 1721 Β
2007 1637 2114 1674 non
2145 1621 2255 1676 sint
2283 1620 2359 1676 dii
2391 1639 2404 1675 :
2431 1621 2669 1674 Transite
2705 1620 2774 1674 ad
2803 1619 3006 1674 insulas
3037 1619 3265 1684 Chetim,
3304 1628 3352 1671 et
3395 1619 3582 1673 mittite

2003 1711 2059 1764 in
2089 1709 2280 1776 Cedar,
2313 1719 2361 1765 et
2392 1712 2518 1771 bene
2565 1712 2911 1775 considerate,
2971 1712 3016 1764 si
3069 1711 3211 1780 facta
3266 1712 3372 1764 sint
3422 1710 3576 1774 talia,

2001 1799 2183 1870 qualia
2225 1801 2371 1862 hac;
2411 1817 2536 1852 num
2582 1800 2900 1853 mutaverint
2933 1805 3109 1867 gentes
3153 1797 3274 1850 deos
3317 1798 3482 1849 suos?
3523 1804 3580 1851 et

2001 1888 2177 1956 quos?
2214 1897 2264 1940 et
2297 1886 2380 1941 illi
2411 1904 2514 1941 non
2539 1895 2662 1941 sunt
2689 1887 2780 1940 dii.
2815 1887 2883 1939 Et
2908 1901 3079 1954 quare
3113 1886 3230 1939 haec
3254 1885 3442 1938 dicis?
3473 1885 3576 1938 Po-

2002 1979 2156 2050 pulus
2183 1997 2326 2034 meus
2356 1981 2578 2034 mutavit
2594 1979 2819 2052 gloriam
2848 1995 3002 2032 suam
3027 1994 3045 2032 :
3072 1977 3216 2032 unde
3239 1977 3444 2030 nullam
3463 1976 3576 2030 uti-

2001 2073 2209 2129 litatem
2248 2073 2504 2144 accipiet.

2069 2185 2194 2240 Haec
2215 2193 2270 2240 et
2296 2185 2362 2240 de
2388 2184 2495 2239 illis
2525 2182 2778 2254 congruit
2797 2182 2923 2237 dici.
2964 2181 3163 2252 Pagani
3193 2181 3339 2250 ligna
3363 2188 3416 2235 et
3437 2180 3576 2250 lapi—

1997 2277 2096 2331 des
2118 2283 2465 2342 venerantes,
2487 2283 2547 2329 ut
2565 2274 3067 2345 lOﬁimmortalia
3097 2273 3190 2327 illa
3203 2275 3464 2351 salutant.
3490 2272 3570 2325 Tu

1994 2376 2202 2431 autem,
2239 2367 2346 2422 illis
2381 2367 2684 2437 praedicans
2707 2382 2770 2421 ea
2796 2365 3043 2420 venerari
3069 2380 3178 2418 non
3205 2364 3430 2427 debere,
3476 2362 3572 2417 scd

1995 2459 2173 2516 solum
2206 2466 2399 2514 verum
2430 2459 2624 2521 Deum,
2682 2459 2770 2528 qui
2831 2457 3098 2510 constituit
3128 2465 3324 2510 montes
3371 2456 3426 2508 in
3459 2462 3570 2508 sta-

1997 2558 2132 2613 tera,
2165 2557 2213 2601 et
2241 2548 2400 2603 silvas
2456 2550 2512 2602 in
2562 2548 2718 2611 libra,
2751 2558 2799 2600 et
2832 2549 3044 2601 metitur
3077 2563 3240 2600 manu
3277 2563 3494 2617 aquam,
3525 2554 3575 2599 et

1993 2641 2183 2695 caelum
2221 2640 2422 2711 palmo,
2459 2649 2507 2694 et
2538 2658 2747 2694 omnem
2780 2647 2978 2693 terram
3010 2637 3238 2710 pugillo;
3271 2639 3358 2708 qui
3387 2637 3576 2691 consti-

1993 2732 2090 2784 tuit
2120 2729 2306 2784 caelum
2329 2732 2478 2796 quasi
2509 2747 2802 2796 cameram,
2823 2731 2910 2800 qui
2935 2731 3164 2783 continet
3198 2729 3573 2782 rotunditatem

1989 2822 2158 2875 omnis
2210 2829 2381 2887 terrae,
2429 2829 2476 2874 et
2515 2821 2812 2876 habitantes
2841 2822 2896 2873 in
2925 2819 3022 2874 illa
3054 2820 3208 2890 quasi
3257 2819 3484 2872 locustas
3525 2827 3569 2877 ι’,

1990 2921 2044 2966 et
2077 2911 2244 2974 hunc,
2274 2911 2368 2980 qui
2397 2912 2580 2965 omnia
2623 2911 2790 2965 verbo
2823 2910 2973 2973 fecit,
3023 2919 3078 2963 ct
3113 2909 3273 2963 unica
3308 2907 3570 2962 momenti

1912 3003 1956 3065 C
1992 3003 2348 3058 inclinatione
2379 3002 2604 3058 exhibet
2627 3017 2692 3056 ea
2724 3017 2845 3070 quin
2883 3016 2992 3054 non
3039 3009 3188 3064 sunt,
3233 3007 3293 3053 ut
3339 3000 3476 3064 sint;
3517 3008 3574 3053 et

1993 3093 2148 3149 dedit
2174 3095 2260 3148 his
2291 3110 2412 3163 quae
2437 3109 2547 3148 non
2583 3100 2763 3155 erant,
2795 3099 2855 3145 ut
2885 3100 3090 3155 essent,
3120 3090 3234 3144 sola
3265 3089 3568 3152 voluntate;

1991 3182 2147 3252 quasi
2169 3182 2375 3236 oblitus
2392 3183 2591 3236 horum
2611 3181 2879 3243 omnium,
2900 3180 3248 3248 passionibus
3269 3179 3567 3233 obnoxium

1989 3271 2145 3337 facis,
2172 3280 2229 3326 et
2259 3272 2435 3341 legem
2481 3271 2663 3340 ponis,
2712 3279 2774 3324 ut
2809 3270 3074 3324 adoretur
3109 3269 3244 3323 Deus
3287 3268 3568 3340 passibilis.

2060 3347 2128 3417 Et
2149 3363 2340 3434 pagani
2362 3362 2607 3432 quidem,
2622 3369 2683 3415 ut
2706 3361 3028 3432 praedictum
3051 3369 3155 3421 est,
3182 3359 3424 3414 avaritim
3441 3374 3571 3414 ver-

1989 3455 2062 3510 bo
2085 3455 2252 3524 capti,
2289 3455 2454 3510 etiam
2477 3455 2681 3510 caelum
2703 3453 3043 3524 impassibile
3069 3460 3288 3514 vocant,
3319 3460 3374 3505 et
3397 3453 3568 3505 solem

1989 3542 2381 3612 impassibilem
2423 3543 2719 3613 appellant,
2750 3550 2806 3597 et
2829 3543 3014 3598 stellas
3067 3541 3405 3596 immortales
3461 3550 3568 3595 sta-

1988 3640 2172 3694 tuunt,
2203 3640 2261 3686 et
2292 3642 2490 3687 terram
2511 3647 2673 3700 quam
2694 3632 2927 3695 calcant,
2948 3631 3094 3686 inter
3107 3629 3240 3685 deos
3254 3637 3564 3684 numerant.

1986 3724 2096 3779 Nos
2114 3733 2299 3779 autem
2317 3722 2669 3788 invisibilem,
2687 3722 3067 3792 Unigenitum,
3096 3719 3569 3790 incomprehensi-

1985 3813 2174 3880 bilem,
2197 3813 2695 3884 inexcogitabilem,
2729 3812 3046 3882 passibilem
3091 3827 3214 3866 esse
3239 3808 3570 3866 credemus?

1985 3905 2154 3960 absit.
2184 3904 2438 3959 Salvator
2455 3911 2711 3958 nosteret
2724 3902 3074 3968 benefactor;
3113 3917 3183 3956 ne
3208 3902 3288 3956 sic
3303 3907 3567 3971 apostata:

1984 3996 2160 4051 simus
2179 3993 2516 4049 adorationis
2536 4001 2674 4060 tua;
2696 4008 2765 4048 ne
2785 3992 2865 4048 sic
2892 3993 3206 4062 ignoremus
3232 4001 3379 4046 tuam
3400 3999 3565 4044 natu-

1986 4101 2127 4150 ram,
2155 4099 2224 4138 ne
2257 4083 2338 4138 sic
2378 4081 2578 4152 ingrati
2609 4081 2783 4136 simus
2809 4081 2877 4135 de
2925 4081 3036 4135 tuis
3065 4079 3248 4145 donis,
3289 4094 3358 4134 ne
3389 4078 3567 4148 suspi—

1983 4192 2178 4232 cemur
2210 4174 2528 4245 passibilem
2580 4182 2830 4229 nostrum
2874 4173 3246 4235 liberatorem,
3279 4171 3373 4242 qui
3402 4187 3502 4225 nos
3532 4186 3566 4224 c

1985 4267 2339 4338 passionibus
2367 4265 2434 4321 ad
2474 4265 2966 4335 impassibilitatcm
2997 4263 3293 4326 transtulit,
3322 4272 3378 4317 et
3405 4262 3567 4316 nobis

1986 4357 2336 4430 passionibus
2362 4356 2616 4411 obnoxiis
2647 4354 3142 4424 impassibilitatem
3182 4353 3416 4421 largitus
3456 4360 3559 4404 est.

1985 4450 2138 4504 lianc
2170 4455 2228 4502 et
2261 4463 2364 4517 pro
2389 4447 2545 4500 vobis
2595 4445 2922 4514 legationem
2973 4442 3255 4498 aﬂ‘crimus
3281 4443 3392 4497 Deo
3425 4458 3438 4493 :
3471 4441 3560 4494 cui

1983 4541 2155 4614 gloria
2183 4539 2238 4593 in
2270 4539 2486 4594 saecula.
2523 4535 2696 4591 Amen
2718 4581 2734 4596 .

2543 4689 2692 4730 NOTAE
2732 4689 2976 4729 GARNEB"
2985 4712 2997 4725 .

2062 4767 2318 4824 Homilia.
2349 4764 2493 4832 Quin
2520 4765 2623 4819 ista
2651 4765 2724 4819 sit
2757 4761 3113 4825 Theodoreti,
3141 4761 3435 4832 nulluscst
3461 4759 3561 4811 du-

1990 4839 2200 4896 bitandi
2243 4831 2395 4892 locus
2425 4853 2437 4889 :
2469 4851 2596 4890 nam
2626 4835 2864 4888 refertur
2893 4831 2939 4864 ⁸ο
2968 4842 3025 4886 et
3053 4832 3104 4884 in
3134 4831 3374 4898 secunda
3410 4839 3560 4898 parte

1990 4891 2210 4966 concilii
2249 4891 2513 4981 Ephesini
2565 4905 2712 4981 inter
2759 4891 3562 4981 acta_couciliab_dli_Orienta-

1989 4981 2123 5035 lium
2144 5020 2159 5044 ,
2189 4988 2246 5033 et
2276 4969 2333 5031 in
2359 4995 2392 5032 v
2422 4975 2658 5046 synodo,
2709 4982 2816 5046 act.
2861 4972 3042 5046 5,_ubi
3077 4969 3560 5046 instituiturjudi-

1989 5040 2237 5106 cium'de
2267 5040 2600 5104 Theodoreti
2628 5043 2870 5113 scriptis.
2907 5042 3052 5097 Penc
3096 5041 3304 5110 integra
3325 5040 3563 5094 habetur

2961 5211 2988 5252 Ρ
3021 5203 3220 5258 Jerem.
3252 5216 3309 5266 ιι,
3344 5201 3430 5264 12,
3472 5199 3552 5253 15.

1565 5377 1799 5434 VARIA‘I
1839 5375 2240 5434 LECTIONES.

364 5496 413 5528 ⁸⁸
447 5495 587 5569 N_am
636 5499 882 5566 refertur.
917 5508 1036 5554 emt.
1069 5499 1165 5554 llis
1199 5498 1420 5569 quidem
1461 5499 1798 5569 argumentis

300 5567 647 5640 (inuitiyrilli
701 5580 753 5624 ct
803 5569 1131 5626 Theodoreti
1181 5567 1402 5624 nomine
1446 5567 1801 5640 eoltempore

295 5637 490 5708 synodi
515 5637 734 5708 quintae.

1885 5511 2041 5550 arum
2077 5494 2362 5549 inniterer.
2412 5491 2636 5548 Constat
2688 5490 2834 5547 enim
2878 5489 2983 5562 alia
3011 5486 3404 5562 _ctiam,._qu.'e
3449 5477 3560 5562 sub

1903 5568 2164 5624 rebantur
2213 5563 2446 5634 scripta,
2497 5563 2704 5617 inserta
2742 5576 2860 5617 esse
2911 5558 3054 5613 Actis
3104 5554 3459 5611 conciliorum
3500 5558 3564 5601 es
