4060 6180
316 341 400 401 65
1433 343 1901 402 AUCTARIUM.
1932 369 1996 377 --
2018 344 2116 402 AD
2149 344 2323 404 TOM.
2369 347 2462 404 1V.
3529 351 3600 413 66

321 454 528 510 Latine
563 465 795 510 tantum.
832 456 942 512 llos
966 458 1210 528 quinque
1235 458 1406 512 libros
1433 458 1843 512 Theodoretum
1890 458 2110 513 diabolo
2142 460 2434 530 instigante
2473 461 2778 530 scripsisse,
2813 463 2992 532 lepida
3035 472 3120 517 est
3157 465 3308 518 Marii
3339 465 3601 520 Mercato-

320 552 406 606 ris
427 552 721 617 sententia,
753 569 918 622 quam
959 553 1261 608 defendere
1309 570 1421 607 non
1455 554 1679 608 erubuit
1716 555 2038 619 Garrierius,
2085 571 2209 609 cum
2239 558 2355 610 sine
2395 559 2502 610 ulla
2541 557 2866 626 probatione
2891 569 3248 628 supponeret,
3286 559 3601 614 Theodore-

321 653 445 697 tum
479 644 534 697 in
564 644 654 697 his
684 643 841 697 libris
867 643 1071 715 Cyrillo
1094 644 1464 698 Alexandrino
1485 652 1541 698 et
1574 644 1828 697 Patribus
1855 645 2150 713 Ephesinis
2179 647 2444 699 maculam
2479 662 2768 717 aspergere
2802 647 3062 702 voluisse.
3101 649 3207 703 Sed
3240 649 3397 718 longe
3432 649 3596 702 aliam

319 739 498 794 fuisse
538 739 822 808 scriptoris
865 739 1037 793 nostri
1073 749 1333 804 mentem,
1379 739 1539 794 facile
1577 738 1847 809 intelliget
1891 741 1985 807 qui
2030 740 2333 810 fragmenta
2375 743 2474 796 ista
2511 743 2694 796 animo
2730 759 2756 797 a
2805 745 3204 813 praeconceptis
3244 745 3599 814 opinionibus

235 888 239 908 ι
319 833 505 887 libero
539 831 752 901 legerit.
793 833 993 886 Parum
1028 833 1082 885 in
1119 832 1221 886 hac
1249 848 1468 902 quoque
1495 848 1552 886 re
1575 833 1680 886 sibi
1710 842 1929 886 constat
1961 833 2284 898 Garnerius,
2307 836 2400 902 qui
2428 836 2535 889 alio
2559 835 2680 888 loco
2713 835 2996 906 (Auctarii,
3030 852 3082 904 p.
3108 837 3212 890 ‘256
3237 837 3369 890 edit.
3398 837 3594 906 Paris.)

236 917 240 934 ¹
320 924 543 988 statuit,
579 924 754 978 libros
793 923 870 976 De
899 923 1160 992 theologia
1191 931 1248 978 et
1276 923 1353 976 De
1393 925 1784 988 incarnatione,
1829 939 2065 993 quorum
2100 924 2480 978 Theodoretus
2510 926 2564 978 in
2605 926 2848 994 Epistula
2889 926 2955 979 ad
2991 926 3230 978 Leonem
3260 928 3597 981 mentionem

319 1013 478 1079 fecit,
507 1018 731 1071 eosdem
759 1035 882 1074 esse
907 1021 1174 1091 dialogos,
1212 1022 1304 1091 qui
1341 1021 1640 1076 Athanasio
1675 1022 1743 1075 ab
1766 1022 1887 1075 aliis
1919 1036 2208 1090 perperam
2234 1021 2576 1074 tribuuntur.
2613 1020 2841 1074 Mutavit
2874 1029 3057 1074 autem
3083 1020 3438 1082 sententiam,
3467 1035 3595 1073 cum

318 1107 381 1160 in
411 1111 787 1180 conjecturam
841 1112 1304 1174 incideret,-b:ec
1353 1113 1658 1184 fragmenta
1703 1123 1916 1182 partem
1962 1111 2297 1166 constituere
2319 1111 2528 1166 codicis
2569 1110 2972 1180 quadragesimi
3010 1109 3170 1174 sexti,
3201 1124 3365 1177 quem
3389 1108 3598 1176 legitet

315 1198 618 1269 descripsit
668 1202 919 1257 Photius.
971 1201 1162 1256 Simile
1194 1204 1419 1272 quidem
1460 1213 1844 1274 argumentum
1881 1221 1973 1258 sex
2012 1204 2262 1274 priorum
2306 1202 2438 1257 dicti
2473 1203 2682 1256 codicis
2715 1202 2981 1255 librorum
3029 1201 3197 1254 fuisse
3225 1199 3465 1262 videtur,
3500 1197 3596 1252 sed

320 1308 544 1357 vereor,
597 1309 664 1348 ne
720 1297 871 1365 justo
919 1296 1184 1351 audacius
1212 1295 1441 1365 vestigia
1473 1297 1574 1350 ista
1607 1305 1928 1366 persecutus
1953 1295 2023 1350 sit
2055 1295 2375 1360 Garnerius,
2411 1302 2505 1349 aut
2541 1293 2726 1364 potius
2751 1293 2953 1348 Marius
2975 1292 3263 1355 Mercator,
3292 1306 3457 1361 quem
3489 1290 3595 1345 du-

315 1398 442 1438 cem
479 1384 693 1439 habuit.
723 1387 966 1455 Uterque
996 1387 1145 1442 cnim
1172 1387 1381 1456 absque
1410 1388 1518 1441 ulla
1555 1387 1896 1442 haesitatione
1928 1388 2057 1440 huic
2087 1388 2170 1441 vel
2206 1387 2284 1440 illi
2322 1386 2630 1456 fragmento
2670 1385 2852 1440 locum
2903 1384 3225 1455 assignavit,
3251 1394 3308 1438 et
3337 1383 3489 1448 libri,
3525 1383 3595 1439 ad

318 1491 489 1545 quem
517 1477 712 1532 referri
738 1479 955 1542 debeat,
991 1495 1282 1534 numerum
1311 1480 1585 1549 ascripsit.
1614 1481 1724 1535 Nec
1766 1480 2041 1536 dubitavit
2069 1480 2370 1535 Carnerius
2406 1480 2492 1534 his
2522 1479 2843 1548 fragmentis
2867 1479 3087 1533 titulum
3123 1476 3424 1548 Pentalogii
3456 1477 3595 1547 adji-

316 1581 472 1632 cere,
511 1569 616 1622 etsi
647 1585 740 1623 sex
769 1569 976 1624 fuerint
1014 1570 1144 1624 libri
1198 1571 1365 1642 hujus
1399 1573 1730 1643 argumenti,
1763 1588 1902 1642 quos
1925 1573 1982 1626 in
2028 1573 2220 1629 codice
2263 1588 2365 1628 suo
2399 1587 2458 1628 se
2485 1573 2682 1642 legisse
2711 1579 2944 1627 testatur
2978 1569 3228 1626 Photius.
3263 1569 3321 1625 Si
3342 1569 3476 1640 quid
3505 1585 3595 1624 er—

321 1665 510 1710 ratum
542 1658 636 1721 sit,
673 1660 890 1728 culpam
921 1675 1139 1714 omnem
1170 1661 1434 1716 transfert
1461 1662 1516 1715 in
1543 1663 1822 1727 Pbotium,
1849 1678 2011 1733 quem
2041 1664 2176 1718 dicit
2204 1679 2373 1717 unum
2403 1664 2600 1718 borum
2635 1662 2902 1716 librorum
2932 1663 2987 1716 in
3017 1661 3156 1718 duos
3175 1661 3509 1718 dissolvisse.
3534 1659 3592 1714 Si

315 1747 396 1804 ita
416 1751 668 1821 judicare
710 1754 1074 1808 liceatcodice
1106 1770 1216 1809 non
1251 1756 1518 1826 inspecto,
1543 1772 1674 1811 sane
1717 1766 1898 1812 actum
1939 1765 2087 1813 esset
2113 1758 2180 1812 de
2232 1757 2412 1813 Photii
2447 1757 2578 1811 ﬁde.
2623 1756 2731 1812 Sed
2775 1756 3080 1812 rectissime
3128 1753 3589 1816 Montfauconius,

315 1855 384 1896 ut
429 1845 596 1898 animi
649 1846 925 1901 levitatem
972 1847 1028 1901 in
1057 1846 1327 1904 Garnerio
1363 1851 1502 1907 adeo
1547 1852 1906 1922 conspicuam
1956 1861 2236 1921 argueret,
2289 1851 2455 1905 simili
2484 1851 2774 1907 occasione
2812 1852 3050 1916 monuit,
3081 1852 3174 1905 vix
3215 1849 3369 1905 credi
3403 1858 3588 1919 posse.

318 1934 601 2001 Photium,
638 1935 695 1990 in
737 1937 1021 1993 codicibus
1067 1942 1490 2010 pertractandis,
1526 1945 1571 1998 si
1609 1945 1736 2015 quis
1782 1959 2024 2014 unquam
2051 1944 2216 2010 alius,
2243 1945 2705 2012 versutissimum,
2756 1959 2950 2000 errore
2998 1943 3212 2014 lapsum
3263 1955 3406 1997 esse.

3247 2161 3550 2182 με*

344 2153 2554 2185 mw

1409 2315 2428 2436 ΘΕΟΔΩΡΗΤΟΥ

834 2557 1632 2648 ΠΕΝΤΑΛΟΓΙΟΝ
1706 2563 1965 2647 ΠΕΡΙ
2036 2561 3038 2651 ΕΝΑΝΘΡΩΠΗΣΕΩΣ.

956 2901 1883 3016 THEODORETI
1951 2895 2981 3013 PENTALOGIUM

1565 3122 1660 3181 DE
1702 3119 2298 3180 INCARNATIONE.

390 3415 555 3468 Ἀλλὰ
581 3416 684 3486 μὴν
711 3413 981 3485 οἰκτείρας
1004 3415 1032 3466 6
1059 3414 1293 3485 Ποιητὴς
1321 3415 1419 3485 τὴν
1457 3415 1662 3468 οἰκείαν
1691 3417 1880 3470 εἰκόνα
1912 3421 1956 3479 Α

2055 3416 2214 3486 116
2227 3415 2519 3469 Enimvero
2541 3413 2834 3469 miseratus
2849 3413 3078 3470 Creator
3098 3412 3388 3484 imaginem
3412 3429 3566 3470 suam

309 3504 726 3579 πολεμουμένην
761 3508 855 3561 καὶ
899 3505 1110 3576 θανάτῳ
1151 3508 1690 3578 παραπεμπομένην,
1723 3508 1884 3562 ἔκλι-

1989 3509 2058 3564 ab
2108 3509 2266 3563 hoste
2313 3506 2569 3560 afﬂictam
2617 3506 2893 3575 mortique
2927 3504 3202 3559 addictam
3238 3522 3249 3558 :
3283 3504 3567 3560 Inclinavit

304 3614 414 3651 rer
438 3597 734 3665 οὐρανοὺς
757 3597 859 3651 καὶ
888 3599 1106 3665 κατέϐη
1128 3615 1140 3628 ο
1169 3599 1229 3650 οὐ
1256 3597 1416 3650 τόπον
1455 3597 1690 3667 ἀμείψας
1721 3598 1882 3670 (πλη-

1986 3599 2159 3663 εωιοε,
2189 3607 2238 3652 et
2285 3598 2546 3652 descendit
2576 3609 2631 3662 a;
2683 3612 2795 3650 non
2839 3597 3060 3666 quidem
3098 3597 3278 3650 locum
3313 3605 3563 3660 mutans,

310 3692 395 3759 ροῖ
422 3689 611 3759 γὰρτὰ
631 3691 978 3760 σύμπαντα),
1010 3689 1144 3744 ἀλλὰ
1175 3690 1539 3757 συγκαταϐὰς.
1567 3690 1882 3744 Κατάὸασιν

1985 3706 2109 3746 cum
2134 3691 2357 3760 impleat
2381 3689 2586 3754 omnia,
2617 3688 2711 3742 sed
2737 3687 3204 3743 condescendens.
3233 3688 3565 3742 Descensum

306 3783 419 3854 γὰρ
459 3784 686 3853 νοοῦμεν
747 3783 846 3854 τὴν
889 3785 1319 3853 συγκατάϐασιν.
1378 3785 1488 3837 Καὶ
1547 3785 1880 3856 παρθενικὴν

1984 3781 2184 3851 quippe
2218 3781 2573 3846 intelligimus
2597 3779 3051 3834 condescensum.
3087 3779 3154 3832 Et
3182 3780 3358 3833 electo
3393 3777 3565 3848 virgi-

305 3873 468 3942 νηδὺν
501 3874 858 3944 ἐκλεξάμενος
894 3876 1062 3946 κόρης
1092 3876 1252 3944 ἁγίας
1292 3875 1385 3928 καὶ
1414 3876 1664 3945 εὐσεϐείᾳ
1694 3892 1880 3929 συντε-

1981 3873 2092 3926 nali
2121 3882 2277 3928 utero
2305 3873 2497 3942 puella:
2523 3880 2726 3926 sancta:
2761 3869 3062 3939 pietatique
3093 3868 3399 3932 innutritze,
3429 3883 3563 3922 voce

305 3966 650 4036 θραμμένης,
680 3967 747 4019 δι’
780 3967 1075 4038 ἀγγελικῆς
1115 3970 1298 4038 φωνῆς
1329 3968 1755 4038 προμηνυσὰσης
1787 3969 1879 4022 τὸν

1983 3963 2227 4034 angelica
2267 3972 2482 4032 partum
2521 3960 2946 4032 praenuntiantc,
2997 3959 3330 4028 modumque
3359 3975 3557 4015 conce-

301 4054 482 4119 τόκον,
539 4057 634 4108 καὶ
679 4057 780 4125 τῆς
829 4057 1138 4128 συλλήψεως
1182 4059 1599 4127 ἐρμηνευσάσης
1659 4059 1748 4112 τὸν
1789 4059 1880 4111 ἁν-

1981 4055 2187 4133 ptionis
2222 4054 2556 4110 ineffabilem
2593 4053 3010 4122 interpretante,
3054 4057 3216 4118 atque
3252 4050 3353 4104 hac
3387 4050 3561 4120 expli-

302 4147 634 4216 ερμήνευτον
668 4147 888 4217 τρόπον,
919 4151 1013 4200 καὶ
1053 4148 1153 4215 τῆς
1186 4148 1453 4219 παρθένου
1493 4149 1585 4202 τὸν
1616 4149 1777 4219 φόϐον
1811 4151 1876 4220 τῇ

1982 4143 2198 4197 cationc
2232 4153 2439 4197 metum
2473 4141 2703 4212 virginis
2735 4141 3002 4202 solvente,
3035 4138 3362 4210 ingreditur,
3400 4153 3466 4193 ac
3489 4139 3563 4193 si-

301 4237 570 4308 ἑρμηνεεᾳ
589 4238 849 4308 λυσάσης,
879 4238 1305 4304 εἰσοικίζεταίτε
1334 4241 1426 4294 καὶ
1455 4240 1578 4292 ναὸν
1603 4241 1750 4312 αὐτῷ
1781 4259 1878 4294 κα-

1980 4233 2152 4289 bimet
2187 4241 2456 4305 prtcparat
2492 4234 2753 4302 templum
2776 4273 2790 4297 ,
2831 4232 3092 4304 ﬁngitque
3123 4231 3558 4296 tabernaculum,

301 4327 649 4393 τασκευάζει,
686 4329 784 4382 καὶ
815 4330 914 4399 τὴν
948 4331 1228 4401 ἄσπαρτον
1279 4331 1372 4385 καὶ
1425 4332 1686 4404 ἁνήροτον
1745 4347 1878 4403 σκη-

1279 4331 1372 4385 καὶ
1425 4332 1686 4404 ἀνήροτον
1745 4347 1878 4403 σκη-
1981 4341 2159 4396 neque
2187 4337 2384 4391 satum,
2411 4339 2590 4394 neque
2618 4334 2853 4379 aratum.

301 4419 400 4488 νὴν
426 4421 440 4450 “
475 4420 812 4475 διαπλάττει.

384 4511 604 4584 Ἐπειδὴ
651 4515 746 4567 καὶ
789 4517 817 4566 6
861 4514 1074 4585 πρῶτος
1121 4514 1428 4585 ἄνθρωπος,
1464 4516 1492 4567 6
1531 4516 1594 4586 τῇ
1632 4515 1877 4586 ἁμαρτίᾳ

2047 4505 2316 4571 Quoniam
2356 4519 2489 4560 vero
2520 4505 2674 4574 prior
2706 4504 2894 4568 homo,
2937 4505 3030 4573 qui
3074 4505 3286 4574 primus
3333 4516 3557 4574 peccato

299 4604 518 4675 πρῶτος
560 4605 876 4671 δουλεύσας,
924 4607 1154 4676 ἀπάτωρ
1211 4605 1494 4675 ἐτύγχανε,
1562 4606 1772 4678 μητέρα
1818 4606 1876 4658 δὲ

1978 4598 2228 4662 servivit,
2277 4600 2394 4653 sine
2428 4607 2584 4667 patre
2619 4595 2852 4659 exstitit,
2898 4596 3178 4664 solamque
3211 4604 3416 4651 terram
3455 4595 3555 4649 ha-

303 4694 472 4764 μόνην
525 4689 638 4764 εἶχε
697 4695 797 4765 τὴν
845 4694 985 4764 γῆν·
1022 4695 1236 4746 Ἕλαϐε
1272 4694 1400 4763 τήν),
1439 4693 1625 4764 φησὶν,
1661 4698 1692 4748 ό
1730 4695 1874 4760 Θεὸς

1977 4690 2100 4744 buit
2125 4705 2224 4760 pro
2260 4696 2431 4743 matre
2459 4707 2470 4741 :
2503 4688 2712 4758 Accepit
2744 4687 2882 4740 enim
2921 4685 3060 4740 Deus
3099 4685 3267 4740 lutum
3297 4687 3359 4739 de
3389 4693 3553 4750 terra,

298 4757 452 4852 ᾇοῢλ·
630 4757 918 4855 τῆς-γῆξξ
962 4785 1058 4838 καὶ
1099 4757 1355 4839 salacis—
1503 4757 1872 4851 ’ἅνθρωπογῖ

1948 4791 1950 4801 ’
1983 4791 2032 4836 et
2065 4757 2310 4852 formavit
2338 4782 2599 4834 hominem
2630 4757 2694 4846 15;
2732 4779 2878 4834 unde
2905 4787 2960 4832 ct
2990 4777 3184 4832 beatus
3217 4778 3422 4834 Paulus
3440 4777 3551 4830 ait:

297 4875 381 4928 διὸ
413 4876 508 4928 καὶ
546 4877 574 4928 6
620 4875 890 4946 μακάριος
928 4875 1141 4938 Παῦλός
1180 4890 1371 4944 φησιν·
1420 4873 1482 4926 '0
1515 4873 1746 4941 πρῶτος
1773 4873 1875 4927 ἅν-

1981 4873 2194 4928 Primus
2224 4872 2375 4926 homo
2406 4871 2467 4924 de
2491 4880 2636 4946 terra
2667 4878 2904 4924 terrenus
2939 4881 2958 4908 ε
2986 4887 3002 4934 ;
3041 4870 3162 4924 ideo
3211 4869 3553 4940 unigenitum

296 4969 532 5033 θρωπος
562 4967 630 5020 ἐκ
678 4967 790 5036 γῆς
839 4968 1070 5034 χοϊκόςο
1106 4965 1298 5019 τούτου
1334 4965 1493 5036 χάριν
1525 4967 1553 5018 6
1581 4964 1876 5035 μονογενὴς

1981 4963 2078 5017 Dei
2125 4961 2388 5027 Verbum,
2443 4962 2740 5030 assumptis
2784 4978 2850 5015 ex
2899 4960 3120 5030 Virgine
3172 4961 3286 5015 sola
3347 4968 3554 5014 naturae

297 5055 394 5108 τοῦ
431 5057 567 5108 θεοῦ
596 5057 764 5125 Λόγος
794 5059 856 5109 ὲκ
887 5058 1164 5128 Παρθένου
1201 5057 1366 5126 μόνης
1390 5056 1489 5118 τὰς
1527 5054 1628 5124 τῆς
1653 5054 1873 5108 διαπλά-

1979 5056 2294 5129 principiis,
2337 5063 2623 5126 postquam
2671 5056 2932 5124 templum
2981 5069 3091 5107 non
3129 5069 3294 5106 manu
3349 5051 3552 5107 factum

297 5165 439 5210 σεως
491 5146 666 5200 λαϐὼν
733 5148 1006 5218 ἀφορμὰς,
1056 5150 1154 5202 καὶ
1209 5147 1384 5217 τούτῳ
1427 5146 1505 5217 τῷ
1546 5147 1732 5216 τρόπῳ
1782 5146 1873 5200 τὸν

1979 5149 2229 5220 perfecit,
2263 5148 2476 5218 sibique
2505 5147 2798 5216 copulavit,
2838 5143 3049 5213 prodiit.
3077 5158 3145 5197 ex
3184 5143 3425 5214 Virgine,
3464 5158 3553 5197 zo-

295 5239 650 5309 ἀγεώργητον
705 5241 828 5294 ναὸν
877 5241 1310 5312 δημιουργήσας,
1363 5239 1457 5291 καὶ
1524 5238 1701 5309 ἑαυτῷ
1750 5256 1872 5291 συν-

1980 5257 2107 5296 nam
2137 5240 2460 5312 virginalem
2501 5252 2679 5306 neque
2711 5233 3069 5304 conceptione
3106 5233 3344 5298 solvens,
3373 5246 3549 5301 neque

295 5331 462 5399 ἅψας,
494 5330 734 5400 πρόεισιν
790 5333 857 5384 ὲκ
911 5333 1011 5401 τῆς
1067 5331 1368 5401 Παρθένου,
1412 5329 1512 5402 τὴν
1537 5330 1870 5402 παρθενικὴν

1979 5332 2332 5404 generatione
2367 5329 2722 5399 diﬂ'ringens,
2759 5325 2854 5382 sed
2897 5325 3268 5398 incorruptam
3301 5336 3546 5388 servans,

365 5501 388 5528 ι
410 5489 554 5544 Psal.
587 5506 714 5553 xvu,
748 5490 834 5544 lO.
903 5489 931 5529 δ
971 5487 1107 5545 Gen.
1138 5504 1195 5553 ιι,
1221 5487 1271 5541 7.
1352 5497 1374 5526 ο
1403 5485 1574 5542 lCor.
1605 5501 1694 5550 xv,
1725 5486 1812 5540 47.

1576 5619 1814 5676 γΑῐιιιΕ
1853 5617 2246 5675 LECTIONES.

377 5763 391 5795 ⁸
422 5763 518 5834 τὴν
550 5764 684 5818 dan.
719 5763 814 5818 καὶ
840 5763 923 5818 ἀν.
959 5779 1044 5817 σκ.
1076 5760 1134 5816 ld
1172 5770 1274 5826 est,
1317 5759 1436 5814 sine
1462 5757 1568 5812 viri
1593 5772 1780 5830 opera.
1814 5756 1981 5814 Gauri.
