4054 6138
221 270 295 336 73
1288 263 1793 337 ,AUCTARIUM.
1832 288 1903 299 —-
1940 263 2039 322 AD
2075 261 2252 322 TOM.
2294 262 2389 322 IV.
3396 257 3475 321 «τι

226 385 367 457 μόνα
411 380 507 434 καὶ
553 379 790 449 φύλακα,
838 380 937 445 τὰς
975 382 1234 452 ἐννόμους
1282 381 1475 451 ἑορτὰς
1532 379 1802 453 ἑορτάζει,

1876 431 1881 441 ,
1909 377 2221 441 custodem;
2245 377 2521 447 legitimos
2549 377 2791 432 celebrat
2822 377 2940 433 dies
2968 378 3156 443 festos,
3192 377 3396 432 assidet
3424 378 3477 432 in

223 471 581 546 προσεδρεύει
607 471 685 543 τῷ
730 473 883 544 ἱερῷ,
905 473 1005 545 τὴν
1038 474 1341 545 ἰουδαῖκὴν
1370 473 1584 543 ἐλέγχει
1628 475 1803 543 παχύ·

1904 471 2129 540 templo,
2155 468 2441 527 Iudaicam
2476 468 2757 539 redarguit
2788 470 3121 534 tarditatem,
3148 469 3313 539 idque
3340 470 3480 523 duo-

220 584 381 637 τητα,
413 564 509 618 καὶ
536 563 698 617 τοῦτο
741 567 890 617 ποιεῖ
925 563 1247 618 δυοκαίδεκα
1284 565 1421 627 τέως
1450 564 1544 636 ἔτη
1568 564 1806 633 γεγονὼς

1903 562 2080 616 decim
2129 577 2305 618 annos
2348 573 2539 631 natus;
2588 564 2857 633 quaeritur
2894 577 2923 616 a
2966 560 3311 633 parentibus,
3355 574 3480 613 eum

223 658 366 727 μόνα
409 654 551 726 μετὰ
582 653 674 707 τὸν
703 654 893 719 τόκον,
933 655 1276 725 ὲπιζητεῖται
1318 655 1469 726 παρὰ
1500 654 1610 709 τῶν
1641 670 1808 725 προσ-

1905 652 2131 707 relictus
2185 664 2359 721 esset;
2411 656 2946 726 arguituramatre,
2999 669 3058 708 se
3113 652 3380 715 defendit,
3428 659 3484 706 et

215 748 469 817 ηκόντων
496 744 864 813 ἀπολειφθεὶς,
894 745 1205 813 ἐγκαλεῖται
1253 744 1404 815 παρὰ
1432 742 1529 813 τῆς
1584 742 1807 814 μητρὸς.

1908 745 2171 815 paulatim
2219 761 2373 801 suam
2426 748 2581 816 quasi
2633 747 2875 801 denudat
2928 745 3286 799 divinitatem.
3345 737 3482 799 (lum

220 838 602 905 ἀπολογεῖται,
618 836 711 888 καὶ
724 838 757 905 ἡ
767 836 822 906 ρέ
832 853 906 905 μα
928 850 1045 899 πως
1074 837 1422 906 παραγυμνοῖ
1437 836 1536 905 τὴν
1552 835 1800 904 θεότητα.

1910 834 2055 889 enim
2088 834 2293 890 diceret
2330 850 2346 889 :
2378 836 2599 891 Scitisne
2649 838 2788 906 quod
2826 839 2882 890 in
2912 838 2990 891 his
3019 852 3135 906 qua
3176 835 3354 889 Patris
3385 836 3485 888 mei

215 931 343 981 Οὐκ
389 926 593 979 οῑδατε
613 926 655 957 ¹¹
675 926 803 995 γὰρ,
844 926 1029 995 φησὶν,
1070 924 1159 978 ὅτι
1183 924 1253 978 ἐν
1280 923 1405 991 τοῖς
1429 924 1537 979 τοῦ
1576 925 1805 993 Πατρός

1908 933 2050 988 sunt,
2085 940 2165 977 me
2198 941 2308 979 esse
2336 935 2574 998 oporteat
2606 928 2670 981 It?
2697 927 2937 982 ostendit
3000 942 3058 981 se
3082 942 3193 980 non
3223 926 3485 981 exsistere

216 1036 340 1085 μου
376 1016 474 1069 δεῖ
495 1012 652 1070 εἶναι
672 1033 784 1085 pe;
807 1017 1023 1079 δεικνὺς
1051 1016 1127 1079 ὡς
1156 1017 1216 1069 οὐ
1262 1016 1422 1086 μόνον
1446 1016 1563 1069 ἐστὶ
1592 1015 1651 1068 τὸ
1674 1014 1804 1085 όρὼο

1912 1014 1966 1067 id
2016 1014 2217 1076 solum,
2265 1017 2411 1086 quod
2448 1017 2622 1072 oculis
2653 1019 2921 1083 cernitur,
2968 1017 3063 1071 sed
3102 1017 3273 1070 latere
3321 1016 3376 1069 in
3420 1030 3486 1069 eo

221 1124 411 1177 μενον,
443 1105 580 1160 ἀλλὰ
612 1107 705 1159 καὶ
733 1105 865 1168 Θεὸς
908 1106 966 1159 ὲν
987 1103 1067 1175 τῷ
1096 1104 1358 1175 ὁρωμένῳ
1407 1104 1805 1174 κρυπτόμενος,

1912 1105 2060 1173 quod
2089 1108 2440 1175 cernebatur,
2475 1109 2671 1175 Deum,
2696 1108 2790 1177 qui
2824 1117 2950 1164 ante
2982 1117 3199 1178 tempus
3221 1114 3384 1176 atque
3421 1121 3486 1159 ex

222 1197 329 1251 ΰπέ
339 1213 565 1267 ρχρονος
588 1197 680 1250 καὶ
709 1196 1038 1264 προαιώνιος
1060 1198 1125 1248 ὲκ
1146 1196 1241 1249 τοῦ
1271 1195 1484 1267 Harpe;
1507 1193 1805 1266 προελθών.

1914 1195 2065 1249 omni
2114 1199 2421 1253 aeternitate
2471 1214 2500 1252 a
2559 1199 2719 1254 Patre
2779 1200 3133 1269 processerit.
3175 1198 3305 1265 Quae
3356 1211 3490 1251 vero

226 1287 307 1341 Τὰ
338 1288 394 1340 δὲ
448 1288 577 1357 ἑξῆς
618 1289 718 1357 τῆς
762 1287 1083 1358 Θεανδρικῆς
1119 1287 1284 1341 αὐτοῦ
1331 1287 1605 1351 πολιτείας
1649 1286 1810 1341 πάλιν

1918 1289 2181 1361 deinceps
2212 1294 2443 1349 ut‘Deus
2468 1301 2521 1348 εἰ
2564 1292 2729 1349 homo
2765 1294 2959 1364 egerit,
2988 1291 3371 1363 exEvangelio
3403 1288 3486 1343 di-

229 1378 292 1431 ὲκ
322 1377 416 1432 τοῦ
452 1377 787 1447 Εὑαγγελίου
820 1376 1201 1449 μαθησόμεθα.

655 1377 787 1431 ελίου
820 1376 1201 1449 μαθησόμεθα.
1914 1395 2078 1438 scere
2107 1383 2256 1439 licet.

303 1609 347 1641 "
376 1606 514 1662 Nam
548 1602 826 1677 quomodo
846 1647 860 1671 ,
918 1604 1131 1678 inquit,
1176 1602 1363 1663 Patris
1387 1606 1615 1679 aequalis
1647 1627 1745 1681 per
1774 1609 2067 1670 essentiam
2092 1613 2329 1678 exsistit,
2364 1612 2457 1683 qui
2489 1613 2765 1684 perfectus
2794 1629 2905 1668 non
2932 1615 3052 1669 est?
3084 1612 3317 1669 Videtur
3334 1609 3493 1666 enim

228 1698 502 1769 sapientia
527 1698 824 1766 prolicere;
854 1713 978 1752 cum
1008 1698 1170 1754 Pater
1199 1701 1293 1769 qui
1320 1701 1470 1755 nullo
1497 1702 1761 1772 indigeat,
1790 1721 1894 1760 nec
1918 1706 2222 1776 profectum
2247 1706 2521 1760 admittat.
2552 1706 2992 1760 Percontandum
3022 1721 3091 1760 ex
3114 1705 3210 1759 Dei
3235 1705 3494 1759 adversa-

227 1791 358 1851 riis,
410 1788 476 1843 de
528 1802 766 1858 quonam
810 1787 945 1842 illud
997 1789 1208 1845 dictum
1253 1800 1468 1860 putent,
1518 1792 1833 1861 Proﬁciebat
1865 1797 2128 1866 sapientia
2158 1804 2209 1849 et
2254 1795 2482 1866 gratial.
2542 1796 2708 1851 Plane
2735 1795 3052 1860 dicent,~de
3091 1795 3221 1849 Jesu
3251 1794 3495 1848 Christo.

226 1878 321 1932 Ad
356 1878 488 1941 haec,
537 1877 785 1931 omnium
831 1876 1258 1943 dementissimi,
1313 1895 1630 1949 quemnam,
1676 1898 1740 1936 ae
1784 1885 2022 1956 cujatcm
2061 1884 2267 1954 putatis
2293 1900 2413 1938 esse
2434 1884 2716 1939 Christum
2750 1884 2818 1937 de
2841 1899 2951 1953 quo
2980 1892 3069 1938 cst
3093 1883 3256 1937 Luce
3280 1882 3500 1937 sermo?

228 1968 372 2024 Nam
427 1968 473 2023 si
518 1982 647 2021 eum
695 1983 1043 2023 communem
1098 1970 1380 2025 hominem
1422 1987 1543 2027 esse
1595 1973 1843 2040 creditis,
1895 1991 1959 2031 ac
1989 1975 2259 2046 ejusmodi
2293 1975 2620 2029 existimatis
2661 1982 2721 2029 ut
2754 1974 2891 2027 nihil
2916 1974 3117 2028 habeat
3149 1972 3495 2043 supra-alios,

226 2057 491 2129 proficiat
518 2063 575 2110 et
598 2057 713 2126 ipse
745 2063 807 2111 ut
829 2058 1017 2112 homo.
1049 2058 1147 2114 Sin
1173 2068 1357 2114 autem
1385 2060 1531 2115 Deus
1554 2070 1639 2115 est
1684 2060 1863 2117 factus
1885 2062 2073 2128 homo,
2114 2064 2483 2132 Verbumquc,
2518 2064 2597 2118 uti
2621 2064 2886 2133 scriptum
2912 2063 3254 2139 est,.factum
3278 2079 3498 2127 caro-;

237 2169 544 2222 quemnam
587 2152 897 2223 profectum
939 2149 1236 2219 suscipiet?
1291 2159 1386 2205 aut
1433 2152 1710 2220 quomodo
1755 2154 1864 2208 erit
1911 2154 2268 2224 imperfectus
2321 2154 2415 2224 qui
2444 2155 2516 2208 sit
2543 2154 2771 2224 aequalis
2794 2155 2939 2209 Deo?
2970 2156 3105 2209 Nam
3138 2164 3195 2210 et
3217 2155 3370 2210 illum
3394 2157 3500 2210 im-

230 2240 548 2312 perfectum
586 2256 708 2296 esse
759 2245 1000 2309 oportet,
1052 2238 1146 2291 cui
1194 2246 1280 2292 est
1331 2240 1578 2308 aqualis,
1635 2240 1682 2295 si
1729 2257 1820 2296 res
1862 2241 1937 2297 ita
1968 2258 2026 2297 se
2047 2243 2259 2297 habent
2295 2252 2355 2297 ut
2379 2259 2479 2298 vos
2503 2243 2708 2299 dicitis.
2743 2243 2839 2299 Sin
2866 2256 3050 2300 autem
3082 2261 3179 2301 vos
3199 2263 3417 2318 quoque
3447 2248 3501 2302 id

231 2349 367 2389 eum
394 2332 626 2397 sentire,
657 2341 772 2386 tum
801 2330 985 2384 dicere
1009 2328 1239 2398 impium
1264 2330 1534 2398 reputatis
1568 2329 1905 2401 (perfectum
1929 2333 2080 2388 enim
2110 2334 2328 2389 Patrem
2354 2349 2477 2388 esse
2507 2333 2851 2403 admittitis),
2882 2327 3190 2405 perfectum
3217 2338 3382 2391 etiam
3403 2352 3503 2391 ne-

230 2445 394 2484 cesse
436 2435 522 2481 est
569 2423 898 2481 existimetis
926 2420 1149 2486 Filium,
1184 2421 1278 2490 qui
1321 2421 1374 2477 ei
1416 2423 1641 2491 aequalis
1671 2423 1761 2477 sit.
1802 2423 1922 2478 Non
1948 2439 2078 2495 ergo
2107 2440 2172 2479 ea
2197 2424 2429 2489 ratione,
2454 2439 2562 2494 qua
2586 2425 2829 2480 Verbum
2854 2432 2959 2489 est,
2984 2424 3190 2481 dicitur
3210 2427 3501 2498 preficere,

232 2522 337 2577 sed
363 2502 473 2591 qua
499 2519 677 2573 factus
701 2526 785 2572 est
813 2517 1000 2582 homo,
1032 2523 1088 2570 et
1110 2524 1363 2570 naturam
1388 2516 1622 2586 gestavit
1647 2533 1768 2587 quae
1797 2518 1973 2588 possit
2003 2517 2292 2588 proiicere.
2321 2519 2413 2573 Ait
2439 2518 2677 2587 quodam
2698 2519 2825 2574 loco
2838 2520 3049 2575 Paulus
3071 2520 3138 2576 de
3152 2518 3273 2577 Deo
3290 2522 3500 2587 Verbo,

234 2622 361 2666 tum
404 2624 527 2664 esse
581 2610 641 2663 in
672 2607 844 2661 forma
878 2605 998 2670 Dei,
1042 2612 1157 2661 tum
1184 2620 1307 2659 esse
1340 2605 1608 2674 aequalem
1634 2604 1748 2659 Deo
1764 2612 1811 2657 υ.
1866 2605 1923 2660 Si
1948 2605 2115 2677 igitur
2151 2622 2275 2661 cum
2306 2606 2454 2661 Patri
2484 2607 2712 2676 aqualis
2732 2616 2879 2662 esset
2905 2609 3211 2677 prefectum
3239 2613 3506 2684 suscepit,

232 2718 310 2759 ac
351 2704 535 2772 reipsa
560 2700 831 2772 profecit;
867 2699 1027 2769 plane
1058 2698 1233 2768 major
1252 2699 1413 2753 Patre
1435 2706 1539 2763 est,
1574 2698 1869 2769 ipsumque
1890 2701 2190 2769 superavit,
2228 2700 2323 2770 qui
2346 2700 2443 2764 ita,
2472 2701 2553 2755 uti
2576 2714 2675 2756 vos
2697 2696 3073 2767 dicitis,Deus
3087 2704 3333 2759 Verbum
3378 2720 3510 2777 pro-

232 2794 398 2850 fecit.
434 2793 505 2848 At
526 2791 678 2847 istud
707 2792 955 2845 omnium
985 2790 1443 2863 absurdissimum
1464 2800 1569 2847 est.
1606 2792 1728 2847 Non
1754 2809 1885 2864 ergo
1910 2793 2147 2863 profecit
2172 2794 2436 2859 Verbum,
2468 2809 2575 2863 qua
2599 2794 2812 2849 ratione
2830 2794 3079 2851 Verbum
3095 2806 3222 2863 est;
3253 2807 3337 2853 est
3362 2798 3511 2853 enim

234 2886 559 2957 perfectum
593 2885 739 2940 sicut
763 2884 947 2938 Pater.
981 2882 1091 2937 Sed
1118 2890 1174 2937 et
1200 2882 1347 2939 istud
1372 2883 1581 2938 dictum
1605 2891 1689 2939 est
1712 2891 1938 2954 pr0pter
1960 2900 2104 2951 eam,
2132 2901 2238 2956 qua
2266 2884 2471 2940 factum
2494 2893 2577 2939 ρει
2596 2885 2782 2950 homo,
2815 2882 3202 2942 oeconomiam.

324 2978 383 3034 Si
428 2978 665 3050 profecit
695 2977 939 3032 Verbum
988 2991 1114 3032 cum
1141 2975 1346 3032 factum
1372 2986 1457 3033 est
1478 2977 1644 3039 homo
1681 2992 1747 3032 ac
1769 2987 2016 3031 nostram
2042 2978 2279 3046 gestavit
2298 2993 2542 3041 carnem,
2575 2990 2686 3031 non
2711 2978 2890 3046 ipsum
2920 2993 3021 3033 nos
3047 2980 3191 3048 juvit
3218 2995 3325 3049 qua
3349 2979 3515 3036 homo

243 3078 461 3137 tactum
485 3084 590 3141 est,
636 3072 735 3128 sed
757 3072 808 3128 ei
838 3072 1025 3142 potius
1054 3086 1185 3127 caro
1213 3071 1613 3141 perfectionem
1637 3072 1843 3127 attulit.
1896 3070 2058 3136 Nam,
2101 3071 2148 3126 si
2173 3086 2303 3125 vere
2329 3072 2565 3140 profecit
2591 3069 2812 3140 quando
2832 3074 2926 3123 ‘es't
2946 3070 3153 3125 factum
3176 3087 3323 3140 caro,
3356 3074 3518 3144 plane

244 3179 641 3249 imperfectum
668 3182 788 3229 erat
817 3179 943 3227 ante
982 3170 1303 3235 adventum,
1336 3185 1616 3239 nuncque,
1646 3177 1710 3223 ut
1734 3176 1919 3223 vestra
1940 3167 2048 3222 fert
2072 3167 2367 3231 sententia,
2397 3166 2793 3236 perfectionem
2812 3164 3086 3234 adeptum
3109 3174 3211 3220 est.
3247 3167 3364 3233 Qua
3388 3182 3520 3239 ergo

246 3270 477 3325 ratione
526 3265 727 3336 gratias
758 3262 973 3334 agimus
1023 3271 1087 3316 ut.
1117 3260 1293 3316 nostri
1322 3274 1487 3316 causa
1511 3260 1656 3315 facto
1681 3259 1932 3322 homini,
1986 3272 2111 3313 cum
2145 3258 2324 3327 ipsum
2352 3256 2516 3311 nobis
2541 3271 2608 3311 eo
2634 3255 2859 3311 nomine
2886 3265 3137 3326 oporteat
3160 3259 3388 3328 gratiam
3419 3260 3521 3315 ha-

250 3364 441 3421 bere?
472 3362 540 3417 At
564 3362 670 3416 hoc
692 3359 1019 3416 absurdum.
1052 3358 1174 3413 Non
1206 3373 1338 3428 ergo
1360 3356 1597 3428 profecit
1625 3372 1734 3426 qua
1757 3356 1999 3411 Verbum
2029 3361 2151 3409 est:
2174 3353 2271 3408 sed
2294 3352 2511 3407 dictum
2535 3352 2642 3407 hoc
2664 3351 2746 3407 ob
2774 3352 3241 3422 diSpensationem
3285 3368 3349 3407 ac
3374 3368 3527 3408 com-

250 3454 537 3513 mercium
569 3455 709 3525 quod
737 3470 863 3509 eum
894 3468 1057 3508 carne
1085 3452 1298 3507 habuit.

333 3554 492 3617 item,
528 3551 717 3606 multis
760 3549 1081 3605 nominibus
1134 3550 1438 3619 appellatur
1469 3548 1567 3603 Dei
1594 3546 1835 3603 Verbum
1872 3547 1929 3601 in
1955 3545 2261 3616 Scriptura.
2321 3545 2535 3599 Dictum
2567 3551 2652 3598 est
2677 3544 2844 3608 enim,
2885 3551 3050 3613 atque
3079 3551 3164 3598 εει
3190 3543 3360 3599 Filius
3386 3563 3398 3598 ε
3428 3561 3527 3599 vo-

256 3657 446 3705 catum
490 3655 576 3702 est
620 3645 940 3715 Sapientia;
1005 3654 1385 3714 nuncupatum
1417 3644 1583 3708 Deus,
1626 3643 1814 3698 Virtus
1843 3658 1939 3697 seu
1968 3632 2240 3705 Potentia,
2270 3639 2448 3695 forma
2480 3646 2536 3693 et
2564 3638 2739 3707 imago
2765 3637 2962 3692 Patris.
2988 3638 3053 3692 Si
3076 3652 3229 3708 ergo,
3258 3654 3383 3692 cum
3412 3638 3528 3693 hac

259 3738 447 3795 omnia
477 3739 572 3800 sit,
607 3736 898 3807 proﬁciat;
955 3736 1132 3806 majus
1162 3735 1353 3804 utique
1384 3733 1594 3803 aliquid
1620 3733 1807 3786 dicere
1833 3740 2085 3801 possunt,
2119 3745 2283 3799 quam
2305 3728 2377 3783 sit
2398 3727 2593 3791 Filius,
2626 3726 2929 3795 Sapientia,
2957 3726 3167 3790 Virtus,
3192 3726 3363 3791 Deus,
3397 3727 3530 3784 alia-

255 3849 369 3903 que
397 3832 605 3891 omnia,
642 3846 712 3884 ne
739 3831 862 3900 quis
890 3828 1105 3899 singula
1130 3834 1434 3883 recenseat.
1470 3826 1540 3880 At
1570 3825 1799 3895 impium
1823 3834 1907 3881 est
1940 3824 2015 3879 ita
2039 3824 2246 3879 sentire
2273 3840 2287 3877 :
2315 3823 2428 3877 Deo
2454 3834 2692 3890 namque
2725 3818 2864 3873 nihil
2888 3819 3068 3888 majus
3086 3828 3193 3873 est.
3225 3818 3346 3873 Non
3369 3834 3524 3890 ergo,

260 3939 368 3992 qua
403 3930 489 3977 est
523 3921 784 3985 Verbum,
822 3920 1089 3991 proficere
1115 3920 1340 3975 dicitur.
3194 3981 3211 3991 ἢ

334 4015 499 4078 Item,
547 4015 915 4085 Principatus,
948 4014 1176 4080 Throni,
1216 4013 1649 4080 Dominationes,
1679 4011 1874 4084 Angeli
1916 4021 1971 4067 et
1996 4008 2346 4084 Arehangefi,
2376 4005 2665 4081 omnisque
2686 4004 2871 4063 virtus
2907 4006 3213 4070 rationalis,
3247 4005 3440 4062 adhaec
3476 4014 3534 4062 et

261 4110 529 4165 homines
554 4149 570 4175 ,
610 4109 777 4164 Verbi
822 4111 1249 4180 participatione
1302 4109 1371 4165 ad
1415 4126 1632 4166 omnem
1670 4109 1929 4178 pietatem
1960 4108 2191 4179 perfecti
2218 4108 2514 4169 exsistunt,
2566 4121 2630 4160 ac
2652 4102 3050 4175 perfectionem
3077 4100 3530 4171 indipiscuntur:

260 4221 378 4276 quo
420 4221 553 4275 ergo
580 4213 764 4275 pacto,
791 4204 939 4274 quod
978 4205 1101 4259 aliis
1129 4204 1524 4274 perfectionem
1548 4202 1780 4273 praebet,
1812 4201 2194 4272 imperfectum
2219 4215 2339 4255 esse
2364 4206 2568 4269 potest,
2590 4206 2659 4251 ‘ut
2681 4203 2737 4250 et
2760 4199 2970 4265 quaerat
2994 4188 3279 4262 proficere,
3314 4199 3370 4245 et
3396 4205 3533 4259 aug-

273 4304 467 4351 mento
508 4295 697 4366 aliquo
740 4295 1100 4365 promovere?
1156 4294 1259 4361 Qui
1296 4308 1451 4358 vero,
1497 4294 1544 4349 si
1570 4308 1701 4347 vere
1727 4291 2009 4361 Sapientia
2031 4298 2136 4354 est,
2168 4290 2437 4359 sapientia
2476 4296 2659 4357 potest
2696 4280 2997 4355 prodCere?
3030 4279 3225 4346 Quive,
3261 4294 3386 4334 cum
3415 4277 3538 4332 aliis

272 4384 373 4439 det
411 4385 669 4456 gratiam,
726 4384 843 4454 ipse
869 4384 1045 4456 gratia
1074 4384 1315 4454 proficit,
1369 4396 1630 4454 tanquam
1660 4382 1891 4453 gratiam
1924 4398 2035 4436 non
2060 4380 2326 4435 haberet?
2375 4378 2493 4433 Nisi
2522 4378 2664 4432 forte
2694 4372 2914 4429 mentiri
2943 4369 3175 4425 Paulum
3200 4370 3406 4432 dicant,
3439 4368 3534 4436 qui

268 4476 475 4531 Filium
526 4476 857 4546 sapientiam
903 4475 1196 4545 appellet°,
1251 4488 1315 4528 ac
1337 4475 1527 4545 gratiae
1550 4473 1820 4528 datorem.
1882 4473 1953 4526 At
1981 4485 2092 4525 non
2118 4469 2386 4523 mentitur
2412 4466 2662 4522 veritatis
2684 4464 2959 4520 minister.
2995 4465 3114 4519 Non
3142 4475 3272 4529 ergo
3301 4458 3537 4529 profecit

267 4582 383 4637 qua
414 4567 629 4620 ratione
662 4566 905 4622 Verbum
928 4573 1017 4619 est
1050 4582 1063 4617 :
1095 4564 1190 4619 sed
1222 4571 1481 4633 tanquam
1510 4561 1579 4616 de
1606 4560 1830 4617 homine
1853 4558 2079 4622 dicitur,
2113 4557 2209 4626 qui
2233 4565 2423 4611 nostra
2451 4554 2635 4610 omnia
2665 4552 2840 4606 nostri
2866 4567 3029 4607 causa
3049 4549 3431 4619 assumpserit.

340 4658 507 4725 Quod
525 4667 610 4712 est
633 4657 1039 4727 imperfectum,
1071 4655 1141 4710 ad
1168 4654 1223 4709 id
1247 4670 1465 4724 semper
1484 4652 1769 4708 contendit
1797 4650 1945 4721 quod
1972 4648 2411 4719 perfectum'est;
2441 4656 2503 4701 ut
2524 4645 2764 4716 primum
2788 4644 3016 4714 quidem
3040 4644 3220 4697 locum
3248 4642 3303 4695 in
3327 4654 3438 4711 quo
3457 4648 3541 4694 est

274 4760 617 4816 contemnat,
671 4753 934 4822 velutque
976 4766 1194 4822 semper
1238 4751 1491 4805 altiorem
1542 4764 1607 4804 ac
1648 4748 1935 4801 meliorem
1973 4751 2201 4815 quaerat.
2236 4742 2402 4798 Verbi
2430 4741 2602 4812 gratia
2627 4757 2641 4794 :
2668 4756 2769 4795 nos
2788 4736 3043 4795 homines
3068 4736 3406 4808 proficimus,
3441 4735 3537 4803 qui

276 4844 554 4915 sapientia
586 4860 651 4899 ac
678 4845 979 4899 virtutibus
1006 4844 1132 4899 aliis
1161 4843 1425 4914 paulatim
1452 4840 1713 4897 meliores
1735 4838 1943 4904 eﬂ‘ecti,
1977 4839 2058 4893 sic
2083 4837 2151 4892 ad
2179 4836 2305 4891 vitm
2324 4835 2726 4905 perfectionem
2754 4833 3017 4888 feramur.
3055 4832 3124 4886 At
3155 4831 3251 4885 Dei
3267 4828 3539 4891 Verbum,

274 4953 411 4993 cum
445 4938 500 4991 in
523 4938 683 4992 Patre
706 4938 798 5004 sit,
832 4952 1071 5007 quonam
1099 4936 1322 4991 tandem
1353 4933 1645 4989 excurret?
1675 4932 1963 4998 Quodnam
1993 4945 2125 4984 vero
2151 4936 2509 4998 augmentum
2539 4926 2824 4996 suscipiet,
2856 4924 3004 4995 quod
3032 4924 3106 4977 ita
3132 4921 3440 4993 perfectum
3468 4920 3542 4975 sit

278 5040 346 5084 ut
371 5035 552 5081 totum
584 5026 639 5080 in
665 5042 724 5081 se
756 5027 977 5082 Patrem
998 5025 1221 5091 habeat,
1258 5033 1546 5093 totumque
1573 5023 1752 5093 ipsum
1789 5019 2033 5075 vicissim
2064 5018 2119 5072 in
2141 5019 2303 5073 Patre
2324 5016 2585 5072 exsistat?
2616 5015 2673 5070 Si
2697 5016 2867 5081 enim,
2902 5029 3027 5068 cum
3056 5013 3271 5067 Patrem
3292 5011 3546 5082 impleret

274 5123 559 5197 (crassius
580 5123 729 5178 enim
763 5123 916 5178 velut
944 5123 1047 5178 sub
1076 5121 1329 5191 exemplo
1354 5120 1628 5188 dicatur),
1686 5117 1994 5188 profectum
2022 5114 2314 5186 quemdam
2343 5119 2765 5183 augmentumve
2786 5108 3057 5179 suscepit;
3112 5106 3291 5162 Patris
3314 5104 3548 5161 excessit

276 5221 457 5280 ﬁnes,
483 5215 633 5271 Patre
656 5216 711 5271 in
738 5232 849 5288 quo
866 5225 986 5273 erat
1008 5216 1267 5273 edectum
1289 5216 1486 5287 majus.
1509 5214 1674 5283 Atqui
1696 5229 1806 5267 non
1826 5211 2061 5268 excessit
2082 5211 2321 5274 Patrem,
2343 5207 2439 5263 sed
2470 5208 2525 5261 in
2548 5222 2615 5261 eo
2640 5220 2860 5275 semper
2874 5205 3180 5275 perfectum
3205 5202 3260 5257 in
3281 5201 3546 5273 perfecto,

373 5371 399 5411 Ir
428 5369 563 5427 Luc.
598 5386 658 5437 ιι,
688 5371 777 5427 49.
859 5369 877 5410 1
909 5370 1044 5425 Luc.
1071 5386 1127 5435 tt,
1155 5369 1241 5424 52.
1317 5378 1356 5405 ω
1388 5368 1542 5425 Joan.
1570 5384 1608 5433 ι,
1640 5368 1725 5422 Μ.
1826 5376 1851 5403 ιι
1882 5365 1974 5421 Phi

1195 5369 1241 5424 Ξ.
1317 5378 1356 5405 ω
1388 5368 1542 5425 Joan.
1570 5384 1608 5433 ι,
1640 5368 1725 5422 Μ.
1826 5376 1851 5403 ιι
1882 5365 2120 5434 Philipp.
2154 5382 2211 5430 ιι,
2236 5364 2288 5418 6.
2395 5375 2416 5395 ο
2451 5360 2619 5428 lCor,
2645 5378 2684 5428 ι,
2709 5361 2796 5415 24.

1578 5507 1807 5563 VARle
1840 5503 2134 5562 LECTlON
2144 5503 2245 5560 ES.

361 5624 409 5659 ⁸¹
436 5625 585 5683 Loco
613 5624 707 5680 cit.
748 5625 852 5695 leg.
885 5624 1082 5695 ᾔδειτε.
1162 5624 1203 5653 ¹’
1226 5622 1305 5677 Ex
1340 5622 1586 5680 Combcf.
1629 5625 1871 5680 Biblioth.
1905 5641 1962 5678 co

1905 5625 2166 5689 conciam,
2196 5629 2329 5677 tom.
2375 5626 2417 5687 l,
2462 5637 2591 5702 pag.
2638 5621 2761 5691 602,
2809 5636 2897 5692 ap.
2931 5618 3191 5678 Galland.
3236 5612 3333 5683 lx,
3362 5610 3483 5668 ΩΟ.

613 5720 885 5781 ΡΑπιοι..
929 5719 1043 5780 Gn.
1088 5718 1395 5779 LXXXIV.
3104 5712 3157 5776 3
