4032 6172
471 312 544 374 75
1675 304 1993 366 OPERUM
2033 307 2522 370 THEODORETI
3647 319 3716 380 76

474 419 891 488 perfectumque
937 417 1148 473 habens
1194 415 1246 470 in
1281 415 1462 484 seipse
1489 413 1722 468 exsistit.
1761 414 1881 468 Non
1909 429 2039 484 ergo
2066 415 2301 485 profecit
2334 432 2441 486 qua
2469 415 2708 472 Verbum
2737 426 2850 484 est;
2907 420 2999 475 sed
3029 421 3331 492 perfectum
3361 423 3503 477 idem
3538 427 3715 496 ipsum

475 519 682 575 manet,
716 512 963 580 nullique
995 510 1286 565 mutationi
1309 508 1630 565 obnoxium.

543 633 817 688 Prae-terea.
845 631 922 685 ait
950 630 1148 685 Paulus
1180 628 1248 683 de
1279 629 1417 682 Filio
1447 646 1459 681 :
1492 626 1801 681 Humiliavit
1826 628 2185 696 semetipsum.
2214 627 2440 697 formam
2468 631 2601 683 servi
2630 629 2887 701 accipiens
2907 641 2952 684 P.
2986 629 3122 686 Cum
3151 631 3335 701 itaque
3358 635 3543 690 nullus
3569 651 3634 693 ea
3659 654 3722 695 re

476 723 784 776 offendatur
806 762 820 785 ,
857 736 978 784 nec,
1025 735 1149 773 cum
1176 719 1332 774 audit
1378 719 1694 773 humiliasse
1726 718 2105 786 semetipsum,
2141 719 2347 773 humile
2371 719 2503 787 quid
2528 721 2726 774 sentiat
2758 719 2824 774 de
2851 721 2963 776 Deo
2987 721 3189 786 Verbo,
3223 724 3356 793 quin
3386 725 3571 795 potius
3599 729 3724 800 ejus

474 813 775 868 admiretur
805 811 1178 876 clementiam;
1233 810 1512 880 quomodo
1540 825 1651 864 non
1678 810 2020 880 superfluum
2049 825 2115 864 eo
2139 809 2369 874 offendi,
2416 811 2562 880 quod
2594 811 2890 880 profecisse
2922 828 3047 868 eum
3075 814 3395 870 audiamus?
3439 817 3722 889 Siquidem

474 905 644 966 enim,
698 919 764 957 co
813 901 960 971 quod
1011 902 1335 956 humiliatus
1365 911 1469 966 est,
1524 902 1875 983 nihildeitas
1901 903 2031 956 lmsa
2053 909 2157 966 est,
2191 917 2294 958 nec
2323 903 2514 972 utique
2543 904 2688 973 quod
2713 905 3011 973 profecerit
3038 906 3284 962 laedenda
3305 910 3392 964 'est
3417 928 3430 964 :
3460 926 3544 975 ac,
3574 913 3724 968 sicut

475 1003 647 1057 nostri
674 1016 836 1054 causa
860 998 1173 1053 humiliavit
1203 1000 1586 1068 seme'ipsum,
1642 998 1722 1051 sic
1748 1005 1804 1051 et
1830 996 2005 1050 nostri
2033 1013 2197 1052 causa
2228 997 2456 1066 suscipit
2481 997 2807 1067 profectum,
2843 1007 2904 1052 ut
2931 1014 3032 1054 nos
3058 1000 3255 1055 iterum
3284 1001 3336 1054 in
3360 1016 3426 1056 eo
3455 1004 3722 1074 sapientia

473 1096 842 1168 proficiamus,
879 1099 973 1167 qui
1004 1097 1134 1151 olim
1165 1105 1390 1166 peccato
1420 1095 1603 1151 effecti
1629 1111 1821 1151 sumus
1850 1096 2118 1166 jumentis
2146 1097 2384 1159 similes;
2419 1097 2881 1169 proﬁciamusque
2905 1103 3104 1171 gratia,
3141 1103 3236 1172 qui
3259 1103 3388 1156 olim
3422 1101 3552 1157 Adae
3576 1116 3719 1170 pra:-

471 1187 828 1241 varicationis
883 1187 963 1242 rei
1012 1203 1205 1241 sumus
1238 1187 1412 1240 habiti
1449 1185 1596 1240 odio.
1634 1185 1828 1241 Omnia
1855 1186 2004 1239 enim
2034 1194 2223 1240 nostra
2254 1187 2427 1240 nostri
2453 1202 2617 1242 causa
2646 1188 2700 1242 in
2731 1190 2973 1259 seipsum
3004 1193 3247 1262 suscepit
3271 1191 3544 1255 Christus,
3576 1200 3636 1244 ut
3661 1190 3719 1244 in

473 1279 671 1333 melius
702 1289 898 1334 cuncta
926 1285 1248 1342 commutet,
1285 1278 1527 1348 bonique
1553 1279 1734 1332 omnis
1767 1277 2052 1333 hominum
2081 1277 2270 1347 generi
2305 1277 2575 1332 efliciatur
2601 1280 2956 1351 principium.

541 1394 819 1447 Naturalis
865 1394 952 1448 lex
977 1401 1080 1456 est,
1135 1408 1257 1461 quae
1306 1407 1416 1445 non
1462 1390 1607 1445 sinat
1648 1391 1925 1445 hominem
1960 1391 2156 1461 majori
2199 1392 2361 1458 longe
2392 1393 2688 1462 prudentia
2715 1394 3005 1464 praeditum
3030 1411 3173 1462 osse,
3227 1411 3390 1466 quam
3415 1411 3516 1466 pro
3544 1395 3726 1451 atatis

473 1484 638 1538 modo
672 1501 685 1536 :
719 1484 815 1538 sed
848 1493 902 1537 et
935 1484 990 1536 in
1017 1483 1178 1538 nobis
1214 1482 1286 1535 ita
1313 1490 1686 1550 comparatum
1715 1489 1818 1546 est,
1856 1491 1916 1536 ut
1938 1481 2132 1552 judicii
2153 1482 2239 1536 vis
2265 1483 2673 1552 quodammodo
2701 1485 2877 1540 aetatis
2905 1488 3246 1556 profectibus
3268 1503 3450 1543 comes
3471 1489 3718 1544 exsistat.

474 1575 606 1630 Erat
633 1590 763 1644 ergo
795 1573 1036 1628 Verbum
1071 1573 1123 1625 in
1157 1587 1320 1626 carne
1353 1570 1555 1624 factum
1590 1571 1777 1635 homo,
1804 1579 1858 1625 et
1885 1572 2190 1640 perfectum
2221 1582 2376 1638 erat;
2409 1589 2534 1628 cum
2559 1575 2818 1629 nimirum
2848 1576 2944 1630 Dei
2975 1579 3242 1646 sapientia
3271 1595 3333 1634 ac
3357 1580 3532 1635 virtus
3553 1589 3718 1635 esset.

474 1668 574 1726 Cui
605 1679 786 1723 tamen
819 1667 1074 1721 humanae
1104 1666 1275 1719 indoli
1301 1674 1512 1719 naturae
1537 1666 1841 1720 cedendum
1867 1674 2006 1730 erat,
2061 1681 2130 1720 ne
2159 1667 2292 1735 quid
2323 1682 2526 1721 novum
2558 1670 2952 1723 contuentibus
2979 1670 3277 1737 videretur,
3322 1688 3553 1742 corpore
3584 1688 3723 1742 pau-

475 1763 627 1818 latim
655 1770 936 1816 crescente
973 1770 1030 1814 nt
1061 1761 1224 1814 homo
1251 1775 1371 1813 sese
1400 1760 1666 1830 prodebat
1701 1778 1714 1813 :
1755 1761 1920 1829 inque
1948 1760 2068 1814 dies
2091 1760 2338 1831 singulos
2364 1761 2667 1830 sapientius
2699 1778 2821 1817 cum
2848 1763 3189 1830 videntibus,
3224 1775 3337 1820 tum
3366 1767 3724 1822 audientibus

475 1853 774 1923 apparebat
828 1869 841 1904 :
893 1866 1018 1905 cum
1067 1851 1329 1904 nimirum
1365 1849 1420 1904 in
1449 1851 1726 1913 omnibus,
1757 1860 1819 1905 ut
1849 1851 2058 1906 dictum
2089 1861 2194 1916 est,
2228 1854 2534 1922 perfectum
2562 1863 2741 1921 esset,
2779 1857 2994 1910 tametsi
3028 1873 3373 1912 communem
3400 1870 3606 1914 natura:
3635 1859 3722 1913 in-

475 1944 655 1997 dolem
707 1941 1003 1996 retinebat.
1065 1942 1200 1996 Cum
1244 1956 1376 2012 ergo
1425 1941 1604 2005 audis,
1641 1941 1958 2009 Proﬁciebat
1985 1943 2246 2001 sapientia
2277 1953 2325 1996 et
2354 1945 2560 2015 gratia,
2613 1960 2682 1999 ne
2707 1945 2905 1999 factam
2933 1947 3010 2000 illi
3041 1949 3323 2018 sapientia:
3351 1949 3725 2004 accessionem

473 2035 711 2105 aliquam
742 2035 1026 2090 existimes
1056 2034 1178 2103 (Dei
1205 2034 1353 2088 enim
1383 2034 1624 2090 Verbum
1659 2035 1868 2089 nullius
1897 2036 2070 2105 eget),
2121 2036 2217 2090 sed
2249 2040 2375 2106 quia
2398 2037 2717 2093 videntibus
2747 2039 3050 2107 sapientius
3077 2055 3296 2110 semper
3325 2049 3488 2110 atque
3513 2039 3727 2111 gratius

472 2139 612 2194 erat,
647 2130 774 2184 inde
799 2130 1066 2200 proﬁcere
1095 2130 1304 2185 dictum
1331 2139 1446 2197 est;
1486 2138 1548 2184 ut
1576 2130 1702 2184 inde
1727 2132 1838 2199 jam
1867 2131 2256 2186 admirantium
2287 2133 2528 2197 habitus,
2561 2149 2723 2203 quam
2756 2134 2931 2204 ipsius
2957 2134 3128 2204 magis
3150 2135 3466 2204 proﬁceret.

543 2246 700 2313 Quod
729 2247 785 2300 in
814 2247 999 2317 aliquo
1027 2247 1266 2318 proﬁcit,
1297 2247 1447 2303 aliud
1472 2253 1556 2302 est
1590 2248 1658 2300 ab
1689 2263 1755 2302 eo
1790 2248 1844 2301 in
1874 2262 1983 2316 quo
2010 2251 2250 2316 prolicit.
2305 2249 2440 2304 Cum
2466 2265 2596 2320 ergo
2634 2251 2794 2305 Jesus
2820 2250 3001 2305 dictus
3029 2255 3100 2304 sit
3128 2251 3396 2320 sapientia
3419 2248 3686 2320 proﬁcere
3706 2287 3722 2312 ,

474 2354 584 2393 nou
628 2339 897 2406 sapientia
944 2337 1267 2408 proficiebat
1288 2380 1301 2404 ,
1357 2338 1452 2394 sed
1489 2338 1543 2390 in
1573 2338 1663 2391 illa
1695 2339 1914 2392 animus
1937 2337 2197 2391 hominis.
2257 2338 2393 2393 Cum
2425 2355 2483 2394 se
2513 2339 2661 2393 enim
2689 2339 2940 2408 quotidie
2964 2339 3142 2393 deitas
3177 2340 3230 2393 in
3259 2355 3326 2392 eo
3349 2340 3629 2410 detegeret
3659 2352 3726 2393 ac

474 2429 881 2495 manifestaret,
936 2429 1130 2499 majori
1153 2445 1372 2498 semper
1398 2428 1715 2482 videntibus
1741 2427 2094 2481 admirationi
2128 2428 2455 2483 habebatur.
2519 2429 2744 2498 Hocque
2771 2429 2878 2483 sibi
2906 2430 3025 2483 vult
3051 2429 3197 2499 quod
3226 2429 3432 2484 dictum
3453 2436 3555 2490 est,
3584 2427 3724 2481 Pro-

472 2520 678 2589 ﬁciebat
705 2522 987 2590 sapientia.
1049 2519 1130 2574 Ad
1162 2521 1308 2573 hunc
1333 2518 1556 2572 modum
1590 2518 1859 2586 sapientia
1890 2517 2213 2586 proﬁciebat
2241 2517 2553 2572 humanitas
2581 2535 2594 2570 :
2624 2527 2820 2574 natura
2849 2519 3088 2572 humana
3112 2518 3433 2586 sapientiam
3459 2515 3723 2582 induens;

471 2611 577 2667 hoc
597 2621 701 2676 est,
724 2614 818 2667 Dei
845 2612 1081 2668 Verbum
1107 2611 1368 2680 paulatim
1390 2626 1488 2678 per
1513 2624 1678 2678 opera
1705 2624 1768 2663 ac
1794 2607 2075 2662 mirabiles
2100 2607 2332 2663 effectus
2350 2617 2690 2678 assumptum
2718 2609 2978 2678 templum
3007 2609 3150 2678 apud
3176 2608 3424 2664 videntes
3440 2607 3724 2671 deiﬁcans,

471 2723 537 2762 ea
586 2708 692 2762 sibi
744 2709 957 2762 ratione
1014 2707 1320 2775 profectum
1379 2705 1702 2759 asciscebat.
1742 2705 1802 2757 In
1831 2705 1981 2758 hunc
2010 2704 2236 2758 modum
2271 2713 2470 2758 natura
2506 2703 2744 2758 humana
2773 2704 3041 2773 sapientia
3066 2703 3407 2772 proficiebat,
3470 2716 3570 2771 per
3602 2715 3726 2755 eam

471 2797 744 2854 deiﬁcata.
780 2798 1146 2864 Quamobrem
1179 2811 1281 2850 nos
1311 2812 1528 2866 quoque
1559 2796 1626 2849 ad
1657 2797 1796 2865 ejus,
1815 2794 1960 2864 quod
1994 2810 2094 2864 pro
2121 2794 2283 2849 nobis
2309 2795 2473 2849 homo
2487 2795 2697 2849 factum
2720 2795 3008 2861 cst,Verbi
3034 2794 3475 2854 similitudinem,
3495 2802 3610 2847 tum
3626 2791 3727 2847 ﬁlii

467 2894 567 2949 Dei
591 2891 850 2962 appellati
897 2905 1106 2950 sumus,
1135 2899 1247 2942 tum
1271 2888 1366 2942 dii.
1405 2887 1732 2942 Proﬁciebat
1755 2903 1886 2957 ergo
1910 2888 2149 2941 humana
2169 2894 2365 2940 natura
2388 2886 2677 2956 sapientia,
2707 2902 2737 2941 a
2763 2887 3120 2956 corruptione
3137 2885 3203 2940 ad
3232 2884 3729 2963 incorruptionem,

472 2999 634 3061 atque
662 2989 730 3042 ab
761 2989 1014 3040 humanae
1036 2985 1250 3038 ratione
1281 2992 1489 3039 natura:
1521 2984 1588 3038 ad
1616 2983 1838 3038 deitatis
1864 2982 2190 3052 dignitatem
2216 2991 2494 3052 provecta.

541 3099 765 3161 Audivi,
801 3097 998 3165 inquit,
1032 3112 1101 3149 ex
1134 3109 1288 3149 sacra
1319 3093 1628 3163 Scriptura,
1666 3094 1760 3147 Dei
1794 3093 2036 3148 Verbum
2067 3092 2272 3147 factum
2298 3093 2579 3147 hominem
2607 3095 2735 3148 Jesu
2766 3094 3023 3148 sortitum
3054 3093 3499 3163 appellationem.
3538 3092 3728 3161 Ipsum

472 3204 602 3260 ergo
640 3196 725 3242 est
769 3185 917 3256 quod
955 3182 1299 3254 proﬁciebat.
1363 3183 1484 3236 Noli
1512 3183 1661 3237 enim
1692 3181 1963 3246 dividere,
2014 3197 2138 3236 cum
2171 3196 2342 3234 unum
2379 3183 2583 3238 Paulus
2611 3182 2891 3238 Christum
2918 3183 3203 3252 pradicet.
3239 3184 3404 3253 Atqui
3436 3184 3480 3237 si
3506 3183 3731 3238 videtur

469 3282 782 3354 profectum
812 3279 1078 3348 recipere,
1112 3278 1272 3346 plane
1297 3277 1592 3338 conﬁcitur
1621 3277 1797 3344 ipsum
1832 3275 2216 3358 imperfectum
2242 3291 2384 3331 esse.
2423 3275 2526 3342 Qui
2551 3293 2703 3342 vero,
2743 3293 2868 3332 cum
2892 3277 3162 3349 ejusmodi
3187 3277 3278 3341 sit,
3311 3276 3554 3346 perfecte
3577 3275 3731 3330 Patri

468 3372 576 3427 erit
614 3370 858 3441 aequale?
913 3368 1026 3421 Nec
1068 3367 1189 3419 Filii
1235 3365 1496 3420 deitatem
1536 3365 1733 3430 lmdes;
1770 3381 1871 3419 nec
1909 3365 2077 3419 Verbi
2103 3365 2451 3436 dignitatem,
2481 3366 2587 3420 etsi
2613 3367 2717 3422 hoc
2741 3376 3164 3436 perseveranter
3198 3367 3373 3431 dicas,
3403 3366 3726 3440 imminues,

471 3463 604 3533 quin
653 3463 722 3515 iis
767 3459 902 3529 ipsis
947 3458 1150 3527 quibus
1180 3457 1456 3510 victurum
1487 3465 1538 3511 te
1569 3472 1778 3524 speras,
1825 3457 2057 3510 victoria
2086 3459 2270 3512 cades.
2326 3457 2382 3511 Si
2405 3459 2552 3512 enim
2578 3459 2804 3519 omnino
2834 3457 3075 3514 Verbum
3099 3460 3241 3514 nosti
3273 3474 3491 3513 carnem
3518 3457 3730 3512 factum

471 3564 637 3625 atque
678 3552 958 3608 hominem
982 3591 994 3615 ,
1035 3549 1114 3603 uti
1147 3548 1334 3602 divina
1364 3548 1649 3617 Scriptura
1675 3547 1951 3617 loquitur,
1991 3549 2183 3619 quidni
2213 3558 2268 3605 et
2296 3550 2477 3618 ipsum
2507 3567 2629 3619 qua:
2655 3551 2865 3606 homini
2894 3567 3134 3624 congrua
3158 3562 3320 3618 sunt,
3354 3553 3472 3607 sine
3497 3560 3731 3622 peccato

471 3650 583 3720 pati
627 3647 915 3703 concedis?
951 3646 1087 3700 Nam
1140 3643 1269 3714 quia
1321 3643 1602 3713 profectus
1651 3643 1886 3698 debetur
1928 3645 2082 3700 carni
2107 3687 2121 3711 ,
2161 3646 2378 3700 dicatur
2407 3644 2678 3715 proﬁcere
2715 3663 2824 3717 qua
2855 3648 3069 3703 ratione
3101 3649 3304 3704 factum
3333 3657 3419 3703 est
3451 3649 3505 3702 in
3533 3662 3725 3712 carne,

459 3742 701 3818 ejusque
729 3741 836 3795 sibi
863 3740 1118 3794 innoxias
1140 3738 1463 3793 affectiones
1483 3738 1722 3793 asciscit.
1755 3739 1873 3793 Non
1899 3741 2047 3794 enim
2071 3740 2302 3795 alterius
2325 3741 2612 3812 cujusdam
2636 3751 2757 3797 erat
2777 3757 2928 3803 caro,
2958 3742 3052 3798 sed
3082 3743 3256 3811 ipsius
3276 3741 3461 3797 Verbi.
3483 3743 3562 3796 Ac
3579 3741 3730 3797 sicut

471 3837 654 3907 ipsum
683 3851 847 3890 carne
878 3850 1099 3905 passum
1127 3849 1249 3890 esse
1277 3834 1536 3900 dicimus,
1591 3835 1696 3890 etsi
1727 3850 1854 3891 caro
1881 3836 1997 3892 sola
2028 3852 2192 3906 passa
2214 3837 2316 3904 sit;
2371 3838 2592 3907 quando
2626 3854 2806 3908 neque
2833 3854 3053 3907 passum
3079 3847 3163 3894 est
3196 3846 3256 3892 ut
3281 3837 3447 3901 Deus,
3483 3835 3578 3890 sed
3605 3837 3731 3906 ejus

471 3930 783 4000 patiebatur
805 3945 1006 3999 corpus
1040 3947 1051 3982 :
1087 3929 1168 3983 sic
1193 3936 1250 3982 et
1275 3929 1544 3997 proﬁcere
1568 3929 1803 3994 dicatur,
1834 3931 1940 3984 etsi
1969 3930 2183 3983 nullum
2212 3939 2274 3984 ut
2296 3931 2444 3985 Deus
2472 3931 2656 3986 carnis
2682 3931 2802 4002 ipso
2823 3931 3072 4001 profectu
3101 3931 3407 4001 profectum
3430 3929 3724 3998 reciperet.

469 4024 701 4098 Ipseque
722 4023 935 4084 fateris,
970 4021 1066 4075 Dei
1094 4019 1433 4084 adversarie,
1465 4018 1564 4074 Dei
1589 4019 1832 4074 Verbum
1860 4035 2081 4074 carnem
2113 4019 2320 4076 factum
2344 4037 2503 4077 esse:
2527 4021 2673 4092 quod
2703 4021 2838 4076 nihil
2865 4022 3016 4077 aliud
3039 4022 3265 4087 indicat,
3287 4037 3452 4092 quam
3477 4020 3727 4077 induisse

471 4128 723 4177 carnem,
775 4122 940 4182 atque
975 4111 1260 4180 hominem
1290 4109 1589 4164 exstitisse.
1629 4109 1783 4164 Sicut
1804 4125 1956 4181 ergo,
1991 4126 2118 4166 cum
2144 4127 2400 4182 magnum
2419 4112 2552 4183 quid
2583 4113 2652 4169 de
2673 4113 2855 4169 Verbo
2883 4114 3149 4178 audieris,
3185 4113 3442 4183 quodque
3463 4112 3543 4166 illi
3571 4110 3727 4166 nudo

471 4212 740 4276 congruat
767 4246 782 4270 ,
843 4219 906 4258 ac
959 4210 1253 4270 antequam
1281 4217 1502 4256 carnem
1535 4200 1824 4266 indueret,
1878 4211 1938 4254 ut
1968 4217 2096 4256 cum
2125 4202 2332 4257 dicitur
2355 4204 2472 4268 lux,
2501 4205 2780 4274 splendor,
2813 4205 2994 4260 Patris
3021 4199 3318 4275 sapientia,
3356 4219 3468 4259 non
3499 4218 3725 4259 carnem

470 4296 754 4365 intelligis,
792 4293 888 4349 sed
927 4291 1073 4362 quod
1135 4292 1190 4345 in
1226 4307 1389 4346 carne
1437 4291 1676 4347 Verbum
1711 4291 2043 4348 inhabitavit
2101 4311 2114 4347 :
2179 4295 2254 4349 ita
2286 4310 2412 4350 cum
2442 4296 2650 4367 aliquid
2677 4297 2733 4351 in
2767 4292 3069 4368 Scripturis
3098 4299 3268 4352 sacris
3299 4297 3508 4351 dictum
3533 4295 3725 4359 fuerit,

470 4388 620 4460 quod
657 4389 760 4443 soli
801 4387 951 4442 carni
993 4385 1288 4440 conveniat
1334 4384 1449 4440 sive
1496 4384 1702 4455 Specici
1744 4384 2016 4452 humanae,
2075 4403 2144 4441 ne
2176 4387 2230 4440 in
2261 4388 2502 4443 Verbum
2523 4389 2749 4456 referas,
2786 4389 2882 4445 sed
2915 4400 3125 4445 naturae
3147 4389 3330 4444 carnis
3360 4389 3563 4450 tribue,
3599 4401 3727 4455 qua;

468 4481 574 4540 sibi
599 4482 691 4538 illa
706 4482 963 4537 vindicat.
985 4479 1119 4534 Cum
1145 4493 1276 4548 ergo
1305 4477 1450 4548 quod
1478 4477 1772 4547 proﬁceret
1795 4477 2021 4544 dicitur,
2047 4495 2154 4534 non
2188 4479 2302 4548 ipsa
2325 4494 2422 4549 per
2441 4496 2500 4536 se
2529 4481 2801 4552 sapientia
2825 4481 3168 4552 proﬁciebat,
3181 4497 3287 4551 qua
3313 4481 3579 4551 sapientia
3605 4486 3722 4544 est;

469 4576 566 4631 sed
611 4576 877 4646 sapientia
926 4575 1200 4629 humanus
1238 4572 1502 4642 paulatim
1526 4571 1764 4637 animus,
1815 4588 1914 4641 per
1932 4589 2052 4628 eam
2078 4573 2259 4629 clarus
2282 4575 2522 4631 evadens
2543 4591 2608 4632 ac
2628 4577 2991 4648 conspicuus;
3047 4577 3250 4647 quippe
3298 4591 3422 4632 cum
3455 4589 3723 4646 organum

467 4675 616 4724 esset
656 4669 795 4739 ejus,
831 4681 952 4736 qua:
985 4665 1042 4719 in
1094 4679 1161 4718 eo
1187 4671 1308 4717 erat
1337 4663 1580 4728 deitatis,
1618 4662 1724 4718 hoc
1754 4674 2024 4735 pra'stans
2053 4671 2217 4733 atque
2242 4666 2583 4732 ministrans,
2615 4677 2676 4723 ut
2704 4668 2796 4723 illa
2825 4671 3090 4739 paulatim
3113 4685 3172 4725 se
3209 4685 3276 4724 ex
3307 4668 3570 4739 operibus
3593 4680 3723 4737 pro—

468 4758 642 4816 deret.

539 4874 779 4932 Observa
820 4884 1002 4931 autem
1052 4888 1161 4928 non
1209 4871 1434 4938 dixisse,
1471 4872 1697 4927 Verbum
1746 4881 1924 4927 autem
1959 4873 2284 4944 proﬁciebat,
2329 4877 2442 4942 sed,
2491 4877 2671 4943 Iesus;
2705 4893 2774 4932 ne
2799 4877 3008 4932 nudum
3028 4876 3270 4932 Verbum
3295 4873 3586 4944 intelligas,
3619 4871 3717 4931 sed

469 4977 824 5042 posteaquam
859 4988 986 5026 caro
1021 4971 1227 5026 factum
1261 4976 1365 5024 est.
1424 4969 1579 5036 Quod
1616 4971 1661 5024 si
1692 4970 1959 5039 proﬁcere
2003 4971 2231 5037 dicitur,
2271 4987 2341 5028 eo
2369 4972 2514 5042 quod
2547 4974 2679 5028 illud
2719 4973 3024 5043 susceperit
3053 4972 3198 5042 quod
3229 4981 3312 5027 est
3332 4980 3520 5025 natum
3546 4967 3716 5039 proﬁ-

467 5079 616 5128 cere,
649 5067 752 5121 hoc
777 5077 862 5122 est
889 5069 1184 5121 humanam
1213 5074 1489 5129 naturam,
1518 5065 1638 5136 ejus
1660 5065 1910 5135 profecto
1943 5065 1995 5119 id
2021 5065 2217 5132 fuerit;
2253 5082 2316 5122 ac
2349 5084 2454 5136 qua
2482 5069 2572 5123 illa
2602 5067 2924 5138 prmdictum
2954 5076 3056 5129 est,
3082 5065 3348 5137 proﬁcere
3383 5064 3591 5118 dictum
3622 5061 3715 5116 sit.

471 5151 566 5208 Sic
589 5155 736 5207 enim
769 5155 980 5224 singula
1013 5173 1135 5226 qure
1163 5156 1448 5220 dicuntur,
1489 5155 1543 5209 in
1569 5171 1670 5210 suo
1699 5171 1931 5225 quaeque
1968 5156 2274 5210 consistent
2313 5158 2528 5223 ordine,
2579 5167 2638 5213 ut
2680 5174 2858 5228 neque
2890 5174 2953 5212 ea
2987 5172 3108 5227 quae
3129 5155 3279 5211 nudo
3301 5155 3483 5210 Verbo
3513 5169 3717 5210 conve-

471 5239 654 5303 niunt,
685 5240 751 5293 ad
783 5241 1075 5298 humanam
1100 5245 1465 5300 detrahantur
1495 5245 1788 5309 rationem,
1823 5260 2003 5315 neque
2026 5244 2266 5300 humana
2301 5245 2370 5302 ad
2401 5247 2625 5303 deitatis
2648 5249 2916 5304 rationem
2950 5255 3330 5318 promoveant.

545 5403 573 5442 ρ
606 5393 841 5461 Philipp.
875 5407 933 5456 ιι,
965 5393 1015 5446 7.
