4060 6180
339 346 414 408 77
1465 341 1913 403 AUCTARIUM

2082 343 2181 404 AD
2217 345 2524 408 TOM.1V.
3545 343 3618 405 73

415 453 531 509 Καὶ
557 447 770 505 circa“
792 448 940 521 αὑτῷ
959 453 986 503 6
1003 449 1245 514 διάϐολος
1265 469 1277 482 ·
1307 452 1369 504 ει
1400 449 1530 516 Υἱὸς
1548 448 1606 504 εἴ
1617 451 1722 504 τοῦ
1749 449 1920 514 Θεοῦ,

2091 453 2160 508 Et
2195 455 2334 511 dixit
2366 459 2417 511 ei
2446 457 2702 511 diabolus
2747 473 2758 506 :
2798 452 2853 508 Si
2877 453 3042 508 Filius
3088 453 3185 507 Det
3214 471 3266 508 es
3288 494 3302 517 ,
3334 455 3416 507 dic
3449 455 3616 525 lapidi

345 546 478 600 εἰπὲ
515 541 594 608 τῷ
623 543 772 605 λίθῳ
818 541 1091 607 τούτῳιδ,
1117 541 1218 594 ἵνα
1248 539 1491 610 γένηται
1522 539 1721 609 ἄρτος.
1759 540 1931 610 ’Υπὲρ

2042 547 2142 612 isti,
2177 555 2232 599 ut
2263 548 2362 616 ﬁat
2395 551 2551 620 panis
2586 557 2637 600 ιι.
2663 547 2902 601 Verbum
2933 546 3029 600 Dei
3071 545 3346 615 primitias
3372 561 3437 599 ex
3460 545 3620 600 nobis

347 639 532 707 πάσης
567 635 667 704 τῆς
700 633 976 705 ἡμετέρας
1017 633 1230 702 φύσεως
1261 636 1290 686 6
1339 632 1432 685 τοῦ
1457 632 1592 685 Θεοῦ
1624 632 1799 698 Λόγος
1832 632 1932 702 τὴν

2042 638 2333 704 assumpsit
2361 652 2459 706 pro
2484 646 2596 690 tota
2628 644 2817 690 nostra
2856 642 3071 698 natura,
3093 641 3154 686 ut
3200 633 3347 688 illam
3376 650 3476 704 per
3502 650 3620 688 om-

347 726 409 791 ἐξ
440 725 601 795 ἡμῶν
626 722 888 778 ἀνέλαϐεν
918 721 1192 793 ἀπαρχὴν,
1213 722 1300 774 ἵνα
1319 721 1408 774 διὰ
1439 721 1619 790 πάσης
1645 719 1814 789 αὐτὴν
1831 721 1930 789 τῆς

2042 740 2133 778 nes
2169 725 2393 780 virtutis
2424 727 2628 797 gradus
2676 740 3026 793 promovens,
3072 725 3447 778 adversarium
3497 724 3620 794 qui-

348 815 554 886 ὰρετῆς
581 811 804 882 ἀγαγὼν
830 813 1112 883 προτρέζιῃ
1142 814 1238 882 μὲν
1263 815 1338 875 είς
1363 813 1537 882 πάλην
1573 812 1662 863 τὸν
1685 812 1931 879 ἀνταγω-

349 907 560 974 νιστὴν,
593 902 741 973 δείξῃ
770 903 826 956 δὲ
858 904 1126 974 ἀήττητον
1155 903 1245 954 τὸν
1277 902 1536 973 ἀθλητὴν,
1591 901 1686 955 καὶ⁵
1742 902 1932 955 τοῦτον

355 996 456 1066 μὲν
482 993 831 1066 στεφανώσῃ,
866 993 1080 1046 ἐκείνου
1135 992 1191 1045 δὲ
1241 992 1340 1063 τὴν
1369 990 1541 1062 ἦτταν
1571 991 1803 1062 κηρύξῃ,
1841 992 1934 1044 καὶ

353 1087 726 1156 καταθαρρεϊν
765 1083 931 1138 αὑτοῦ
969 1085 1177 1148 πάντας
1200 1085 1620 1155 παρασκευάσῃ.

436 1178 728 1245 Ἀνάγεται
752 1176 932 1230 τοίνυν
959 1177 1037 1239 είς
1067 1175 1164 1245 τὴν
1197 1176 1221 1227 έ
1232 1194 1298 1245 ρη
1309 1192 1428 1245 μον,
1452 1176 1528 1238 ὼς
1575 1177 1654 1238 εἰς
1677 1173 1938 1245 ἁρμοδίαν

355 1268 476 1322 τινὰ
514 1266 881 1335 παλαίστραν,
912 1265 1019 1317 ὑπὸ
1046 1264 1141 1316 τοῦ
1190 1264 1506 1333 Ηνεύματος
1527 1280 1542 1292 '
1575 1264 1838 1330 ἀνάγεται
1877 1262 1935 1314 δὲ

353 1360 452 1428 οὐχ
481 1360 511 1410 ό
541 1357 675 1420 Θεὸς
718 1357 912 1423 Λόγος,
956 1356 1072 1409 ἀλλ’
1099 1357 1133 1408 6
1169 1357 1234 1409 ὲκ
1270 1356 1584 1427 σπέρματος
1622 1355 1786 1407 Δαϐὶδ
1833 1353 1937 1406 ὑπὸ

351 1451 447 1504 τοῦ
477 1450 624 1503 θείου
650 1449 826 1515 Λόγου
852 1447 1077 1516 ληφθεὶς
1099 1450 1247 1510 ναός.
1275 1448 1350 1500 οὐ
1367 1447 1476 1517 γὰρ
1497 1447 1590 1498 τὸν
1612 1445 1742 1499 Θεὸν
1765 1446 1938 1513 Λόγον

357 1544 436 1604 είς
466 1541 566 1612 τὴν
586 1541 724 1610 πρὸς
748 1539 841 1592 τὸν
869 1538 1115 1591 διάϐολον
1146 1539 1326 1608 πάλην
1364 1537 1684 1605 ἀπηγάγετο
1717 1535 1938 1604 Πνεῦμα

354 1633 414 1685 τὸ
440 1633 616 1701 amo»,
649 1630 765 1684 ἀλλ’
791 1629 852 1682 δν
887 1631 946 1682 ὲν
969 1631 1036 1700 τῇ
1069 1630 1333 1699 Παρθένῳ
1369 1628 1628 1683 διέπλασε
1684 1627 1764 1697 τῷ
1815 1625 1939 1696 Θεῷ

354 1730 514 1799 Λόγῳ
539 1727 689 1781 ναόν.

2035 814 2158 868 dem
2202 825 2554 884 promoveret
2588 816 2658 871 ad
2695 817 2920 878 luctam,
2967 815 3231 868 invictum
3263 832 3393 870 vero
3443 817 3621 870 athle-

2036 915 2143 960 tam
2188 908 2520 973 ostenderet,
2572 917 2629 962 et
2682 907 2829 960 hunc
2884 917 3212 970 coronaret,
3287 907 3433 960 ill-ius
3489 922 3620 960 vero

2035 999 2245 1052 cladem
2283 999 2621 1068 praedicaret,
2647 1013 2947 1067 omnesque
2985 997 3051 1051 ad
3081 997 3397 1051 audendum
3423 1007 3616 1052 contra

2037 1090 2214 1161 ipsum
2244 1099 2597 1160 praepararet.

2109 1183 2418 1237 Adducitur
2472 1183 2653 1249 itaque
2693 1182 2747 1234 in
2783 1181 3063 1235 desertum
3104 1196 3132 1233 a
3179 1180 3427 1249 Spiritu,
3467 1183 3622 1237 velut

2039 1275 2093 1328 in
2145 1284 2325 1342 aptam
2357 1273 2686 1342 palaestram,
2723 1288 2835 1325 non
2862 1271 3084 1340 quidem
3128 1271 3243 1340 ipse
3272 1273 3422 1326 Deus
3464 1273 3620 1343 123

2035 1363 2275 1418 Verbum
2295 1403 2313 1427 ,
2352 1363 2448 1417 sed
2485 1363 2746 1431 templum
2786 1377 2854 1415 ex
2880 1363 3090 1416 semine.
3135 1363 3356 1416 Davidis
3384 1378 3414 1417 a
3442 1363 3621 1417 Verbo

2037 1454 2227 1508 divino
2275 1462 2612 1522 susceptum.
2676 1453 2865 1521 Neque
2919 1453 3065 1506 enim
3116 1453 3357 1522 Spiritus
3400 1462 3622 1507 sanctus

2039 1544 2211 1598 Deum
2244 1543 2482 1597 Verbum
2509 1544 2575 1597 ad
2598 1544 2801 1597 luctam
2833 1543 3098 1597 adversus
3133 1544 3412 1598 diabolum
3442 1544 3618 1607 duxit,

2038 1635 2134 1690 sed
2188 1635 2475 1705 templum,
2513 1635 2660 1704 quod
2702 1636 2815 1689 Deo
2860 1635 3039 1690 Verbo
3087 1636 3386 1692 fabricatus
3427 1647 3514 1691 est
3565 1638 3622 1691 in

2037 1725 2286 1794 Virgine.

429 1821 540 1872 Καὶ⁵
583 1815 833 1887 νηστεύει
885 1813 983 1884 μὲν
1015 1812 1076 1866 οὐ
1118 1811 1262 1882 πέρα
1313 1808 1527 1877 μέτρων
1569 1805 1670 1876 τῆς
1700 1803 1933 1874 φύσεως·

2109 1819 2188 1872 Ac
2216 1819 2426 1888 jejuuat
2449 1816 2694 1885 quidem,
2729 1831 2839 1869 non
2858 1823 3041 1870 tamen
3081 1815 3221 1870 ultra
3256 1825 3466 1872 naturae
3500 1833 3621 1872 mo-

355 1911 544 1973 ισιτος
609 1907 718 1978 γὰρ
769 1905 1034 1959 διετέλεσε
1093 1901 1500 1973 τεσσαράκοντα
1557 1896 1789 1968 ἡμέρας,
1843 1894 1940 1948 καὶ

362 2001 682 2072 ἰσαρίθμους
720 1996 944 2058 νύκτας,
991 1995 1065 2064 μὴ
1097 1993 1328 2063 θελήσας
1358 1989 1664 2062 ὑπερϐῆναι
1686 1989 1796 2043 τῶν
1833 1985 1943 2040 πάι

357 2091 447 2144 λαι
474 2086 916 2160 νενηστευκότων
964 2085 1024 2137 τὸ
1065 2084 1282 2153 μέτρον.
1335 2081 1424 2134 ἵνα
1472 2081 1618 2150 φύγῃ
1663 2077 1764 2148 τὴν
1805 2076 1944 2144 πρὸς

357 2183 522 2238 αὐτὸν
554 2182 583 2233 ὁ
613 2178 903 2239 ἀντίπαλος
935 2176 1134 2243 πάλην,
1163 2174 1247 2225 ἵνα
1279 2173 1377 2241 μὲν
1406 2169 1681 2240 γνωρίσας
1713 2168 1775 2220 τὸ
1805 2183 1941 2238 κρυ-

359 2275 629 2342 πτόμενον
693 2269 838 2340 φύγῃ
904 2267 1002 2337 τὴν
1059 2266 1192 2334 πρὸς
1260 2264 1320 2316 τὸ
1368 2263 1689 2331 φαινόμενον
1739 2261 1942 2328 μάχην.

359 2367 562 2421 Τούτου
608 2363 768 2434 χάριν
818 2360 951 2431 μετὰ
994 2359 1084 2412 τὸν
1116 2355 1514 2427 προειρημένον
1561 2353 1670 2404 τῶν
1723 2349 1944 2421 ἡμερῶν

359 2458 612 2531 ἀριθμὸν,
647 2456 750 2525 τῆς
787 2451 1130 2521 ἀνθρωπείας
1177 2448 1392 2516 φύσεως
1417 2443 1706 2512 ὑποφαίνει
1750 2441 1812 2492 τὸ
1841 2438 1945 2492 πά-

360 2551 473 2613 θος,
512 2549 608 2602 καὶ
650 2547 923 2615 συγχωρεῖ
965 2545 1030 2612 τῇ
1078 2541 1238 2612 πείνῃ
1283 2540 1470 2609 χώραν
1513 2535 1722 2599 λαϐεῖν,
1774 2531 1944 2600 λαϐὴν

359 2641 554 2709 ἐκείνῳ
574 2636 665 2692 διὰ
693 2637 788 2706 τῆς
822 2634 1012 2704 πείνης
1041 2631 1235 2694 διδούς.
1261 2632 1334 2684 Οὐ
1376 2629 1484 2698 γὰρ
1531 2627 1734 2696 ἐτόλμα
1771 2641 1945 2695 προσ·

360 2731 558 2794 ελθείν,
578 2725 747 2780 πολλὰ
774 2724 900 2794 περὶ
917 2721 1076 2776 αὐτὸν
1109 2720 1394 2789 θεοπρεπῆ
1420 2717 1680 2786 γινόμενα
1703 2713 1943 2783 θεωρῶν.

363 2822 472 2874 Καὶ
492 2818 562 2885 γά
572 2835 601 2886 ρ
625 2815 843 2883 ἄγγελοι
879 2813 1161 2883 τεχθέντος
1183 2810 1461 2880 ἐχόρευον,
1495 2807 1590 2861 καὶ
1613 2805 1788 2875 ἀστὴρ
1812 2806 1942 2857 ἀνα-

359 2913 542 2973 τείλας
569 2909 777 2980 μάγους
801 2907 1141 2974 ἐποδήγησεν
1168 2904 1246 2964 εὶς
1280 2899 1652 2971 προσκύνησιν
1681 2899 1808 2959 τοὺς
1836 2896 1936 2964 τῆς

361 3003 531 3057 αὑτοῦ
555 3001 835 3070 φάλαγγος
876 2996 1225 3068 κορυφαίους,
1268 2993 1358 3047 καὶ
1393 2992 1556 3046 αὐτὸν
1585 2989 1732 3060 έώρα
1763 2990 1943 3041 πᾶσαν

365 3100 432 3148 ὲκ
463 3091 656 3155 παιδὸς
708 3090 961 3161 μετιόντα
989 3085 1358 3154 δικαιοσύνην,
1392 3082 1809 3152 βδελυττόμενον
1842 3095 1942 3132 κα-

365 3187 509 3251 κίαν,
566 3180 971 3254 μυσαττόμενον
1012 3176 1296 3247 πονηρίαν,
1345 3173 1485 3227 κατὰ
1529 3172 1626 3242 τὴν
1662 3173 1742 3234 είς
1782 3169 1941 3222 αὑτὸν

364 3275 739 3347 γεγενημένην
799 3272 904 3325 ὑπὸ
964 3267 1060 3322 τοῦ
1132 3268 1410 3339 προφήτου
1475 3265 1818 3334 πρόρρησιν,
1861 3263 1942 3314 ὃτι

367 3370 518 3437 Πρὶν
552 3368 590 3435 ἢ
613 3364 831 3436 γνῶναι
869 3362 1058 3416 αὐτὸν
1087 3359 1313 3429 ἀγαθὸν
1342 3357 1438 3411 καί
1466 3356 1673 3416 κακόν,
1714 3354 1949 3409 ἀπειθεῖ

367 3459 623 3527 πονηρίᾳ
653 3457 755 3512 τοῦ
801 3452 1163 3514 ἐκλέξασθαι
1190 3450 1256 3503 τὸ
1287 3449 1531 3517 ἀγαθόν.
1575 3445 1735 3499 Ἑϐόα
1757 3446 1814 3499 δὲ
1847 3448 1941 3499 καὶ

367 3553 396 3603 6
438 3549 687 3618 Ἰωάννης
709 3560 722 3575 ⁸
760 3545 884 3602 Ἴδε
914 3547 946 3598 ό
999 3542 1212 3610 Ἀμνὸς
1239 3541 1345 3593 τοῦ
1390 3537 1538 3592 Θεοῦ
1567 3540 1599 3592 ὀ
1627 3538 1810 3606 αἴρων
1830 3536 1944 3605 τὴν

369 3641 666 3712 ἁμαρτίαν
712 3638 818 3692 τοῦ
850 3637 1102 3704 κόσμου.
1150 3631 1339 3702 Πατὴρ
1383 3630 1586 3685 ἀνωθεν
1620 3629 1939 3700 ἐμαρτύρη-

372 3749 482 3784 σεν·
520 3725 710 3794 οὗτός
741 3728 912 3782 ἐστιν
945 3729 978 3780 ὁ
1029 3726 1163 3788 Υἱός
1204 3739 1324 3792 μου
1364 3723 1397 3776 ό
1443 3721 1771 3790 ἀγαπητὸς,
1800 3721 1872 3776 ἐν
1897 3713 1944 3787 ᾧ

366 3821 703 3889 ηὑδόκησα.
747 3817 854 3872 Τοῦ
888 3814 1202 3886 Πνεύματος
1244 3815 1276 3883 η
1312 3812 1469 3884 χάρις
1490 3812 1760 3883 ὲφοίτησε.
1804 3811 1946 3866 Ταῦ-

367 3929 457 3978 τα,
491 3912 587 3966 καὶ
631 3912 733 3964 ὅσα
782 3907 1024 3973 τοιαῦτα,
1069 3905 1163 3960 τὸν
1204 3904 1448 3958 διάϐολον
1499 3905 1944 3962 καταπλήττοντα

369 4002 688 4071 προσελθεῖν
712 4001 811 4054 οὐκ
834 4000 918 4052 εἷα
944 3997 1021 4069 τῷ
1048 3997 1144 4066 τῆς
1169 3995 1441 4066 ἡμετέρας
1475 3994 1688 4062 φύσεως
1713 3994 1940 4066 ἀθλητῇ.

452 4094 543 4158 Ὠς
585 4093 643 4146 δὲ
695 4091 794 4161 τῆς
825 4089 1014 4160 πείνης
1051 4087 1150 4156 τὴν
1181 4085 1481 4156 προσϐολὴν
1502 4085 1811 4151 ὑπεδέξατο,
1854 4087 1944 4138 καὶ

369 4179 508 4238 εἶδεν
554 4181 715 4236 αὐτὸν
751 4181 961 4252 τροφῆς
1001 4177 1346 4249 ἀνθρωπίνης
1380 4177 1652 4247 δεόμενον,
1681 4178 1773 4230 καὶ
1807 4195 1943 4246 καρα

365 4277 550 4344 τερείν
585 4271 896 4342 περαιτέρω
941 4269 1049 4324 τῶν
1087 4267 1336 4321 παλαιῶν
1375 4267 1584 4338 ἀνδρῶν
1615 4267 1676 4319 οὐ
1718 4265 1947 4334 δυνάμε-

369 4383 478 4428 νον,
511 4364 904 4435 προσέρχεται,
936 4360 1106 4431 λαϐὴν
1127 4359 1370 4430 οἰόμενος
1394 4356 1630 4428 ἐρημίαν
1662 4357 1942 4428 μεγίστην,

2042 1907 2196 1974 dum,
2239 1909 2356 1962 sine
2394 1907 2524 1962 cibo
2551 1907 2760 1975 peragit
2801 1906 3159 1975 quadraginta
3195 1906 3313 1961 dies
3339 1917 3395 1962 et
3431 1919 3623 1965 noctes

2040 1999 2293 2064 totidem,
2324 1998 2518 2052 nolens
2550 2013 2740 2051 eorum
2765 1997 2859 2066 qui
2883 1996 3012 2050 olim
3038 1997 3370 2066 jejunarant,
3397 2013 3622 2052 mensu-

2041 2106 2160 2144 ram
2207 2090 2496 2152 excedere,
2544 2103 2614 2141 ne
2643 2087 2994 2142 adversarius
3033 2088 3365 2156 singularem
3414 2089 3621 2144 luctata

2042 2182 2339 2252 refugeret,
2370 2196 2546 2250 eoque
2580 2180 2818 2249 cognito,
2844 2180 2989 2249 quod
3013 2180 3234 2244 latebat,
3265 2196 3500 2251 pugnam
3523 2181 3622 2236 ad-

2044 2288 2240 2328 versus
2273 2273 2327 2326 id
2349 2272 2496 2342 quod
2521 2270 2841 2342 apparebat,
2868 2270 3220 2324 detrectaret.
3256 2270 3389 2325 Eam
3410 2271 3484 2324 ob
3502 2285 3623 2326 rem

2044 2374 2167 2435 post
2210 2365 2508 2434 expletum,
2550 2363 2643 2432 qui
2679 2363 2861 2418 dictus
2892 2371 2995 2426 est,
3048 2362 3263 2416 dierum
3307 2379 3621 2427 numerum,

2033 2455 2389 2510 affectionem
2432 2462 2644 2508 natura:
2679 2453 2933 2508 humanae
2961 2453 3225 2516 declarat,
3258 2453 3458 2524 datque
3493 2453 3623 2508 fami

2043 2542 2248 2606 locum,
2308 2542 2469 2596 simul
2518 2559 2618 2613 per
2663 2542 2863 2596 famem
2915 2542 3231 2598 adversario
3276 2544 3623 2600 occasionem

2044 2633 2318 2702 praebens,
2368 2633 2513 2687 unde
2538 2639 2554 2655 '
2587 2634 2765 2703 ipsum
2795 2635 3254 2704 apprehenderet.
3288 2637 3423 2691 Nam
3463 2654 3622 2694 acce-

2045 2721 2179 2776 dere
2216 2738 2326 2776 non
2372 2722 2628 2788 audebat,
2653 2739 2778 2777 cum
2814 2725 2984 2778 multa
3018 2725 3202 2780 divina
3249 2727 3397 2782 circa
3445 2728 3621 2799 ipsum

2047 2812 2340 2882 contigisse
2367 2823 2654 2868 cerneret:
2681 2814 2953 2884 siquidem
2980 2818 3180 2887 angeli,
3214 2833 3339 2872 cum
3363 2835 3622 2876 nascere-

2046 2911 2156 2967 tur,
2173 2903 2372 2957 cboros
2391 2912 2636 2973 egerant,
2666 2915 2856 2959 exorta
2881 2906 3036 2960 stella
3058 2906 3238 2976 Magos
3264 2923 3376 2962 sua:
3399 2909 3624 2978 phalan-

2045 2993 2129 3064 gis
2170 2994 2490 3063 coryphatos
2539 2994 2831 3048 adoratum
2883 2995 3133 3058 duxerat,
3183 2998 3363 3066 ipsum
3405 3015 3622 3068 quoque

2045 3094 2293 3148 noverat,
2317 3087 2426 3154 jam
2448 3085 2573 3138 inde
2595 3101 2627 3138 a
2651 3102 2844 3154 puero,
2864 3102 3081 3139 omnem
3107 3088 3376 3156 justitiam
3400 3091 3621 3158 sectari,

2045 3172 2305 3226 detestari
2360 3173 2698 3241 nequitiam,
2748 3174 3153 3242 improbitatem
3195 3179 3496 3246 exsecrari,
3531 3195 3622 3236 se-

2046 3261 2286 3316 cundum
2345 3261 2722 3330 propheticam
2788 3247 3203 3331 praedictibnem
3255 3284 3268 3319 ε
3322 3268 3619 3341 Antequam

2045 3353 2340 3422 cognoverit
2371 3369 2500 3422 puer
2528 3355 2720 3406 bonum
2749 3353 2831 3407 vel
2860 3353 3084 3419 malum,
3123 3359 3424 3427 reprobabit
3466 3361 3623 3414 mali-

2047 3443 2198 3503 tiam,
2232 3450 2285 3492 ut
2317 3439 2476 3508 eligat
2506 3440 2698 3494 bonum
2720 3452 2762 3494 ι’.
2791 3441 3079 3497 Clamabat
3128 3446 3293 3500 etiam
3338 3448 3575 3504 Joannes
3602 3470 3618 3504 :

2048 3531 2181 3586 Ecce
2206 3531 2387 3602 Agnus
2419 3530 2535 3593 Dei,
2556 3532 2644 3600 qui
2671 3531 2811 3585 tollit
2840 3541 3054 3603 peccata
3085 3537 3270 3589 mundi
3287 3543 3332 3591 ³.
3366 3537 3624 3597 Testatus

2045 3620 2224 3677 fuerat
2271 3621 2434 3676 etiam
2476 3620 2544 3675 de
2574 3621 2714 3675 cmlo
2743 3623 2906 3676 Pater
2943 3640 2955 3676 :
2993 3623 3090 3677 Hic
3140 3632 3216 3678 est
3263 3625 3429 3682 Filius
3477 3647 3621 3684 meus

2045 3712 2262 3766 dilectus
2299 3717 2355 3766 in
2385 3730 2486 3784 quo
2525 3715 2652 3767 mihi
2697 3714 2992 3785 complacui
3020 3717 3061 3768 ι.
3091 3716 3234 3782 Quin
3257 3720 3422 3774 etiam
3447 3723 3622 3790 gratia

2047 3807 2284 3876 Spiritus
2303 3807 2600 3863 advenerat
2631 3823 2647 3860 :
2671 3817 2836 3878 atque
2861 3808 2977 3863 haec
3009 3809 3246 3878 aliaque,
3273 3825 3397 3865 cum
3423 3813 3621 3868 diabo~

2044 3900 2158 3954 lum
2191 3907 2487 3964 terrerent,
2510 3915 2636 3954 eum
2669 3916 2777 3954 non
2807 3901 3060 3956 sinebant
3096 3902 3164 3956 ad
3196 3912 3404 3960 natura:
3420 3917 3620 3962 nostra)

2044 3992 2304 4047 athletam
2333 3993 2613 4048 accedere.

2123 4085 2281 4156 124.
2303 4083 2410 4140 Sed
2449 4085 2540 4139 ubi
2562 4085 2800 4155 primum
2833 4085 2992 4143 famis
3025 4088 3438 4158 impressionem
3463 4105 3621 4148 exce-

2045 4175 2146 4246 pit,
2163 4190 2400 4246 eumque
2421 4175 2673 4232 diabolus
2693 4179 2934 4234 humano
2950 4180 3075 4235 cibo
3097 4181 3433 4252 indigentem
3456 4183 3616 4248 vidit,

2046 4282 2148 4322 nec
2178 4274 2359 4322 tamen
2395 4282 2558 4338 supra
2590 4271 2827 4340 majores
2861 4272 3160 4342 patientem
3200 4273 3416 4341 inediae,
3457 4291 3616 4331 acce-

2047 4358 2148 4422 dit,
2195 4359 2545 4414 solitudinem
2594 4368 2744 4414 ratus
2777 4377 2900 4417 esse
2924 4366 3390 4433 opportunitatem
3441 4367 3616 4421 maxi-

371 4456 466 4508 καὶ
499 4456 744 4526 νικήσειν
777 4453 973 4524 ῥᾳδίως
1012 4450 1300 4505 πιστεύων.
1327 4449 1435 4502 Καὶ
1457 4447 1708 4519 καθάπερ
1741 4450 1797 4500 ὲν
1831 4450 1940 4510 τοῖς

2047 4462 2212 4511 mam,
2250 4463 2416 4518 seque
2439 4448 2597 4502 facile
2622 4450 2884 4505 victorem
2916 4451 3030 4505 fore
3043 4453 3292 4508 credens.
3316 4454 3394 4508 Ac
3423 4470 3619 4524 quem-

371 4544 626 4615 πολέμοις
697 4544 788 4596 τὸν
869 4541 1206 4611 πανταχόθεν
1271 4543 1338 4610 τῇ
1423 4538 1696 4608 πανοπλία
1779 4555 1943 4591 κεκα-

364 4637 643 4706 λυμμένον
711 4632 1106 4700 κατατοξεῦσαι
1173 4649 1254 4695 τις
1308 4631 1544 4695 ἐθέλων,
1631 4630 1750 4683 ὅλον
1805 4630 1941 4700 πόρ-

367 4726 544 4795 ρωθεν
595 4727 710 4788 τοῖς
751 4725 1052 4793 ὀφθαλμοῖς
1091 4721 1438 4791 περισκοπῶν
1497 4721 1725 4790 ἐρευνᾷ,
1772 4735 1936 4786 γεγυ-

369 4816 652 4887 μνωμένον
688 4817 844 4886 μέλος
879 4813 1168 4884 ἐπιζητῶν,
1193 4814 1276 4865 ἵνα
1316 4814 1430 4864 ἐκεῖ
1456 4810 1617 4881 ῥίψας
1662 4809 1722 4862 τὸ
1765 4809 1935 4878 βέλος,

367 4907 459 4967 τὸν
488 4906 776 4960 ἀντίπαλον
823 4906 1023 4979 πλήξῃ’
1072 4903 1245 4966 οὕτως
1299 4906 1326 4956 6
1365 4902 1628 4968 διάϐολος,
1669 4900 1814 4972 πάσῃ
1845 4901 1935 4953 τὸν

2045 4541 2339 4596 admodum
2391 4543 2446 4596 in
2482 4542 2661 4605 bellis,
2707 4543 2750 4596 si
2777 4544 2900 4611 quis
2935 4543 3214 4599 hominem
3251 4546 3384 4600 velit
3408 4554 3615 4601 tectum

2039 4632 2186 4687 omni
2213 4648 2489 4687 armorum
2514 4648 2712 4704 genere
2755 4633 2920 4689 ferire
2953 4635 3160 4704 jaculo,
3203 4644 3374 4689 totum
3400 4637 3618 4693 eminus

2039 4723 2215 4778 oculis
2254 4723 2706 4792 circumspiciens
2757 4723 3009 4794 vestigat,
3046 4723 3254 4778 nudum
3289 4725 3508 4795 aliquod
3528 4725 3615 4780 in-

2044 4815 2268 4885 quircns
2292 4814 2622 4878 membrum,
2653 4814 2706 4868 in
2726 4814 2872 4884 quod
2908 4815 3153 4870 immisso
3172 4816 3375 4886 jaculo,
3416 4816 3614 4870 adver—

2042 4907 2247 4962 sarium
2272 4914 2422 4975 petat
2451 4923 2464 4960 :
2493 4907 2574 4961 sic
2607 4905 2859 4961 diabolus
2881 4906 3162 4962 Christum
3194 4907 3428 4962 intuitus
3463 4909 3612 4962 omni

366 4995 600 5067 Χριστδν
633 4997 946 5068 δικαιοσύνῃ
991 4995 1439 5064 καθωπλισμένον
1461 4992 1622 5064 όρῶν,
1650 4993 1742 5045 καὶ
1776 4991 1938 5045 τόπον

2042 4998 2252 5069 iustitia
2281 4999 2633 5063 instructum,
2687 5013 3049 5068 quaerensque
3103 5008 3475 5068 opportunum
3529 4999 3612 5053 lo-

368 5085 624 5156 ἁρμόδιον
653 5086 854 5154 ζητῶν,
893 5087 958 5139 ἵν’
999 5088 1115 5141 ἐκεῖ
1152 5086 1212 5140 τὸ
1253 5085 1404 5154 βέλος
1431 5083 1713 5154 ἀκοντίσῃ,
1750 5083 1824 5147 ὡς
1853 5076 1937 5136 εὖ·

369 5193 466 5248 ρεν
499 5180 864 5246 ἀναφανεῖσαν
908 5179 1006 5248 τὴν
1063 5180 1272 5241 πεῖναν,
1321 5177 1682 5247 προσέρχεται
1733 5177 1937 5245 θαρσα-

369 5271 527 5334 λέως,
562 5271 636 5334 ὡς
676 5273 851 5343 εὑρὼν
878 5273 938 5325 τὸ
975 5271 1328 5342 ζητούμενον,
1354 5271 1428 5333 ὼς
1468 5269 1559 5322 τοῦ
1595 5269 1938 5340 προπάτορος

433 5400 464 5441 ς
490 5390 620 5446 Luc.
650 5407 722 5454 tv,
750 5393 804 5445 ’5.
885 5400 906 5428 τ
942 5389 1043 5445 lsa.
1077 5406 1170 5453 vn,
1199 5389 1287 5443 16.

2042 5106 2188 5154 eum,
2215 5105 2326 5158 quo
2355 5091 2524 5146 telum
2585 5091 2944 5160 intorqueret,
2981 5090 3165 5144 statim
3210 5098 3374 5159 atque
3404 5089 3614 5145 invenit

2039 5179 2237 5234 famem
2268 5195 2327 5234 se
2353 5181 2700 5250 prodentem,
2738 5179 3001 5234 audacter
3019 5180 3252 5244 accedit,
3291 5183 3518 5252 perinde
3547 5195 3612 5236 ac

2040 5271 2087 5325 si
2123 5270 2416 5342 reperisset
2448 5271 2594 5342 quod
2625 5271 2924 5340 quaerebat,
2959 5280 3016 5326 et
3047 5273 3208 5344 primi
3238 5276 3482 5344 parentis
3522 5273 3606 5327 af-

1365 5400 1385 5427 ·
1421 5387 1577 5444 Joan.
1615 5403 1652 5451 ι,
1683 5387 1773 5442 29.
1837 5387 1856 5424 ί
1894 5387 2083 5445 Matth.
2112 5403 2195 5446 tu.
2228 5388 2314 5442 Π.

1643 5543 1878 5599 νΑΒΙᾹῖ.
1919 5543 2316 5601 LECTIONES.

427 5662 475 5694 “
495 5661 606 5716 Καὶ
639 5657 810 5724 εἶπεν,
845 5680 898 5715 κ.
925 5679 976 5715 τ.
1000 5661 1052 5714 λ.
1086 5659 1166 5714 Ad
1208 5659 1410 5715 librum
1437 5659 1823 5730 quintumista
1866 5658 2161 5730 pertinere,
2193 5657 2409 5730 monuit
2450 5657 2760 5728 Gamerius,
2795 5675 2859 5715 ex
2912 5658 3027 5714 sola
3078 5657 3409 5728 conjectura.
3445 5655 3603 5729 Apud

354 5733 714 5790 “creatorem
744 5732 860 5788 lucc
893 5730 1298 5788 desiderantur.
1376 5730 1418 5762 ιδ
1440 5729 1634 5799 τούτῳ,
1683 5729 1880 5784 Aberat
1915 5729 1985 5784 ab
2011 5729 2250 5785 editione
2282 5729 2474 5801 priori.
