4054 6138
411 292 482 352 79.
1642 288 1959 348 OPERUM
1997 289 2483 353 THEODORETI
3608 299 3680 360 so

410 404 704 457 fectionent
747 400 801 454 in
835 399 955 470 ipso
1007 400 1251 454 vidisset.
1289 397 1442 452 llunc
1477 398 1622 450 enim
1667 412 1765 466 per
1812 413 1999 452 come-

2107 400 2164 453 τὸ
2217 402 2385 466 πάθος
2431 405 2489 456 ἐν
2541 405 2690 476 αὐτῷ
2715 406 3019 476 θεωρήσας.
3062 407 3170 461 Καὶ
3211 406 3319 478 γὰρ
3351 407 3556 459 ἐκεῖνον
3587 405 3676 462 διὰ

411 493 646 549 stionem
688 494 848 548 beata
872 494 983 547 vita
1025 491 1320 561 privatum,
1375 488 1691 552 sudoribus,
1736 487 1992 553 miseriae,

413 587 686 658 mortique
709 587 937 642 addixit.

479 679 762 734 Accedens
812 679 978 749 igitur
1010 675 1088 730 ait
1118 674 1218 730 ε·δὶ
1270 673 1436 729 Filius
1472 674 1568 728 Dei
1599 692 1650 728 es
1674 715 1688 738 ,
1719 674 1799 727 dic
1833 673 2000 744 lapidi

411 771 520 834 isti,
554 779 611 823 ut
644 771 798 840 panis
823 769 921 837 ﬁat
942 777 989 821 ιι.
1029 767 1088 821 ld
1119 776 1305 822 autem
1338 783 1448 820 non
1475 767 1717 832 fecisset,
1744 767 1849 821 nisi
1882 766 1973 822 Sal

413 873 570 917 vator
595 862 941 916 affectionem
980 858 1142 914 famis
1165 858 1519 928 suscepisset,
1536 857 1685 928 quod
1711 857 2000 912 manifeste

413 955 540 1024 quis
575 970 642 1008 ex
670 951 1136 1020 consequentibus
1179 951 1375 1005 discat.
1412 951 1531 1004 Mox
1571 950 1720 1005 enim
1751 958 1810 1004 ut
1854 951 2001 1005 lucta

414 1046 593 1101 victus
617 1051 719 1108 est,
749 1042 1199 1112 experientiaque
1231 1041 1427 1096 didicit
1461 1040 1610 1094 hunc
1634 1040 1814 1110 ipsum
1846 1039 2000 1094 illum

411 1154 552 1201 esse,
587 1152 750 1206 quem
791 1151 983 1189 omnes
1011 1135 1292 1204 prophetae
1330 1131 1718 1202 pnedixerant,
1745 1146 1815 1185 ne
1845 1145 2003 1200 aspe-

411 1241 559 1284 ctum
589 1228 810 1297 quidem
840 1226 1152 1282 accedentis
1175 1225 1318 1280 ferre
1344 1238 1510 1278 ausus
1540 1230 1644 1287 est,
1690 1221 1786 1276 sed
1818 1221 1999 1276 statim

415 1322 468 1374 in
524 1319 705 1390 fugam
751 1335 808 1374 se
850 1319 1002 1372 dedit
1038 1333 1226 1371 :nunc
1259 1317 1483 1387 quidem
1531 1316 1776 1370 clamans
1815 1315 2002 1380 :Quid

413 1412 560 1466 nobis
599 1419 648 1463 et
671 1411 784 1469 tibi.
806 1410 908 1464 Fili
937 1410 1032 1463 Dei
1061 1411 1085 1462 ?
1113 1409 1240 1479 quid
1270 1409 1456 1462 venisti
1500 1417 1623 1462 ante
1654 1415 1857 1478 tempus
1895 1416 2004 1461 tor-

413 1517 574 1572 quere
605 1517 696 1554 nos
720 1501 782 1552 V?
812 1515 958 1553 nunc
992 1514 1123 1553 vero
1147 1516 1160 1551 :
1203 1497 1336 1552 Novi
1361 1497 1450 1568 qui
1477 1499 1570 1561 sis,
1598 1514 1628 1551 ο
1661 1505 1844 1551 sancte
1873 1497 2002 1563 Dei;

414 1593 606 1662 adjuro
638 1602 706 1659 te,
735 1609 799 1646 ne
829 1608 910 1646 me
941 1600 1193 1660 torqueas
1221 1604 1268 1642 ι.
1299 1589 1389 1644 Sic
1421 1601 1570 1643 metu
1596 1596 1825 1660 cogente
1850 1589 2003 1660 judi-

413 1696 534 1736 cem
580 1681 874 1736 fatebatur.
903 1680 1134 1734 Talibus
1174 1694 1308 1733 vero
1332 1682 1347 1699 ⁶
1383 1679 1540 1749 125
1573 1688 1700 1734 ante
1735 1680 2000 1735 tentatio-

413 1787 539 1826 nem
561 1772 747 1827 verbis
774 1787 908 1826 usus
923 1786 1032 1824 non
1054 1777 1192 1834 erat,
1224 1769 1320 1825 sed
1355 1771 1702 1826 confidenter
1732 1773 2002 1828 accedens

414 1864 627 1918 dixerat
663 1881 675 1914 :
710 1862 766 1916 Si
796 1862 961 1914 Filius
993 1857 1087 1913 Dei
1131 1876 1205 1926 es,
1251 1861 1334 1914 die
1366 1861 1561 1932 lapidi,
1593 1870 1650 1916 ut
1679 1865 1833 1934 panis
1878 1863 1996 1932 ﬁat.

413 1954 612 2008 Audivi
638 1953 785 2007 enim
810 1952 1015 2022 lapsam
1053 1951 1120 2005 de
1144 1952 1282 2006 emlo
1303 1968 1515 2017 vocem,
1544 1969 1664 2022 qua:
1691 1964 1741 2009 te
1769 1954 1875 2010 hoc
1896 1970 2000 2010 no-

412 2044 562 2098 mine
585 2043 918 2114 appellaret;
945 2058 1049 2098 nec
1094 2051 1276 2097 tamen
1304 2043 1472 2098 credo
1516 2059 1632 2098 rem
1679 2045 1756 2099 ita
1807 2060 1867 2100 se
1901 2046 2000 2100 ha-

413 2133 567 2199 bere,
599 2133 774 2188 donec
798 2132 1142 2203 experientia
1171 2135 1431 2205 magistra
1460 2133 1657 2190 doctus
1682 2135 1860 2191 fuero.
1898 2137 2003 2192 Fa-

415 2223 522 2277 ctis
556 2220 826 2291 persuade
855 2235 982 2274 eum
1014 2229 1065 2276 te
1104 2235 1225 2276 esse
1269 2222 1364 2291 qui
1396 2223 1643 2289 vocaris;
1681 2224 1737 2278 id
1771 2226 1923 2280 enim
1956 2227 2002 2280 si

416 2313 683 2378 didicero,
711 2312 913 2384 fugiam
932 2313 1202 2383 protinus,
1229 2320 1284 2367 et
1317 2329 1404 2368 me
1434 2316 1756 2386 proripiam,
1775 2316 2007 2372 luctam-

415 2420 524 2475 que
549 2411 732 2459 tecum
761 2404 1080 2460 detrectabo
1109 2422 1125 2457 ε
1161 2404 1435 2474 siquidem
1466 2406 1639 2476 probe
1684 2408 1837 2474 novi,
1869 2410 2006 2479 quid

417 2493 754 2548 discriminis
795 2509 881 2548 me
921 2493 1066 2548 inter
1109 2504 1275 2563 atque
1331 2503 1383 2549 te
1437 2494 1748 2551 intercedat
1783 2515 1796 2551 :
1836 2513 2008 2567 quare

418 2583 744 2638 miraculum
788 2591 965 2654 patra,
1015 2584 1364 2655 mirabilique
1409 2587 1731 2656 operatione
1773 2589 1909 2645 doce
1954 2597 2008 2644 te

416 2675 674 2730 miraculi
708 2684 990 2731 auctorem
1025 2693 1038 2728 :
1070 2675 1166 2731 Dic
1198 2685 1253 2732 ut
1285 2675 1423 2749 lapis
1455 2679 1554 2733 iste
1587 2683 1744 2752 panis
1769 2681 1888 2752 ﬁat.

491 2854 569 2926 (l)
622 2851 889 2910 Dominus
931 2870 1084 2921 vero,
1108 2855 1312 2912 auditis
1361 2857 1690 2928 nequissimi
1747 2858 2007 2925 vocibus,

417 2943 703 3000 abscondit
767 2947 988 3016 quidem
1047 2946 1420 3015 divinitatem,
1464 2965 1532 3005 ex
1588 2950 1828 3007 humana
1880 2967 2012 3008 vero

2103 491 2360 562 βρώσεως
2401 496 2500 566 τῆς
2549 497 2755 550 ἀλύπου
2797 496 2940 566 ζωῆς
2985 502 3276 568 στερήσας,
3316 497 3532 568 ἱδρῶτι,
3583 501 3677 552 καὶ

2103 578 2452 653 ταλαιπωρίᾳ
2475 621 2488 645 ,
2524 583 2616 636 καὶ
2665 584 2881 656 Θανάτῳ
2910 585 3215 650 συνέξευξε.

2173 672 2546 744 Προσέρχεται
2579 675 2756 728 τοίνυν
2790 676 2984 744 λέγων·
3022 679 3090 730 El
3124 677 3258 744 Υἱὸς
3280 678 3338 732 εἴ
3361 677 3470 733 τοῦ
3501 679 3675 741 Θεοῦ.

2102 763 2236 818 εἰπὲ
2284 764 2365 830 τῷ
2399 766 2544 831 λίθῳ
2569 767 2776 834 τούτῳ,
2821 768 2923 821 ἵνα
2963 768 3140 836 ἄρτος
3170 767 3432 838 γένηται.
3465 771 3580 823 υύκ
3613 771 3680 825 ἂν

2101 854 2158 907 δὲ
2198 854 2358 909 τοῦτο
2391 858 2711 926 πεποίηκεν,
2753 860 2802 912 εί
2853 858 2928 930 μὴ
2965 859 3025 912 τὸ
3063 859 3166 929 τῆς
3203 861 3391 932 πείνης
3428 864 3458 916 ὁ
3489 862 3679 935 Σωτὴρ

2103 947 2426 1011 κατεδέξατο
2457 949 2648 1013 adeo:
2681 951 2773 1004 καὶ
2804 949 2961 1004 τοῦτο
3002 950 3162 1022 μάθοι
3191 969 3276 1015 τις
3314 953 3376 1004 ὲκ
3399 952 3508 1006 τῶν
3540 957 3677 1023 μετὰ

2101 1035 2276 1090 ταῦτα
2323 1039 2527 1109 σαφῶς.
2591 1041 2678 1103 Ὠς
2715 1040 2824 1112 γὰρ
2872 1041 3139 1104 παλαίσας
3175 1043 3402 1115 ἡττήθη,
3452 1046 3547 1099 καὶ
3593 1047 3680 1101 διὰ

2101 1128 2201 1200 τῆς
2232 1131 2426 1200 πείρας
2457 1130 2678 1200 ἔμαθεν,
2715 1132 2797 1185 ὅτι
2843 1132 3003 1195 αὐτός
3034 1134 3205 1196 ἐστιν,
3230 1133 3289 1188 ὃν
3321 1135 3370 1186 οἱ
3399 1135 3679 1206 προφῆται

2103 1219 2486 1290 προεκήρυξαν
2509 1221 2762 1287 ἅπαντες,
2790 1220 2912 1274 οὐδὲ
2941 1221 3040 1293 τὴν
3069 1220 3196 1277 θέαν
3222 1222 3388 1276 αὑτοῦ
3424 1228 3680 1294 προσιόν-

2099 1325 2193 1370 τος
2227 1309 2415 1380 φέρειν
2451 1309 2771 1381 ἐτόλμησεν,
2811 1309 2927 1365 ἀλλ’
2967 1311 3129 1375 εὐθὺς
3169 1312 3556 1382 ἐδραπέτευσε·
3589 1313 3680 1367 νῦν

2107 1402 2204 1470 μὲν
2236 1400 2395 1470 βοῶν·
2438 1403 2499 1455 Τί
2530 1402 2673 1472 ἡμῖν
2717 1403 2816 1456 καὶ
2860 1403 2983 1466 σοὶ,
3031 1402 3126 1457 Υἱὲ
3173 1401 3276 1457 τοῦ
3321 1403 3470 1457 Θεοῦ
3504 1404 3582 1469 ¹⁸;
3626 1403 3686 1457 τι
3724 1420 3737 1432 ·

2101 1489 2287 1563 ἦλθες
2331 1494 2374 1526 ⁸⁸
2421 1493 2534 1563 πρὸ
2576 1493 2786 1564 καιροῦ
2827 1495 3167 1559 ,βασανίσαι
3217 1492 3411 1564 ήμᾶς;
3451 1493 3547 1547 νῦν
3592 1494 3681 1546 δέ’

2107 1581 2251 1638 ῡϊδά
2285 1600 2358 1638 σε
2388 1585 2480 1651 τίς
2507 1580 2580 1646 εἷ,
2631 1588 2664 1639 ό
2714 1584 2881 1653 ἅγιος
2919 1584 3026 1638 τοῦ
3057 1584 3204 1639 Θεοῦ
3227 1602 3241 1616 ⁸
3274 1584 3479 1653 ὁρκίζω
3507 1585 3550 1617 ³⁷
3584 1600 3679 1648 σε,

2103 1676 2185 1747 μή
2220 1693 2296 1745 με
2337 1677 2715 1744 βασανίσῃς.
2766 1676 2952 1740 Οὕτως
3006 1677 3295 1741 ἐδεδοίκει,
3347 1677 3442 1730 καὶ
3488 1675 3683 1746 κριτὴν

2102 1767 2395 1836 ὡμολόγει·
2430 1765 2553 1820 τότε
2582 1767 2639 1820 δὲ
2679 1766 2783 1837 πρὸ
2803 1767 2903 1838 τῆς
2941 1767 3137 1838 πείρας
3155 1768 3215 1818 ού
3243 1765 3507 1828 τοιούτοις
3553 1764 3680 1818 ὲκέ-

2101 1876 2272 1930 χρητο
2320 1859 2594 1931 ῥήμασιν,
2657 1857 2794 1912 άλλά
2837 1857 3052 1929 θαρρῶν
3091 1857 3316 1930 προσῄει
3361 1856 3573 1926 λέγων·
3615 1858 3686 1910 El

2111 1949 2244 2016 Υἱὸς
2273 1946 2331 2004 εἷ
2373 1949 2481 2004 τοῦ
2531 1950 2702 2013 Θεοῦ,
2750 1947 2882 2004 εἰπὲ
2917 1947 2997 2014 τῷ
3035 1949 3203 2015 λίθῳ,
3235 1950 3335 2003 ἵνα
3374 1947 3553 2017 ἄρτος
3592 1947 3688 2016 γέε-

2101 2059 2297 2111 νηται.
2326 2043 2438 2114 Τῆς
2467 2043 2566 2112 μὲν
2595 2042 2703 2112 γὰρ
2722 2041 2927 2094 ἀνωθεν
2955 2039 3215 2110 ἐλθούσης
3246 2039 3428 2109 φωνῆς
3455 2039 3682 2108 ἤκουσα⁹

2105 2134 2263 2206 φησὶ,
2292 2132 2448 2186 τοῦτό
2490 2151 2551 2185 σε
2596 2131 2926 2201 καλεσάσης,
2978 2131 3195 2184 ἀπιστῶ
3225 2129 3281 2183 δὲ
3313 2128 3416 2190 ἕως
3444 2128 3510 2182 ἂν
3535 2127 3687 2182 λάϐω

2104 2228 2202 2297 τὴν
2235 2228 2430 2297 πεῖραν
2471 2224 2810 2277 διδάσκαλον.
2836 2212 3028 2276 Πεϊσόν
3058 2239 3125 2293 με
3161 2221 3252 2276 διὰ
3283 2220 3389 2274 τῶν
3423 2220 3686 2292 πραγμά-

2108 2337 2238 2383 των,
2271 2318 2346 2382 ὡς
2377 2316 2594 2386 ἀληθῶς
2633 2316 2899 2386 ὑπάρχεις
2929 2314 2957 2368 ὃ
2987 2313 3270 2382 κέκλησαιο
3300 2311 3366 2366 ἂν
3391 2311 3497 2380 γάρ
3529 2311 3687 2365 τοῦτο

2111 2409 2289 2481 μάθω,
2329 2407 2598 2479 φεύξομαι
2639 2407 2734 2459 καὶ
2762 2404 3137 2477 δραπετεύσω,
3175 2403 3270 2456 καὶ
3303 2402 3403 2474 τὴν
3447 2401 3584 2472 πρὸς
3626 2402 3688 2454 σὲ

2110 2501 2526 2571 παραιτήσομαι
2565 2497 2778 2568 πάληνο
2813 2492 2930 2549 οἶδα
2959 2494 3068 2565 γὰρ
3113 2495 3235 2548 ὅσον
3275 2492 3412 2564 ἐμοῦ
3459 2492 3554 2546 ml.
3592 2491 3689 2545 σοῦ

2107 2592 2168 2646 τὸ
2197 2593 2474 2661 διάφορονο
2507 2588 2680 2653 δεῖξον
2702 2587 2880 2642 τοίνυν
2914 2584 2973 2638 τὸ
3008 2584 3214 2657 θαῦμα,
3246 2585 3341 2640 καὶ
3373 2582 3585 2648 δίδαξον
3618 2585 3688 2655 τῇ

2111 2682 2528 2755 θαυματουργία
2567 2681 2661 2736 τὸν
2697 2681 2794 2735 τοῦ
2826 2679 3104 2752 θαύματος
3130 2677 3382 2750 ποιητήν·
3405 2675 3555 2732 Εἰπὲ
3589 2676 3692 2730 ἵνα

2031 2837 2036 2842 ,
2112 2779 2146 2832 ό
2176 2777 2348 2842 λίθος
2383 2770 2564 2840 οὗτος
2594 2772 2774 2842 ἄρτος
2803 2772 3064 2843 γένηται.

2161 2873 2233 2925 α’.
2249 2867 2512 2930 Ἀκούσας
2525 2864 2655 2934 γοῦν
2672 2865 2778 2918 τῶν
2789 2863 2882 2917 τοῦ
2899 2861 3142 2934 Πονηροῦ
3156 2860 3413 2933 ῥημάτων
3428 2860 3457 2912 ὁ
3467 2859 3692 2930 Κύριος,

2113 2960 2348 3032 κρύπτει
2399 2958 2499 3028 μὲν
2540 2957 2639 3024 τὴν
2680 2953 2934 3024 θεότητα,
2987 2953 3051 3005 ὲκ
3099 2951 3157 3004 δὲ
3195 2950 3298 3021 τῆς
3351 2948 3695 3021 ἀνθρωπείας
3805 3021 3814 3028 θ

417 3044 612 3091 natura
663 3035 800 3092 dicit
851 3055 865 3093 :
915 3037 1032 3094 Non
1081 3057 1220 3111 pane
1277 3039 1453 3096 solum
1511 3043 1636 3096 vivit
1667 3044 1861 3109 homo,
1913 3045 2004 3099 sed

2107 3054 2416 3120 διαλέγεται
2468 3046 2682 3118 φύσεως
2707 3060 2722 3076 ο
2773 3047 2896 3098 Οὐκ
2940 3043 3034 3096 ἐπ’
3071 3042 3228 3112 ἄρτῳ
3269 3045 3464 3112 μόνον
3501 3040 3566 3104 ⁸⁸,
3602 3040 3694 3093 λέ-

415 3129 472 3182 in
507 3130 652 3183 omni
673 3128 826 3183 verbo
853 3128 950 3184 Dei
969 3140 1026 3198 ²;
1055 3133 1213 3201 quasi
1256 3132 1468 3189 diceret
1505 3152 1518 3188 :
1545 3135 1773 3190 Possum
1803 3136 2004 3207 absque

2118 3165 2255 3221 γων,
2289 3143 2529 3214 ζήσεται
2561 3139 2894 3207 ἅνθρωπος,
2932 3137 3070 3191 ἀλλ’
3098 3136 3169 3189 ἐν
3200 3135 3243 3166 ¹⁹
3275 3132 3698 3221 παντὶ-ῥήματι

418 3217 653 3288 panibus
670 3219 763 3285 ali,
790 3235 916 3276 cum
944 3221 1030 3276 his
1051 3222 1184 3278 solis
1207 3223 1318 3278 vita
1349 3224 1636 3280 hominum
1657 3242 1768 3282 non
1790 3238 2012 3285 susten-

419 3318 586 3376 tetur,
625 3311 720 3366 sed
756 3311 856 3368 toti
888 3323 1097 3368 naturae
1134 3315 1419 3370 hominum
1454 3317 1762 3373 nutriendae
1803 3335 1903 3390 par
1941 3323 2015 3378 sit

417 3405 648 3460 verbum
672 3405 790 3460 Dei.
817 3405 908 3462 Sic
933 3405 1169 3475 populus
1200 3407 1535 3462 lsraeliticus
1565 3425 1739 3464 annos
1772 3412 2013 3480 quadra-

419 3496 569 3568 ginta
626 3498 875 3552 nutritus
924 3507 1010 3553 est
1077 3515 1276 3554 manna
1311 3500 1578 3571 colligens
1605 3513 1627 3541 α
1657 3539 1672 3564 ,
1712 3503 2013 3574 aviumque

419 3590 520 3646 Dei
553 3591 838 3648 voluntate
877 3600 1160 3661 captarum
1199 3592 1492 3647 venatione
1547 3593 1856 3664 perfruens.
1921 3595 2014 3654 Sic

418 3681 570 3737 Elias
593 3683 619 3721 δ
656 3697 852 3739 corvos
875 3682 1070 3738 habuit
1101 3683 1482 3741 obsonatores.
1509 3686 1601 3742 Sic
1615 3688 1847 3746 Elisaaus
1881 3692 2010 3746 bere

419 3773 505 3828 bis
533 3773 844 3844 agrestibus
874 3773 1175 3845 discipulos
1216 3775 1430 3845 pavit°.
1471 3776 1578 3832 Sed
1607 3779 1738 3848 quid
1792 3792 2013 3852 oportet

420 3863 716 3917 memorari
740 3864 967 3918 vetera?
1016 3863 1254 3920 Joannes
1303 3866 1416 3930 ille,
1459 3867 1552 3938 qui
1581 3870 1746 3938 paulo
1796 3879 1924 3926 ante
1955 3871 2012 3925 in

418 3951 657 4008 Jordane
697 3953 1042 4024 baptizabat,
1085 3954 1253 4010 vitam
1285 3963 1452 4010 totam
1489 3957 1544 4011 in
1593 3957 1814 4014 deserto
1844 3976 2011 4031 agens

422 4044 651 4099 locustis
672 4044 1030 4110 vescebatur,
1059 4054 1116 4099 et
1153 4061 1318 4116 apum
1349 4048 1648 4116 agrestium
1683 4051 1880 4106 favis“.
1911 4053 2008 4107 Ni-

424 4134 500 4188 hil
551 4135 720 4206 igitur
764 4135 1069 4190 absurdum
1113 4144 1216 4201 est,
1255 4137 1300 4190 si
1344 4146 1400 4191 et
1427 4153 1527 4194 nos
1561 4155 1782 4210 quoque
1827 4157 1858 4196 a
1897 4143 2009 4199 Deo

423 4226 573 4280 victu
605 4240 749 4280 novo
770 4227 844 4280 ita
869 4227 1199 4293 nutriamur,
1243 4236 1301 4282 ut
1328 4229 1560 4298 panibus
1589 4247 1696 4287 non
1726 4248 2005 4303 egeamus.

496 4580 521 4607 ιι
552 4571 687 4626 Luc.
719 4589 790 4633 tv,
824 4573 876 4627 3.

949 4583 974 4610 ν
1002 4574 1193 4630 Matth.
1228 4591 1343 4640 vm,
1383 4578 1472 4632 29.

423 4639 540 4695 4-6
571 4657 682 4697 sec.
720 4641 885 4697 LXX.

1554 4593 1577 4619 ι
1610 4577 1775 4632 Marc.
1817 4578 1967 4637 1.9.4.

2118 3218 2286 3295 Θεοῦ.
2326 3232 2608 3302 Δύναμαι,
2658 3226 2853 3297 φησὶν,
2903 3224 3030 3278 ἄνευ
3074 3222 3242 3294 ἄρτου
3300 3219 3597 3290 τραφῆναι.
3627 3218 3692 3270 οὐ

2115 3329 2226 3400 γάρ
2272 3326 2338 3387 ἂν
2376 3327 2489 3386 τοῖς
2539 3320 2719 3391 μόνοις
2752 3318 2787 3388 ἠ
2829 3315 2938 3370 τῶν
2975 3312 3280 3385 ἀνθρώπων
3308 3313 3698 3383 συγκρατεῖται

2115 3420 2250 3489 ζωή·
2288 3415 2404 3470 ἀλλ’
2447 3413 2608 3482 ἀρκεῖ
2653 3412 2806 3480 ῥῆμα
2846 3405 2985 3460 Θεοῦ
3023 3409 3208 3460 πᾶσαν
3247 3404 3358 3459 τῶν
3392 3403 3698 3476 ἀνθρώπων

2113 3509 2402 3581 διαθρέψαι
2432 3507 2533 3578 τὴν
2557 3503 2740 3574 φύσιν.
2773 3501 2961 3565 Οὕτως
2989 3503 3019 3555 ὁ
3052 3499 3444 3572 Ἰσραηλιτικὺς
3479 3496 3698 3566 διετρά-

2117 3619 2194 3673 φη
2234 3601 2363 3663 λαὸς
2395 3596 2806 3668 τεσσαράκοντα
2844 3593 2938 3664 ἔτη
2975 3591 3034 3645 τὸ
3062 3592 3237 3662 μάννα
3275 3590 3571 3655 συλλέγων,
3602 3588 3696 3641 καὶ

2115 3693 2288 3765 θήρας
2317 3689 2545 3763 ὀρνίθων
2577 3687 2865 3742 ἀπολαύων
2907 3684 3295 3756 πεπεδημένης
3327 3682 3488 3753 βουλῇ
3533 3681 3694 3735 Θεοῦ·

2113 3784 2209 3838 καὶ
2264 3783 2454 3846 Ἠλίας
2511 3780 2756 3851 κόρακας
2811 3778 3131 3849 ἑστιάτορας
3177 3777 3333 3847 ἔσχε·
3384 3777 3478 3830 καὶ
3521 3775 3698 3829 Ἐλισ-

2115 3878 2266 3941 σαῖος
2305 3874 2518 3945 ἀγρίοις
2557 3872 2811 3942 λαχάνοις
2854 3871 2982 3934 τοὺς
3018 3869 3289 3934 διασώσας
3336 3870 3384 3902 ⁸ο
3415 3867 3690 3939 διέθρεψε.

2113 3968 2224 4022 Καὶ
2259 3967 2316 4019 τί
2359 3983 2426 4036 με
2473 3964 2554 4017 δεῖ
2601 3963 2782 4032 λέγειν
2813 3964 2881 4017 τά
2922 3961 3162 4029 παλαιάς
3213 3961 3465 4031 Ἰωάννης
3491 3955 3697 4023 οὗτοςό

2115 4058 2393 4130 βαπτίζων
2436 4057 2663 4128 ἔναγχος
2705 4059 2762 4109 ὲν
2794 4056 2872 4126 τῷ
2919 4054 3184 4126 Ἰορδάνῃ,
3218 4055 3400 4106 πᾶσαν
3436 4052 3538 4123 τὴν
3578 4052 3696 4122 ἡλι-

2112 4152 2240 4205 κίαν
2285 4153 2342 4205 ὲν
2373 4153 2438 4222 τῇ
2474 4151 2668 4222 ἐρήμῳ
2705 4147 3236 4218 διατελέσας,άκρίσι
3273 4146 3564 4218 τρέφεται,
3601 4144 3695 4198 καὶ

2116 4246 2378 4317 μελιττῶν
2419 4242 2627 4312 ἀγρίων
2658 4241 2878 4313 καρπῷ.
2911 4241 3075 4294 Οὐδὲν
3106 4240 3286 4293 τοίνυν
3320 4237 3550 4299 ἀπεικὸς
3593 4239 3692 4289 καὶ

2112 4339 2260 4407 ἡμᾶς
2307 4336 2412 4389 ὑπὸ
2459 4335 2592 4388 Θεοῦ
2645 4333 2771 4407 ξένῃ
2803 4331 3118 4402 ὲστιαθῆναι
3147 4333 3346 4403 τροφῇ,
3384 4330 3479 4384 καὶ
3510 4330 3694 4402 ἄρτων

2041 4415 2089 4470 Ι)
2119 4422 2194 4494 μὴ
2217 4421 2498 4494 δεηθῆναι.

2049 4587 2071 4615 ι
2104 4577 2238 4632 Luc.
2273 4594 2346 4643 tv,
2372 4578 2425 4632 4.
2504 4590 2529 4619 ι
2553 4576 2698 4632 Psal.
2726 4593 2921 4643 Lxxvn,
2948 4577 3017 4631 23
3043 4592 3158 4646 seq.
3238 4577 3264 4616 ι’
3299 4577 3364 4631 Ill
3397 4577 3526 4648 Reg.
3557 4593 3692 4643 xvu,

967 4655 989 4683 ε
1031 4645 1096 4701 ιν
1142 4646 1276 4715 lies.
1325 4662 1397 4712 tv,
1426 4648 1495 4702 58
1524 4665 1640 4716 seq.
1720 4648 1745 4687 ά
1783 4645 1950 4702 Marc.
2000 4664 2039 4712 ι,
2077 4649 2128 4703 6.

1757 4763 1988 4818 νΑιιιίΕ
2027 4763 2316 4822 LECTION
2325 4765 2426 4820 ES.

493 4899 547 4980 “7
564 4897 660 4952 Υἱὲ
687 4917 735 4953 τ.
767 4899 831 4952 Θ.
861 4901 984 4980 Des.
1004 4899 1198 4980 Ἰησοῦ.
1223 4901 1370 4970 quod
1395 4902 1515 4980 l._c.
1545 4903 1824 4980 pratcedit.
1905 4905 1946 4937 ’°
1968 4905 2018 4958 τί
2042 4902 2336 4980 ἦλθγτῐὺίιι.
2359 4902 2522 4980 ἦλθες
2554 4903 2679 4980 ὧδε.
2722 4909 2801 4980 ξιτ
2826 4906 3417 4980 ὁρκίζω-βασανίσῃς,
3451 4905 3578 4963 Haec
3603 4910 3694 4964 vi-

424 4967 625 5063 dentur
651 4985 719 5024 ex
739 4972 945 5063 c.'v,-'.l,
973 4970 1159 5063 a'ddita
1185 4967 1306 5063 ess?
1348 4967 1841 5063 quiisso'rpv‘ﬂaby
1867 4967 2234 5063 postné'prECm
2269 4995 2348 5063 σε.
2383 4967 2394 4980 ’
2427 4967 2688 5063 ἢμόνον.
2720 4967 3067 5063 Ροξιςιξουοξ
3103 4967 3314 5063 legitur
3339 4967 3493 5050 ’μόνῳ
3513 5018 3526 5044 ,
3571 4995 3695 5049 qua

420 5046 503 5092 est
538 5051 756 5111 recepta
792 5041 954 5098 lectio
993 5041 1032 5096 1.
1060 5057 1109 5097 c.
1192 5042 1235 5073 ³ο
1265 5044 1344 5096 ἐν.
1370 5041 1515 5097 Loco
1545 5043 1639 5097 cit.
1675 5043 1780 5114 leg.
1807 5041 1920 5099 ἐπεί.
1998 5047 2043 5078 ὀ
2066 5041 2221 5101 διασ.
2270 5041 2586 5119 Legendum
2623 5063 2745 5104 esse
2777 5041 2999 5103 videtur
3031 5041 3321 5112 θιασῶτας.

497 5282 770 5357 (l)_Add_it
802 5282 1164 5357 Cqmbelisrus
1187 5303 1275 5356 ap.
1301 5287 1547 5344 Galland.
1576 5288 1668 5356 IX,
1691 5291 1796 5346 “8
1827 5309 1838 5344 :
1863 5291 2005 5357 Quid

420 5354 560 5409 vero
586 5354 886 5426 Dominus?
913 5356 1134 5424 Appetit
1176 5354 1400 5426 quidem
1427 5361 1633 5423 cibum,
1657 5354 1734 5415 'at
1759 5354 2010 5417 domina-

421 5439 512 5480 tur
538 5423 827 5495 appetitui,
851 5440 961 5495 non
993 5423 1163 5479 Servit
1187 5423 1582 5495 voluptatibus.
1632 5431 1831 5486 Invitat
1877 5448 2008 5488 esu-

418 5493 623 5549 riendo
644 5493 1020 5566 adversarium
1043 5495 1109 5549 ad
1135 5497 1296 5550 lucta:
1322 5493 1630 5566 certamen;
1657 5503 1805 5558 illius
1822 5512 2007 5558 autem

421 5563 879 5636 victor_ellicitur
931 5565 1276 5635 philosophia
1332 5563 1760 5636 humana,'non
1819 5574 2006 5628 divina

417 5634 682 5713 putentia.
716 5634 1272 5713 Pugnat._expugttat,
1296 5638 1493 5713 vineit,
1534 5634 1704 5711 fugat,
1755 5645 2004 5713 tyranni-

417 5703 540 5758 dem
564 5703 838 5772 dissolvit,
880 5703 1316 5764 imbecillitatem
1345 5712 1544 5778 arguit,
1582 5703 1807 5766 Felatatn
1833 5713 2004 5768 victo-

1951 5177 2185 5236 ΝΟΤΛΕ.

2114 5295 2252 5366 riam
2286 5294 2572 5366 hostisque
2624 5296 2834 5352 cladem
2877 5299 3137 5356 traducit.
3176 5320 3193 5353 ι
3219 5296 3490 5358 Conﬁdite
3521 5303 3686 5360 enim.

2110 5365 2307 5442 inquit,
2340 5381 2442 5435 ego
2470 5367 2575 5420 vici
2605 5369 2876 5442 mundum
2907 5387 2925 5419 ι
2951 5369 3134 5441 (Joan.
3163 5388 3272 5436 xvr,
3307 5373 3420 5442 52).
3454 5372 3699 5428 Cnncul-

2107 5437 2342 5490 candum
2375 5447 2664 5507 tyrannum
2698 5439 2765 5493 iis
2787 5442 2881 5508 qui
2911 5437 3057 5496 servi
3089 5442 3221 5496 olim
3248 5437 3690 5498 illi-addiceban-

2107 5513 2198 5560 tur
2235 5508 2479 5576 exponit.
2531 5527 2547 5558 ι
2572 5508 2713 5562 Ecce
2739 5509 3050 5583 dedivobis
3076 5521 3407 5583 potestatem
3442 5512 3691 5583 caleandi

2107 5593 2275 5648 super
2312 5585 2599 5655 serpentes
2622 5587 2678 5655 et
2702 5581 3024 5655 scorpiones
3053 5581 3108 5638 et
3133 5599 3298 5655 super
3322 5598 3544 5640 omnem
3576 5582 3693 5640 vir-

2109 5654 2281 5702 tutem
2321 5647 2529 5702 inimici
2563 5667 2580 5699 ι
2615 5647 2763 5719 (an.
2792 5647 2846 5717 κζ
2878 5651 2984 5723 19).
