4060 6180
385 249 449 313 81
1540 254 2011 314 AUCTARIUM.
2053 280 2122 289 ——
2158 255 2256 315 AD
2290 254 2467 315 TOM.
2507 256 2604 314 1v.
3581 243 3655 324 δέ

460 358 705 429 Ἦλγησε
761 357 861 428 μὲν
901 359 976 423 ὡς
1022 360 1275 432 ἡττηθεὶς
1303 361 1451 425 ἅπαξ
1484 363 1512 413 6
1566 362 1830 432 Πονηρὸς,
1866 363 1963 415 οὐκ

2143 362 2303 430 126
2332 361 2516 416 Doluit
2561 361 2781 431 quidem
2828 378 3062 431 nequam
3107 360 3196 417 ille
3242 362 3409 419 semel
3450 364 3647 424 victus.

385 450 738 519 ἀπηγόρευσε
788 448 843 501 δὲ
888 449 986 520 τὴν
1025 450 1215 522 νίκην,
1267 450 1509 515 ἀκούσας
1559 452 1634 514 ὡς
1681 452 1966 523 ἄνθρωπος

383 540 490 610 εἴη’
527 541 650 593 Οὐκ
689 540 786 592 ἐπ’
825 538 981 607 ἄρτῳ
1011 542 1150 611 γὰρ,
1186 541 1341 613 φησὶ,
1368 541 1535 611 μόνῳ
1579 540 1818 608 ζήσεται
1857 543 1965 595 ἄν·

382 632 637 697 θρωπος.
683 628 776 681 Διὸ
824 628 1086 700 δευτέραν
1119 630 1268 701 αὐτῷ
1299 632 1392 685 καὶ
1430 632 1621 702 τρίτην
1659 627 1815 695 αὖθις
1846 633 1965 684 πεῖ-

384 737 485 789 ραν
520 719 767 790 προᾴδει,
811 718 886 789 πὴ
923 720 1021 789 μὲν
1065 720 1259 789 λέγων’
1289 724 1360 776 El
1404 721 1534 787 Υἱὸς
1570 719 1628 776 εἷ
1658 722 1764 776 τοῦ
1794 722 1964 789 Θεοῦ,

379 808 539 874 βάλε
587 810 852 864 σεαυτὸν
879 811 1111 866 ἄνωθεν
1149 812 1198 843 ⁸⁸
1230 820 1245 835 ”
1268 812 1445 879 κάτω,
1486 813 1579 866 καὶ
1618 813 1705 866 διὰ
1755 796 1977 867 κενοδοῖ

384 902 503 964 ξίας
526 901 914 955 ἐπιϐουλεύων⁸
954 902 1031 973 πὴ
1078 902 1135 956 δὲ
1174 902 1273 967 τάς
1312 904 1413 974 τῆς
1447 905 1779 975 οἰκουμένης
1806 904 1963 975 βασι-

382 990 532 1054 λείας
575 992 906 1060 ἐπιδεικνὺς,
941 994 1036 1046 καὶ
1071 993 1274 1058 ταύτας
1302 995 1627 1050 ἀντιδώσειν
1671 996 1966 1065 ὑπισχνού-

384 1098 571 1151 μενος,
625 1085 674 1134 εί
729 1084 994 1153 πρότερον
1045 1084 1176 1155 παρ’
1215 1083 1381 1139 αὑτοῦ
1430 1086 1530 1153 τὴν
1592 1086 1965 1157 προσκύνησιν

381 1172 559 1227 λάϐοι.
599 1172 691 1237 Ὦς
736 1174 794 1226 δὲ
840 1174 1002 1227 πάλιν
1051 1175 1214 1230 αὐτὸν
1258 1176 1366 1229 τῶν
1398 1176 1645 1231 παλαιῶν
1694 1176 1964 1247 ἀνέμνησε

382 1263 653 1335 νομίμων,
695 1266 791 1319 καὶ
832 1265 1068 1330 ἐδίδαξεν
1108 1267 1192 1319 ὅτι
1236 1267 1337 1319 οὐκ
1380 1266 1631 1330 ἀνέξεται
1660 1267 1831 1336 ἑτέρῳ
1854 1265 1964 1318 τινὶ

379 1357 443 1407 τὸ
473 1355 616 1408 Θεῖον
638 1355 808 1427 γέρας
847 1357 1254 1427 προσενεγκεῖν,
1296 1357 1579 1428 ὑπέμνησε
1610 1357 1667 1410 δὲ
1708 1357 1802 1411 καὶ
1844 1356 1964 1410 ἑτέ-

385 1464 496 1517 ρων
526 1446 623 1500 τοῦ
649 1447 786 1499 Θεοῦ
823 1447 1166 1517 διδαγμάτων
1198 1448 1626 1519 διαγορευόντων
1670 1448 1744 1519 μὴ
1770 1450 1965 1519 πειρά-

384 1535 501 1600 ζειν
552 1536 646 1590 τὸν
700 1536 808 1590 τῶν
859 1539 995 1591 ὅλων
1029 1538 1182 1605 Θεὸν,
1214 1541 1242 1593 6
1274 1540 1373 1610 μὲν
1421 1539 1631 1610 ἀπέδρα
1672 1540 1771 1609 τῆς
1798 1541 1965 1610 ἥττης

380 1628 483 1699 τὴν
515 1629 781 1699 αἰσχύνην
828 1630 890 1683 ού
934 1630 1136 1701 φέρων,
1189 1630 1283 1684 καὶ
1330 1632 1541 1684 δειλιῶν
1580 1634 1673 1685 καὶ
1722 1632 1961 1704 τρέμων,

383 1718 481 1772 καὶ
504 1719 606 1789 τῆς
628 1720 943 1790 τυραννίδος
968 1721 1401 1793 ὲκδληθήσεσϐαι
1421 1723 1756 1793 προσδοκῶν.
1780 1724 1966 1777 Πάντα
2000 1710 2037 1762 Π

380 1809 496 1880 γὰρ
542 1809 708 1864 αὐτοῦ
750 1812 995 1875 κενώσας
1041 1813 1109 1866 τὰ
1150 1812 1301 1883 βέλη,
1342 1813 1437 1867 καὶ
1463 1814 1642 1875 πάσας
1670 1813 1835 1866 αὐτοῦ
1864 1814 1966 1883 τῆς

384 1900 600 1971 ἀπάτης
645 1902 745 1965 τάς
782 1901 959 1965 πάλας
1007 1902 1387 1973 προσενεγκὼν
1409 1945 1423 1969 ,
1460 1903 1702 1973 ἄτρωτον
1723 1898 1847 1974 εὗρε
1872 1903 1967 1955 καὶ

384 1992 654 2062 ἀήττητον
703 1993 794 2046 τὸν
829 1992 1089 2064 ἀθλητὴν,
1114 1994 1209 2047 καὶ
1248 1994 1323 2057 ὡς
1349 1994 1424 2065 τῷ
1459 1994 1631 2065 ’Δδάμ
1657 1995 1966 2064 προσελθὼν

378 2084 481 2154 οὐχ
516 2075 699 2156 εὗρεν,
742 2082 800 2138 δν
835 2084 1225 2155 προσεδόκησε.

457 2282 548 2354 Τῷ
583 2282 642 2335 δὲ
668 2282 862 2352 νικητῇ
898 2280 1290 2350 προσελθόντες
1332 2281 1576 2349 ἄγγελοι,
1605 2282 1654 2335 οἳ
1683 2281 1965 2354 πόρρωθεν

382 2374 657 2446 ἐθεώρουν
696 2372 792 2443 τὴν
828 2372 1027 2441 πάλην,
1052 2371 1303 2443 καθάπερ
1336 2373 1475 2436 τινὲς
1510 2373 1736 2444 ἐρασταὶ
1781 2372 1965 2441 διηκό-

381 2481 529 2527 νουν,
562 2462 835 2533 ἐχόρευον,
880 2462 1167 2531 εὐφήμουν
1201 2461 1293 2514 τὸν
1324 2461 1582 2533 ἀθλητὴν,
1612 2462 1961 2531 ἐστεφάνουν,

380 2556 771 2625 ἀνεκήρυττον,
803 2552 1018 2623 ἔχαιρον
1056 2553 1150 2606 ἐπὶ
1192 2556 1259 2625 τῇ
1286 2553 1391 2606 τῶν
1425 2554 1730 2624 ὁμοδούλων
1755 2554 1965 2626 ἀνθρώ-

382 2664 501 2699 πων
537 2644 843 2716 ἐλευθερία,
876 2646 1169 2713 ὲγάννυντο
1208 2643 1303 2698 τοῦ
1328 2645 1625 2699 ἀντιπάλου
1663 2646 1761 2716 τὴν
1793 2640 1963 2717 ἧτταν

378 2736 637 2808 ὁρῶντες.

451 2849 640 2904 Ταῦτα
662 2851 761 2922 τὴν
801 2850 1178 2922 Ἀπολιναρίου
1219 2850 1602 2922 ματαιολογίαν
1635 2852 1867 2922 ὲλέγχει,
1903 2851 1962 2914 ὃς

376 2942 501 2997 ἀντὶ
530 2940 622 2995 νοῦ
658 2942 749 2996 τὸν
782 2942 915 2997 Θεὸν
960 2942 1133 3011 Λόγον
1172 2942 1452 3012 ἐνοικῆσαι
1500 2943 1744 3015 λέγειτῇ
1786 2959 1954 3006 προσ-ε

2069 468 2172 507 nec
2201 461 2383 507 tamen
2412 453 2479 508 de
2504 453 2731 508 victoria
2769 468 2917 522 spem
2953 454 3172 525 abjecit,
3205 471 3329 509 cum
3358 456 3504 510 hunc
3529 472 3652 512 esse

2069 543 2349 597 hominen:
2372 544 2608 605 audiret,
2628 543 2721 613 qui
2752 543 2969 598 dicebat
2998 564 3009 597 :
3034 544 3151 599 Non
3180 562 3317 615 pane
3339 546 3509 600 solum
3528 549 3657 602 vivit

2067 636 2240 689 homo.
2271 636 2398 690 Ideo
2431 636 2658 691 alteram
2704 635 2827 704 ipsi,
2870 635 3198 704 tertiamque
3234 638 3497 692 continuo
3527 646 3649 693 ten-

2068 726 2336 779 tationem
2364 727 2515 781 velut
2561 726 2834 796 praecinit,
2876 726 3039 780 modo
3085 726 3307 795 quidem
3332 727 3520 782 dicens
3556 727 3652 781 :St

2068 814 2232 869 Filius
2261 816 2352 869 Dei
2381 834 2454 881 es,
2490 819 2636 870 mitte
2668 826 2712 870 te
2740 818 3002 882 deorsum,
3022 818 3239 873 inanem
3265 819 3489 889 gloriam
3514 819 3649 874 insi-

2067 904 2220 960 diose
2274 907 2566 960 consulens
2616 925 2628 959 :
2669 907 2831 961 modo
2880 922 3046 977 regna
3092 908 3333 961 universi
3375 917 3646 963 terrarum

2067 996 2217 1051 orbis
2255 1006 2557 1061 ostentans,
2604 1013 2777 1066 caque
2816 1013 2874 1053 se
2914 999 3310 1054 retributurum
3348 1000 3645 1068 spondens,

2066 1088 2110 1143 si
2138 1089 2292 1158 prius
2318 1088 2385 1142 ab
2414 1104 2481 1143 eo
2530 1088 2868 1143 adorationis
2908 1090 3115 1144 cultum
3163 1090 3487 1160 accepisset.
3535 1090 3638 1145 Sco

2066 1188 2356 1251 postquam
2385 1182 2563 1250 ipsum
2588 1181 2840 1235 Christus
2871 1181 2939 1235 ad
2980 1190 3228 1236 veterum
3269 1182 3642 1236 institutorum

2067 1274 2388 1328 memoriam
2438 1274 2737 1338 revocavit,
2773 1273 3067 1342 docuitque
3110 1287 3168 1327 se
3194 1287 3303 1326 non
3326 1273 3649 1327 commissu-

2068 1382 2209 1430 rum,
2238 1374 2298 1420 ut
2324 1366 2591 1420 honorem
2620 1366 2731 1419 Deo
2759 1364 3005 1417 debitum
3035 1363 3190 1417 alteri
3207 1363 3460 1432 cuiquam
3493 1363 3646 1417 exhi»

2067 1457 2243 1518 beret,
2276 1471 2379 1511 nec
2399 1471 2511 1509 non
2543 1455 2830 1509 admonuit
2857 1454 3087 1508 aliorum
3116 1453 3214 1507 Dei
3241 1452 3643 1507 mandatorum.

2067 1564 2188 1617 quae
2225 1549 2472 1612 edicunt,
2518 1564 2627 1601 non
2661 1549 2677 1567 '
2719 1546 3039 1601 tentandum
3087 1560 3207 1599 esse
3263 1545 3653 1599 universorum

2068 1641 2239 1694 Deum
2268 1658 2280 1692 :
2317 1639 2527 1711 aufugit
2552 1640 2639 1693 ille
2662 1638 2908 1708 quidem,
2935 1652 3047 1691 non
3070 1636 3254 1691 ferens
3291 1635 3643 1706 ignominiam

2068 1731 2239 1785 cladis
2272 1746 2405 1795 suae,
2442 1744 2758 1799 pavensque
2803 1743 2865 1781 ac
2900 1727 3349 1791 contremiscens,
3387 1740 3552 1794 seque
3580 1741 3645 1778 ex

2067 1824 2354 1895 tyrannide
2417 1823 2784 1893 dejiciendum
2836 1828 3195 1890 exspectans,
3262 1818 3462 1889 quippe
3523 1833 3646 1872 cum

2066 1916 2350 1970 exhaustis
2378 1914 2635 1969 omnibus
2681 1913 2827 1975 telis,
2870 1910 3237 1979 omnibusque
3274 1908 3534 1962 adhibitis
3564 1909 3647 1961 lue

2066 2007 2253 2061 ctandi
2296 2006 2437 2060 dolis
2482 2005 2889 2060 invulneratutn
2929 2000 3243 2071 reperisset,
3273 1999 3647 2066 invictumque

2064 2098 2329 2168 pugilem,
2372 2112 2475 2151 nec
2523 2097 2738 2166 qualem
2772 2091 3143 2163 exspectabat,
3181 2105 3305 2143 cum
3348 2088 3414 2143 ad
3468 2089 3643 2157 ipsum

2068 2186 2299 2255 perinde
2331 2193 2496 2254 atque
2525 2184 2591 2238 ad
2622 2183 2892 2237 Adamum
2928 2179 3233 2236 accederet.

2132 2278 2323 2347 Angeli
2349 2277 2443 2347 qui
2486 2290 2722 2345 pugnam
2766 2274 2983 2328 eminus
3006 2269 3349 2340 spectabant,
3383 2268 3649 2321 acceden-

2066 2378 2148 2421 tes
2186 2366 2404 2429 victori,
2441 2366 2592 2418 velut
2628 2363 2787 2417 amici
2824 2362 3047 2432 quidam
3095 2357 3501 2417 ministrabant,
3525 2372 3648 2429 age-

2063 2457 2305 2527 bantque
2330 2457 2580 2517 choreas,
2613 2463 2667 2509 et
2694 2454 3029 2525 gratulantes
3046 2450 3355 2513 victoriam,
3387 2447 3645 2502 athletam

2064 2547 2423 2610 coronabant,
2446 2546 2705 2600 laudibus
2725 2543 3053 2608 adiciebant,
3088 2549 3143 2597 et
3172 2539 3498 2595 ltetabantur
3530 2546 3646 2593 tum

2065 2640 2133 2694 de
2159 2655 2552 2695 conservorum
2596 2639 2881 2694 hominum
2908 2638 3184 2703 libertate,
3213 2645 3328 2691 tum
3354 2634 3421 2690 de
3455 2633 3647 2688 adver-

2064 2732 2193 2786 sarii
2226 2731 2403 2796 clade,
2439 2746 2602 2803 quam
2629 2731 3004 2786 intuebantur.

2135 2842 2263 2898 Hazc
2307 2843 2693 2914 Apollinaris"
2741 2851 2983 2915 arguunt
3017 2843 3346 2906 vanitatem,
3401 2841 3495 2911 qui
3545 2857 3645 2911 pro

2064 2936 2280 2991 ratione
2338 2936 2444 3007 (vel
2496 2935 2701 3009 mente)
2756 2937 2930 2992 Deum
2978 2937 3219 2992 Verbum
3266 2936 3319 2989 in
3369 2943 3645 3003 assumpta

376 3033 645 3104 ληφθείσῃ
676 3034 859 3104 σαρκί.
895 3035 958 3087 Εί
1002 3034 1111 3104 γάρ
1141 3034 1241 3087 οὐκ
1276 3028 1421 3105 εἶχεν
1457 3034 1799 3104 ἀνθρώπινον
1834 3035 1958 3088 νοῦν

2063 3043 2229 3085 carne
2255 3029 2453 3084 asserit
2483 3028 2778 3084 habitasse.
2802 3029 2939 3084 Nam
2984 3027 3028 3081 si
3063 3044 3173 3081 non
3210 3026 3402 3080 habuit
3448 3026 3643 3079 huma-

375 3126 412 3195 ἡ
439 3125 809 3194 ἀναληφθεῖσα
838 3124 1020 3193 φύσις,
1070 3125 1201 3188 Θεὸς
1232 3126 1333 3195 μὲν
1380 3122 1448 3198 ἦν
1479 3127 1508 3180 6
1550 3128 1687 3199 πρὸς
1724 3128 1816 3182 τὸν
1841 3128 1957 3182 διά-

373 3215 535 3269 σολον
561 3216 994 3286 ἀγωνισάμενος,
1020 3215 1153 3279 Θεὸς
1182 3216 1238 3270 δὲ
1268 3217 1297 3268 6
1330 3215 1430 3288 τὴν
1478 3217 1644 3288 νίκην
1682 3218 1957 3287 ἀναδησά-

382 3324 569 3379 μενος,
598 3306 735 3360 Θεοῦ
764 3306 822 3360 δὲ
854 3306 1223 3378 νενικηκότος,
1256 3306 1367 3376 ἐγὼ
1396 3307 1495 3378 μὲν
1520 3307 1711 3361 οὐδένα
1745 3308 1959 3362 ἀπωνά-

380 3416 493 3468 μην
532 3398 635 3469 τῆς
665 3399 859 3469 νίκης,
907 3399 983 3463 ὡς
1029 3399 1180 3452 οὐδὲν
1230 3400 1310 3462 είς
1359 3398 1565 3469 ταύτην
1608 3400 1954 3468 εἰσενεγκὼν.

392 3490 559 3546 Ἀλλά
617 3491 711 3544 καὶ
752 3490 848 3562 τῆς
900 3488 1152 3543 ἐντεῦθεν
1202 3490 1545 3562 εὐφροσύνης
1594 3490 1956 3562 γεγύμνωμαι

376 3582 475 3633 ἐπὶ
516 3582 797 3654 τροπαίοις
824 3580 1069 3652 γαυριῶν
1102 3580 1422 3652 ἀλλοτρίοις·
1470 3582 1630 3653 αὐχεί
1676 3582 1733 3636 δὲ
1767 3584 1795 3636 ὁ
1842 3582 1957 3635 διά-

378 3671 534 3735 δολος
562 3672 657 3726 καὶ
702 3671 973 3743 κομπάςει
1019 3670 1116 3724 καὶ
1153 3670 1295 3741 μέγα
1328 3674 1517 3742 φρονεί
1564 3672 1659 3725 καὶ
1695 3670 1958 3742 σεμνύνε-

378 3779 491 3828 ⁸ιεαι,
516 3761 591 3826 ὡς
613 3761 732 3833 Θεῷ
770 3762 1039 3825 παλαίσας
1073 3762 1168 3816 καὶ
1201 3761 1308 3815 ὑπὸ
1335 3762 1468 3815 Θεοῦ
1497 3762 1779 3835 ἡττηθείς·
1810 3763 1956 3837 μέγα

378 3860 490 3927 γὰρ
511 3853 662 3908 αὐτῶ
686 3854 780 3909 καὶ
802 3854 862 3908 τὸ
881 3854 1180 3926 ἡττηθῆναι
1214 3856 1319 3909 ὑπὸ
1341 3854 1496 3909 Θεοῦ.

453 4032 734 4103 Χρήσαιτο
776 4030 822 4084 δ’
851 4030 917 4085 ἂν
960 4031 1054 4085 καὶ
1092 4031 1478 4100 δικαιολογίαις
1532 4032 1810 4102 εὐλόγοις,
1864 4035 1958 4087 καὶ

378 4122 547 4177 εἴποι·
597 4121 760 4191 Ἐγὼ,
801 4122 1048 4177 Δέσποτα
1083 4124 1174 4175 καὶ
1208 4122 1409 4191 ποιητά
1428 4123 1534 4176 τῶν
1556 4123 1715 4187 ὅλων,
1738 4125 1796 4177 οὐ
1821 4124 1958 4192 πρὸς

380 4212 447 4265 σὲ
475 4212 577 4285 τὴν
610 4213 792 4284 μάχην
826 4213 1181 4284 ἀνεδεξάμην
1221 4211 1337 4267 οἶδα
1369 4214 1477 4285 γάρ
1523 4231 1615 4267 σου
1650 4216 1749 4286 τὴν
1778 4214 1956 4280 ἀξίαν,

379 4301 683 4371 ἐπίσταμαι
722 4302 821 4373 τὴν
849 4301 1117 4367 ἐξουσίαν,
1171 4303 1423 4371 γινώσκω
1464 4304 1561 4375 τὴν
1601 4305 1954 4371 δεσποτείαν,

2056 3135 2184 3175 nam
2205 3129 2444 3175 mentem
2482 3120 2637 3188 127
2674 3128 2951 3188 assumpta
2979 3126 3176 3171 natura
3198 3155 3213 3183 ,
3248 3117 3392 3172 Deus
3422 3116 3642 3186 quidem

2056 3209 2247 3274 erit“,
2296 3209 2392 3279 qui
2437 3218 2629 3264 contra
2659 3208 2936 3262 diabolum
2966 3206 3198 3262 certavit
3228 3208 3245 3260 ι’
3272 3206 3417 3261 Deus
3455 3207 3641 3268 etiam,

2055 3302 2153 3373 qui
2196 3301 2487 3357 victoriam
2538 3309 2797 3371 operatus
2862 3301 3107 3367 est,Deo
3153 3307 3337 3355 autem
3383 3309 3643 3369 operante

2055 3394 2361 3460 victoriam,
2379 3409 2482 3465 ego
2511 3392 2733 3463 quidem
2754 3393 2823 3448 de
2854 3393 2956 3448 hac
2978 3392 3206 3447 victoria
3233 3390 3371 3447 nihil
3392 3390 3644 3444 utilitatis

2057 3486 2265 3557 accepi,
2295 3486 2447 3540 velut
2487 3484 2581 3555 qui
2622 3484 2761 3538 nihil
2805 3484 2935 3539 huic
2973 3482 3174 3538 inferre
3200 3480 3497 3552 potuerim.
3536 3480 3643 3535 Sed

2056 3588 2114 3632 et
2154 3577 2362 3642 lzetitia,
2409 3593 2532 3647 qua:
2572 3591 2641 3630 ex
2665 3576 2770 3631 hac
2813 3591 2873 3631 re
2901 3575 3149 3646 contigit,
3198 3574 3421 3644 privor,
3469 3587 3637 3642 super

2059 3668 2349 3736 triumphis
2379 3665 2573 3722 alienis
2597 3666 2910 3731 exsultans;
2947 3663 3209 3734 tripudiat
3242 3669 3426 3719 autem
3453 3661 3645 3721 diabo-

2058 3759 2165 3822 lus,
2196 3766 2253 3812 et
2281 3758 2585 3822 extollitur,
2610 3764 2667 3812 et
2696 3756 2965 3827 superbit,
2990 3766 3155 3825 atque
3172 3753 3459 3825 gloriatur,
3486 3756 3643 3821 quasi

2059 3864 2185 3903 cum
2238 3849 2351 3903 Deo
2406 3848 2645 3902 luctatus
2677 3846 2748 3903 sit
2766 3846 2812 3878 ⁸³
2847 3864 2859 3900 :
2895 3860 3152 3915 magnum
3206 3850 3292 3901 est
3332 3842 3481 3897 enim
3527 3842 3640 3905 illi,

2058 3941 2221 3995 etiam
2245 3955 2274 3993 a
2293 3939 2404 3994 Deo
2426 3924 2709 4008 superari.

2130 4028 2244 4085 Hac
2281 4029 2447 4085 etiam
2472 4044 2605 4084 usus
2622 4025 2943 4084 defensione
2974 4028 3369 4083 convenienter
3392 4027 3643 4082 diabolus

2060 4121 2173 4175 Deo
2203 4120 2387 4175 dicere
2427 4126 2645 4189 poterat
2679 4136 2692 4171 :
2723 4118 2859 4189 Ego,
2904 4118 3133 4172 Domine
3178 4126 3233 4172 et
3276 4126 3491 4172 creator
3520 4117 3640 4170 uni-

2060 4226 2369 4275 versorum,
2412 4226 2523 4265 non
2551 4218 2741 4265 contra
2776 4218 2828 4264 te
2871 4217 3147 4263 certamen
3191 4208 3491 4277 assumpsi;
3529 4209 3643 4262 scio

2061 4316 2297 4370 namque
2320 4300 2639 4370 dignitatem
2668 4308 2835 4364 tuam,
2880 4300 3123 4369 intelligo
3164 4307 3510 4368 potestatem,
3549 4313 3642 4351 co-

378 4391 632 4463 ὁμολογῶ
670 4395 769 4465 τὴν
803 4393 1071 4461 δουλείαν,
1118 4395 1213 4449 καὶ
1259 4394 1356 4466 τὴν
1400 4396 1736 4449 ἀποστασίαν
1778 4397 1952 4450 νοσῶο

2063 4406 2259 4461 gnosco
2281 4391 2734 4453 dominationem,
2787 4390 2961 4444 fateor
3004 4390 3349 4452 servitutem,
3393 4389 3642 4457 quamvis

385 4486 702 4557 παραχωρῶ
729 4485 787 4540 δὲ
822 4487 915 4540 καὶ
956 4486 1210 4555 ἀγγέλοις
1250 4487 1351 4556 τῆς
1378 4486 1533 4558 νίκης
1565 4488 1661 4541 καὶ
1686 4490 1819 4543 πᾶσι
1850 4491 1960 4552 τοῖς

2063 4483 2243 4552 refuga
2265 4498 2385 4536 esse
2420 4495 2714 4550 cognoscar
2750 4497 2762 4532 :
2800 4480 3087 4533 victoriam
3123 4496 3252 4533 vero
3286 4479 3445 4543 cedo,
3469 4487 3525 4532 et
3548 4496 3642 4532 an-

383 4574 561 4643 ἀγίοις
616 4576 838 4647 δήμοις,
871 4568 945 4630 ὧν
975 4592 1101 4628 ποτε
1152 4577 1244 4629 καὶ
1283 4578 1312 4628 6
1357 4577 1698 4649 ταλαίπωρος
1737 4574 1817 4642 εἷς
1859 4580 1961 4632 ὑπ-

2063 4574 2217 4644 gelis,
2259 4582 2315 4627 et
2354 4571 2503 4627 omni
2534 4570 2747 4625 caelesti
2797 4568 3162 4633 multitudini,
3211 4585 3273 4623 ex
3309 4570 3510 4639 quibus
3539 4570 3639 4624 ali—

380 4668 551 4738 ἦρχον
582 4668 832 4739 ὲγώ.Τὴν
853 4669 909 4721 δὲ
938 4669 1118 4739 μάχην
1146 4669 1280 4739 πρὸς
1308 4668 1495 4722 τοῦτον
1516 4670 1870 4741 ἀνεδεξάμην,
1892 4672 1960 4742 ἢν

2063 4664 2277 4735 quando
2295 4672 2352 4718 et
2375 4678 2475 4731 ego
2494 4661 2681 4715 infelix
2695 4660 3034 4715 exstiteram.
3053 4660 3257 4715 Contra
3286 4660 3434 4715 hunc
3457 4668 3638 4713 autem

383 4757 491 4809 ἀπὸ
519 4755 693 4827 πηλοῦ
726 4757 824 4827 μὲν
867 4757 1181 4820 διέπλασας,
1209 4758 1325 4810 κατ’
1344 4758 1528 4810 εἰκόνα
1545 4759 1601 4811 δὲ
1636 4760 1735 4830 σὴν
1758 4760 1949 4830 ὲποίηο

2063 4756 2273 4825 suscepi
2304 4763 2601 4820 certamen,
2655 4771 2820 4825 quem
2867 4755 2935 4809 de
2986 4756 3118 4809 limo
3165 4753 3430 4817 formasti,
3481 4762 3536 4806 et
3575 4754 3666 4806 ad‘

385 4860 485 4909 σας
542 4847 639 4900 καὶ
702 4848 971 4918 ἐτίμησας
998 4847 1074 4919 τῷ
1104 4848 1267 4915 λόγῳ,
1310 4848 1404 4901 καὶ
1441 4850 1769 4920 παραδείσου
1810 4851 1958 4905 πολί-

2067 4848 2357 4918 imaginem
2384 4857 2528 4903 tuam
2566 4846 2769 4911 fecisti,
2798 4856 2853 4901 et
2886 4848 3095 4901 ratione
3124 4844 3401 4899 bonorasti
3424 4884 3437 4906 ,
3464 4851 3520 4896 et
3547 4859 3641 4912 pa-

384 4952 485 5005 την
526 4937 891 5007 κατέστησας,
950 4938 1043 4990 καὶ
1084 4937 1188 5007 γῆς
1235 4940 1329 4992 καὶ
1376 4939 1645 5010 θαλάττης
1690 4939 1956 5011 δεσπότην

386 5028 927 5099 ἀπέφηνας.Τοῦτον,
971 5030 1154 5102 ἀπάτῃ
1189 5032 1553 5102 χρησάμενος,
1576 5032 1664 5084 οὖν
1704 5032 1944 5104 ἀνάγκη,

387 5120 666 5191 νενίκηκα·
721 5121 908 5175 τοῦτον
962 5121 1123 5191 μέχρι
1154 5123 1250 5192 τῆς
1283 5124 1519 5194 σήμερον
1550 5124 1757 5196 ἡμέρας
1790 5124 1954 5177 ναῶν

2066 4940 2234 4996 radisi
2272 4941 2447 4995 civem
2482 4940 2833 5005 constituisti,
2874 4947 2930 4993 et
2961 4947 3121 4992 terra:
3163 4935 3437 5004 marisque
3468 4934 3649 4993 domi-

2066 5048 2196 5085 num
2224 5032 2631 5086 demonstrasti.
2656 5031 2813 5085 lluuc
2832 5029 3173 5093 seductione,
3194 5043 3302 5080 non
3320 5025 3640 5085 necessitate

2065 5122 2256 5192 decepi
2278 5126 2351 5188 ²δ;
2386 5123 2533 5178 hunc
2551 5137 2721 5192 usque
2749 5122 2804 5175 in
2825 5119 3154 5174 hodiernum
3190 5118 3335 5172 diem
3358 5132 3637 5186 superare,

1676 5298 1909 5354 VARIIE
1950 5299 2351 5357 LECTIONES.

457 5440 524 5511 'f"
546 5440 629 5494 ἄν.
655 5441 787 5494 Luc.
814 5440 959 5503 tv,9,
985 5440 1367 5511 leg.tvrsﬁeav.
1445 5442 1486 5470 “
1516 5441 1634 5494 Hm:
1658 5439 2124 5509 Apollinaris,c:c.
2152 5442 2231 5511 Ex
2254 5440 2421 5494 Mario
2451 5440 2750 5511 Mercatore
2784 5436 3003 5506 quidem
3027 5436 3145 5511 hinc
3174 5434 3455 5511 desumpta
3489 5442 3635 5511 sunt,

386 5510 608 5584 θεά-προ
630 5526 770 5584 gpus
792 5511 896 5584 fuit
925 5504 1171 5567 hocloco
1199 5527 1334 5565 nova
1361 5504 1979 5584 interpretati'one,qt_iia
2000 5519 2178 5584 textus
2209 5509 2680 5584 Graecusrnaxima
2701 5523 2765 5562 ex
2801 5504 3636 5584 partecunt_Latino.c0nsen'tit.

386 5579 592 5633 "Erit.
631 5571 996 5635 scribendum
1022 5588 1166 5637 esset
1198 5591 1330 5635 erat.
1410 5582 1453 5614 "
1496 5571 1640 5634 [περι.
1677 5580 1760 5633 sit.
1808 5571 1955 5634 Adde
1999 5581 2149 5650 juxta
2182 5587 2386 5633 textum
2426 5579 2693 5642 Graecum,
2732 5586 2777 5629 ct
2801 5571 3037 5646 'infcrior
3072 5575 3379 5627 discesserit.
3453 5571 3495 5602 ’⁸⁵
3533 5573 3633 5629 De-

382 5652 513 5719 ίελιί.
540 5651 631 5705 Vel
667 5651 849 5725 potius
878 5652 990 5705 vici.
