4060 6180
373 180 446 244 83
565 185 578 190 “
1604 187 1919 249 OPERUM
1956 188 2446 249 THEODORETI
3563 179 3638 246 86

375 288 635 360 deiicere,
680 303 747 342 ac
784 290 949 342 morti
998 290 1215 345 tradere
1264 305 1374 344 non
1423 303 1606 356 cesso;
1661 305 1954 359 persevero

2068 293 2155 346 καὶ
2190 291 2420 362 βάλλων,
2452 290 2547 343 καὶ
2586 289 2665 359 τῷ
2704 287 2920 356 θανάτῳ
2962 285 3348 356 παραπέμπων
3379 287 3633 342 διατελῶ·

371 380 522 436 hunc
552 378 622 433 ad
656 378 896 434 stadium
919 380 1246 449 perducens,
1279 385 1336 432 et
1357 393 1570 433 mecum
1597 379 1791 433 luctari
1809 395 1952 450 prae-

371 469 609 540 cipiens.
657 469 804 538 Ipse,
841 480 1119 540 spectator
1165 469 1390 534 assiste;
1440 469 1603 524 etiam
1644 478 1759 525 arte
1789 487 1950 540 quam

373 557 593 613 athleta:
639 557 941 622 insumunt,
995 556 1222 612 ostende
1263 557 1424 626 128
1454 557 1648 612 luctari
1689 558 1955 614 :demon-

374 661 485 705 atra
519 657 576 705 et
606 649 857 703 instituta
886 646 1302 703 certaminis":
1339 663 1500 718 unge,
1535 657 1588 703 ut
1623 650 1808 716 voles;
1838 659 1957 705 tan-

375 750 495 796 tum
548 757 618 796 ne
671 741 840 794 huic'
875 738 1135 792 auxilium
1181 737 1429 808 praebeas
1470 755 1624 793 :non
1675 741 1822 794 enim
1876 741 1956 795 sic

375 832 556 887 audax
587 848 687 902 ego
710 841 766 884 et
799 839 980 884 mente
1005 830 1269 898 privatus,
1300 837 1362 884 ut
1380 829 1671 886 adversum
1702 839 1755 886 te
1781 831 1954 886 facto-

376 937 493 977 rem
529 931 739 976 certare
760 925 1094 988 pertentem.

447 1103 574 1157 Haec
593 1099 662 1155 ad
695 1099 1035 1155 Salvatorem
1057 1101 1335 1157 Christum
1364 1103 1511 1172 juste
1531 1100 1783 1156 diabolus
1809 1101 1958 1156 dice—

375 1201 482 1256 ret,
525 1192 571 1247 si
600 1207 711 1246 non
751 1201 898 1247 esset
925 1193 1113 1258 homo,
1145 1193 1242 1249 sed
1283 1194 1448 1259 Deus,
1470 1193 1567 1263 qui
1606 1208 1706 1262 pro
1734 1192 1956 1246 homine

375 1282 683 1339 decertaret
697 1284 764 1336 ".

448 1374 505 1429 Si
537 1375 686 1430 enim
720 1375 776 1429 in
803 1374 1026 1430 Christo
1050 1390 1205 1430 mens
1234 1373 1472 1429 humana
1502 1389 1616 1430 non
1643 1381 1783 1438 erat,
1809 1374 1964 1429 Deus

375 1472 562 1519 autem
593 1480 696 1534 pro
726 1474 911 1520 mente
937 1466 1208 1520 exsistens
1251 1465 1583 1536 operabatur
1624 1465 1806 1520 omnia
1837 1481 1959 1535 qua:

379 1554 580 1610 mentis
605 1563 735 1612 sunt
764 1573 776 1608 :
804 1557 948 1610 Deus
975 1563 1112 1620 erat,
1143 1556 1238 1625 qui
1268 1556 1678 1611 laboravitcum
1705 1571 1956 1625 corpore;

2055 383 2243 438 τοῦτον
2276 385 2354 447 είς
2377 384 2436 435 τὸ
2467 381 2680 435 στάδιον
2708 377 2954 449 ἀγαγὼν,
2987 379 3080 431 καὶ
3111 377 3363 430 παλαίειν
3396 379 3521 448 ἐμοὶ
3547 397 3637 434 κε-

2053 473 2275 536 λεύσας.
2319 473 2489 530 Αὐτὸς
2527 469 2686 538 γενοῦ
2723 467 2922 536 θεατὴς
2953 467 3046 520 καὶ
3092 467 3201 518 τῶν
3235 467 3642 539 παλαισμάτων

2053 562 2412 632 ἀγωνοθέτης.
2446 563 2510 614 EE
2537 562 2592 613 δὲ
2629 559 2807 629 βούλει
2830 558 2929 611 καὶ
2967 557 3035 610 τὰ
3058 557 3406 627 παιδοτρίϐου
3437 563 3639 623 ποιεῖν,

2054 651 2259 718 δίδαξον
2301 653 2584 714 παλαίειν,
2649 649 2928 713 ὑπόδειξον
2954 648 3102 718 αὑτῷ
3156 648 3256 710 τὰς
3315 649 3414 720 τῆς
3457 650 3622 719 νίκης

2060 742 2251 807 λαϐάς,
2285 743 2522 812 ἄλειψον,
2560 741 2635 804 ὠς
2681 739 2902 802 ἐθέλεις,
2944 739 3102 807 μόνον
3152 738 3227 808 μὴ
3268 742 3641 811 συμμαχήσῃς

2057 838 2359 891 παλαίοντι’
2411 837 2470 888 οὐ
2505 835 2615 904 γάρ
2647 833 2788 887 οὑτω
2843 833 3048 903 Θρασὺς
3079 831 3210 898 ἐγὼ,
3241 833 3338 884 καὶ
3368 833 3463 885 τοῦ
3503 851 3638 902 φρο-

2056 932 2165 982 νεῖν
2221 925 2550 998 ἐξεστηκὼς,
2591 925 2667 990 ὣς
2725 924 2924 994 σοιτῷ
2963 924 3160 994 ποιητῇ
3216 922 3466 975 παλαίειν
3520 926 3641 976 ἐπι-

2057 1019 2329 1090 χειρῆσαι.

2128 1107 2292 1160 Ταῦτ’
2339 1106 2405 1159 ἂν
2449 1102 2600 1159 εἶπεν
2628 1105 2657 1156 6
2713 1102 2958 1166 διάϐολος
3005 1102 3192 1156 δίκαια
3224 1101 3363 1173 πρὸς
3396 1100 3490 1154 τὸν
3519 1103 3640 1154 Σω-

2056 1199 2198 1269 τῆρα
2249 1197 2503 1267 Χριστὸν,
2539 1197 2698 1266 εἴπερ
2735 1196 2839 1248 οὑκ
2870 1193 3156 1265 ἄνθρωπος
3204 1189 3296 1265 ἦν,
3330 1192 3470 1247 ἀλλὰ
3504 1192 3642 1256 Θεὸς

2058 1293 2087 1344 6
2114 1291 2233 1342 ἀντὶ
2261 1287 2551 1360 ἀνθρώπου
2596 1286 2866 1340 παλαίων.

2128 1381 2192 1433 El
2221 1382 2328 1452 γὰρ
2355 1380 2455 1432 οὐκ
2485 1375 2552 1449 ἦν
2595 1381 2655 1431 ὲν
2715 1376 2860 1447 αὐτῷ
2913 1375 3038 1439 νοῦς
3077 1373 3455 1444 ἀνθρώπινος,
3503 1374 3643 1438 Θεὸς

2059 1469 2114 1521 δὲ
2147 1470 2267 1522 ἀντὶ
2305 1467 2397 1522 νοῦ
2433 1468 2692 1538 ὑπάρχων
2715 1466 2782 1520 τὰ
2811 1463 2887 1535 τῷ
2917 1463 2994 1534 νῷ
3019 1464 3240 1533 ἐνήργει
3267 1463 3640 1534 προσήκοντας

2061 1560 2194 1623 Θεὸς
2227 1560 2324 1631 μὲν
2353 1556 2420 1630 ἦν
2445 1562 2472 1613 6
2494 1559 2572 1628 τῷ
2603 1558 2816 1626 σώματι
2847 1556 3223 1626 συμπονήσας,
3246 1553 3378 1616 Θεὸς
3406 1553 3464 1606 δὲ
3507 1555 3534 1606 6
3570 1553 3646 1606 τὰ

378 1643 529 1700 Deus
582 1654 721 1709 erat,
757 1645 852 1714 qui
900 1645 1033 1699 alias
1077 1645 1318 1700 hominis
1357 1646 1642 1716 passiones
1682 1645 1962 1700 sustinuit.

2068 1651 2202 1706 ἄλλα
2243 1651 2311 1705 τά
2354 1649 2674 1722 ἀνθρώπινα
2706 1647 3010 1718 ὑπομείνας
3059 1644 3381 1715 παθήματα.
3420 1644 3651 1708 ΕἱΘεδς.

380 1734 538 1801 Quod
561 1735 608 1790 si
649 1744 830 1790 autem
871 1735 982 1799 ille,
1009 1739 1104 1804 qui
1139 1736 1378 1792 luctatus
1405 1744 1492 1792 est
1516 1737 1780 1807 vicitque,
1808 1738 1958 1792 Deus

381 1833 521 1890 erat,
571 1824 638 1879 ad
673 1841 760 1879 me
813 1833 962 1879 certe
1012 1825 1240 1882 victoria
1284 1843 1395 1882 non
1450 1829 1712 1898 pertinet,
1743 1827 1842 1882 sed
1895 1827 1964 1882 ad

379 1915 575 1980 Deum,
599 1917 693 1984 qui
715 1915 985 1984 justitiam
1012 1931 1231 1972 omnem
1257 1920 1487 1988 peregit.
1521 1919 1627 1974 Sed
1659 1920 1851 1990 procul
1889 1919 1966 1973 fa-

381 2014 562 2061 cessat
591 2007 915 2075 Apollinarii
947 2009 1268 2078 nugacitas:
1294 2025 1395 2064 nos
1426 2019 1632 2075 autem,
1657 2026 1818 2079 quam
1851 2010 1967 2064 Sal-

376 2104 538 2151 vator
590 2098 802 2167 peregit
853 2097 1344 2168 dispensationem,
1384 2100 1550 2156 fuisse
1602 2100 1965 2156 necessariam

381 2187 847 2245 demonstremus.

449 2280 722 2348 Quoniam
759 2289 908 2336 totus
924 2282 1090 2338 homo
1119 2281 1383 2352 deceptus
1411 2291 1516 2347 est,
1543 2292 1798 2353 totusque
1835 2297 1967 2352 pec-

381 2380 504 2426 cato
537 2373 852 2436 succubuit,
876 2388 1113 2442 cumque
1139 2386 1295 2426 mens
1317 2380 1443 2426 ante
1461 2388 1663 2442 corpus
1695 2372 1970 2441 deceptio-

379 2477 508 2518 nem
539 2463 820 2518 admiserit
849 2462 1026 2533 (prius
1052 2464 1200 2518 enim
1238 2464 1439 2518 mentis
1456 2479 1757 2518 consensus
1775 2477 1968 2532 pecca-

381 2561 501 2606 tum
533 2554 686 2607 velut
708 2552 1022 2616 adumbrat,
1049 2567 1254 2621 corpus
1282 2551 1480 2607 deinde
1499 2554 1812 2622 Operatione
1834 2551 1967 2606 illud

381 2643 602 2714 format)
633 2644 796 2698 :ideo
819 2643 1076 2699 Christus
1107 2645 1394 2709 Dominus,
1435 2660 1560 2699 cum
1599 2652 1850 2697 naturam
1885 2642 1966 2696 la-

379 2749 536 2804 psam
565 2734 779 2803 erigere
800 2734 983 2797 vellet,
1018 2733 1119 2787 toti
1145 2750 1366 2788 manum
1393 2733 1642 2803 porrigit,
1666 2742 1964 2801 totamque,

382 2839 603 2879 carnem
638 2824 762 2878 dico
792 2833 848 2878 et
881 2831 1142 2888 mentem,
1179 2839 1300 2893 qua:-
1331 2824 1397 2877 ad
1434 2823 1722 2893 imaginem
1745 2822 1968 2878 Creato-

382 2910 461 2965 ris
488 2910 630 2965 facta
662 2912 1058 2982 est,jacentem
1085 2910 1304 2964 attollit.
1340 2911 1461 2964 Non
1497 2911 1680 2981 itaque
1717 2911 1966 2980 despexit

385 3011 630 3058 mentem
645 3012 801 3059 tanto
819 3003 1028 3058 honore
1057 3003 1330 3067 aﬂ‘ectam,
1358 3012 1577 3072 tamque
1613 3003 1848 3074 indigam
1876 3019 1968 3057 cu-

384 3095 616 3150 rationis
650 3114 662 3149 :
693 3111 874 3165 neque
917 3111 1040 3150 cum
1071 3101 1379 3149 assumeret
1420 3094 1476 3149 id
1516 3094 1786 3159 hominis,
1822 3092 1969 3163 quod

386 3186 579 3239 morbo
604 3194 661 3240 et
706 3195 990 3242 senectute
1042 3187 1453 3256 corrumpitur,
1511 3186 1769 3256 quodque
1806 3184 1970 3239 morti

386 3275 681 3332 obnoxium
718 3285 821 3341 est,
856 3278 1064 3346 sprevit
1091 3277 1226 3330 illud
1253 3277 1400 3346 quod
1432 3277 1759 3338 immortale,
1793 3275 1970 3344 quod-

387 3381 499 3438 quc
525 3365 1102 3433 orationisparticeps,
1133 3373 1190 3416 et
1210 3363 1276 3416 ad
1311 3364 1606 3431 imaginem
1635 3362 1777 3432 (Dei)
1813 3363 1973 3431 129

385 3455 612 3519 factum,
653 3463 816 3522 atque
845 3453 1093 3520 insuper,
1128 3457 1190 3504 ut
1217 3450 1440 3519 ipsimet
1462 3451 1676 3514 dicunt,
1726 3452 1868 3503 male
1895 3451 1974 3503 af-

387 3546 625 3610 fectum;
658 3545 755 3599 sed
794 3543 1160 3597 inveteratam
1190 3551 1444 3596 naturam
1479 3540 1970 3605 renovavittotam,

389 3654 492 3693 nec
519 3637 692 3707 ipsius
710 3644 922 3706 partem
944 3648 1107 3695 unam
1141 3649 1339 3687 novam
1367 3632 1581 3695 refecit,
1621 3633 1848 3686 alteram
1873 3648 1973 3686 an-

395 3730 664 3799 tiquatam
688 3728 821 3782 licet
844 3736 1010 3797 atque
1037 3732 1374 3794 corruptam,
1397 3723 1700 3777 insanatam
1727 3721 1970 3792 reliquit,

392 3819 697 3890 praesertim
725 3833 853 3873 cum
883 3819 953 3873 sit
976 3817 1322 3890 pmstantior
1349 3815 1638 3887 potiorque
1669 3815 1974 3886 intelligen-

395 3911 534 3966 tium
556 3919 908 3966 naturarum.

462 4001 782 4057 Absurdum
820 4016 1093 4071 namque,
1155 4014 1358 4070 corpus
1384 3997 1606 4069 quidem
1645 3997 1855 4051 luteum
1911 4011 1975 4052 ac

392 4102 694 4158 terrenum,
741 4092 1202 4163 passionibusque
1245 4089 1570 4160 implicitum
1612 4088 1837 4152 assumi,
1885 4103 1974 4142 as-

393 4192 784 4253 sumptumque
799 4183 865 4236 ad
884 4183 1163 4237 dexteram
1187 4181 1486 4250 maiestatis
1503 4179 1791 4244 collocari;
1820 4194 1974 4233 men-

2061 1743 2117 1798 δὲ
2140 1747 2168 1798 6
2199 1744 2469 1807 παλαίσας
2496 1743 2590 1796 καὶ
2619 1742 2871 1811 νικήσας,
2913 1736 3068 1807 κάγὼ
3105 1739 3204 1808 τῆς
3227 1737 3385 1804 νίκης
3413 1738 3643 1807 ἐστέρηο

2066 1851 2187 1904 μαι,
2214 1833 2345 1896 Θεὸς
2372 1833 2429 1886 δὲ
2463 1834 2491 1886 6
2537 1831 2636 1901 τὴν
2695 1828 3041 1898 δικαιοσύνην
3091 1827 3310 1880 ἃπασαν
3360 1824 3644 1897 κατορθώ-

2064 1942 2183 1988 σας.
2226 1925 2363 1978 Ἀλλ’
2406 1923 2628 1977 ἀπέστω
2676 1923 2789 1993 ²⁷ἡ
2845 1921 2941 1975 τοῦ
3012 1917 3399 1990 Ἀπολιναρίου
3449 1917 3642 1970 ἀδολε-

2065 2020 2210 2088 σχίαι
2240 2020 2401 2088 ἡμεῖς
2429 2017 2485 2070 δὲ
2509 2016 2772 2086 δείξωμεν
2801 2016 2900 2084 τὴν
2928 2013 3020 2068 τοῦ
3048 2013 3301 2084 Σωτῆρος
3325 2009 3644 2080 οἰκονομίαν

2063 2108 2376 2178 ἀναγκαίως
2403 2108 2797 2178 γεγενημένην.

2147 2283 2367 2353 Ἐπειδὴ
2394 2282 2502 2353 γὰρ
2530 2282 2676 2344 ἄπας
2701 2283 2729 2333 ὁ
2751 2279 3034 2350 ἄνθρωπος
3061 2275 3340 2347 ἠπατήθη,
3372 2274 3468 2328 καὶ
3494 2273 3643 2335 ἅπας

2067 2374 2170 2426 ὑπὸ
2193 2373 2290 2444 τὴν
2327 2373 2604 2444 ἁμαρτίαν
2651 2372 2887 2439 ἐγένετο,
2918 2370 3012 2422 καὶ
3045 2369 3152 2438 πρὸ
3188 2369 3281 2420 τοῦ
3314 2365 3563 2436 σώματος
3615 2367 3644 2416 ὁ

2067 2464 2190 2527 νοῦς
2217 2463 2317 2534 τὴν
2347 2463 2564 2533 ἀπάτην
2591 2463 2909 2528 ὑπεδέξατο·
2939 2461 3202 2532 πρότερον
3231 2459 3339 2530 γὰρ
3375 2456 3520 2528 ήτοῦ
3550 2455 3645 2508 νοῦ

2071 2553 2466 2623 συγκατάθεσις
2522 2555 2855 2623 σκιαγραφεῖ
2895 2552 2994 2622 τὴν
3029 2551 3327 2622 ἁμαρτίαν,
3361 2545 3460 2601 εἷθ’
3495 2547 3645 2600 οὕτω

2069 2645 2158 2699 διὰ
2195 2645 2293 2715 τῆς
2328 2645 2610 2716 ἐνεργείας
2641 2645 2702 2697 τὸ
2743 2643 2900 2714 σῶμα
2927 2643 3131 2712 ταύτην
3169 2643 3385 2712 μορφοῖ⁸
3417 2640 3646 2701 εἰκότως

2069 2740 2096 2791 ὁ
2137 2737 2412 2806 Δεσπότης
2460 2736 2694 2806 Χριστὸς
2746 2738 3105 2788 πεπτωκυῖαν
3144 2733 3304 2803 φύσιν
3340 2733 3646 2801 ἀναστῆσαι

2073 2827 2414 2899 βουλόμενος,
2461 2826 2610 2896 πάσῃ
2644 2829 2803 2899 χεῖρα
2833 2826 3040 2897 ὀρέγει,
3084 2825 3176 2878 καὶ
3211 2824 3471 2894 κειμένην
3503 2823 3649 2890 ἐγεί-

2075 2936 2178 2992 ρει⁸
2213 2920 2312 2989 τὴν
2347 2918 2527 2989 σάρκα
2569 2919 2711 2989 φημὶ
2761 2917 2857 2972 καὶ
2888 2917 2978 2971 τὸν
3025 2917 3169 2979 νοῦν,
3201 2915 3428 2980 ὡςκκατ’
3459 2915 3648 2966 εἰκόνα

2072 3012 2313 3080 ἐγεγόνει
2345 3010 2442 3065 τοῦ
2498 3011 2801 3074 κτίσαντος.
2842 3011 2953 3063 Οὑκ
2987 3004 3080 3063 οῦν
3113 3008 3345 3078 ἠτίμασε
3377 3006 3467 3060 τὸν
3504 3001 3655 3058 οῦτω

2071 3105 2248 3174 τίμιον
2268 3102 2560 3172 θεραπείας
2593 3102 2864 3172 δεόμενον*
2893 3101 3011 3154 οὐδὲ
3038 3102 3097 3154 τὸ
3125 3102 3219 3171 μὲν
3255 3099 3638 3169 φθειρόμενον,

2072 3193 2166 3246 καὶ
2206 3191 2346 3261 νόσῳ
2370 3194 2463 3244 καὶ
2495 3191 2642 3262 γήρᾳ
2691 3190 2784 3243 καὶ
2823 3189 3036 3261 θανάτῳ
3079 3188 3356 3252 δουλεῦον,
3389 3186 3648 3239 ἀνέλαϐεν

2072 3283 2132 3336 τὸ
2166 3283 2222 3336 δὲ
2255 3283 2520 3336 ἀθάνατον
2551 3281 2644 3334 καὶ
2673 3281 2890 3350 λογικὸν
2911 3282 3006 3334 καὶ
3045 3281 3163 3334 κατ’
3193 3280 3377 3333 είκόνα
3416 3294 3648 3346 γεγενη-

2076 3375 2234 3446 μένον
2271 3375 2512 3445 παρεῖδε,
2555 3373 2650 3427 καὶ
2691 3373 2863 3427 ταῦτα
2907 3373 3109 3436 κακῶς,
3145 3372 3221 3436 ὥς
3257 3388 3410 3440 φασι,
3439 3366 3639 3422 διακεί-

2079 3481 2259 3534 μενον,
2305 3465 2442 3518 άλλά
2472 3465 2652 3518 πᾶσαν
2699 3463 3102 3516 παλαιωθεῖσαν
3151 3464 3249 3533 τὴν
3295 3461 3454 3530 φύσιν
3496 3461 3646 3512 ὲνεοο

2076 3555 2292 3622 ποίησε,
2329 3556 2421 3606 καὶ
2455 3556 2515 3607 οὑ
2552 3555 2610 3608 τὸ
2646 3555 2742 3624 μὲν
2785 3554 2954 3622 αὐτῆς
2998 3553 3182 3606 καινὸν
3233 3553 3607 3624 ἀπειργάσατο
3630 3591 3646 3615 ,

2073 3642 2135 3696 τὸ
2196 3644 2254 3697 δὲ
2310 3644 2762 3715 πεπαλαιωμένον
2822 3645 2916 3698 καὶ
2962 3643 3353 3715 διεφθαρμένον
3427 3644 3649 3696 ἀνίατον

2075 3733 2245 3798 εἴασε,
2280 3735 2578 3789 καὶταῦτα
2621 3735 2948 3806 τιμιώτατον
2985 3735 3250 3807 ὑπάρχον,
3284 3733 3379 3789 καὶ
3411 3735 3507 3805 τῆς
3537 3733 3648 3786 τῶν

2075 3826 2282 3896 νοητῶν
2315 3826 2532 3898 μοίρας.

2151 3999 2388 4052 ’Ἄτοπον
2419 3998 2549 4068 γὰρ,
2569 3999 2630 4051 τὸ
2657 3999 2756 4069 μὲν
2784 4000 2943 4070 σῶμα
2977 4000 3036 4054 τδ
3067 4001 3290 4072 πήλινον
3327 3999 3419 4053 καὶ
3444 3999 3649 4070 χοῖκδν,

2076 4090 2173 4143 καὶ
2209 4090 2406 4143 πάθεσι
2459 4089 2908 4160 συνεζευγμένον,
2955 4093 3048 4144 καὶ
3085 4091 3526 4164 προσληφθῆναι,
3556 4093 3651 4145 καὶ¹

2077 4181 2482 4251 ἀναληφθῆναι,
2532 4183 2627 4235 καὶ
2661 4183 2723 4235 ἐκ
2759 4181 2948 4246 δεξιῶν
2977 4183 3077 4252 τῆς
3114 4182 3489 4253 μεγαλοσύνης
3515 4184 3648 4236 καθ-

395 4282 505 4328 tem
527 4288 659 4327 vero
681 4272 1032 4337 invisibilem,
1069 4269 1455 4337 immortalem,
1477 4271 1727 4326 animalis
1753 4271 1966 4336 ducem,

2081 4273 2410 4342 ιδρυνθῆναν
2444 4272 2536 4327 τὸν
2573 4271 2630 4326 δὲ
2663 4274 2786 4327 νοῦν
2819 4274 2910 4327 τὸν
2946 4274 3199 4345 ἀόρατον,
3240 4275 3331 4327 τὸν
3359 4275 3648 4337 ἀθάνατον,

395 4367 464 4422 ad
490 4367 782 4438 imaginem
808 4368 906 4422 Dei
944 4368 1165 4432 factam,
1192 4369 1440 4440 corporis
1467 4369 1616 4424 velut
1643 4370 1885 4441 aurigam
1910 4386 1974 4426 ac

396 4459 862 4529 gubernatricem,
886 4469 942 4516 et
980 4461 1282 4516 harmoniae
1304 4461 1560 4532 pet-itam,
1593 4463 1750 4533 cujus
1769 4463 1976 4519 beneﬁ-

397 4549 484 4604 cio
513 4550 602 4616 ﬁt,
630 4559 692 4606 ut
714 4552 880 4606 homo
911 4568 1023 4606 non
1047 4553 1117 4607 sit
1141 4567 1338 4623 expers
1365 4552 1612 4618 rationis,
1644 4553 1738 4608 sed
1761 4553 1977 4624 sapien-

401 4641 511 4707 tiae,
554 4645 688 4698 artis
715 4653 772 4699 et
806 4645 1048 4699 scientiae
1090 4644 1308 4699 abunde
1357 4646 1655 4715 particeps,
1708 4646 1974 4717 abiectam

398 4732 554 4790 humi
585 4735 778 4800 fuisse,
802 4751 904 4790 nec
931 4750 1275 4789 communem
1296 4750 1420 4789 eum
1451 4751 1680 4805 corpore
1706 4736 1973 4791 honorem

400 4826 710 4896 accepisse:
735 4834 996 4890 mentem,
1023 4824 1266 4894 inquam,
1288 4827 1307 4847 ‘
1335 4825 1492 4893 cujus
1513 4841 1672 4878 causa
1699 4832 1755 4879 et
1775 4841 1976 4895 corpus

403 4917 736 4974 conditionis
762 4926 845 4974 est
867 4916 1147 4972 rationalis
1166 4922 1226 4970 et‘
1250 4915 1398 4984 leges
1416 4915 1538 4969 latae
1562 4923 1710 4979 sunt,
1739 4923 1796 4969 et
1821 4914 1974 4970 factae

402 5008 752 5075 prophetiae:
783 5016 1006 5080 propter
1040 5021 1204 5078 quam
1244 5003 1568 5069 certamina,
1597 5003 1776 5068 luctre,
1806 5003 1975 5058 victo-

2071 4365 2162 4419 τὸν
2192 4365 2433 4435 ἡγεμόνα
2464 4365 2556 4417 τοῦ
2611 4366 2771 4431 ζῶον,
2808 4366 2898 4420 τὸν
2927 4368 3046 4420 κατ’
3073 4367 3256 4421 είκόνα
3301 4367 3450 4422 θείαν
3485 4383 3652 4436 γεγε-

2072 4457 2323 4526 νημένον,
2352 4457 2439 4508 τὸν
2486 4456 2580 4510 τοῦ
2613 4455 2864 4526 σώματος
2914 4458 3125 4528 ἡνίοχον
3163 4459 3256 4511 καὶ
3281 4458 3647 4529 κυϐερνήτην,

2075 4549 2168 4602 καὶ
2203 4547 2480 4616 μουσικὸν,
2509 4547 2576 4601 δι’
2603 4548 2663 4600 δν
2699 4547 2797 4601 οὑκ
2829 4549 3020 4617 ἄλογος
3055 4551 3087 4620 ἠ
3122 4549 3435 4620 ἀνθρωπεία
3466 4549 3648 4617 φύσις,

2074 4640 2210 4694 ἀλλὰ
2253 4640 2443 4708 σοφίας
2488 4639 2582 4693 καὶ
2632 4641 2826 4712 τέχνης
2852 4643 2947 4696 καὶ
2986 4643 3298 4713 ἐπιστήμης
3338 4643 3649 4708 ἀνάπλεως,

2077 4731 2264 4785 τοῦτον
2297 4731 2633 4804 ἀπερῤίφθαι
2679 4733 2848 4797 κάτω,
2899 4733 2992 4788 καὶ
3023 4737 3122 4802 τῆς
3153 4733 3246 4786 τοῦ
3292 4733 3540 4803 σώματος
3573 4735 3650 4803 μὴ

2083 4825 2509 4896 μεταλαγχάνειν
2549 4825 2735 4897 τιμῆς,
2773 4824 2841 4878 δι’
2873 4826 2935 4877 εν
2979 4825 3040 4878 τὸ
3095 4810 3254 4895 σῶμα
3297 4824 3396 4892 τῆς
3422 4823 3650 4891 λογικῆς

2078 4917 2295 4985 ἐγένετο
2340 4917 2589 4980 κτίσεως,
2621 4916 2688 4970 δι’
2721 4916 2780 4970 ὃν
2820 4915 3130 4988 νομοθεσίαι
3167 4918 3261 4970 καλ⁸
3291 4917 3644 4987 προφητεῖαι,

2079 5005 2146 5058 δι’
2181 5005 2240 5059 ὃν
2286 5005 2498 5074 ἀγῶνες
2533 5006 2626 5060 καὶ
2660 5006 2826 5061 πάλαι
2865 5007 2958 5060 καὶ
2985 5005 3133 5060 νίκαι
3157 5007 3252 5061 καὶ
3292 5009 3646 5078 ἀναρρήσεις,

1707 5161 1944 5218 VARUS
1983 5161 2387 5218 LECTIONES.

480 5295 526 5329 "
550 5294 670 5363 Ipse
693 5294 1022 5368 _—_inslitt_¢la
1057 5297 1378 5350 certaminis.
1420 5295 1499 5368 Er;
1528 5293 1822 5368 Grrecoita
1853 5296 2224 5368 restituendus
2247 5305 2330 5352 est
2354 5307 2550 5368 textus
2571 5298 2724 5352 Marii
2748 5297 3065 5353 Mercatoris
3092 5316 3106 5352 :
3135 5299 3254 5368 Ipse
3287 5307 3647 5368 spectatorem

410 5376 466 5423 et
489 5363 806 5438 certaminis
831 5362 1226 5438 moderatorem
1255 5381 1402 5434 agas.
1443 5365 1896 5438 Siquervolueris
1938 5367 2075 5438 artis
2099 5367 2445 5438 gymnasticae
2490 5377 2876 5438 praeceptorem
2911 5384 3088 5438 agere,
3115 5362 3492 5424 doceas-illum
3512 5385 3648 5438 quo.

412 5431 1090 5508 modo__sit_certandum,
1139 5431 1544 5508 commonstres,
1573 5435 1650 5508 illi
1694 5451 1801 5504 qua
1847 5437 2057 5491 ratione
2087 5431 2400 5508 obtineatur
2421 5431 2683 5508 victoria.-
2745 5438 2791 5470 "
2817 5431 3142 5508 Decertaret.
3183 5439 3412 5508 Reliqua
3450 5431 3651 5508 desunt

413 5505 558 5577 apud
595 5504 825 5578 Marium
865 5502 1257 5578 Mercatorem.
1315 5503 1495 5578 “61>.”
1523 5502 1761 5578 ἀπέστω,
1795 5523 1847 5559 κ.
1879 5524 1927 5578 τ’.
1957 5507 2007 5560 λ.
2039 5508 2322 5578 Notandus
2371 5507 2473 5561 iste
2501 5507 2656 5578 locus
2686 5514 2875 5578 contra
2898 5507 3244 5578 Garnerium,
3278 5502 3372 5578 qui
3400 5507 3657 5565 Theodo-

417 5570 590 5631 retum
626 5576 678 5630 in
711 5570 1062 5629 recensendis
1087 5571 1400 5640 Apollinarii
1430 5576 1710 5629 erroribus
1731 5575 1877 5644 justo
1907 5576 2211 5631 breviorem
2243 5577 2410 5631 fuisse
2447 5576 2695 5644 perhibet
2731 5578 2787 5630 in
2819 5576 2952 5632 diss.
2981 5577 3034 5642 2,
3063 5594 3184 5648 cap.
3211 5580 3260 5634 4.
