4054 6138
339 154 411 218 85

1476 149 1948 211 AUCTARIUM.
1989 173 2060 184 -
2093 150 2194 209 AD
2230 148 2408 210 TOM.
2451 150 2549 209 IV.

3536 147 3630 211 864

337 266 431 321 καὶ
470 262 746 332 στέφανοι,
803 261 871 315 δι’
917 261 974 314 δν
1025 260 1119 315 καὶ⁵
1170 260 1233 316 τὸ
1286 261 1446 330 σῶμα
1503 261 1565 315 τὸ
1622 259 1915 315 συναθλοῦν

2032 259 2132 324 riae,
2165 259 2626 329 proclamationes
2651 272 2716 311 ac
2743 271 2960 312 corona
2981 255 3254 324 exsistunt
3283 273 3296 310 :
3319 257 3478 329 cujus
3499 273 3626 331 Ope‘

334 353 498 412 ἆθλον
529 354 642 424 ἔχει
681 353 792 406 τῶν
817 353 1013 417 πόνων,
1056 351 1166 406 τῶν
1194 353 1442 423 οὐρανῶν
1480 354 1578 424 τὴν
1609 352 1911 424 βασιλείαν,

332 443 399 496 δι’
423 443 486 496 ὃν
504 443 598 495 καὶ
627 440 767 510 αὐτὴ
797 439 892 492 τοῦ
937 440 1194 511 Σωτῆρος
1223 442 1256 511 ἡ
1288 442 1560 510 παρουσία
1597 443 1912 512 γεγένηται,

332 533 428 587 καὶ
456 533 518 584 τὸ
556 533 656 601 τῆς
685 531 998 600 οἰκονομίας
1039 532 1467 602 ἐπραγματεύθη
1496 535 1812 604 μυστήριον.
1839 533 1913 585 Ut’:

333 624 444 694 γὰρ
469 623 610 694 ὑπὲρ
659 622 883 693 ἀψύχων
913 624 1009 676 καὶ
1039 626 1285 694 ἀνοήτων
1317 624 1384 677 τὰ
1418 627 1660 694 σωτήρια
1696 624 1913 678 κατεδέ·

336 712 466 778 ξατο
498 713 664 782 πάθη,
695 713 806 766 οὐδ’
826 714 964 784 ὑπὲρ
997 714 1214 784 κτηνῶν
1248 715 1458 783 ἀλόγων
1486 715 1519 784 ἣ
1547 715 1708 768 λίθων
1738 716 1918 786 ψυχῆς

338 804 737 876 ἐστερημένος,
769 805 884 856 ἀλλ’
918 805 1059 875 ὑπὲρ
1095 805 1395 876 ἀνθρώπων
1431 805 1613 876 ψυχὴν
1649 807 1918 860 ἀθάνατον

338 895 548 948 ἔνοικον
579 911 745 964 κεκτη
755 895 912 964 μένος
944 895 1010 946 ²⁹.

421 1073 561 1126 Ἀλλ’
592 1074 794 1142 ἴδωμεν
843 1072 937 1125 καὶ
991 1069 1149 1135 αὖθις
1179 1072 1271 1127 τὸν
1319 1073 1551 1142 Χριστὸν
1587 1073 1918 1144 πειραζόμε-

340 1185 450 1231 νον,
491 1167 586 1221 καὶ
616 1162 1046 1233 καταισχύνοντα
1094 1163 1184 1216 τὸν
1215 1164 1566 1235 πειράζοντα.

414 1258 583 1310 Ὅταν
629 1253 809 1306 τοίνυν
867 1251 1058 1324 εὕρῃς,
1125 1251 1208 1304 ὅτι
1262 1253 1506 1320 Ἰησοῦς
1577 1254 1922 1322 Πνεύματος

2017 365 2218 419 corpus
2242 349 2403 404 simul
2432 355 2652 404 certans
2680 361 2907 416 regnum
2931 347 3198 402 cmlorum
3230 347 3415 414 habet,
3456 351 3606 406 velut

2016 443 2304 513 praemium
2345 443 2594 496 laborum
2624 459 2636 494 :
2663 442 2820 510 cujus
2848 441 3019 510 gratia
3045 440 3284 510 denique
3323 449 3382 496 et
3414 440 3608 497 Salva-

2016 542 2104 588 tor
2135 533 2377 598 advenit,
2409 542 2467 588 et
2495 531 2814 603 mysterium
2844 531 3270 600 dispensationis
3299 531 3605 601 perfectum

2017 633 2119 680 est.
2152 626 2341 695 Neque
2379 625 2527 680 enim
2560 624 2808 680 Salvator
2837 638 2936 692 pro
2989 623 3158 678 rebus
3191 623 3480 684 inanimis,
3508 633 3606 680 aut

2018 730 2118 784 pro
2154 717 2363 771 ratione
2385 717 2700 772 carentibus
2731 716 2998 771 salutares
3033 717 3274 785 suscepit
3300 717 3602 786 passiones,

2017 822 2122 861 nec
2150 823 2251 876 pro
2268 807 2447 864 brutis
2473 807 2881 876 insipientibus,
2911 805 3319 874 autlapidibus,
3348 817 3606 878 tanquam

2020 899 2202 952 anima
2242 898 2495 952 rationali
2524 913 2753 959 carens,
2785 897 2877 950 sed
2912 912 3012 966 pro
3051 896 3387 962 hominibus,
3422 897 3604 954 anima

2021 991 2276 1044 rationali
2295 999 2354 1044 et
2386 989 2681 1043 immortali
2697 1017 2700 1022 -
2719 988 3000 1058 praeditus.

2091 1078 2197 1135 Sed
2224 1077 2508 1133 videamus
2529 1077 2806 1147 quomodo
2856 1076 3108 1132 Christus
3139 1076 3344 1131 iterum
3364 1084 3604 1132 tentetur

2021 1179 2078 1226 et
2112 1180 2441 1226 tentatorem
2466 1169 2670 1224 rubore
2695 1169 3003 1224 suil'undat.

2099 1262 2262 1331 130
2289 1259 2426 1316 Cum
2480 1260 2666 1330 itaque
2693 1261 2736 1293 ’°
2771 1259 3052 1315 inveneris
3093 1257 3250 1323 illud,
3296 1257 3450 1312 Iesus
3497 1257 3610 1326 ple.

345 1347 580 1416 πλήρης
616 1344 1006 1412 ὑπέστρεψεν
1033 1345 1152 1400 ἀπὸ
1192 1345 1299 1401 τοῦ
1354 1347 1679 1415 Ἰορδάνου,
1727 1348 1804 1419 μὴ
1833 1349 1922 1402 τὸν

2032 1369 2122 1406 nus
2160 1350 2361 1422 Spiritu
2398 1357 2632 1406 reversus
2677 1359 2752 1404 est
2789 1367 2820 1404 α
2860 1349 3094 1404 Iordane
3128 1361 3173 1414 θ,
3215 1364 3284 1404 ne
3329 1347 3613 1402 existimes

345 1437 474 1491 Θεὸν
515 1436 690 1504 Λόγον
740 1434 970 1505 νομίσῃς
1017 1437 1074 1490 ὲν
1105 1436 1266 1508 χρείᾳ
1311 1441 1645 1508 καταστῆναι
1686 1439 1786 1508 τῆς
1828 1438 1923 1492 τοῦ

2032 1443 2196 1498 Deum
2224 1442 2461 1498 Verbum
2480 1442 2888 1512 epushabuisse
2916 1440 3302 1511 cooperatione
3329 1439 3568 1509 Spiritus
3590 1479 3602 1490 .

346 1527 661 1598 Πνεύματος
718 1526 1060 1597 συνεργείας*
1105 1527 1134 1578 ὁ
1185 1527 1295 1598 γὰρ
1336 1528 1612 1599 ὁρώμενος
1664 1529 1789 1594 ναὸς
1815 1531 1924 1584 τῶν

2032 1535 2292 1604 templum
2340 1535 2511 1599 enim,
2555 1533 2703 1604 quod
2749 1534 3100 1598 cernebatur,
3156 1535 3323 1590 variis
3367 1532 3610 1602 Spiritus

345 1619 600 1672 ποικίλων
628 1616 720 1670 τοῦ
756 1616 1074 1686 Πνεύματος
1103 1619 1459 1689 χαρισμάτων
1485 1619 1778 1674 ἀπέλαυσε.

406 1708 578 1762 Τοῦτο
617 1708 725 1779 γάρ
760 1708 855 1760 καὶ
899 1707 1124 1770 Ἡσαΐας
1173 1707 1456 1778 πόρρωθεν
1483 1707 1635 1762 ἐϐόα·
1692 1708 1847 1762 Ἰδοὺ
1890 1712 1923 1763 ό

347 1799 488 1864 παῖς
513 1816 647 1868 μου,
696 1798 770 1852 ὃν
818 1797 1088 1866 ᾑρέτισα,
1120 1801 1153 1852 ὀ
1206 1797 1512 1868 ἀγάπητός
1537 1817 1677 1868 μου.
1724 1803 1811 1865 εἰς
1854 1799 1926 1854 ὃν

349 1890 688 1958 ηὐδόκησεν
735 1889 774 1956 ἡ
812 1889 986 1959 ψυχή
1030 1889 1248 1960 μου·ἦ
1301 1889 1377 1954 ὡς
1425 1892 1475 1943 οἱ
1519 1890 1925 1961 Ἑϐδομήκοντα

347 1982 730 2053 ήρμήνευσανο
776 1980 988 2037 Ἰακὼϐ
1019 1981 1162 2048 παῖς
1185 1998 1328 2050 μου,
1374 1981 1786 2052 ἀναλήψομαι
1816 1985 1923 2046 αὺ-

347 2073 472 2127 τοῦ’
530 2071 780 2140 Ἰσραὴλ
828 2075 862 2125 ό
903 2073 1192 2139 ἐκλεκτός
1224 2093 1366 2144 μου,
1391 2076 1796 2144 προσεδέξατο
1819 2079 1926 2131 αὐ-

347 2165 452 2219 τὸν
490 2165 530 2234 ἡ
561 2165 730 2233 ψυχή
766 2183 909 2235 μουυ
943 2166 1112 2236 θήσω
1154 2168 1220 2221 τὸ
1258 2168 1502 2232 Πνεῡμὰ
1531 2187 1648 2238 μου
1685 2171 1779 2224 ἐπ’
1818 2173 1925 2225 αὺ-

345 2255 467 2308 τόν,
504 2255 676 2306 Ὅταν
712 2255 768 2308 δὲ
800 2255 890 2309 τὸν
938 2255 998 2322 ἐξ
1039 2254 1250 2310 Ἰακὼϐ
1283 2257 1377 2310 καὶ
1419 2257 1636 2328 Ἰσραὴλ
1661 2257 1921 2330 ἀκούσῃς.

349 2343 422 2415 μὴ
449 2345 736 2417 ἄνθρωπον
766 2343 903 2401 εἶναι
943 2347 1171 2417 νομίσῃς
1199 2349 1622 2418 γεγυμνωμένον
1649 2349 1921 2420 θεότητος,

345 2435 458 2488 ἀλλ’
503 2438 565 2488 ἐν
602 2436 682 2507 τῷ
738 2437 1000 2507 ὁρωμένῳ
1048 2437 1159 2506 ναῷ
1209 2438 1300 2489 τὸν
1355 2438 1583 2508 ἀόρατον
1630 2439 1925 2508 προσκύνει

346 2525 499 2590 Θεὸν,
532 2528 737 2599 ἑκάστῃ
771 2528 930 2598 φύσει
963 2529 1246 2598 φυλάττων
1282 2529 1350 2582 τὰ
1388 2528 1674 2600 ἰδιώματα.

1958 1604 1998 1663 Β
2029 1626 2202 1681 sancti
2236 1625 2396 1680 donis
2424 1625 2727 1680 fruebatur.

2104 1716 2282 1786 Atque
2331 1716 2386 1770 id
2409 1717 2520 1786 jam
2567 1716 2694 1771 inde
2719 1731 2751 1771 a
2778 1714 3091 1784 longinquis
3121 1717 3464 1785 temporibus
3497 1722 3609 1775 cla—

2033 1807 2218 1861 mabat
2255 1806 2419 1861 Isaias
2445 1825 2457 1859 :
2487 1806 2620 1860 Ecce
2657 1806 2803 1873 ﬁlius
2834 1822 2999 1869 meus,
3027 1823 3182 1878 quem
3207 1808 3360 1875 elegi,
3391 1809 3610 1865 dilectu:

2034 1915 2200 1964 meus,
2230 1900 2286 1952 in
2337 1915 2440 1969 quo
2481 1899 2735 1968 acquievit
2787 1899 2972 1952 anima
3003 1915 3154 1962 mea;
3177 1899 3263 1952 vel
3289 1909 3348 1953 ut
3378 1899 3631 1968 Septua-.

2028 1989 2176 2061 ginta
2231 1990 2574 2059 interpretati
2643 1996 2772 2044 sunt
2815 2006 2828 2042 :
2867 1987 3030 2042 Iacob
3073 2005 3206 2060 puer
3246 2005 3410 2051 meus,
3460 1990 3612 2044 illum

2029 2083 2381 2152 prehendam;
2413 2080 2587 2136 Israel
2611 2079 2804 2134 electus
2826 2095 2991 2143 meus,
3025 2082 3225 2150 accepit
3257 2079 3612 2134 illumanima

2031 2189 2188 2237 mea;
2213 2187 2409 2242 ponam
2437 2171 2699 2242 Spiritum
2729 2188 2903 2228 meum
2932 2187 3093 2242 super
3127 2173 3323 2242 ipsum.
3357 2169 3494 2226 Cum
3511 2186 3612 2225 au-

2031 2261 2200 2318 dieris
2229 2264 2429 2334 ipsum,
2459 2263 2654 2332 quiest
2685 2278 2753 2316 ex
2783 2261 2954 2318 Jacob
2981 2261 3069 2317 vel
3106 2261 3296 2324 Israel,
3325 2274 3396 2319 ne
3424 2261 3608 2316 homi-

2029 2369 2155 2408 nem
2196 2353 2436 2407 aestimes
2464 2351 2767 2405 divinitatis
2812 2358 3130 2420 expertem;
3188 2349 3283 2405 sed
3320 2350 3376 2403 in
3406 2349 3613 2419 templo

2031 2442 2150 2497 viso
2177 2442 2506 2498 invisibilem
2538 2443 2734 2506 Deum,
2767 2456 2865 2496 sua
2887 2441 3087 2510 cuique
3122 2449 3333 2496 natura:
3362 2456 3610 2506 servans,

2028 2533 2223 2589 adora.

347 2685 410 2740 In
439 2701 679 2739 sermone
701 2685 1021 2757 apologetico
1047 2687 1282 2754 Greqorii
1308 2687 1549 2758 Theologi
1612 2705 1667 2741 ro
1692 2691 1817 2759 fuga
1855 2705 1973 2753 sua,
2001 2691 2108 2743 hate
2131 2690 2389 2744 habentur
2424 2690 2727 2745 Theodoreti
2761 2707 2823 2746 su
2864 2707 2921 2744 er
2949 2691 3047 2745 illa
3076 2691 3234 2746 verba
3263 2707 3282 2746 :
3325 2691 3426 2744 Διά
3458 2694 3617 2746 τοῦτο

419 2755 747 2812 ἀντεισήγθη
776 2757 852 2812 τῷ
882 2757 1098 2812 παλαιῶ
1135 2760 1194 2811 τὸ
1224 2758 1360 2812 νέον.
1391 2760 1483 2811 καὶ
1507 2707 1606 2812 διξ
1625 2760 1831 2812 πάθους
1865 2761 1893 2812 ὁ
1922 2758 2110 2812 παθὼν
2143 2761 2440 2812 ἀνεκλήθη.
2469 2762 2562 2812 καὶ
2586 2762 2724 2812 ὑπὲρ
2749 2708 2981 2812 ὲκῖστου
3015 2761 3122 2812 τῶν
3165 2761 3450 2812 ἡμετέρων
3481 2760 3614 2812 ἕκα-

419 2755 748 2826 ἀντεισήχθη
776 2755 1098 2826 τῷπαλαιῷ
1135 2760 1194 2811 τὸ
1224 2758 1360 2824 νέον,
1391 2755 1558 2812 uate:

420 2842 544 2878 στον
570 2825 667 2878 τοῦ
693 2825 832 2898 ὑπὲρ
871 2829 1016 2898 ἡμᾶς
1047 2829 1308 2900 ἀπεδόθη.

1625 2758 1831 2822 πάθους
1865 2761 1893 2812 ὁ
1922 2758 2110 2812 παθὼν
2143 2761 2440 2831 ἀνεκλήθη,
2469 2762 2562 2814 καὶ
2586 2762 2724 2832 ὑπὲρ
2749 2758 2981 2814 ἑκάστου
3015 2761 3122 2814 τῶν
3165 2761 3450 2832 ἡμετέρων
3481 2760 3614 2814 ἔκα-

417 2960 507 3032 Τῷ
541 2963 763 3034 παλαιῷ
792 2965 956 3018 πάθει
983 2967 1088 3020 τῶν
1119 2967 1564 3038 πρωτοπλάστων
1600 2966 1929 3039 ἀειτεισήχθη

2103 2968 2287 3023 Veteri
2316 2968 2554 3038 passioni
2586 2968 2892 3037 primorum
2928 2976 3220 3036 parentum
3266 2981 3407 3022 nova
3435 2969 3620 3037 passio

351 3053 410 3106 τὸ
433 3055 551 3108 νέον
581 3053 754 3117 πάθος
795 3054 1055 3126 Χριστοῦ·
1078 3057 1172 3110 καὶ
1199 3058 1227 3109 ὁ
1262 3057 1451 3111 παθὼν
1495 3058 1669 3128 Ἀδὰμ
1700 3059 1928 3121 ἐκεῖνος,

350 3146 436 3199 διὰ
467 3145 562 3198 τοῦ
597 3147 745 3199 θείου
780 3147 987 3212 πάθους
1037 3149 1131 3202 τοῦ
1162 3149 1282 3202 νέου
1323 3150 1496 3219 Ἀδὰμ
1535 3149 1928 3218 ἀνακέκληται.

354 3238 472 3291 Ὀτι
500 3237 612 3309 γὰρ
647 3237 905 3308 ἁμαρτὼν
954 3241 982 3294 ὁ
1036 3240 1226 3311 Ἀδὰμ,
1271 3239 1484 3311 Θανάτῳ
1522 3239 1583 3293 τὸ
1625 3239 1780 3307 γένος
1826 3239 1933 3292 ὐπ-

357 3330 533 3396 ἑὸαλε,
569 3332 664 3385 καὶ
703 3333 802 3402 τὴν
833 3331 995 3400 φύσιν
1040 3333 1170 3404 ὃλην
1214 3335 1514 3388 ὑπεύθυνον
1543 3333 1620 3404 τῷ
1649 3334 1798 3405 χρέει
1837 3350 1933 3387 πεο

357 3422 571 3490 ποίηκε,
619 3424 752 3488 Θεὸς
809 3424 1070 3494 ὑπάρχων
1119 3427 1148 3478 ὁ
1198 3425 1432 3495 Χριστος
1457 3425 1501 3456 ³ο
1528 3425 1622 3478 καὶ
1651 3423 1934 3495 ἄνθρωπος

355 3515 705 3566 ἀνακαλεῖται
748 3513 843 3567 τοῦ
888 3515 1061 3584 Ἀδὰμ
1089 3515 1149 3568 τὸ
1187 3515 1560 3585 παράπτωμα,
1612 3514 1698 3568 διὰ
1735 3514 1834 3583 τῆς
1864 3515 1935 3566 oi-

357 3605 505 3668 κείας
531 3604 883 3677 σαρκώσεως,
918 3605 1014 3658 καὶ
1048 3605 1187 3676 ὑπὲρ
1236 3606 1466 3659 ἑκάστου
1494 3605 1600 3658 τῶν
1631 3604 1933 3674 ἡμετέρων,

359 3697 580 3750 ἕκαστον
613 3696 708 3750 τοῦ
734 3697 875 3768 ὑπὲρ
907 3698 1056 3766 ἡμᾶς
1093 3697 1368 3768 ἀντεδόθη.

437 3789 589 3842 Ἐπεὶ
629 3788 739 3859 γὰρ
770 3787 939 3842 θέλων
967 3789 1068 3858 τὴν
1101 3788 1252 3841 θείαν
1294 3788 1514 3858 ἐντολὴν
1544 3788 1654 3856 ἐγὼ
1680 3788 1929 3860 παρέϐην

359 3883 386 3933 ὁ
413 3881 720 3951 ἄνθρωπος,
755 3882 848 3933 καὶ
886 3881 946 3934 τὸ
980 3881 1208 3952 στερρόν
1235 3899 1336 3950 μου
1367 3881 1464 3951 τῆς
1493 3879 1708 3950 φύσεως
1747 3879 1941 3952 θεότηο

362 3987 448 4032 τος
473 3970 650 4023 ἐλπίδι
681 3970 968 4034 δελεάσας,
1002 3971 1138 4042 πρὸς
1171 3971 1366 4042 ἡδονὴν
1400 3971 1603 4041 σαρκὸς
1628 3970 1942 4024 κατέσεισεν

361 4061 389 4112 δ
415 4061 685 4126 διάϐολος,
713 4061 780 4114 δι’
803 4058 870 4134 ἧς
912 4063 1223 4132 ὑποστήσας
1262 4063 1354 4114 τὸν
1385 4061 1633 4128 θάνατον,
1674 4061 1944 4132 ἡϐρύνετο

363 4152 580 4222 τρυψῶν
608 4155 676 4223 τῇ
699 4151 876 4224 φθορᾷ
899 4155 963 4223 τῇ
993 4153 1091 4222 τῆς
1118 4149 1352 4222 φύσεως.

431 4326 527 4378 Διά
555 4324 715 4379 τοῦτο
744 4325 953 4392 γίνεται
978 4325 1007 4377 ὁ
1032 4324 1162 4387 Θεὸς
1195 4324 1400 4387 τέλειος
1429 4323 1736 4394 ἄνθρωπος,
1776 4320 1944 4391 μηδὲν
1978 4335 2016 4389 ῃ

371 4417 754 4488 παραμισὴσας
775 4416 870 4485 τῆς
892 4415 1102 4485 φύσεως
1122 4415 1257 4484 πλὴν
1272 4417 1371 4486 τῆς
1393 4414 1686 4485 ἁμαρτίας,
1704 4412 1824 4466 ἐπεὶ
1848 4428 1951 4481 μη-

370 4505 426 4557 δὲ
453 4506 554 4575 τῆς
601 4507 817 4574 φύσεως
853 4502 942 4576 ἦν.
990 4505 1078 4559 ἴνα
1113 4506 1314 4576 σαρκὸς
1347 4504 1736 4575 προσλήμματι
1774 4501 1950 4554 δελεάο

373 4613 488 4662 σας,
516 4596 741 4670 ἐρεθίσῃ
758 4599 850 4650 τὸν
879 4597 1150 4669 ἄπληστον
1174 4598 1441 4667 δράκοντα
1467 4595 1827 4666 περιχάνοντα
1852 4591 1949 4662 τὴν

371 4688 549 4758 σάρκα
593 4691 886 4742 καταπιεῖν
937 4689 1308 4758 γενησομένην
1372 4686 1520 4756 αὖτῷ
1580 4686 1677 4757 μὲν
1718 4685 1950 4754 δηλητή-

377 4794 507 4848 ριον,
538 4783 602 4852 τῇ
639 4780 864 4852 δυνάμει
915 4782 1014 4852 τῆς
1082 4781 1138 4834 ὲν
1190 4779 1324 4850 αὐτῇ
1370 4778 1621 4848 θεότητος
1671 4775 1947 4839 παντελως

450 4945 477 4975 ο
501 4934 630 4990 Luc.
663 4951 737 5001 tv,
781 4936 830 4991 Ι.
911 4933 930 4973 ί
964 4933 1071 4990 Isa.
1119 4950 1266 4999 XLIII,
1291 4932 1374 4988 iO.

2031 3057 2235 3113 Christi
2257 3058 2553 3112 substituta
2577 3066 2680 3120 est,
2704 3065 2759 3112 et
2789 3056 2960 3110 Adam
2986 3057 3075 3110 ille
3106 3071 3230 3110 cum
3255 3071 3452 3127 passus
3469 3065 3619 3114 esset

2031 3167 2096 3206 ac
2120 3150 2372 3213 amictus,
2410 3158 2699 3218 reparatus
2720 3157 2805 3203 est
2847 3156 3078 3217 propter
3120 3145 3362 3200 divinam
3394 3147 3618 3218 passio-

2032 3257 2161 3297 nem
2206 3241 2334 3296 novi
2370 3239 2582 3294 Adami.
2636 3239 2773 3294 Cum
2799 3238 2948 3293 enim
2989 3253 3224 3308 peccans
3253 3239 3424 3293 Adam
3453 3239 3619 3295 morti

2033 3346 2206 3403 genus
2229 3346 2390 3385 suum
2421 3330 2766 3400 subjecisset,
2799 3338 2855 3383 et
2893 3338 3142 3382 naturam
3174 3330 3485 3382 universam
3519 3327 3622 3382 ob-

2035 3423 2254 3478 noxiam
2273 3421 2457 3476 debito
2484 3421 2779 3484 etleeisset,
2803 3418 3076 3483 Christus,
3090 3419 3361 3473 exsistens
3383 3418 3526 3472 Deus
3546 3418 3622 3472 si-

2037 3512 2150 3566 mul
2177 3520 2232 3567 et
2257 3512 2442 3576 homo,
2467 3509 2741 3580 reparavit
2771 3508 2962 3563 Adami
2989 3508 3201 3577 lapsum
3233 3522 3328 3576 per
3341 3506 3618 3576 propriam

2037 3600 2490 3663 incarnationem,
2514 3606 2569 3653 et
2590 3614 2688 3668 pro
2711 3611 3034 3667 unaquaque
3053 3611 3111 3650 re
3131 3603 3338 3658 nostra,
3367 3610 3622 3664 unaquae-

2037 3708 2145 3764 que
2166 3708 2256 3746 res
2274 3692 2392 3760 ejus
2422 3691 2516 3760 qui
2539 3690 2699 3744 nobis
2723 3688 3012 3744 sublimior
3042 3696 3146 3754 est,
3177 3703 3412 3758 repensa
3451 3696 3555 3743 est.

2117 3783 2272 3853 [31
2309 3781 2580 3848 Quoniam
2608 3780 2754 3835 enim
2800 3779 2964 3834 homo
2991 3795 3093 3850 ego
3147 3779 3339 3833 volens
3374 3778 3620 3832 divinum

2042 3883 2375 3945 praeceptum
2431 3882 2806 3942 transgressus
2863 3887 2982 3925 sum
3009 3911 3023 3933 ,
3059 3873 3079 3891 ‘
3115 3870 3367 3925 diabolus
3411 3883 3622 3925 natura:

2044 3980 2178 4020 meae
2214 3963 2584 4033 integritatem
2623 3976 2717 4032 spe
2747 3959 3052 4014 divinitatis
3089 3959 3360 4023 inescans,
3402 3975 3500 4029 per
3524 3974 3621 4014 vo-

2043 4057 2310 4125 luptatem
2337 4055 2514 4110 carnis
2560 4052 2892 4117 deturbavit,
2941 4067 3040 4121 per
3074 4067 3238 4120 quam
3273 4066 3398 4104 cum
3433 4051 3607 4106 intro-

2046 4145 2294 4201 duxisset
2316 4152 2572 4206 mortem,
2611 4142 2914 4196 insolenter
2948 4156 3006 4196 se
3041 4141 3239 4195 extulit
3271 4141 3623 4209 corruptione

2048 4233 2376 4288 deliciarum
2409 4240 2636 4285 naturae.

2125 4325 2330 4378 Idcirco
2379 4323 2523 4377 Deus
2569 4320 2629 4374 fit
2682 4319 2960 4389 perfectus
3015 4321 3208 4387 homo,
3255 4322 3392 4375 nihil
3426 4336 3625 4376 exosus

2047 4421 2260 4469 naturae
2293 4421 2492 4482 praeter
2517 4416 2826 4481 peccatum,
2859 4409 3006 4478 quod
3036 4418 3246 4464 naturae
3275 4425 3385 4464 non
3420 4417 3525 4473 est,
3566 4418 3625 4462 ut

2049 4506 2232 4561 carnis
2293 4503 2665 4573 assumptione
2720 4501 2998 4563 inescans,
3049 4501 3292 4555 irritaret
3325 4501 3622 4554 draconem

2049 4593 2415 4648 insatiabilem
2456 4607 2518 4646 ac
2548 4592 2849 4646 inhiantem
2871 4587 3231 4645 absorbendae
3259 4590 3454 4653 ,carni,
3502 4605 3624 4658 qum

2047 4685 2227 4740 futura
2263 4691 2428 4747 esset,
2469 4683 2571 4753 ipsi
2616 4683 2839 4754 quidem
2898 4696 3193 4742 venenum,
3254 4690 3480 4750 propter
3512 4680 3622 4738 vim

2049 4774 2350 4831 divinitatis
2374 4774 2428 4828 in
2467 4775 2570 4830 hac
2597 4773 2910 4830 exsistentis
2944 4788 3105 4828 omne
3133 4771 3266 4826 illud
3295 4771 3621 4843 (peccatum)

1665 5043 1904 5101 VARIE
1945 5043 2346 5100 LECTIONES.

455 5213 502 5244 ’³
518 5212 820 5281 Lagendum
837 5229 958 5270 esse
981 5213 1199 5269 videtur
1225 5211 1622 5283 ὲστερημένῳν.
1641 5209 1910 5265 etdeinde
1939 5226 2105 5283 κεκτη
2116 5208 2331 5283 μέν-ων.-
2386 5207 2445 5283 ’_°_
2456 5205 2585 5262 Cum
2610 5207 2806 5283 itaque,
2831 5214 2940 5261 etc.
2961 5205 3348 5283 Locum_nova_e
3365 5207 3528 5276 hujus
3546 5205 3631 5283 in-

374 5275 782 5355 gerpreta'tionis
815 5283 1118 5355 occupabat
1145 5285 1198 5338 in
1225 5275 1364 5339 edit.
1389 5275 1558 5352 priori
1579 5279 1940 5355 fragmentum
1967 5279 2101 5355 illud
2117 5275 2186 5335 ex
2203 5278 2373 5355 Mario
2398 5277 2696 5355 Mercatore
2709 5275 3058 5355 desumptum
3081 5296 3092 5329 :
3111 5297 3133 5355 μ
3156 5275 3292 5355 Cum
3315 5275 3589 5355 inveneris
3616 5291 3628 5326 :

372 5333 2146 5428 iiériis'sbikza'é’drgié'gremia'Jordaige;
2179 5358 2232 5405 et
2260 5333 2780 5428 iterumqugressus
2812 5333 3061 5428 estnIesits
3106 5349 3157 5402 in
3193 5348 3381 5428 virtute
3403 5343 3630 5428 Spiritus.

369 5425 433 5477 in
457 5424 732 5481 Catilinam
773 5411 929 5550 Sde.
984 5441 1059 5485 Iv,
1087 5411 1198 5494 id),
1237 5440 1346 5477 non
1379 5423 1472 5476 Dei
1513 5411 1751 5475 verbum
1787 5411 2172 5488 cooperatione
2221 5420 2304 5472 vel
2356 5411 2826 5484 auxilio'cguisse
2879 5416 3117 5486 Spiritus
3171 5411 3493 5471 arbitreris.
3535 5411 3630 5462 sed

369 5494 589 5550 visibile
623 5506 775 5550 temo
799 5513 911 5550 um.
941 5495 1086 5550 uuod
1116 5495 1286 5549 variis
1328 5493 1565 5550 Spiritus
1617 5490 1786 5545 sancti
1835 5489 2220 5543 donationibus
2264 5489 2610 5542 fruebatur.»
2657 5487 2899 5540 Titulmn
2933 5486 3134 5543 fecerat
3173 5486 3472 5542 Garnerius
3504 5499 3517 5532 :
3549 5480 3630 5532 E1

368 5494 589 5552 visibile
623 5506 736 5550 tem

799 5480 911 5559 um,
941 5480 1086 5564 quod
1116 5480 1286 5549 variis
1328 5493 1565 5562 Spiritus
1617 5480 2237 5564 sanc_ti__dona_tion_i_bus_
2264 5489 2610 5564 fruebatu_r._r
2648 5480 2899 5564 ‘fl‘itulum
2922 5480 3134 5543 iecerat
3173 5486 3472 5542 Garnerius
3504 5499 3517 5532 :
3549 5480 3633 5532 Ex

373 5560 507 5619 ﬁbra
557 5555 783 5619 secundo
830 5555 1136 5621 Theodoreti
1163 5564 1224 5618 de
1254 5555 1636 5618 incarnatione.
1716 5561 1760 5590 ³ο
1791 5559 2040 5628 Χριστός.
2095 5557 2277 5611 Editin
2329 5557 2477 5628 prior
2512 5557 2748 5620 habebat
2775 5555 2924 5621 Θεδς.
