4054 6138
387 141 459 209 τι
741 123 784 190 δ

1507 134 1884 197 GARNERII
1919 131 2425 194 DISS'ERTA-TIO
2456 132 2506 191 ἱ.
3582 130 3657 194 88

389 260 800 312 destructurum
826 292 842 319 ,
879 251 1169 307 hominum
1197 265 1331 307 vero
1369 256 1582 305 natura:
1615 262 1857 320 pmens
1882 262 1958 302 re-

2075 245 2247 318 αὐτὴν
2285 244 2741 316 διαφθείρουσαν,
2791 247 2856 317 τῇ
2900 246 2958 300 δὲ
3002 244 3171 317 φύσει·
3201 242 3323 298 τῶν
3349 242 3651 315 ἀνθρώπων

389 345 633 402 medium
685 343 752 399 ad
809 341 1245 414 recuperandam
1294 340 1583 412 pristinam
1635 338 1868 410 gratiam
1913 345 1970 393 et

389 437 857 493 immortalitatem
895 435 1178 490 amissam.

457 527 529 582 Ut
549 525 699 581 enim
733 524 873 595 ipse,
899 539 1025 580 cum
1076 537 1240 578 suum
1289 521 1660 593 improbitatis
1691 534 1967 576 venenum

387 621 536 690 ligno
599 617 846 674 scientiae
897 615 1223 680 infudisset,
1276 624 1530 670 naturam
1583 613 1964 685 degustantem

390 710 676 780 corrupit;
712 710 789 764 ita
815 723 942 763 cum
965 706 1233 762 voluisset
1254 721 1476 762 carnem
1495 705 1836 762 Dominicam
1865 703 1976 758 de-.

387 805 612 873 glutire,
645 807 941 875 corruptus
975 807 1062 856 est
1091 798 1158 856 vi
1182 796 1486 854 divinitatis
1521 797 1580 853 in
1615 810 1784 852 carne
1816 795 1979 852 exsi~.

387 894 616 949 stcntis..

453 984 633 1050 Quare
665 996 924 1054 magnum
959 979 1161 1036 divinae
1193 978 1588 1036 incarnationis
1640 980 1964 1054 mysterium

386 1090 519 1130 rere
553 1088 773 1144 semper
799 1073 1124 1145 mysterium
1146 1082 1252 1128 est.
1290 1073 1437 1128 Deus
1467 1072 1617 1128 enim
1643 1087 1812 1142 super
1844 1086 1966 1126 om-

383 1181 512 1221 nem
575 1165 940 1221 substantiam
1004 1165 1298 1229 exsistens,
1354 1163 1466 1220 imo
1527 1163 1744 1219 inﬁnite
1799 1177 1966 1232 super

381 1269 610 1310 omnem
637 1253 1326 1326 supersubstantialitatem
1379 1252 1592 1323 positus
1617 1292 1633 1317 ,
1685 1265 1812 1306 cum
1865 1266 1964 1305 vo-

381 1346 577 1401 luisset
609 1345 678 1400 ad
711 1345 1078 1401 substantiam
1109 1345 1322 1410 venire,
1358 1339 1965 1413 supersubstantialiter

380 1438 888 1495 substantialisatus
939 1445 1045 1494 est.
1081 1435 1261 1504 Quare
1312 1443 1542 1507 propter
1578 1433 1852 1500 homines,
1899 1442 1964 1489 ut

2070 337 2410 409 ἀλεξιτήριον
2439 336 2577 408 πρὸς
2596 335 2695 409 τὴν
2723 333 2784 401 te
2823 338 2996 409 ἀρχῆς
3031 336 3194 409 χάριν
3234 333 3327 390 καὶ
3351 332 3651 390 ἀθανασίαν

2069 429 2267 484 ἀναλου
2275 429 2464 500 μένην.

2154 522 2242 586 Ὠς
2288 520 2394 592 γὰρ
2449 520 2614 584 αὐτὸς
2653 519 2744 574 τὸν
2790 518 2867 573 ίδν
2921 517 3119 573 ἑαυτοῦ
3177 515 3280 588 τῆς
3332 516 3533 581 κακίας
3574 517 3652 588 τῷ

2069 610 2212 684 ξύλῳ
2235 611 2335 682 τῆς
2351 610 2609 683 γνώσεως
2640 609 2858 680 ἐγχέας,
2887 607 2986 680 τὴν
3011 605 3358 678 γευσαμένην
3377 605 3650 678 διέφθειρε

2067 704 2248 774 φύσιν·
2281 702 2426 759 οὕτω
2459 702 2560 757 καὶ
2590 701 2756 764 αὐτὸς
2783 701 3052 771 ἐμφαγεῖν
3075 699 3175 769 τῆς
3208 698 3412 770 σαρκὸς
3451 698 3650 769 paulu;-

2066 795 2179 861 θεὶς
2205 793 2302 850 τοῦ
2327 793 2622 858 Δεσπότου,
2645 795 2715 866 τῇ
2733 792 2966 865 δυνάμει
2985 791 3082 865 τῆς
3119 791 3178 844 ὲν
3206 790 3354 862 αὐτῇ
3378 787 3647 861 διεφθάρη

2067 887 2338 958 θεότητος.

2139 977 2302 1033 Ὅθεν
2335 977 2430 1034 καὶ
2453 977 2517 1031 τὸ
2557 976 2702 1048 μέγα
2733 976 2835 1047 τῆς
2866 975 3017 1040 θείας
3052 973 3523 1045 ὲνανθρωπήσεως
3553 989 3652 1043 μυ-

2067 1071 2289 1142 στήριον
2339 1069 2428 1124 ἀεὶ
2481 1067 2651 1132 ὅντως
2683 1067 2986 1140 μυπήριᾶν
3033 1067 3202 1122 ἐστιν.
3254 1065 3323 1118 Ὀ·
3361 1064 3472 1134 γὰρ
3516 1062 3650 1126 Θεὸς

2065 1159 2396 1232 ὑπερούσιος
2416 1158 2514 1225 ὢν,
2555 1160 2652 1214 καὶ
2682 1159 2762 1212 ἔτι
2790 1157 3248 1230 ὑπερουσιὸτητος
3281 1155 3464 1226 πάσης
3491 1153 3652 1209 ἀπεί-

2075 1271 2186 1325 ρως
2218 1251 2703 1324 ὑπερανεστηκὼς,
2749 1253 2832 1316 είς
2883 1250 3074 1305 οὐσίαν
3117 1249 3295 1304 ἐλθεῖν
3327 1247 3648 1320 βουληθεὶς,

2063 1343 2402 1415 ὑπερουσιως
2421 1342 2677 1416 ὠσιὼθη.
2695 1342 2786 1396 Διδ
2802 1343 2898 1399 καὶ
2940 1341 3084 1413 ὑπὲρ
3105 1339 3408 1412 ἀνθρώπων
3423 1337 3499 1402 ὡς
3523 1336 3648 1406 φιλ-

2061 1434 2346 1507 άνθρωπος
2389 1436 2455 1488 ὲκ
2528 1435 2627 1504 τῆς
2690 1432 2800 1488 τῶν
2839 1431 3142 1505 ἀνθρώπων
3189 1429 3380 1495 οὐσίας
3429 1428 3648 1501 ἀληθῶς

379 1539 502 1584 erat
523 1529 820 1586 hominum
835 1527 1270 1592 amantissimus,
1303 1533 1521 1595 sumpta
1541 1539 1610 1580 ex
1647 1523 1958 1580 hominibus

2062 1527 2160 1582 ἄνθ
2169 1543 2349 1598 ρωπος
2383 1523 2645 1596 γεγονὼς,
2689 1523 2782 1578 τὸν
2818 1522 2914 1578 τοῦ
2957 1523 3076 1588 πῶς
3121 1523 3412 1596 ἄνθρωπος
3449 1522 3645 1589 γέγονε

381 1622 691 1678 substantia
731 1636 864 1678 vere
909 1620 1076 1675 homo
1131 1618 1330 1684 factus,
1370 1616 1596 1673 modum
1631 1631 1743 1687 quo
1785 1617 1958 1672 factus

2061 1618 2264 1690 τρόπον
2301 1617 2454 1690 μένει
2485 1616 2778 1680 διαπαντὸς
2811 1615 2953 1686 ἔχων
2986 1615 3346 1686 ἀνέκφαντονο
3380 1612 3523 1683 ὑπδρ
3556 1612 3646 1665 ἀν-

383 1712 550 1768 homo
563 1720 671 1778 est,
705 1711 931 1767 omnino
966 1707 1300 1764 ineii‘abilem
1329 1722 1550 1780 semper
1587 1707 1756 1763 habet
1784 1725 1798 1761 :
1835 1721 1963 1778 pro-

386 1814 510 1874 pter
541 1805 794 1859 homines
816 1802 966 1858 enim
991 1801 1159 1857 homo
1186 1800 1368 1856 factus
1395 1807 1504 1856 est.

448 1893 629 1959 Quare
661 1892 882 1948 divinus
904 1892 1022 1963 ipse
1055 1891 1350 1962 Apostolus
1377 1890 1526 1946 clare
1559 1888 1963 1959 contemplatus

379 1984 633 2055 mysterii
656 1983 939 2050 virtutem,
970 1983 1048 2038 ait
1077 1999 1093 2037 :
1119 1981 1274 2038 Iesus
1295 1981 1534 2038 Christus
1558 1982 1672 2036 heri
1702 1989 1752 2034 et
1783 1981 1958 2046 hodie,

377 2073 516 2128 idem
536 2084 586 2129 et
601 2075 716 2145 ipse
734 2076 791 2129 in
812 2073 1010 2131 uacula
1027 2076 1086 2141 ιι;
1110 2072 1410 2130 ostendens
1425 2070 1704 2143 quomodo
1729 2085 1950 2142 semper

378 2181 583 2221 novum
618 2166 692 2222 sit
738 2164 1084 2238 mysterium,
1116 2174 1174 2222 et
1207 2165 1525 2223 nullatenus
1576 2164 1779 2221 mentis
1807 2179 1958 2221 com-

377 2257 746 2329 prehensione
771 2264 1102 2314 veterascat.

838 2504 996 2577 132
1042 2519 1193 2562 nom
1227 2520 1494 2561 crassum.

444 2617 509 2688 In
537 2617 1208 2688 sermone..Fragmentum
1244 2620 1352 2674 hoc
1381 2617 1632 2688 exhibuit
1660 2616 1958 2674 Vaticanus

372 2687 700 2760 code57469,
735 2703 857 2759 pag.
1014 2688 1192 2744 Locus
1223 2704 1357 2744 vero
1381 2687 1630 2760 Gregorii
1661 2687 1954 2759 Theologi‘,

373 2773 492 2831 quo
509 2758 896 2831 Theodoretus
921 2759 1117 2831 utitur,
1137 2763 1479 2831 desumptus
1499 2758 1593 2814 est
1615 2758 1958 2831 exsermone

372 2827 734 2900 apologetico,
775 2844 887 2899 quo
922 2828 1222 2900 Gregorius
1249 2827 1521 2884 rationem
1547 2827 1956 2900 reddid_it_fuga3

374 2912 490 2953 sua:
527 2897 582 2952 in
608 2897 864 2964 Pontum,
903 2897 1068 2969 quem
1101 2899 1159 2954 in
1193 2900 1376 2954 locum
1411 2901 1551 2969 clam
1578 2913 1638 2953 se
1669 2897 1952 2953 subduxe-

371 2976 481 3091 rat,
508 2982 633 3092 carm
660 2969 951 3092 presbyter
980 2968 1160 3024 factus
1183 2979 1351 3034 esset,
1374 2977 1432 3024 ct
1455 2968 1835 3040 episcopatum
1861 2983 1950 3023 re-

395 3051 537 3092 ormt
579 3054 674 3092 are
706 3078 720 3092 .

395 3047 720 3094 Ormidaret.

443 3106 528 3162 Ea:
556 3109 709 3180 tertio
740 3108 782 3142 ³¹
819 3107 971 3180 libro.
1005 3107 1149 3176 Quin
1195 3109 1331 3164 illud
1371 3108 1949 3180 fragmentumgperti-

370 3186 500 3250 neat
533 3177 610 3250 ad'
637 3179 860 3250 tertium
897 3179 1098 3234 librum
1136 3177 1480 3250 Pentalogii,'
1507 3178 1699 3250 nullus
1729 3177 1943 3233 dubito.

371 3245 489 3303 Hoc
510 3249 671 3303 enim
700 3249 756 3304 in
787 3251 928 3306 libro
960 3257 1278 3304 sanctorum
1327 3245 1554 3304 Patrum
1585 3248 1655 3303 de
1687 3248 1942 3304 incarna-

373 3318 521 3374 tione
542 3319 852 3375 doetrinam
886 3319 1272 3374 Theodoretus
1296 3319 1466 3373 refert
1490 3319 1555 3372 ³².

437 3389 634 3459 Nullus
657 3390 866 3459 pariter
899 3388 1106 3459 dubitor
1124 3388 1260 3458 quin
1285 3389 1450 3459 etiam
1500 3394 1678 3459 totum
1703 3387 1757 3459 id
1790 3395 1944 3443 attu-

368 3456 690 3532 lerit,__quo_d
709 3469 794 3515 est
817 3457 968 3532 apud
982 3456 1408 3532 Naziaiizenum,
1422 3456 1662 3532 facitque
1682 3457 1948 3532 adversus

367 3526 787 3598 Apollinarium,
835 3526 905 3587 ad
937 3527 1429 3584 demonstrandum
1487 3526 1590 3582 toti
1646 3526 1857 3583 homini
1915 3543 1947 3585 a

2059 1707 2296 1779 Θρώπων
2333 1708 2444 1780 γὰρ
2473 1708 2695 1778 γέγονεν
2721 1706 3032 1779 ἄνθρωπος.

2136 1886 2299 1941 Ὅθεν
2355 1885 2451 1940 καὶ⁵
2503 1883 2666 1949 αὐτὸς
2713 1887 2741 1938 ὁ
2773 1885 2915 1950 θεῖος
2956 1887 3277 1952 ’Λπὸστολος
3327 1889 3514 1960 σαφῶς
3543 1890 3639 1944 τοῦ

2063 1977 2364 2052 μυστηρίου
2394 1977 2767 2048 διασκοπήσας
2788 1978 2890 2048 τὴν
2917 1977 3168 2051 δύναμιν,
3205 1981 3389 2051 φησιν·
3407 1983 3641 2052 Ἰησοῦς

2057 2071 2316 2141 Χριστὸς
2352 2068 2496 2140 χθὲς
2527 2069 2628 2123 καί
2650 2069 2938 2140 σήμερον,
2967 2073 3001 2126 ὁ
3035 2071 3219 2139 αὐτὸς
3251 2073 3351 2128 καί
3377 2077 3464 2141 εις
3497 2074 3642 2142 τοὺς

2059 2161 2282 2238 α)ὤνας
2305 2201 2322 2228 ,
2361 2160 2540 2232 δηλῶν
2577 2160 2653 2224 ὡς
2699 2162 2788 2215 ἀεὶ
2842 2163 3028 2217 καινὸν
3069 2163 3130 2218 rb
3192 2166 3512 2238 μυστήριον,
3543 2167 3640 2221 καὶ

2060 2253 2321 2309 οὐδέποτε
2345 2251 2641 2325 περιλήψει
2669 2253 2787 2317 νοὸς
2819 2253 3240 2327 παλαίούμενον.

2062 2477 2283 2536 Christo
2327 2477 2558 2534 salutem
2584 2491 2714 2548 esse
2757 2478 3080 2548 impensam,
3106 2478 3232 2548 quia
3281 2482 3428 2548 totus
3473 2476 3637 2533 homo

2062 2558 2380 2618 assumptus
2401 2556 2504 2603 est.
2540 2547 2802 2618 Idemque
2831 2546 2926 2602 aut
2953 2546 3141 2603 simile
3168 2546 3472 2603 secundum
3503 2562 3636 2618 prof

2061 2617 2377 2702 portionem
2408 2617 2906 2702 praestitunfz‘dum
2936 2618 3083 2673 salus
3129 2625 3452 2702 curaretur',
3489 2617 3638 2702 quod

2064 2687 2121 2744 in
2145 2689 2302 2760 lapsu
2336 2687 2543 2742 naturae
2589 2687 3008 2760 perditioneque
3034 2688 3362 2760 contigerat.
3392 2687 3550 2760 Nam,
3582 2697 3639 2741 ut

2063 2760 2141 2830 ait
2175 2757 2971 2830 Ναβίειηιθιξιιεᾨᾼντεισήχθη
3007 2758 3104 2830 *τῷ
3151 2757 3374 2830 ῄαλαιῷ
3398 2757 3466 2830 εδ
3497 2757 3636 2830 νέονΪ

2061 2829 2210 2884 Elias
2233 2827 2516 2883 Cretensis
2561 2830 2617 2882 in
2651 2825 3087 2883 Commentariis
3101 2827 3170 2882 ad
3209 2825 3358 2882 hunc
3386 2825 3639 2896 Gregorii

2060 2897 2243 2954 locum
2268 2897 2490 2953 videtur
2534 2897 2592 2952 in
2625 2899 3035 2954 Theodoretum
3082 2898 3390 2957 intendisse
3422 2896 3637 2961 oculos,

2059 2967 2199 3023 dum.
2261 2967 2446 3038 ipsius
2501 2967 3016 3038 interpretationem
3073 2967 3279 3038 arguit.
3335 2967 3633 3038 Postquam

2062 3039 2212 3110 enim
2234 3035 2457 3110 duobus
2489 3038 2581 3110 his
2607 3035 2915 3110 adjectivis,
2940 3035 3192 3110 παλαερν.
3220 3037 3367 3110 νέον,
3394 3035 3642 3110 nomini"-

2058 3109 2165 3164 bus
2193 3108 2614 3179 substareidixit
2644 3105 2846 3179 nomen
2869 3108 3014 3179 quod
3051 3107 3400 3164 affectionem
3428 3105 3641 3177 signiti-

2055 3187 2164 3242 cat,
2195 3179 2374 3248 pergit
2406 3195 2418 3230 :
2447 3177 2706 3232 Nonnulli
2735 3195 2828 3249 per
2855 3177 3002 3233 vetus
3034 3186 3084 3232 et
3112 3195 3303 3232 novum
3322 3215 3338 3242 ,
3371 3178 3640 3249 nonuﬂe-

2055 3246 2284 3302 ctionem
2302 3246 2360 3302 in
2387 3264 2504 3314 nos,
2527 3257 2578 3302 et
2606 3246 2874 3319 disparem
2923 3249 3044 3302 vita:
3060 3251 3331 3319 rationem
3361 3246 3640 3300 intellexe-

2051 3327 2177 3373 runt
2208 3357 2225 3382 ,
2257 3318 2348 3372 sed
2378 3319 2473 3373 hoc
2499 3317 2956 3374 virum‘sanctum'
2986 3317 3117 3372 velle
3160 3325 3472 3373 censuerunt
3501 3333 3520 3369 :
3543 3332 3642 3387 pro

2051 3389 2396 3461 veteriprimi
2441 3391 2678 3460 parentis
2707 3391 2950 3461 pagsione
2983 3405 3173 3444 nouam
3199 3388 3393 3446 Christi
3431 3389 3640 3461 patrio-

2055 3475 2174 3512 nem
2211 3456 2570 3513 introductam
2596 3456 2724 3513 esse.
2758 3459 2983 3513 Rectene
3023 3468 3236 3527 autem,
3259 3477 3330 3514 an
3357 3456 3529 3524 usus,
3560 3456 3634 3510 le—

2055 3529 2285 3586 ctoribus
2313 3529 2712 3600 expendendum
2755 3529 3016 3600 relinquo.

442 3687 484 3727 ι
506 3685 678 3742 Hebr.
725 3702 844 3754 xm,
877 3686 942 3742 8.

1664 3799 1900 3893 νΑωιΕ
1943 3801 2239 3860 LECTlON
2246 3802 2347 3860 ES.
2429 3843 2438 3846 -

439 3913 482 3946 "
505 3913 831 3989 Iertip._Sed
864 3915 938 3989 ad
961 3914 1266 3989 secundum
1305 3915 1508 3972 librum
1536 3915 1644 3989 ista
1681 3917 1960 3989 pertinere
1985 3917 2366 3989 declaraverat
2402 3916 2727 3975 Garnerius.
2805 3918 2849 3951 ”
2879 3918 3075 3989 Hoe—
3094 3918 3271 3989 refert.
3300 3917 3522 3973 Scilicet
3567 3933 3636 3972 ex

366 3983 671 4112 3:99:83)
693 3984 973 4111 Giirnerii,
1001 3986 1096 4058 qui
1121 3986 1323 4043 librum
1347 3986 1652 4044 secundum
1680 3983 1742 4045 et.
1766 3989 1992 4047 tertium
2044 3988 2254 4044 codicis
2293 4004 2462 4060 supra
2495 3989 2630 4046 dicti
2656 4003 2758 4061 pro
2789 4004 2929 4054 uno,
2959 3983 3209 4060 adeoque
3245 3996 3502 4060 quartum
3535 4001 3636 4058 pro

481 4072 500 4110 ι
548 4085 556 4096 -
601 4071 636 4110 a
675 4071 709 4111 u
763 4096 777 4111 .

393 4255 471 4267 ..με

487 4255 772 4267 ———...

1049 4395 1224 4468 ιη
1276 4413 1976 4510 ADMONITIO
2049 4417 2201 4506 AD
2275 4416 2998 4512 LECTOBEM-

429 4721 745 4778 Proximum
771 4721 994 4792 quidem
1017 4721 1199 4777 locum
1239 4737 1293 4792 p.
1327 4721 1599 4776 51—107
1635 4725 1882 4781 Auctarii
1923 4732 2112 4783 tenent
2139 4725 2386 4798 epistola:
2432 4725 2783 4783 Theodoreti.
2811 4741 2841 4782 a
2876 4724 3173 4782 Sirmondo
3205 4725 3445 4791 omissae.
3489 4741 3632 4796 quas

362 4826 488 4866 cum
515 4811 745 4883 prolixis
767 4809 1256 4866 observationibus
1293 4810 1410 4865 suis
1442 4810 1618 4866 edidit
1649 4813 1970 4872 Garnerius.
2004 4815 2099 4872 Hae
2132 4825 2316 4873 autem
2353 4816 2624 4887 epistolas,
2655 4833 2760 4872 una
2813 4832 2939 4873 cum
2991 4817 3099 4872 illis
3133 4833 3270 4888 quas
3301 4817 3632 4873 Sirmondus

357 4902 631 4971 ediderat,
651 4903 836 4960 locum
851 4909 1028 4959 nacta}
1057 4911 1188 4958 sunt
1211 4903 1268 4958 in
1297 4901 1405 4958 line
1429 4904 1562 4959 tomi
1585 4908 1892 4976 superioris
1919 4907 2181 4964 editionis
2200 4915 2423 4964 nostrae.
2459 4909 2626 4981 Typis
2645 4909 2832 4980 itaque
2856 4925 3008 4966 nunc
3037 4909 3416 4966 exscribenda:
3442 4920 3633 4967 essent

359 4995 490 5054 solae
517 4995 770 5053 Garnerii
813 4994 870 5052 in
893 4996 1156 5068 epistolas
1197 5011 1394 5053 recens
1426 4996 1607 5053 editas
1635 5007 1802 5066 noue,
1840 5000 1938 5057 sed
1965 5010 2340 5072 opportunum
2366 5000 2478 5056 illis
2513 5001 2770 5056 dabimus
2803 5002 2988 5057 locum
3025 5003 3082 5058 in
3117 5002 3510 5059 dissertatione
3539 5021 3630 5061 se-

357 5087 539 5145 cunda
577 5087 849 5156 Garnerii,
876 5089 1107 5161 ejusque
1137 5089 1315 5160 capite
1347 5089 1561 5160 quinto.
1605 5089 1737 5158 Quae
1767 5093 1945 5162 prima
1977 5101 2062 5148 est
2089 5093 2234 5148 inter
2263 5092 2510 5163 quinque
2552 5093 2970 5150 dissertationes
3000 5093 3253 5152 Garnerii
3287 5096 3443 5166 prelo
3481 5113 3632 5153 nunc

358 5188 560 5243 iterum
592 5183 988 5255 subjiciendas,
1026 5185 1414 5256 complectitur
1443 5183 1738 5242 Historiam
1770 5187 2127 5255 Theodoreti,
2158 5187 2333 5244 multo
2365 5187 2590 5260 quidem
2643 5203 2770 5244 cum
2816 5188 3023 5255 studio,
3057 5189 3153 5244 sed
3187 5198 3298 5245 tam
3341 5190 3534 5260 iniquo
3571 5191 3629 5245 in

355 5282 538 5338 virum
568 5280 777 5338 bonum
795 5279 979 5335 animo
998 5283 1382 5352 compositam,
1417 5290 1479 5338 ut
1507 5284 1628 5354 ejus
1656 5283 1953 5340 Historiam
1986 5301 2096 5340 non
2116 5299 2376 5340 enarrare
2405 5291 2462 5339 et
2487 5299 2588 5355 pro
2625 5281 2702 5339 rei
2739 5281 3006 5355 dignitate
3033 5299 3328 5349 exornare,
3371 5285 3466 5340 sed
3485 5284 3641 5338 male

356 5376 425 5432 ad
446 5381 697 5447 posteros
718 5373 1124 5440 commendare,
1164 5376 1409 5447 atrisque
1433 5377 1711 5434 coloribus
1736 5379 1962 5450 pingere
1994 5379 2236 5435 voluisse
2261 5377 2536 5435 videatur.
2573 5373 2706 5444 Quae
2739 5376 2962 5448 quidem
2986 5376 3241 5432 Garnerii
3276 5376 3628 5433 immodestia

356 5481 468 5522 non
490 5465 670 5539 potuit
696 5465 890 5536 peritis
912 5474 969 5522 et
996 5468 1170 5537 aequis
1188 5468 1383 5524 harum
1413 5486 1598 5525 rerum
1626 5473 1848 5529 arbitris
1872 5473 2112 5544 placere,
2134 5471 2432 5530 Multorum
2459 5471 2648 5543 itaque
2665 5472 2844 5544 justas
2867 5471 3105 5528 incurrit
3128 5469 3638 5542 reprehensiones,

355 5559 422 5614 de
453 5557 657 5630 quibus
681 5558 794 5628 jam
821 5558 926 5614 alio
946 5559 1069 5616 loco
1101 5575 1187 5616 me
1226 5561 1418 5616 dicere
1459 5565 1698 5621 memini.
