4060 6180
368 235 460 301 89
1567 234 1934 295 HISTORIA
1974 231 2494 293 THEODORETI.
3572 232 3639 294 ao

1162 589 1847 706 HISTORIA
1946 587 2871 702 THEODORETI

710 836 713 841 ε
761 798 815 893 ff
859 810 945 913 jj
1632 815 1996 879 CYBENSIS
2034 815 2395 875 EPISCOPI.

987 1100 1371 1158 PREFATIO.

450 1192 495 1251 ῐ.
518 1190 756 1249 Historia
778 1191 1112 1249 Theodoreti
1147 1193 1508 1248 mihividetur
1530 1208 1638 1247 non
1669 1192 1959 1247 admodum

381 1285 665 1343 dissimilis
689 1283 1099 1339 narrationibus
1134 1283 1242 1338 illis
1277 1282 1641 1351 theatrorum,
1676 1299 1798 1354 quae
1827 1299 1956 1353 per-

380 1375 560 1448 plexis
621 1390 853 1431 casuum
919 1373 1446 1431 commutationibus
1474 1414 1489 1440 ,
1554 1373 1958 1444 insperatisque

379 1467 693 1531 eventibus,
750 1480 860 1520 non
902 1472 1116 1520 tantum
1154 1463 1581 1519 admirabundos
1632 1464 1958 1535 populorum

380 1554 597 1612 animos
643 1553 1012 1626 suspendunt,
1046 1552 1142 1609 sed
1189 1553 1357 1607 etiam
1390 1551 1724 1623 prudentum
1769 1568 1961 1622 exspe-

380 1647 680 1703 ctationem
720 1661 863 1718 saepe
911 1644 1127 1711 fallunt,
1160 1644 1366 1716 judicia
1404 1654 1550 1699 certe
1579 1659 1794 1714 semper
1828 1660 1958 1699 con-

379 1739 582 1794 trarias
612 1739 669 1793 in
697 1746 881 1809 partes
901 1737 1237 1793 distrahunt.

454 1829 519 1883 Il.
558 1829 683 1884 Vita
728 1828 876 1883 enim
919 1828 1156 1884 celebris
1200 1829 1365 1901 hujus
1409 1829 1664 1903 Cyrensis
1709 1832 1952 1903 episcopi

376 1918 519 1974 Izetis
558 1918 728 1973 initiis
764 1932 987 1984 exorsa,
1034 1934 1133 1988 per
1166 1918 1348 1973 varios
1390 1919 1521 1974 licet
1561 1935 1723 1975 casus
1763 1921 1953 1974 multi-

379 2008 661 2080 plicesque
696 2000 880 2062 rérum
906 2008 1295 2063 conversiones
1328 2018 1446 2063 acta
1482 2010 1571 2072 sit,
1617 2017 1831 2080 poterat
1872 2018 1954 2063 ta-

377 2117 506 2156 men
544 2100 696 2155 credi
749 2099 1041 2170 aliquando
1094 2098 1333 2155 finienda
1376 2100 1529 2155 exitu
1572 2100 1745 2155 initiis
1794 2100 1951 2170 pari;

374 2194 485 2248 nisi
524 2206 694 2257 mors,
728 2207 851 2261 quae
900 2190 1037 2246 solet
1074 2191 1196 2246 aliis
1229 2207 1349 2247 esse
1386 2193 1566 2263 quies,
1610 2188 1955 2246 Theodoreto

374 2292 629 2340 motuum
670 2298 833 2338 causa
880 2283 1201 2338 exstitisset.
1237 2283 1372 2338 Nam
1406 2299 1531 2338 cum
1564 2282 1863 2337 Ecclesiam
1899 2281 1953 2335 in

373 2375 605 2430 Oriente
637 2374 851 2439 vivens,
898 2380 994 2426 aut
1038 2373 1265 2428 consilio
1317 2382 1412 2427 aut
1450 2372 1793 2443 imprudens,
1834 2380 1953 2426 tur-

374 2468 595 2522 basset:
646 2465 894 2521 eamdem
946 2464 1150 2535 ubique
1206 2473 1498 2530 terrarum,
1551 2480 1652 2519 suo
1704 2464 1944 2529 nomine,

372 2566 670 2629 postquam
717 2555 1012 2611 defunctus
1042 2563 1146 2620 est,
1176 2554 1232 2609 in
1270 2563 1456 2625 partes
1503 2554 1725 2621 divisit;
1775 2570 1948 2624 eaque

370 2646 606 2711 exstitit,
638 2644 801 2700 unius
824 2643 940 2700 fere
961 2643 1203 2701 hominis
1230 2644 1302 2699 ob
1332 2659 1572 2709 causam,
1611 2645 1779 2700 totius
1801 2646 1952 2700 orbis

369 2737 677 2793 Christiani
733 2735 953 2802 divisio,
996 2745 1061 2792 ut
1108 2735 1345 2791 necdum
1381 2745 1505 2805 post
1554 2744 1635 2790 tot
1682 2751 1952 2792 annorum

371 2829 651 2886 curricula
695 2827 813 2883 tolli
851 2828 1115 2897 potuerit.
1164 2826 1447 2897 Siquidem
1486 2825 1610 2881 aliis
1652 2827 1952 2882 etiamnum

371 2922 434 2977 in
459 2919 682 2975 Oriente
698 2918 952 2990 gentibus
974 2917 1380 2973 Theodoretum
1398 2917 1547 2973 velut
1561 2918 1788 2988 impium
1800 2934 1955 2975 exse;

372 3010 680 3075 orantibus,
710 3007 868 3080 134
894 3007 1017 3065 aliis
1051 3008 1202 3063 velut
1237 3007 1497 3063 eximium
1544 3007 1671 3062 ﬁdei
1716 3016 1952 3063 tutorem

372 3100 713 3166 colentibus,
778 3115 961 3171 pugna
1012 3098 1260 3155 nondum
1331 3098 1711 3171 dissensioque
1765 3099 1955 3156 sedata

372 3201 483 3249 est.

466 3284 559 3339 Ill.
599 3284 752 3340 Hanc
788 3298 921 3355 ergo
966 3298 1153 3339 rerum
1190 3282 1389 3339 faciem
1432 3284 1750 3355 variamque
1799 3285 1955 3356 quasi

375 3376 654 3431 fortunam
680 3375 812 3431 dum
841 3376 1105 3431 attentius
1146 3375 1458 3443 considero,
1508 3376 1753 3432 adducor
1796 3376 1955 3432 facile

378 3474 443 3520 ut
486 3465 728 3531 credam,
759 3464 963 3520 factum
1018 3479 1139 3521 esse
1182 3464 1434 3521 Numinis
1488 3466 1832 3536 providentia
1898 3466 1953 3519 in

375 3556 730 3612 Theodoreto
752 3555 1085 3627 exemplum,
1108 3555 1254 3610 unde
1277 3556 1484 3610 scirent
1514 3556 1789 3623 homines,
1820 3556 1953 3627 quid

373 3647 647 3701 malorum
697 3647 901 3712 facere,
932 3645 1134 3717 quidve
1189 3646 1303 3717 pati
1355 3648 1528 3716 possit
1578 3648 1753 3703 virtus
1814 3648 1951 3718 ipsa.

376 3755 525 3803 cum,
556 3738 735 3809 specie
760 3738 980 3808 pietatis
997 3737 1282 3803 illudente,
1309 3738 1690 3809 imprudenter
1710 3740 1953 3795 adhaeret

374 3830 628 3901 partibus
661 3830 717 3884 in
745 3828 1041 3884 Ecclesiam
1068 3844 1311 3899 pugnare
1337 3829 1506 3884 ausis.

445 3921 533 3976 Ν.
566 3921 637 3975 Et
671 3927 820 3976 certe
844 3919 932 3973 vix
968 3917 1268 3989 quidquam
1320 3919 1567 3974 sanctius
1604 3919 1955 3975 Theodoreto

371 4012 620 4081 reperire
668 4018 773 4077 est,
811 4011 927 4065 sive
958 4018 1115 4065 ortus
1147 4016 1448 4081 spectetur,
1482 4009 1575 4081 qui
1607 4011 1955 4082 prodigiosus

373 4099 686 4164 miraculis;
720 4098 834 4154 sive
855 4098 1131 4154 institutio
1164 4098 1307 4164 vitae,
1330 4098 1383 4153 in
1400 4099 1523 4155 sinu
1547 4100 1956 4172 thaumaturgo—

370 4207 532 4256 rum;
556 4191 671 4246 sive
702 4190 990 4259 professio,
1019 4206 1127 4261 qua
1155 4189 1345 4246 eﬂ‘usis
1370 4191 1423 4245 in
1452 4206 1719 4262 pauperes
1738 4193 1954 4262 Opibus,

369 4293 533 4347 egere
570 4278 783 4345 voluit;
846 4280 961 4335 sive
994 4279 1239 4334 studium
1269 4280 1598 4346 litterarum,
1629 4298 1738 4352 quo
1768 4299 1957 4339 omnes

370 4369 814 4439 comprehendit,
862 4385 1047 4426 sacras
1099 4370 1812 4441 admirabiliterintellexit;
1842 4376 1957 4433 sive

372 4459 501 4513 fidei
539 4460 716 4525 zelus,
767 4460 933 4514 etiam
970 4461 1248 4529 sanguinis
1275 4462 1568 4533 prodigus;
1593 4464 1708 4520 sive
1736 4466 1956 4521 tandem

374 4550 684 4606 innocentia
700 4565 934 4617 morum,
949 4567 1056 4623 qua
1071 4551 1271 4607 factum
1288 4561 1392 4617 est,
1411 4561 1516 4607 uta
1534 4553 1955 4610 suisincredibi-

371 4642 499 4697 liter
519 4651 822 4707 amaretur,
854 4642 923 4697 ab
960 4643 1307 4708 adversariis,
1345 4653 1831 4718 quantumcunque
1869 4648 1954 4701 in-

378 4735 552 4789 fensis
582 4742 639 4789 et
670 4735 924 4798 curiosis,
980 4735 1117 4789 nihil
1169 4735 1571 4793 criminationis
1621 4738 1693 4793 sit
1741 4755 1953 4809 passus.

370 4826 519 4896 quod
549 4826 919 4895 integritatem
940 4826 1067 4881 vitae
1095 4826 1371 4881 attineret.

447 4914 506 4968 V.
530 4915 630 4969 Vir
664 4924 846 4970 tamen
874 4924 1055 4971 tantus
1087 4916 1214 4972 inde
1252 4917 1449 4973 illusus
1476 4927 1580 4985 est,
1603 4920 1747 4975 und'e
1774 4922 1963 4992 magni

367 5006 573 5069 solent,
605 5006 689 5060 sui
742 5022 857 5076 prae
900 5007 1024 5061 aliis
1051 5008 1433 5073 aastimationc,
1471 5010 1710 5080 partium
1750 5011 1954 5078 studio,

371 5112 561 5151 amore
581 5098 785 5168 gloriae.
822 5096 914 5153 His
934 5099 1113 5154 causis
1145 5099 1422 5155 abductus
1445 5116 1475 5154 a
1504 5110 1676 5167 recto,
1708 5102 1955 5171 pertina-
1987 5104 2032 5161 D

371 5188 517 5244 citer
559 5191 817 5247 hmretico
846 5191 1001 5259 favit,
1044 5193 1420 5249 sanctissimos
1460 5192 1586 5250 fidei
1635 5194 1954 5255 defensores

1995 974 2063 987 σ-

1990 1093 2394 1166 Aimpotenter
2443 1092 2802 1164 impugnavit,
2852 1092 3119 1162 synodum
3173 1091 3339 1148 totius
3383 1092 3641 1149 Ecclesia:

2065 1187 2324 1251 traduxit,
2344 1184 2493 1240 velut
2525 1184 2778 1240 factionis
2804 1184 3088 1254 cujusdam
3118 1188 3357 1250 potentis
3396 1188 3637 1257 tyranni-

2063 1273 2207 1337 dem,
2233 1288 2422 1343 pacem
2443 1272 2722 1336 Ecclesiae,
2752 1288 2915 1342 quam
2941 1273 3206 1327 voluisset
3230 1274 3346 1328 suis
3368 1274 3637 1328 conditio-

2064 1365 2227 1419 nibus
2250 1364 2387 1427 tleri,
2418 1364 2487 1418 ab
2515 1363 2640 1418 aliis
2667 1364 2863 1418 factam
2891 1363 3258 1419 calumniatus
3291 1373 3394 1429 est,
3430 1374 3482 1419 et
3517 1376 3640 1435 post

2062 1455 2299 1509 alternas
2342 1453 2698 1523 depositionis
2726 1454 3203 1523 restitutionisque
3247 1455 3416 1519 vices,
3455 1454 3509 1508 in
3549 1470 3638 1508 re-

2060 1557 2209 1602 moto
2232 1547 2300 1601 ab
2321 1546 2637 1601 hominibus
2679 1562 2897 1601 secessu
2923 1547 3095 1601 latere
3123 1556 3346 1602 coactus
3383 1557 3499 1602 est:
3534 1548 3638 1602 du-

2061 1639 2211 1694 bium
2235 1656 2301 1694 au
2333 1639 2689 1709 pmnitentim,
2718 1654 2789 1692 an
2814 1638 3034 1692 ruboris
3063 1654 3245 1692 causa.

2132 1731 2220 1786 Vl.
2246 1730 2378 1784 Tam
2420 1729 2626 1783 variam
2669 1738 2888 1798 tamque
2929 1729 3285 1799 multiplicem
3338 1730 3505 1783 vitam
3546 1729 3640 1783 dc-

2058 1822 2384 1893 pingendam
2421 1821 2682 1891 suscipio,
2711 1835 2814 1875 nec
2848 1830 3031 1874 tamen
3059 1821 3244 1889 petitis
3282 1820 3500 1875 aliunde
3528 1820 3640 1874 fere

2058 1913 2357 1978 coloribus,
2384 1928 2547 1982 quam
2573 1912 2714 1966 unde
2744 1910 2939 1966 leviter
2964 1912 3262 1966 delineavit
3292 1910 3637 1973 Sirmondus,

2056 2020 2124 2060 ex
2152 2003 2485 2059 Theodoreti
2522 2002 2699 2057 libris.
2734 2002 2867 2057 Nam
2910 2018 3021 2072 quo
3069 2010 3317 2071 tempore
3360 2009 3520 2055 natus
3545 2001 3637 2064 sit,

2056 2114 2161 2168 qua
2188 2097 2243 2151 in
2269 2095 2508 2152 Orientis
2540 2104 2718 2165 parte,
2746 2095 2948 2163 quibus
2995 2108 3062 2147 ex
3112 2092 3433 2162 parentibus
3472 2108 3635 2161 quam

2054 2188 2221 2244 vitam
2250 2201 2360 2241 non
2378 2186 2553 2241 solum
2580 2196 2705 2240 ante
2731 2184 3107 2255 episcopatum
3133 2181 3326 2251 egerit,
3356 2180 3451 2235 sed
3473 2182 3636 2233 ctiam

2055 2290 2179 2335 ante
2238 2279 2506 2350 synodum
2558 2277 2910 2346 Ephesinam,
2966 2282 3165 2343 praeter
3233 2273 3411 2341 ipsum
3476 2288 3641 2326 nemo

2053 2369 2193 2422 alius
2218 2366 2467 2421 meminit
2491 2384 2504 2421 :
2535 2380 2637 2419 nec
2658 2365 2771 2434 ipse
2800 2372 2981 2417 tamen
3006 2363 3219 2432 uspiam
3248 2361 3314 2415 de
3343 2360 3635 2425 industria,

2055 2457 2151 2511 sed
2187 2456 2475 2511 occasione
2515 2456 2799 2521 duntaxat,
2847 2470 2971 2509 cum
3015 2454 3231 2509 duobus
3262 2454 3317 2506 in
3354 2453 3635 2523 operibus,

2052 2547 2323 2602 Philotimo
2360 2555 2415 2603 et
2444 2546 2715 2617 Epistolis,
2743 2544 2893 2600 aliud
2923 2553 3132 2616 ageret.

2122 2639 2233 2693 νη.
2260 2639 2527 2705 Quoniam
2553 2654 2685 2692 vero
2721 2654 2832 2693 non
2863 2634 3266 2691 exactissimam
3300 2634 3366 2689 ad
3394 2634 3636 2690 severio-

2055 2745 2145 2785 res
2169 2732 2317 2802 leges
2353 2732 2641 2787 historiam
2688 2730 2932 2785 scribere
2959 2730 2974 2747 ⁵
3008 2727 3319 2799 aggredior,
3346 2734 3637 2781 auctorum

2053 2818 2237 2873 verbis
2266 2818 2481 2888 quoties
2503 2817 2788 2873 commode
2832 2817 2889 2870 in
2919 2817 3185 2872 orationis
3224 2816 3421 2871 seriem
3454 2815 3637 2869 induci

2053 2917 2333 2979 poterunt,
2358 2910 2621 2967 utendum
2647 2910 2849 2979 potius,
2889 2924 3053 2978 quam
3090 2909 3226 2962 meis
3261 2908 3471 2978 putavi.
3497 2906 3636 2961 Cum

2052 3001 2197 3055 enim
2232 3002 2347 3056 suis
2379 3003 2609 3072 quisque
2638 3000 2822 3055 verbis
2851 3001 3224 3055 testimonium
3247 2999 3411 3062 dicet,
3444 3007 3497 3052 ct
3527 3015 3641 3052 ma-

2047 3092 2136 3162 jor
2159 3091 2252 3146 lict
2281 3093 2572 3146 assertioni
2599 3092 2756 3157 ﬁdes,
2795 3100 2852 3147 et
2886 3108 3044 3147 suum
3066 3092 3240 3147 lector
3280 3093 3509 3148 faciliori
3540 3109 3637 3148 ne-

2052 3184 2197 3252 gotio
2218 3183 2485 3253 judicium
2516 3182 2674 3238 feret.

2451 3288 2607 3360 135
2654 3288 2879 3346 CAPUT
2933 3290 3222 3348 PRIMUM.

2052 3381 2093 3435 Ι.
2130 3379 2242 3445 Quo
2274 3389 2502 3450 tempore
2545 3389 2699 3433 natus
2742 3380 3110 3450 Theodoretus.
3135 3383 3201 3436 11.
3238 3381 3352 3446 Quo
3388 3381 3637 3436 Ecclesiae

2122 3448 2394 3504 orientalis
2428 3456 2590 3503 statu.
2637 3450 2727 3504 Ill.
2765 3448 2884 3514 Qua
2933 3453 2987 3504 in
3034 3452 3179 3505 urbe.
3228 3452 3315 3506 lV.
3352 3451 3545 3517 Quibus
3576 3468 3640 3505 ea:

2124 3519 2450 3592 parentibus.
2564 3518 2801 3592 Quorum
2815 3527 3119 3592 sanctorum
3145 3522 3398 3592 precibus.
3423 3520 3638 3592 Ἤειδεν

2124 3587 2240 3659 qua:
2257 3587 2539 3662 miracula.
2567 3590 2678 3643 VII.
2709 3589 2853 3662 Unde
2876 3607 3064 3644 nomen
3086 3587 3305 3662 accepit.
3330 3591 3465 3647 Vill.
3491 3591 3637 3656 Quo-

2128 3656 2245 3713 rum
2276 3660 2332 3713 in
2356 3656 2632 3728 complexu
2662 3661 2843 3714 crevit.

2454 3749 2532 3801 Ab
2555 3764 2684 3827 anno
2710 3749 2891 3801 Christi
2915 3750 3007 3799 586
3030 3751 3088 3799 ad
3115 3750 3224 3800 393.

2128 3856 2170 3910 l.
2202 3854 2320 3922 Quo
2360 3864 2609 3925 tempore
2646 3863 2809 3910 natus
2838 3855 2909 3910 sit
2929 3854 3329 3919 Theodoretus,
3371 3871 3477 3910 nec
3520 3840 3635 3926 ipse

2058 3947 2226 4002 tradit
2252 3947 2463 4017 uspiam
2486 3963 2769 4017 expresse,
2801 3963 2906 4002 nec
2925 3947 3070 4001 ullus
3093 3946 3236 4000 alius
3259 3947 3587 4015 scriptorum
3617 3965 3631 4000 :

2057 4038 2228 4094 series
2261 4047 2446 4094 tamen
2465 4039 2612 4105 vitae,
2648 4054 2759 4093 non
2786 4054 2893 4093 una
2915 4038 3002 4093 sui
3026 4047 3199 4108 parte,
3238 4039 3503 4108 temporis
3532 4056 3633 4096 no-

2057 4137 2141 4184 tas
2160 4128 2324 4183 habet
2356 4129 2395 4184 ’.
2437 4128 2592 4185 Unde
2621 4129 2667 4184 si
2692 4129 2817 4199 quis
2843 4128 3025 4184 animo
3058 4129 3304 4183 remetiri
3336 4129 3470 4184 velit
3496 4146 3643 4201 pra:-

2057 4216 2275 4272 teritam
2313 4226 2553 4283 aetatem,
2589 4218 2750 4274 facile
2784 4220 3028 4275 inveniet
3092 4219 3425 4276 Theodoreti
3450 4230 3633 4277 ortum

2058 4309 2316 4365 incidisse
2349 4310 2406 4364 in
2433 4310 2779 4365 consulatum
2803 4310 3032 4366 Honorii
3066 4311 3300 4368 Caesaris
3328 4324 3385 4368 et
3418 4314 3629 4379 Evodii,

2057 4402 2152 4472 qui
2187 4416 2367 4457 annus
2411 4400 2518 4455 fuit
2547 4400 2755 4457 Christi
2804 4402 3228 4457 treeentesimus
3263 4402 3646 4473 octogesimus-

2058 4498 2266 4554 sextus,
2292 4489 2473 4546 Siricii
2496 4490 2692 4543 summi
2722 4489 2998 4558 pontificis
3022 4491 3319 4556 secundus,
3338 4492 3633 4548 Theodosii

2056 4578 2235 4648 Magni
2266 4578 2614 4648 imperatoris
2644 4584 2892 4633 octavus.

2128 4667 2192 4722 ll.
2234 4668 2312 4721 Ea
2350 4667 2469 4722 fere
2520 4673 2863 4735 tempestate,
2907 4682 3029 4737 quae
3077 4679 3337 4739 quartum
3372 4667 3649 4726 saeculum-

2058 4776 2183 4816 cum
2201 4759 2394 4830 quinto
2417 4760 2695 4825 nectebat,
2712 4758 2956 4816 Orientis
2979 4762 3223 4819 Ecclesia
3250 4779 3317 4819 eo
3337 4772 3482 4818 statu
3508 4763 3647 4828 fuit,

2058 4868 2169 4925 quo
2200 4867 2394 4923 magna
2435 4860 2650 4922 poterat
2676 4860 2739 4907 et
2759 4851 2952 4910 timere
2985 4862 3042 4910 et
3072 4871 3293 4926 sperare
3320 4873 3334 4910 :
3366 4871 3487 4910 nam
3512 4870 3637 4925 par-

2061 4944 2411 5000 turiebantur
2435 4944 2685 5001 haereses
2697 4945 2803 5000 illae
2833 4953 2948 5003 tres
2973 4945 3215 5013 famosae,
3236 4963 3357 5017 qua:
3380 4964 3410 5002 a
3436 4948 3634 5003 Nesto-

2059 5035 2144 5091 rio
2170 5035 2499 5107 Pelagioque
2528 5051 2593 5091 ac
2621 5035 2870 5107 Eutyche
2899 5051 3101 5091 nomen
3122 5045 3459 5107 acceperunt
3489 5053 3505 5092 :
3537 5037 3632 5092 sed

2057 5128 2221 5184 simul
2273 5127 2555 5199 fulgebant
2594 5127 2854 5183 Ecclesia:
2915 5133 2997 5180 tot
3052 5128 3360 5184 clarissima
3403 5129 3631 5195 lumina,

2055 5225 2191 5290 quot
2215 5216 2380 5272 simul
2403 5214 2680 5272 exstitisse
2705 5214 2956 5285 prodigio
2983 5214 3161 5272 simile
3196 5223 3300 5271 est.

1711 5367 2022 5426 SCHULZII
2052 5368 2279 5427 NOTAE.

371 5526 407 5539 ,Α
446 5455 461 5486 ¹
486 5454 959 5539 Pugnahnondum,
995 5467 1113 5516 eaet.
1150 5456 1493 5539 Compositas
1530 5462 1965 5539 nulic_dixer_im
2023 5462 2268 5519 funestas
2299 5462 2422 5519 illas
2448 5464 2593 5520 lites.
2625 5462 3102 5539 lpsgCarncrius,
3131 5466 3222 5538 qui
3261 5467 3401 5521 hanc
3437 5465 3644 5522 tibiam:

371 5528 571 5616 itemm
607 5528 800 5610 inﬂare
828 5530 1111 5616 visusest.
1154 5530 1259 5616 line
1286 5528 1396 5616 suo
1424 5532 1648 5616 (incidit.
1684 5530 2007 5602 Suspiciunt
2052 5550 2200 5614 nunc
2243 5528 2686 5615 veneranturque
2709 5533 3050 5616 Theodoreti
3088 5528 3643 5616 integrammentenu

367 5604 425 5647 et
464 5598 664 5653 eximia
714 5601 928 5662 merita.

374 5665 557 5723 dente.
636 5670 654 5699 ²
693 5670 870 5741 Temp.
907 5665 1011 5725 nol.
1054 5665 1170 5725 hab.
1212 5671 1331 5728 Vid.
1371 5665 1515 5728 diss:
1547 5673 1598 5739 2,
1637 5688 1752 5742 cap.
1794 5674 1840 5727 l.

966 5610 1233 5673 quotquot
1263 5610 1393 5673 sunt
1430 5602 1576 5673 digni
1609 5603 1799 5656 harum
1832 5617 2015 5659 rerum
2063 5603 2438 5673 sestimatores,
2480 5602 2675 5661 sive'in
2706 5603 2930 5660 Oriente
2973 5606 3177 5672 vivant,
3209 5602 3325 5661 sive
3367 5606 3421 5661 in
3461 5605 3645 5662 Oceb»
