4060 6180
490 205 554 272 91
1607 214 1988 274 GARNERII
2028 214 2530 280 DISSERTATIO
2571 220 2621 279 Ι.
3671 211 3740 274 92

557 319 751 375 Tantis
789 322 914 378 ﬁdei
968 325 1245 394 magistris
1293 327 1635 395 providentia
1675 327 1928 382 Numinis
1967 325 2068 380 ad-
2099 327 2142 381 A
2169 327 2495 398 alloquens:
2526 330 2622 382 Dic
2663 332 2810 394 mihi,
2855 327 3055 397 inquit,
3086 325 3204 394 ﬁlia
3241 323 3383 394 (ipsa
3419 320 3567 376 enim
3617 322 3742 390 ejus

484 411 668 482 junxit
717 415 866 468 velut
915 417 1212 471 auxiliares
1252 417 1572 473 innumeros
1613 419 1911 475 monachos
1946 421 2060 476 vita

484 504 880 567 sanctissimos,
919 507 1010 574 qui
1034 507 1352 562 doctoribus
1367 510 1733 564 conciliabant
1757 511 1940 576 ﬁdem,
1978 521 2058 566 tot

486 592 764 659 tantisque
811 594 1040 660 patratis
1081 594 1375 655 miraculis.
1418 605 1477 649 ut
1519 595 1734 666 impleri
1775 598 2058 653 videretur

486 686 618 732 tunc
653 681 886 734 maxime
925 680 1244 734 vaticinium
1273 682 1476 737 Christi
1515 683 1583 738 de
1621 687 1884 753 operibus
1918 685 2048 742 ﬁde-

480 767 618 822 lium
647 785 746 823 sua
777 771 1137 838 superaturis.

552 858 926 912 Constitutum
963 859 1142 913 fuerat
1175 863 1397 929 quidem
1424 865 1764 920 inconcusse
1790 867 1912 921 ﬁdei
1949 884 2051 922 no-

481 956 606 1001 stra:
625 948 1057 1012 fundamentum,
1083 951 1321 1007 Trinitas
1345 953 1654 1008 divinarum
1674 972 2047 1024 personarum.

477 1036 610 1089 Nam
627 1037 872 1116 (concilia
897 1039 1008 1092 duo
1035 1042 1392 1106 meumenica,
1413 1045 1690 1099 Nicmnum
1709 1059 1764 1100 et
1785 1047 2051 1103 Constan-

478 1126 920 1194 tinOpolitanum,
953 1131 1302 1185 sanciverant
1340 1133 1682 1190 divinitatem
1719 1138 1880 1192 Verbi
1920 1154 2047 1193 san-

473 1217 658 1286 ctique
708 1218 992 1288 Spiritus:
1029 1222 1125 1275 sed
1180 1223 1368 1291 plures
1422 1234 1601 1279 tamen
1642 1229 1886 1282 nondum
1930 1231 2046 1284 Arii

471 1305 884 1378 Macedoniique
925 1310 1157 1365 ha3resin
1185 1313 1596 1382 deposuerant;
1632 1318 1742 1372 imo
1790 1334 1917 1374 suas
1943 1321 2044 1374 ad-

469 1395 583 1451 huc
608 1399 848 1454 haeretici
877 1401 931 1455 in
965 1404 1265 1473 majoribus
1294 1407 1630 1473 civitatibus,
1661 1409 1886 1480 ipsaque
1908 1411 2044 1466 urbe

468 1487 617 1556 regia
649 1488 1140 1561 ConstantinOpoli,
1173 1511 1402 1565 synaxes
1424 1499 1681 1568 agebant.

537 1579 679 1645 Quin
712 1584 879 1637 etiam
922 1587 1188 1642 catholica
1220 1589 1461 1646 Ecclesia
1494 1593 1774 1649 intestinis
1796 1595 2040 1653 dissidiis

2159 419 2326 473 verba
2369 421 2668 489 proferam,
2703 429 2759 475 et
2791 427 2991 474 sancta:
3034 417 3180 470 illius
3220 415 3422 484 lingua:
3450 413 3737 467 aiiocutioe

2158 525 2284 563 ncm
2304 527 2414 564 non
2440 509 2791 580 immutabo),
2821 510 2865 563 si
2891 509 3004 578 quis
3038 509 3204 577 pictor
3234 506 3365 558 artis
3389 520 3498 556 sua:
3528 503 3736 570 peritis-

2155 603 2317 655 simus
2363 603 2647 672 imaginem
2684 601 2919 672 aliquam
2965 615 3027 652 ea:
3070 599 3200 650 artis
3245 594 3441 665 legibus
3487 601 3735 647 accurate

2155 691 2424 761 depingat,
2459 701 2504 744 et
2536 692 2672 743 hanc
2702 691 2872 742 videre
2904 688 3195 741 colentibus
3227 684 3572 754 spectandam
3603 699 3730 751 pro-

2154 793 2337 852 ponat,
2360 783 2636 852 t‘eniatque
2669 781 2810 834 alius
2840 781 3100 850 quispiam
3128 779 3181 830 in
3213 784 3328 830 arte
3366 777 3531 835 rudis,
3564 775 3634 827 ad
3668 774 3732 826 li-

2153 871 2377 923 bidinem
2407 888 2467 923 ea
2497 870 2720 940 ﬁngens,
2746 886 2864 940 qua:
2893 871 3106 938 pingere
3136 865 3355 919 voluerit
3378 881 3397 928 ;
3419 864 3601 916 deinde
3636 880 3729 916 ar-

2153 958 2430 1025 tiﬁciosam
2455 957 2605 1011 illam
2630 959 2893 1027 picturam
2923 953 3324 1024 reprehendens,
3351 950 3646 1020 superciliis
3677 959 3727 1002 et

2151 1049 2283 1102 ciliis
2317 1049 2482 1102 lineas
2512 1049 2673 1102 addat
2709 1047 2968 1116 longiores
2997 1086 3010 1106 ,
3046 1054 3094 1097 et
3131 1044 3488 1096 candidiorem
3518 1041 3723 1094 vultum

2150 1139 2355 1202 reddat,
2378 1147 2424 1190 et
2459 1139 2674 1192 rubrum
2693 1138 2835 1207 genis
2867 1134 3091 1188 colorem
3117 1133 3330 1185 inducat
3355 1149 3372 1186 :
3393 1149 3461 1183 an.
3494 1133 3723 1200 priorem

2147 1230 2396 1299 pictorem
2428 1238 2580 1298 putas
2609 1244 2713 1280 non
2735 1241 3124 1287 succensurum,
3153 1234 3407 1292 tanquam
3431 1223 3536 1274 arti
3563 1225 3582 1241 '
3609 1239 3723 1276 sua:

2143 1321 2295 1388 gravi
2323 1320 2464 1390 facta
2495 1319 2717 1388 injuria,
2749 1325 2796 1371 et
2824 1316 3215 1378 additamentis,
3247 1313 3428 1384 quibus
3459 1329 3587 1382 opus
3614 1329 3720 1367 non

2144 1418 2280 1474 erat,
2313 1411 2375 1463 ab
2405 1409 2612 1463 indocta
2644 1425 2805 1461 manu
2836 1406 3135 1478 impositis?
3163 1405 3328 1474 Ergo,
3361 1404 3561 1473 inquit,
3589 1421 3718 1458 con-

2142 1501 2363 1554 ditarem
2397 1516 2599 1571 quoque
2628 1500 2888 1562 omnium,
2937 1506 3244 1566 naturazque
3275 1507 3464 1549 nostrae
3492 1496 3717 1566 ﬁgulum

2143 1597 2191 1640 et
2219 1590 2488 1659 pictorem,
2519 1590 2703 1642 merito
2723 1587 2992 1656 indignari
3013 1585 3224 1648 credite,
3247 1585 3383 1655 quod
3404 1586 3716 1652 immensam

465 1671 772 1730 laborabat.
803 1679 937 1732 Nam
974 1688 1034 1734 ut
1065 1681 1131 1736 de
1156 1684 1278 1737 aliis
1304 1685 1439 1739 locis
1470 1695 1706 1751 taceam,
1743 1691 2018 1746 tumultua

2142 1657 2294 1734 illam
2323 1681 2639 1750 sapientiam
2668 1679 2942 1748 imperitia:
2970 1677 3212 1747 arguitis.
3243 1676 3421 1746 Neque
3449 1678 3587 1730 enim
3619 1695 3713 1730 ru-

464 1761 671 1818 bantur
706 1767 808 1820 viri
839 1785 1060 1839 quoque
1103 1773 1437 1828 sanctissimi
1477 1774 1870 1849 Hierosolymis
1908 1797 2038 1851 pro-

463 1859 588 1939 pter
633 1852 945 1924 Origenem,
994 1875 1157 1928 quem
1215 1861 1305 1914 alii
1354 1864 1731 1933 suspiciebant
1781 1878 2036 1939 tanquam

458 1936 717 1994 Ecclesia:
745 1945 1084 2013 magistrum,
1107 1948 1197 2002 alii
1221 1952 1653 2008 exsecrabantur
1687 1957 1837 2012 velut
1861 1936 2036 2014 luere-

457 2041 579 2080 sum
610 2029 836 2100 hydram
867 2042 922 2087 et
955 2037 1108 2090 orbis
1132 2048 1363 2106 pestem.

526 2114 760 2183 lpsamet
781 2120 1070 2175 Antiochia
1103 2123 1343 2180 Orientis
1361 2138 1526 2198 caput
1561 2129 1701 2186 duos
1731 2132 1788 2187 in
1815 2135 2033 2204 episco-

455 2216 556 2269 pos
579 2206 937 2272 orthodoxos,
967 2210 1244 2266 Meletium
1273 2224 1329 2268 et
1352 2216 1659 2284 Paulinum,
1684 2221 2030 2280 distraheba-

457 2300 570 2356 tur,
610 2305 666 2350 et
697 2306 848 2352 tanto
877 2300 1101 2368 quidem
1124 2304 1203 2358 rei
1227 2305 1554 2362 Christianae
1583 2310 1936 2379 detrimento,
1970 2324 2030 2372 ut

452 2382 876 2454 Chrysostomus
902 2390 1260 2449 Antiochente
1279 2397 1537 2454 Ecclesiae
1557 2401 1711 2457 sidus
1741 2405 2024 2474 eximium,

451 2489 580 2527 cum
621 2479 915 2550 utriusque
955 2482 1118 2538 ﬁdem
1167 2487 1448 2556 probaret,
1504 2492 1799 2550 triennium
1844 2497 1898 2550 in
1936 2514 2024 2555 se-

450 2583 609 2622 cessu
644 2569 813 2626 latere
841 2575 1098 2642 voluerit,
1131 2591 1314 2636 certus
1351 2593 1607 2639 neutrum
1643 2590 1819 2658 sequi,
1848 2606 2024 2660 quan-

448 2659 546 2713 diu
572 2662 784 2716 socium
829 2665 1078 2723 haberet.
1122 2672 1305 2727 Videri
1353 2677 1533 2745 potuit
1575 2682 1755 2734 smeuli
1794 2681 2024 2754 hujusce

445 2751 640 2820 genius
664 2753 887 2809 licentia
923 2758 1260 2829 dogmatum,
1287 2776 1343 2820 et
1373 2768 1670 2825 factionum
1707 2751 1878 2828 amor.

518 2839 607 2892 Ill.
635 2841 773 2896 Dum
795 2843 868 2898 ita
886 2847 1235 2905 scinderetur
1261 2853 1314 2906 in
1339 2863 1523 2922 partes
1540 2858 1852 2928 Antiochia,
1870 2866 2022 2920 venit

2141 1774 2291 1827 beum
2317 1783 2407 1826 aut
2435 1771 2612 1825 album
2641 1779 2688 1824 et
2720 1773 2928 1841 nigrum
2957 1768 3183 1822 colorem
3212 1769 3576 1839 infunderetis,
3610 1773 3714 1824 nisi

2141 1867 2234 1919 hoc
2275 1865 2637 1918 additamenta
2667 1879 2816 1933 egere
2843 1879 2930 1915 vos
2962 1862 3241 1932 putaretis.
3274 1859 3570 1930 Imaginem
3615 1860 3712 1916 Dei

2137 1973 2202 2010 ne
2229 1956 2602 2026 corrumpatis,
2626 1971 2789 2025 neque
2811 1955 3038 2024 adjicere
3069 1953 3324 2007 conemini
3354 1967 3470 2022 qua:
3497 1954 3711 2021 sapien-

2137 2055 2213 2099 ter
2242 2063 2347 2100 non
2375 2045 2554 2111 dedit;
2577 2061 2743 2116 neque
2769 2043 3124 2097 adulterinum
3155 2043 3450 2112 excogitetis
3475 2041 3710 2112 pulchri-

2134 2138 2389 2203 tudinem,
2421 2153 2537 2208 quce
2565 2143 2613 2189 et
2644 2137 2858 2207 pudicas
2886 2134 3150 2206 labefecit,
3173 2134 3459 2188 ridentibus
3489 2134 3707 2188 tendens

2132 2229 2372 2282 insidias.
2403 2228 2593 2283 Audiit
2621 2227 2738 2281 lucc
2767 2226 2968 2280 femina
2997 2225 3157 2295 longe
3184 2225 3410 2294 optima,
3440 2224 3704 2294 Petrique

2130 2322 2232 2376 reti
2254 2337 2380 2375 mox
2404 2328 2560 2391 capta
2587 2327 2690 2383 est,
2718 2317 3061 2389 pedibusque
3084 2315 3201 2385 ejus
3220 2314 3494 2378 advoluta,
3521 2323 3575 2368 et
3599 2315 3702 2368 ob-

2129 2421 2338 2467 testans
2364 2412 2651 2466 sanitatem
2683 2409 2845 2462 oculo
2871 2407 3087 2461 restitui
3116 2405 3359 2474 rogabat.
3395 2404 3579 2459 Atille
3603 2406 3704 2461 ho-

2127 2504 2332 2558 minem
2359 2518 2416 2557 se
2443 2517 2565 2556 esse
2590 2500 2828 2562 dicebat,
2868 2506 3030 2567 atque
3060 2497 3248 2552 eadem
3271 2511 3394 2551 cum
3421 2497 3534 2566 ipsa
3562 2513 3704 2566 prce-

2127 2591 2300 2646 ditum
2341 2601 2538 2645 natura
2577 2607 2590 2642 :
2632 2604 2794 2659 grave
2835 2596 3100 2657 prmterea
3165 2596 3512 2656 peccatorqu
3555 2602 3702 2643 onus

2126 2685 2419 2749 sustinere,
2462 2695 2690 2750 eamque
2744 2679 2813 2734 ob
2870 2693 3091 2733 causam
3142 2678 3259 2732 sine
3310 2677 3505 2731 ﬁducia
3551 2679 3695 2748 apud

2125 2777 2295 2830 Deum
2327 2790 2467 2828 esse.
2505 2771 2753 2840 Cumque
2792 2771 3008 2840 lugeret
3046 2779 3220 2823 mater
3259 2769 3415 2840 137
3451 2778 3506 2824 et
3537 2770 3699 2826 obse-

2123 2875 2324 2930 craret,
2361 2880 2464 2920 nec
2488 2865 2804 2918 relicturam
2831 2879 2888 2918 se
2923 2861 3240 2923 afﬁrmaret,
3274 2861 3375 2915 nisi
3402 2861 3694 2916 sanitatem

444 2926 706 2984 inlucem
740 2934 931 2988 eadem
974 2937 1030 2992 in
1074 2941 1212 2995 urbe
1258 2943 1660 3012 Theodoretus,
1720 2966 1831 3020 quo
1875 2969 2020 3010 anno
2051 2983 2092 3039 ο
2125 2959 2424 3022 obtineret,
2462 2956 2634 3010 Deum
2659 2955 2857 3008 horum
2884 2964 3192 3007 curatorem
3217 2967 3336 3007 esse
3365 2951 3522 3019 dixit,
3546 2968 3692 3006 sem-

448 3019 588 3039 --.
633 3022 645 3035 .
853 3026 874 3039 .
1136 3032 1148 3039 .
1426 3036 1507 3039 __
1547 3037 1560 3039 -

441 3019 678 3078 celebris
719 3025 808 3080 ille
843 3026 1101 3094 Joannes,
1128 3032 1238 3101 jam
1268 3049 1377 3088 non
1411 3036 1579 3107 .136
1604 3019 1872 3097 insolente
1900 3046 2016 3113 pri-

441 3113 663 3207 vilegio,
691 3125 752 3171 ut
798 3129 979 3188 antea,
1022 3123 1289 3182 diaconus
1332 3129 1398 3183 ad
1442 3132 1728 3201 populum.
1754 3137 2014 3207 dicebat,

441 3203 534 3258 sed
559 3222 658 3261 suo
689 3212 845 3278 quasi
873 3213 999 3283 jure
1031 3225 1249 3284 poterat
1281 3221 1574 3294 presbyter
1595 3224 1773 3282 factus
1798 3203 2017 3288 concio;

439 3294 603 3351 nibus
624 3298 920 3357 Eeclesiam
948 3304 1166 3362 docere.
1195 3309 1366 3366 Tanta
1389 3329 1521 3370 vero
1541 3318 1624 3371 sui
1651 3319 2015 3383 admiratione

437 3389 747 3457 complebat
775 3395 1103 3462 pepulerum
1137 3401 1348 3455 animos
1372 3413 1432 3458 ut
1471 3406 1598 3462 inde
1631 3410 2011 3482 Chrysostomi

434 3490 637 3575 nomen
684 3482 936 3551 adeptus,
989 3495 1112 3554 post
1153 3492 1472 3548 octennium
1506 3482 2009 3575 Constantinopoli-

435 3573 576 3624 tanae
595 3569 852 3627 Ecclesiae
873 3575 1210 3643 praeﬁeeretu
1220 3596 1264 3635 r.

500 3660 588 3715 IV.
615 3662 893 3732 Originem
946 3667 1102 3721 duxit
1142 3685 1209 3723 ex
1251 3677 1572 3742 parentibus
1616 3681 1898 3742 nobilibus
1943 3705 2009 3746 ac

429 3751 724 3820 opulentis,
757 3754 854 3808 sed
884 3755 1087 3824 pietate
1118 3759 1278 3832 longe
1308 3769 1812 3840 prarstantioribus;
1849 3787 1905 3832 et
1937 3779 2006 3836 de

427 3851 601 3898 matre
631 3847 852 3915 quidem
875 3859 1061 3904 narrat
1091 3852 1224 3922 ipse,
1258 3871 1363 3924 qua
1399 3859 1610 3915 ratione
1646 3880 1756 3919 uno
1778 3869 2003 3925 eodem-

425 3947 534 4002 que
554 3935 696 3992 Petri
725 3951 919 3996 asceta:
945 3942 1208 3998 miraculo
1229 3987 1242 4009 ,
1271 3961 1393 4001 cum
1422 3950 1741 4010 vicesimum
1777 3953 2001 4018 tertium

424 4039 627 4081 annum
652 4039 856 4099 ageret,
885 4040 941 4087 et
964 4050 993 4088 a
1022 4036 1211 4089 mundi
1238 4053 1446 4104 amore,
1474 4057 1584 4111 quo
1613 4047 1921 4116 tenebatur,
1946 4061 2002 4108 et

420 4114 490 4170 ab
520 4121 866 4188 mgritudine,
885 4141 992 4194 qua
1026 4130 1410 4198 torquebatur,
1437 4142 1626 4189 sanata
1659 4146 1763 4193 est.

501 4223 520 4256 ι
542 4205 849 4265 Laborabat
890 4213 929 4277 ³,
959 4216 1153 4286 inquit,
1198 4218 1275 4272 illi
1303 4222 1440 4276 alter
1478 4225 1765 4282 oculorum
1800 4231 1996 4288 morbo

411 4566 542 4663 culi-
561 4569 892 4663 mentionem
935 4573 1066 4630 fecit
1095 4595 1107 4630 :
1144 4579 1356 4634 audivit
1384 4582 1514 4637 hera
1538 4625 1551 4646 ,
1583 4586 1985 4663 confestimque

409 4653 478 4707 ad
510 4655 758 4713 divinum
803 4661 1081 4718 hominem
1126 4681 1184 4721 se
1227 4672 1480 4727 contulit.
1513 4673 1762 4733 Habebat
1796 4653 1981 4740 autem

408 4741 500 4798 illa
532 4745 698 4801 eirea-
717 4763 776 4802 se
799 4758 854 4803 et
874 4750 1116 4818 inaures,
1139 4762 1195 4807 et
1222 4759 1466 4823 monilia,
1506 4770 1562 4814 et
1588 4764 1693 4819 alia
1724 4783 1792 4822 ex
1817 4785 1974 4839 auro,

406 4838 464 4883 et
505 4841 711 4890 vestem
756 4835 962 4889 variam
994 4854 1061 4892 ex
1091 4840 1284 4896 sericis
1317 4842 1425 4898 ﬁlis
1455 4858 1766 4908 contextam
1797 4835 1982 4914 anon.-

405 4917 536 4976 dum
557 4926 707 4980 enim
735 4928 1125 4998 perfectiorem
1145 4932 1408 4988 virtutem
1432 4937 1767 5009 degustarat,
1796 4955 1852 5000 et
1877 4951 1977 5007 flos

403 5019 526 5064 erat
548 5019 746 5084 etatis,
779 5021 1193 5094 juventutisque
1223 5036 1421 5082 ornatu
1445 5028 1847 5092 delectabatur.
1883 5041 1977 5095 Di-

403 5095 590 5196 vinum
629 5119 762 5175 ergo
808 5121 974 5180 caput
1015 5114 1134 5169 lnec
1178 5116 1420 5182 intuens,
1464 5117 1648 5175 nimiae
1695 5123 1977 5196 elegantize

401 5188 638 5258 primum
661 5199 1036 5266 aegritudinem
1062 5209 1293 5276 sanavit,
1318 5210 1372 5265 in
1397 5209 1546 5266 hunc
1570 5211 1716 5268 illam
1749 5188 1971 5277 modum

2119 3067 2327 3126 perque
2380 3049 2768 3111 credentibus,
2819 3064 2939 3118 qua:
2991 3045 3302 3116 postulant,
3355 3045 3689 3111 concedere;

2119 3141 2372 3212 proinde,
2401 3138 2556 3192 Dabit
2588 3155 2725 3190 nunc
2765 3137 2946 3199 etiam,
2972 3135 3168 3203 inquit,
3193 3151 3294 3187 non
3319 3135 3442 3187 mihi
3458 3135 3692 3202 gratiam

2118 3231 2348 3284 tribuens
2371 3272 2384 3296 ,
2416 3229 2507 3283 sed
2535 3227 2691 3298 ﬁdem
2713 3235 2860 3279 tuam
2893 3225 3228 3278 considerans
3251 3240 3268 3278 :
3289 3239 3452 3293 quare
3479 3225 3524 3276 si
3551 3225 3695 3276 hanc

2115 3322 2381 3392 integram
2409 3319 2565 3375 habes
2596 3326 2644 3371 et
2672 3319 2961 3378 sinceram,
3009 3323 3056 3368 et
3088 3315 3151 3368 ab
3197 3315 3337 3368 omni
3365 3313 3692 3367 dubitatione

2116 3410 2358 3478 liberam,
2391 3410 2684 3466 valedicens
2709 3415 2757 3460 et
2788 3409 2997 3461 medicis
3026 3416 3074 3461 et
3093 3408 3408 3477 pltarmacis,
3441 3405 3691 3460 divinitus

2112 3502 2295 3555 datum
2327 3503 2502 3572 accipe
2547 3503 2642 3554 hoc
2671 3499 2977 3552 remedium.
3026 3499 3122 3552 llis
3152 3497 3334 3562 dictis,
3377 3498 3538 3551 oculo
3566 3513 3688 3552 ma-

2111 3607 2242 3645 num
2285 3591 2568 3661 imposuit,
2606 3599 2662 3644 et
2701 3589 2955 3643 salutaris
2995 3588 3148 3660 signo
3177 3589 3359 3643 crucis
3399 3605 3682 3659 expresso,

2109 3682 2361 3738 morbum
2384 3681 2618 3751 depulit.
2646 3679 2783 3734 lnde
2815 3679 3039 3734 domum
3072 3695 3312 3742 reversa,
3341 3681 3491 3735 eluto
3510 3681 3680 3750 phar-

2108 3787 2286 3836 mace,
2331 3771 2683 3842 ascititioque
2719 3771 2870 3825 omni
2908 3780 3104 3825 ornatu
3140 3772 3372 3843 ahjecto,
3412 3773 3575 3827 vitam
3611 3785 3680 3828 ex

2105 3864 2438 3934 prazscriptis
2461 3879 2493 3917 a
2528 3863 2744 3918 medico
2776 3862 2992 3933 legibus
3035 3862 3294 3927 instituit,
3331 3878 3433 3918 nec
3471 3864 3676 3939 variam

2105 3953 2342 4010 induens
2375 3962 2605 4020 vestem,
2644 3970 2748 4008 nec
2775 3970 2910 4008 auro
2939 3969 2996 4008 se
3026 3962 3430 4008 convenustans
3463 3973 3474 4008 :
3511 3967 3674 4025 atque

2103 4045 2221 4101 haec
2265 4062 2390 4102 cum
2424 4047 2645 4118 juvenis
2673 4047 2971 4102 admodum
3013 4057 3180 4112 esset,
3212 4064 3418 4102 annum
3464 4049 3675 4104 scilicet

2099 4137 2277 4191 aetatis
2321 4153 2486 4208 agens
2532 4138 2857 4193 vicesimum
2909 4139 3136 4201 tertium
3176 4156 3189 4192 :
3231 4139 3465 4193 necdum
3505 4140 3671 4194 etiam

2102 4236 2276 4282 mater
2300 4228 2460 4282 facta.
2486 4247 2504 4280 ι

2095 4410 2244 4465 donii
2284 4419 2482 4466 ascette
2517 4411 2844 4466 sanctissimi
2881 4411 3164 4482 precibus,
3197 4412 3345 4482 quod
3376 4414 3452 4467 ita
3486 4413 3667 4468 Theo-

2093 4503 2321 4559 doretus
2343 4503 2531 4568 refert,
2565 4513 2689 4574 post
2711 4520 2884 4558 annos
2907 4503 3169 4558 tredecim
3191 4503 3446 4574 conjugii.
3483 4522 3501 4552 ι
3531 4503 3666 4559 Nec.

2091 4594 2223 4649 dum
2249 4595 2452 4649 liberos
2477 4595 2849 4665 susceperat‘,
2886 4603 3079 4649 natura
3093 4595 3301 4649 scilicet
3318 4594 3663 4665 prohibente,

2091 4701 2161 4741 ne
2182 4685 2422 4741 fructum
2449 4686 2648 4752 ferret;
2678 4701 2798 4756 qua:
2823 4702 2912 4741 res
2943 4687 3115 4756 ipsam
3144 4687 3363 4756 quidem
3394 4687 3534 4740 male
3569 4685 3665 4741 ad-

2088 4777 2312 4832 modum
2349 4793 2458 4832 non
2487 4777 2749 4845 habebat,
2771 4777 2827 4832 in
2855 4777 3059 4832 divinis
3075 4777 3221 4831 enim
3245 4776 3461 4832 erudita
3486 4777 3538 4831 id
3563 4792 3659 4831 ex-

2086 4868 2274 4938 pedire
2301 4869 2560 4924 credebat
2590 4887 2602 4922 :
2635 4879 2848 4939 patrem
2881 4886 3013 4924 vero
3036 4885 3219 4924 meum
3251 4871 3460 4926 orbitas
3489 4871 3659 4928 vehe-

2084 4970 2300 5015 menter
2344 4961 2611 5031 angebat,
2659 4970 2718 5016 et
2760 4976 3210 5032 quoquoversum
3253 4961 3518 5016 oberrans
3559 4962 3658 5018 Dei

2080 5063 2272 5104 servos
2295 5051 2509 5117 orabat,
2532 5061 2593 5106 ut
2615 5051 2718 5106 sibi
2740 5051 2944 5106 liberos
2963 5067 2993 5106 a
3019 5052 3132 5108 Deo
3150 5053 3514 5123 postularent.
3547 5052 3653 5107 Alii

2078 5149 2210 5205 ergo
2239 5144 2296 5188 et
2329 5145 2582 5192 oraturos
2609 5153 2667 5191 se
2701 5138 3119 5207 promittebant,
3141 5148 3198 5195 et
3227 5149 3287 5195 ut
3312 5141 3365 5194 in
3393 5140 3486 5194 Dei
3513 5149 3653 5195 nutu

2077 5224 2471 5294 acquiesceret,
2513 5228 2897 5284 hortabantur.
2943 5230 3014 5285 At
3051 5231 3138 5285 vir
3167 5231 3390 5287 divinus
3425 5238 3481 5286 et
3511 5232 3652 5301 peti—

1716 5376 2028 5442 SCHULZli
2066 5387 2293 5443 NOTE.

472 5477 834 5601 "gﬁgorgggl.
872 5495 991 5542 cmi-
1033 5491 1338 5556 l‘leniorem
1389 5512 1755 5571 narrationem
1808 5518 1930 5579 vide
1983 5541 2169 5598 supra,
2206 5537 2246 5582 t.
2278 5529 2368 5590 111,
2403 5544 2454 5597 p.
2496 5529 2626 5584 “88
2659 5545 2773 5601 seq.
2850 5529 2869 5559 ⁸
2899 5529 3296 5595 Necdum,cat.
3329 5530 3460 5587 Vide
3493 5529 3528 5584 Ι.
3569 5542 3600 5583 c
3629 5569 3643 5594 ,

398 5563 452 5620 p.
508 5547 641 5603 1215
694 5566 807 5622 seq.
