  <div class='ocr_page' id='page_1' title='image "/cluster/home/n/w/nwhite01/storage/ocr_20150623/84/hvd.32044073502213/056.png"; bbox 0 0 4054 6138; ppageno 0'>
   <div class='ocr_carea' id='block_1_1' title="bbox 346 104 3592 208">
    <p class='ocr_par' dir='ltr' id='par_1_1' title="bbox 346 104 3592 208">
     <span class='ocr_line' id='line_1_1' title="bbox 346 104 3592 208; baseline 0.002 -9"><span class='ocrx_word' id='word_1_1' title='bbox 346 135 417 199; x_wconf 72' lang='lat'><strong><em>93</em></strong></span> <span class='ocrx_word' id='word_1_2' title='bbox 1518 145 1887 206; x_wconf 81' lang='lat' dir='ltr'><strong>HISTORIA</strong></span> <span class='ocrx_word' id='word_1_3' title='bbox 1925 144 2437 208; x_wconf 77' lang='lat' dir='ltr'><strong>THEODORETI.</strong></span> <span class='ocrx_word' id='word_1_4' title='bbox 3523 104 3592 207; x_wconf 67' lang='lat' dir='ltr'><strong>et</strong></span> 
     </span>
    </p>
   </div>
   <div class='ocr_carea' id='block_1_2' title="bbox 339 246 3589 325">
    <p class='ocr_par' dir='ltr' id='par_1_2' title="bbox 339 246 3589 325">
     <span class='ocr_line' id='line_1_2' title="bbox 339 246 3589 325; baseline 0.002 -22"><span class='ocrx_word' id='word_1_5' title='bbox 339 248 475 303; x_wconf 87' lang='lat' dir='ltr'><strong>tioni</strong></span> <span class='ocrx_word' id='word_1_6' title='bbox 498 246 709 317; x_wconf 85' lang='lat' dir='ltr'><strong>liquido</strong></span> <span class='ocrx_word' id='word_1_7' title='bbox 731 250 944 316; x_wconf 89' lang='lat' dir='ltr'><strong>annuit,</strong></span> <span class='ocrx_word' id='word_1_8' title='bbox 976 258 1031 303; x_wconf 91' lang='lat' dir='ltr'><strong>et</strong></span> <span class='ocrx_word' id='word_1_9' title='bbox 1055 249 1223 304; x_wconf 84' lang='lat' dir='ltr'><strong>lilium</strong></span> <span class='ocrx_word' id='word_1_10' title='bbox 1246 266 1415 304; x_wconf 91' lang='lat' dir='ltr'><strong>unum</strong></span> <span class='ocrx_word' id='word_1_11' title='bbox 1439 252 1508 306; x_wconf 88' lang='lat' dir='ltr'><strong>ab</strong></span> <span class='ocrx_word' id='word_1_12' title='bbox 1534 256 1916 311; x_wconf 89' lang='lat' dir='ltr'><strong>universorum</strong></span> <span class='ocrx_word' id='word_1_13' title='bbox 1952 261 1989 313; x_wconf 71' lang='grc' dir='ltr'>Α</span> <span class='ocrx_word' id='word_1_14' title='bbox 2093 254 2280 324; x_wconf 87' lang='lat' dir='ltr'><strong>Neque</strong></span> <span class='ocrx_word' id='word_1_15' title='bbox 2297 254 2564 309; x_wconf 75' lang='lat' dir='ltr'><strong>hactenus</strong></span> <span class='ocrx_word' id='word_1_16' title='bbox 2581 253 2827 309; x_wconf 70' lang='lat' dir='ltr'><strong>constitit</strong></span> <span class='ocrx_word' id='word_1_17' title='bbox 2847 254 3115 325; x_wconf 83' lang='lat' dir='ltr'><strong>singulare</strong></span> <span class='ocrx_word' id='word_1_18' title='bbox 3133 254 3229 308; x_wconf 86' lang='lat' dir='ltr'><strong>Dei</strong></span> <span class='ocrx_word' id='word_1_19' title='bbox 3246 254 3589 310; x_wconf 77' lang='lat' dir='ltr'><strong>beneﬁcium.</strong></span> 
     </span>
    </p>
   </div>
   <div class='ocr_carea' id='block_1_3' title="bbox 338 342 1914 412">
    <p class='ocr_par' dir='ltr' id='par_1_3' title="bbox 338 342 1914 412">
     <span class='ocr_line' id='line_1_3' title="bbox 338 342 1914 412; baseline 0.003 -15"><span class='ocrx_word' id='word_1_20' title='bbox 338 350 564 397; x_wconf 84' lang='lat' dir='ltr'><strong>auctore</strong></span> <span class='ocrx_word' id='word_1_21' title='bbox 594 348 949 409; x_wconf 89' lang='lat' dir='ltr'><strong>accepturum</strong></span> <span class='ocrx_word' id='word_1_22' title='bbox 978 342 1260 410; x_wconf 84' lang='lat' dir='ltr'><strong>pollicitus</strong></span> <span class='ocrx_word' id='word_1_23' title='bbox 1290 354 1393 400; x_wconf 89' lang='lat' dir='ltr'><strong>est.</strong></span> <span class='ocrx_word' id='word_1_24' title='bbox 1418 346 1545 401; x_wconf 87' lang='lat' dir='ltr'><strong>Post</strong></span> <span class='ocrx_word' id='word_1_25' title='bbox 1581 354 1692 401; x_wconf 88' lang='lat' dir='ltr'><strong>tres</strong></span> <span class='ocrx_word' id='word_1_26' title='bbox 1719 362 1914 412; x_wconf 89' lang='lat' dir='ltr'><strong>annos,</strong></span> 
     </span>
    </p>
   </div>
   <div class='ocr_carea' id='block_1_4' title="bbox 337 432 1920 504">
    <p class='ocr_par' dir='ltr' id='par_1_4' title="bbox 337 432 1920 504">
     <span class='ocr_line' id='line_1_4' title="bbox 337 432 1920 504; baseline 0.003 -16"><span class='ocrx_word' id='word_1_27' title='bbox 337 447 463 489; x_wconf 86' lang='lat' dir='ltr'><strong>cum</strong></span> <span class='ocrx_word' id='word_1_28' title='bbox 496 432 706 487; x_wconf 79' lang='lat' dir='ltr'><strong>exitum</strong></span> <span class='ocrx_word' id='word_1_29' title='bbox 744 433 1038 501; x_wconf 91' lang='lat' dir='ltr'><strong>promissio</strong></span> <span class='ocrx_word' id='word_1_30' title='bbox 1068 436 1260 490; x_wconf 88' lang='lat' dir='ltr'><strong>sortita</strong></span> <span class='ocrx_word' id='word_1_31' title='bbox 1292 453 1403 491; x_wconf 89' lang='lat' dir='ltr'><strong>non</strong></span> <span class='ocrx_word' id='word_1_32' title='bbox 1431 447 1596 504; x_wconf 82' lang='lat' dir='ltr'><strong>esset,</strong></span> <span class='ocrx_word' id='word_1_33' title='bbox 1630 438 1794 492; x_wconf 86' lang='lat' dir='ltr'><strong>rediit</strong></span> <span class='ocrx_word' id='word_1_34' title='bbox 1823 440 1920 492; x_wconf 89' lang='lat' dir='ltr'><strong>ite-</strong></span> 
     </span>
    </p>
   </div>
   <div class='ocr_carea' id='block_1_5' title="bbox 336 523 1917 593">
    <p class='ocr_par' dir='ltr' id='par_1_5' title="bbox 336 523 1917 593">
     <span class='ocr_line' id='line_1_5' title="bbox 336 523 1917 593; baseline 0.006 -19"><span class='ocrx_word' id='word_1_35' title='bbox 336 537 460 575; x_wconf 90' lang='lat' dir='ltr'><strong>rum</strong></span> <span class='ocrx_word' id='word_1_36' title='bbox 494 531 652 590; x_wconf 90' lang='lat' dir='ltr'><strong>pater</strong></span> <span class='ocrx_word' id='word_1_37' title='bbox 685 523 949 589; x_wconf 90' lang='lat' dir='ltr'><strong>promissa</strong></span> <span class='ocrx_word' id='word_1_38' title='bbox 988 540 1302 593; x_wconf 83' lang='lat' dir='ltr'><strong>reposcens.</strong></span> <span class='ocrx_word' id='word_1_39' title='bbox 1330 527 1423 581; x_wconf 86' lang='lat' dir='ltr'><strong>Ille</strong></span> <span class='ocrx_word' id='word_1_40' title='bbox 1446 544 1576 582; x_wconf 89' lang='lat' dir='ltr'><strong>vero</strong></span> <span class='ocrx_word' id='word_1_41' title='bbox 1600 529 1741 582; x_wconf 84' lang='lat' dir='ltr'><strong>mitti</strong></span> <span class='ocrx_word' id='word_1_42' title='bbox 1768 530 1835 582; x_wconf 91' lang='lat' dir='ltr'><strong>ad</strong></span> <span class='ocrx_word' id='word_1_43' title='bbox 1859 545 1917 583; x_wconf 89' lang='lat' dir='ltr'><strong>se</strong></span> 
     </span>
    </p>
   </div>
   <div class='ocr_carea' id='block_1_6' title="bbox 334 614 1917 685">
    <p class='ocr_par' dir='ltr' id='par_1_6' title="bbox 334 614 1917 685">
     <span class='ocr_line' id='line_1_6' title="bbox 334 614 1917 685; baseline 0.003 -17"><span class='ocrx_word' id='word_1_44' title='bbox 334 614 829 685; x_wconf 84' lang='lat' dir='ltr'><strong>conjugemjussit.</strong></span> <span class='ocrx_word' id='word_1_45' title='bbox 863 614 1075 669; x_wconf 84' lang='lat' dir='ltr'><strong>Etcum</strong></span> <span class='ocrx_word' id='word_1_46' title='bbox 1109 617 1326 672; x_wconf 83' lang='lat' dir='ltr'><strong>adesset</strong></span> <span class='ocrx_word' id='word_1_47' title='bbox 1348 628 1544 683; x_wconf 85' lang='lat' dir='ltr'><strong>mater,</strong></span> <span class='ocrx_word' id='word_1_48' title='bbox 1579 620 1719 673; x_wconf 86' lang='lat' dir='ltr'><strong>dixit</strong></span> <span class='ocrx_word' id='word_1_49' title='bbox 1743 620 1794 674; x_wconf 92' lang='lat' dir='ltr'><strong>ei</strong></span> <span class='ocrx_word' id='word_1_50' title='bbox 1831 620 1917 673; x_wconf 90' lang='lat' dir='ltr'><strong>vir</strong></span> 
     </span>
    </p>
   </div>
   <div class='ocr_carea' id='block_1_7' title="bbox 334 704 1920 779">
    <p class='ocr_par' dir='ltr' id='par_1_7' title="bbox 334 704 1920 779">
     <span class='ocr_line' id='line_1_7' title="bbox 334 704 1920 779; baseline 0.004 -20"><span class='ocrx_word' id='word_1_51' title='bbox 334 704 584 769; x_wconf 89' lang='lat' dir='ltr'><strong>divinus,</strong></span> <span class='ocrx_word' id='word_1_52' title='bbox 620 713 678 758; x_wconf 90' lang='lat' dir='ltr'><strong>et</strong></span> <span class='ocrx_word' id='word_1_53' title='bbox 719 705 1019 774; x_wconf 89' lang='lat' dir='ltr'><strong>petiturum</strong></span> <span class='ocrx_word' id='word_1_54' title='bbox 1062 723 1142 773; x_wconf 91' lang='lat' dir='ltr'><strong>se,</strong></span> <span class='ocrx_word' id='word_1_55' title='bbox 1171 716 1225 762; x_wconf 92' lang='lat' dir='ltr'><strong>et</strong></span> <span class='ocrx_word' id='word_1_56' title='bbox 1260 709 1409 762; x_wconf 82' lang='lat' dir='ltr'><strong>illam</strong></span> <span class='ocrx_word' id='word_1_57' title='bbox 1458 710 1631 764; x_wconf 85' lang='lat' dir='ltr'><strong>lilium</strong></span> <span class='ocrx_word' id='word_1_58' title='bbox 1662 720 1920 779; x_wconf 88' lang='lat' dir='ltr'><strong>acceptu-</strong></span> 
     </span>
    </p>
   </div>
   <div class='ocr_carea' id='block_1_8' title="bbox 332 795 1919 870">
    <p class='ocr_par' dir='ltr' id='par_1_8' title="bbox 332 795 1919 870">
     <span class='ocr_line' id='line_1_8' title="bbox 332 795 1919 870; baseline 0.004 -22"><span class='ocrx_word' id='word_1_59' title='bbox 332 810 456 848; x_wconf 85' lang='lat' dir='ltr'><strong>ram</strong></span> <span class='ocrx_word' id='word_1_60' title='bbox 491 813 505 847; x_wconf 90' lang='lat'>:</span> <span class='ocrx_word' id='word_1_61' title='bbox 541 795 639 849; x_wconf 89' lang='lat' dir='ltr'><strong>sed</strong></span> <span class='ocrx_word' id='word_1_62' title='bbox 676 795 826 849; x_wconf 87' lang='lat' dir='ltr'><strong>hunc</strong></span> <span class='ocrx_word' id='word_1_63' title='bbox 858 797 1111 851; x_wconf 82' lang='lat' dir='ltr'><strong>donatori</strong></span> <span class='ocrx_word' id='word_1_64' title='bbox 1156 799 1311 852; x_wconf 81' lang='lat' dir='ltr'><strong>reddi</strong></span> <span class='ocrx_word' id='word_1_65' title='bbox 1359 809 1636 869; x_wconf 85' lang='lat' dir='ltr'><strong>oportere.</strong></span> <span class='ocrx_word' id='word_1_66' title='bbox 1666 800 1919 870; x_wconf 85' lang='lat' dir='ltr'><strong>Cumque</strong></span> 
     </span>
    </p>
   </div>
   <div class='ocr_carea' id='block_1_9' title="bbox 332 885 1918 959">
    <p class='ocr_par' dir='ltr' id='par_1_9' title="bbox 332 885 1918 959">
     <span class='ocr_line' id='line_1_9' title="bbox 332 885 1918 959; baseline 0.006 -22"><span class='ocrx_word' id='word_1_67' title='bbox 332 899 503 938; x_wconf 87' lang='lat' dir='ltr'><strong>unam</strong></span> <span class='ocrx_word' id='word_1_68' title='bbox 552 885 659 939; x_wconf 86' lang='lat' dir='ltr'><strong>sibi</strong></span> <span class='ocrx_word' id='word_1_69' title='bbox 701 886 895 940; x_wconf 65' lang='lat' dir='ltr'><strong>animae</strong></span> <span class='ocrx_word' id='word_1_70' title='bbox 955 888 1186 941; x_wconf 85' lang='lat' dir='ltr'><strong>salutem</strong></span> <span class='ocrx_word' id='word_1_71' title='bbox 1226 890 1597 959; x_wconf 73' lang='lat' dir='ltr'><strong>gehennreque</strong></span> <span class='ocrx_word' id='word_1_72' title='bbox 1634 892 1918 946; x_wconf 88' lang='lat' dir='ltr'><strong>liberatio-</strong></span> 
     </span>
    </p>
   </div>
   <div class='ocr_carea' id='block_1_10' title="bbox 328 976 1913 1051">
    <p class='ocr_par' dir='ltr' id='par_1_10' title="bbox 328 976 1913 1051">
     <span class='ocr_line' id='line_1_10' title="bbox 328 976 1913 1051; baseline 0.004 -22"><span class='ocrx_word' id='word_1_73' title='bbox 328 990 463 1029; x_wconf 88' lang='lat' dir='ltr'><strong>nem</strong></span> <span class='ocrx_word' id='word_1_74' title='bbox 495 976 551 1029; x_wconf 91' lang='lat' dir='ltr'><strong>in</strong></span> <span class='ocrx_word' id='word_1_75' title='bbox 598 977 743 1029; x_wconf 88' lang='lat' dir='ltr'><strong>votis</strong></span> <span class='ocrx_word' id='word_1_76' title='bbox 773 992 892 1031; x_wconf 89' lang='lat' dir='ltr'><strong>esse</strong></span> <span class='ocrx_word' id='word_1_77' title='bbox 920 989 1097 1031; x_wconf 85' lang='lat' dir='ltr'><strong>mater</strong></span> <span class='ocrx_word' id='word_1_78' title='bbox 1126 980 1485 1048; x_wconf 89' lang='lat' dir='ltr'><strong>responderet</strong></span> <span class='ocrx_word' id='word_1_79' title='bbox 1512 1000 1524 1035; x_wconf 91' lang='lat'>:</span> <span class='ocrx_word' id='word_1_80' title='bbox 1551 981 1794 1051; x_wconf 86' lang='lat' dir='ltr'><strong>Insuper,</strong></span> <span class='ocrx_word' id='word_1_81' title='bbox 1825 983 1913 1036; x_wconf 90' lang='lat' dir='ltr'><strong>in-</strong></span> 
     </span>
    </p>
   </div>
   <div class='ocr_carea' id='block_1_11' title="bbox 328 1066 1911 1142">
    <p class='ocr_par' dir='ltr' id='par_1_11' title="bbox 328 1066 1911 1142">
     <span class='ocr_line' id='line_1_11' title="bbox 328 1066 1911 1142; baseline 0.006 -24"><span class='ocrx_word' id='word_1_82' title='bbox 328 1067 477 1136; x_wconf 85' lang='lat' dir='ltr'><strong>quit,</strong></span> <span class='ocrx_word' id='word_1_83' title='bbox 513 1076 565 1119; x_wconf 83' lang='lat' dir='ltr'><strong>et</strong></span> <span class='ocrx_word' id='word_1_84' title='bbox 605 1066 781 1135; x_wconf 81' lang='lat' dir='ltr'><strong>ﬁlium</strong></span> <span class='ocrx_word' id='word_1_85' title='bbox 826 1069 970 1122; x_wconf 80' lang='lat' dir='ltr'><strong>dabit</strong></span> <span class='ocrx_word' id='word_1_86' title='bbox 1005 1071 1285 1139; x_wconf 80' lang='lat' dir='ltr'><strong>muniﬁcus</strong></span> <span class='ocrx_word' id='word_1_87' title='bbox 1335 1071 1556 1142; x_wconf 86' lang='lat' dir='ltr'><strong>largitor</strong></span> <span class='ocrx_word' id='word_1_88' title='bbox 1592 1090 1609 1127; x_wconf 91' lang='lat'><strong><em>:</em></strong></span> <span class='ocrx_word' id='word_1_89' title='bbox 1648 1074 1711 1126; x_wconf 81' lang='lat' dir='ltr'><strong>iis</strong></span> <span class='ocrx_word' id='word_1_90' title='bbox 1752 1077 1911 1138; x_wconf 80' lang='lat' dir='ltr'><strong>enim,</strong></span> 
     </span>
    </p>
   </div>
   <div class='ocr_carea' id='block_1_12' title="bbox 327 1160 1911 1234">
    <p class='ocr_par' dir='ltr' id='par_1_12' title="bbox 327 1160 1911 1234">
     <span class='ocr_line' id='line_1_12' title="bbox 327 1160 1911 1234; baseline 0.006 -24"><span class='ocrx_word' id='word_1_91' title='bbox 327 1160 421 1229; x_wconf 66' lang='lat' dir='ltr'><strong>qui</strong></span> <span class='ocrx_word' id='word_1_92' title='bbox 454 1160 657 1212; x_wconf 78' lang='lat' dir='ltr'><strong>sincere</strong></span> <span class='ocrx_word' id='word_1_93' title='bbox 686 1167 890 1229; x_wconf 84' lang='lat' dir='ltr'><strong>petunt,</strong></span> <span class='ocrx_word' id='word_1_94' title='bbox 937 1163 990 1214; x_wconf 88' lang='lat' dir='ltr'><strong>in</strong></span> <span class='ocrx_word' id='word_1_95' title='bbox 1023 1162 1245 1232; x_wconf 85' lang='lat' dir='ltr'><strong>duplum</strong></span> <span class='ocrx_word' id='word_1_96' title='bbox 1278 1172 1462 1234; x_wconf 87' lang='lat' dir='ltr'><strong>erogat</strong></span> <span class='ocrx_word' id='word_1_97' title='bbox 1497 1164 1763 1232; x_wconf 75' lang='lat' dir='ltr'><strong>beneﬁcia.</strong></span> <span class='ocrx_word' id='word_1_98' title='bbox 1804 1167 1911 1220; x_wconf 82' lang='lat' dir='ltr'><strong>Re-</strong></span> 
     </span>
    </p>
   </div>
   <div class='ocr_carea' id='block_1_13' title="bbox 328 1251 1915 1322">
    <p class='ocr_par' dir='ltr' id='par_1_13' title="bbox 328 1251 1915 1322">
     <span class='ocr_line' id='line_1_13' title="bbox 328 1251 1915 1322; baseline 0.006 -19"><span class='ocrx_word' id='word_1_99' title='bbox 328 1264 494 1304; x_wconf 81' lang='lat' dir='ltr'><strong>versa</strong></span> <span class='ocrx_word' id='word_1_100' title='bbox 531 1251 665 1305; x_wconf 90' lang='lat' dir='ltr'><strong>hinc</strong></span> <span class='ocrx_word' id='word_1_101' title='bbox 691 1260 866 1305; x_wconf 91' lang='lat' dir='ltr'><strong>mater</strong></span> <span class='ocrx_word' id='word_1_102' title='bbox 894 1254 1275 1322; x_wconf 88' lang='lat' dir='ltr'><strong>promissionis</strong></span> <span class='ocrx_word' id='word_1_103' title='bbox 1306 1255 1747 1311; x_wconf 89' lang='lat' dir='ltr'><strong>benedictionem</strong></span> <span class='ocrx_word' id='word_1_104' title='bbox 1773 1257 1915 1312; x_wconf 90' lang='lat' dir='ltr'><strong>refe-</strong></span> 
     </span>
    </p>
   </div>
   <div class='ocr_carea' id='block_1_14' title="bbox 330 1347 1913 1416">
    <p class='ocr_par' dir='ltr' id='par_1_14' title="bbox 330 1347 1913 1416">
     <span class='ocr_line' id='line_1_14' title="bbox 330 1347 1913 1416; baseline 0.004 -22"><span class='ocrx_word' id='word_1_105' title='bbox 330 1356 483 1407; x_wconf 87' lang='lat' dir='ltr'><strong>rens,</strong></span> <span class='ocrx_word' id='word_1_106' title='bbox 510 1352 714 1410; x_wconf 91' lang='lat' dir='ltr'><strong>quarto</strong></span> <span class='ocrx_word' id='word_1_107' title='bbox 737 1354 863 1413; x_wconf 89' lang='lat' dir='ltr'><strong>post</strong></span> <span class='ocrx_word' id='word_1_108' title='bbox 889 1359 1076 1399; x_wconf 88' lang='lat' dir='ltr'><strong>mense</strong></span> <span class='ocrx_word' id='word_1_109' title='bbox 1106 1362 1270 1414; x_wconf 91' lang='lat' dir='ltr'><strong>quam</strong></span> <span class='ocrx_word' id='word_1_110' title='bbox 1296 1347 1645 1415; x_wconf 86' lang='lat' dir='ltr'><strong>promiserat,</strong></span> <span class='ocrx_word' id='word_1_111' title='bbox 1674 1347 1913 1416; x_wconf 85' lang='lat' dir='ltr'><strong>concipit</strong></span> 
     </span>
    </p>
   </div>
   <div class='ocr_carea' id='block_1_15' title="bbox 329 1437 1912 1507">
    <p class='ocr_par' dir='ltr' id='par_1_15' title="bbox 329 1437 1912 1507">
     <span class='ocr_line' id='line_1_15' title="bbox 329 1437 1912 1507; baseline 0.004 -18"><span class='ocrx_word' id='word_1_112' title='bbox 329 1444 388 1489; x_wconf 80' lang='lat' dir='ltr'><strong>et</strong></span> <span class='ocrx_word' id='word_1_113' title='bbox 412 1444 636 1489; x_wconf 90' lang='lat' dir='ltr'><strong>uterum</strong></span> <span class='ocrx_word' id='word_1_114' title='bbox 666 1437 826 1506; x_wconf 86' lang='lat' dir='ltr'><strong>gerit,</strong></span> <span class='ocrx_word' id='word_1_115' title='bbox 856 1438 1106 1507; x_wconf 91' lang='lat' dir='ltr'><strong>reditque</strong></span> <span class='ocrx_word' id='word_1_116' title='bbox 1134 1439 1203 1493; x_wconf 89' lang='lat' dir='ltr'><strong>ad</strong></span> <span class='ocrx_word' id='word_1_117' title='bbox 1228 1440 1404 1494; x_wconf 89' lang='lat' dir='ltr'><strong>virum</strong></span> <span class='ocrx_word' id='word_1_118' title='bbox 1432 1440 1552 1506; x_wconf 90' lang='lat' dir='ltr'><strong>Dei,</strong></span> <span class='ocrx_word' id='word_1_119' title='bbox 1576 1439 1912 1495; x_wconf 87' lang='lat' dir='ltr'><strong>benedictio—</strong></span> 
     </span>
    </p>
   </div>
   <div class='ocr_carea' id='block_1_16' title="bbox 329 1526 1462 1600">
    <p class='ocr_par' dir='ltr' id='par_1_16' title="bbox 329 1526 1462 1600">
     <span class='ocr_line' id='line_1_16' title="bbox 329 1526 1462 1600; baseline 0.004 -22"><span class='ocrx_word' id='word_1_120' title='bbox 329 1526 420 1579; x_wconf 81' lang='lat' dir='ltr'><strong>nis</strong></span> <span class='ocrx_word' id='word_1_121' title='bbox 438 1527 716 1581; x_wconf 86' lang='lat' dir='ltr'><strong>seminum</strong></span> <span class='ocrx_word' id='word_1_122' title='bbox 745 1530 1054 1600; x_wconf 88' lang='lat' dir='ltr'><strong>manipulos</strong></span> <span class='ocrx_word' id='word_1_123' title='bbox 1087 1530 1408 1587; x_wconf 79' lang='lat' dir='ltr'><strong>ostendens.</strong></span> <span class='ocrx_word' id='word_1_124' title='bbox 1444 1549 1462 1582; x_wconf 71' lang='grc' dir='ltr'><strong><em>ι</em></strong></span> 
     </span>
    </p>
   </div>
   <div class='ocr_carea' id='block_1_17' title="bbox 2020 345 3593 414">
    <p class='ocr_par' dir='ltr' id='par_1_17' title="bbox 2020 345 3593 414">
     <span class='ocr_line' id='line_1_17' title="bbox 2020 345 3593 414; baseline 0.001 -14"><span class='ocrx_word' id='word_1_125' title='bbox 2020 346 2153 400; x_wconf 80' lang='lat' dir='ltr'><strong>Nam</strong></span> <span class='ocrx_word' id='word_1_126' title='bbox 2180 355 2355 400; x_wconf 84' lang='lat' dir='ltr'><strong>mater</strong></span> <span class='ocrx_word' id='word_1_127' title='bbox 2390 358 2583 400; x_wconf 83' lang='lat' dir='ltr'><strong>recens</strong></span> <span class='ocrx_word' id='word_1_128' title='bbox 2616 362 2645 399; x_wconf 88' lang='lat' dir='ltr'><strong>a</strong></span> <span class='ocrx_word' id='word_1_129' title='bbox 2679 353 2840 414; x_wconf 88' lang='lat' dir='ltr'><strong>partu</strong></span> <span class='ocrx_word' id='word_1_130' title='bbox 2871 348 2889 365; x_wconf 78' lang='lat'><strong>&#39;</strong></span> <span class='ocrx_word' id='word_1_131' title='bbox 2922 346 3071 400; x_wconf 87' lang='lat' dir='ltr'><strong>letali</strong></span> <span class='ocrx_word' id='word_1_132' title='bbox 3099 345 3293 400; x_wconf 90' lang='lat' dir='ltr'><strong>morbo</strong></span> <span class='ocrx_word' id='word_1_133' title='bbox 3327 346 3593 401; x_wconf 88' lang='lat' dir='ltr'><strong>exstincta</strong></span> 
     </span>
    </p>
   </div>
   <div class='ocr_carea' id='block_1_18' title="bbox 2018 435 3594 505">
    <p class='ocr_par' dir='ltr' id='par_1_18' title="bbox 2018 435 3594 505">
     <span class='ocr_line' id='line_1_18' title="bbox 2018 435 3594 505; baseline -0.001 -14"><span class='ocrx_word' id='word_1_134' title='bbox 2018 446 2184 501; x_wconf 88' lang='lat' dir='ltr'><strong>esset,</strong></span> <span class='ocrx_word' id='word_1_135' title='bbox 2208 437 2568 505; x_wconf 88' lang='lat' dir='ltr'><strong>periissctque</strong></span> <span class='ocrx_word' id='word_1_136' title='bbox 2593 435 2938 490; x_wconf 87' lang='lat' dir='ltr'><strong>Tbeodoreto</strong></span> <span class='ocrx_word' id='word_1_137' title='bbox 2962 452 3216 502; x_wconf 85' lang='lat' dir='ltr'><strong>magnum</strong></span> <span class='ocrx_word' id='word_1_138' title='bbox 3242 435 3309 489; x_wconf 89' lang='lat' dir='ltr'><strong>ad</strong></span> <span class='ocrx_word' id='word_1_139' title='bbox 3335 435 3594 489; x_wconf 86' lang='lat' dir='ltr'><strong>virtutem</strong></span> 
     </span>
    </p>
   </div>
   <div class='ocr_carea' id='block_1_19' title="bbox 2018 526 3589 596">
    <p class='ocr_par' dir='ltr' id='par_1_19' title="bbox 2018 526 3589 596">
     <span class='ocr_line' id='line_1_19' title="bbox 2018 526 3589 596; baseline -0.001 -15"><span class='ocrx_word' id='word_1_140' title='bbox 2018 528 2431 581; x_wconf 79' lang='lat' dir='ltr'><strong>incitamentum</strong></span> <span class='ocrx_word' id='word_1_141' title='bbox 2479 543 2544 581; x_wconf 91' lang='lat' dir='ltr'><strong>ac</strong></span> <span class='ocrx_word' id='word_1_142' title='bbox 2602 528 2953 596; x_wconf 78' lang='lat' dir='ltr'><strong>exemplum,</strong></span> <span class='ocrx_word' id='word_1_143' title='bbox 3007 528 3112 581; x_wconf 91' lang='lat' dir='ltr'><strong>nisi</strong></span> <span class='ocrx_word' id='word_1_144' title='bbox 3168 527 3315 582; x_wconf 89' lang='lat' dir='ltr'><strong>Petri</strong></span> <span class='ocrx_word' id='word_1_145' title='bbox 3378 526 3589 589; x_wconf 88' lang='lat' dir='ltr'><strong>iisdem,</strong></span> 
     </span>
    </p>
   </div>
   <div class='ocr_carea' id='block_1_20' title="bbox 2017 618 3591 688">
    <p class='ocr_par' dir='ltr' id='par_1_20' title="bbox 2017 618 3591 688">
     <span class='ocr_line' id='line_1_20' title="bbox 2017 618 3591 688; baseline -0.001 -16"><span class='ocrx_word' id='word_1_146' title='bbox 2017 621 2216 688; x_wconf 59' lang='lat' dir='ltr'><strong>quibus</strong></span> <span class='ocrx_word' id='word_1_147' title='bbox 2254 620 2320 673; x_wconf 84' lang='lat' dir='ltr'><strong>ad</strong></span> <span class='ocrx_word' id='word_1_148' title='bbox 2354 620 2522 673; x_wconf 82' lang='lat' dir='ltr'><strong>Deum</strong></span> <span class='ocrx_word' id='word_1_149' title='bbox 2564 633 2830 673; x_wconf 87' lang='lat' dir='ltr'><strong>conversa</strong></span> <span class='ocrx_word' id='word_1_150' title='bbox 2852 626 2989 683; x_wconf 90' lang='lat' dir='ltr'><strong>erat,</strong></span> <span class='ocrx_word' id='word_1_151' title='bbox 3016 619 3270 688; x_wconf 88' lang='lat' dir='ltr'><strong>precibus</strong></span> <span class='ocrx_word' id='word_1_152' title='bbox 3300 618 3591 671; x_wconf 84' lang='lat' dir='ltr'><strong>sanitatem</strong></span> 
     </span>
    </p>
   </div>
   <div class='ocr_carea' id='block_1_21' title="bbox 2018 708 3588 779">
    <p class='ocr_par' dir='ltr' id='par_1_21' title="bbox 2018 708 3588 779">
     <span class='ocr_line' id='line_1_21' title="bbox 2018 708 3588 779; baseline -0.001 -17"><span class='ocrx_word' id='word_1_153' title='bbox 2018 723 2415 779; x_wconf 67' lang='lat' dir='ltr'><strong>recuperasset.</strong></span> <span class='ocrx_word' id='word_1_154' title='bbox 2446 710 2768 764; x_wconf 76' lang='lat' dir='ltr'><strong>Miraculum</strong></span> <span class='ocrx_word' id='word_1_155' title='bbox 2791 710 3169 763; x_wconf 88' lang='lat' dir='ltr'><strong>Tlieodoretus</strong></span> <span class='ocrx_word' id='word_1_156' title='bbox 3193 709 3265 763; x_wconf 88' lang='lat' dir='ltr'><strong>ita</strong></span> <span class='ocrx_word' id='word_1_157' title='bbox 3288 708 3588 763; x_wconf 88' lang='lat' dir='ltr'><strong>describit:</strong></span> 
     </span>
    </p>
   </div>
   <div class='ocr_carea' id='block_1_22' title="bbox 2024 798 3589 869">
    <p class='ocr_par' dir='ltr' id='par_1_22' title="bbox 2024 798 3589 869">
     <span class='ocr_line' id='line_1_22' title="bbox 2024 798 3589 869; baseline 0.001 -19"><span class='ocrx_word' id='word_1_158' title='bbox 2024 819 2041 850; x_wconf 71' lang='grc' dir='ltr'><strong>ε</strong></span> <span class='ocrx_word' id='word_1_159' title='bbox 2078 802 2449 855; x_wconf 90' lang='lat' dir='ltr'><strong>Decumbebat</strong></span> <span class='ocrx_word' id='word_1_160' title='bbox 2478 803 2495 831; x_wconf 75' lang='grc'>⁷</span> <span class='ocrx_word' id='word_1_161' title='bbox 2528 810 2701 855; x_wconf 84' lang='lat' dir='ltr'><strong>mater</strong></span> <span class='ocrx_word' id='word_1_162' title='bbox 2733 816 2850 854; x_wconf 87' lang='lat' dir='ltr'><strong>mea</strong></span> <span class='ocrx_word' id='word_1_163' title='bbox 2887 809 3009 869; x_wconf 80' lang='lat' dir='ltr'><strong>post</strong></span> <span class='ocrx_word' id='word_1_164' title='bbox 3043 808 3257 869; x_wconf 90' lang='lat' dir='ltr'><strong>partum</strong></span> <span class='ocrx_word' id='word_1_165' title='bbox 3284 839 3297 863; x_wconf 92' lang='lat'><strong>,</strong></span> <span class='ocrx_word' id='word_1_166' title='bbox 3341 798 3589 861; x_wconf 88' lang='lat' dir='ltr'><strong>medicis,</strong></span> 
     </span>
    </p>
   </div>
   <div class='ocr_carea' id='block_1_23' title="bbox 2015 888 3593 959">
    <p class='ocr_par' dir='ltr' id='par_1_23' title="bbox 2015 888 3593 959">
     <span class='ocr_line' id='line_1_23' title="bbox 2015 888 3593 959; baseline -0.003 -16"><span class='ocrx_word' id='word_1_167' title='bbox 2015 899 2076 943; x_wconf 91' lang='lat' dir='ltr'><strong>ut</strong></span> <span class='ocrx_word' id='word_1_168' title='bbox 2106 890 2309 952; x_wconf 91' lang='lat' dir='ltr'><strong>ferunt,</strong></span> <span class='ocrx_word' id='word_1_169' title='bbox 2339 890 2780 959; x_wconf 87' lang='lat' dir='ltr'><strong>desperantibus,</strong></span> <span class='ocrx_word' id='word_1_170' title='bbox 2824 889 3137 958; x_wconf 82' lang='lat' dir='ltr'><strong>lugentibus</strong></span> <span class='ocrx_word' id='word_1_171' title='bbox 3167 888 3502 951; x_wconf 86' lang='lat' dir='ltr'><strong>domesticis,</strong></span> <span class='ocrx_word' id='word_1_172' title='bbox 3537 895 3593 940; x_wconf 90' lang='lat' dir='ltr'><strong>et</strong></span> 
     </span>
    </p>
   </div>
   <div class='ocr_carea' id='block_1_24' title="bbox 2014 980 3591 1051">
    <p class='ocr_par' dir='ltr' id='par_1_24' title="bbox 2014 980 3591 1051">
     <span class='ocr_line' id='line_1_24' title="bbox 2014 980 3591 1051; baseline -0.003 -15"><span class='ocrx_word' id='word_1_173' title='bbox 2014 982 2223 1036; x_wconf 92' lang='lat' dir='ltr'><strong>obitum</strong></span> <span class='ocrx_word' id='word_1_174' title='bbox 2266 981 2728 1051; x_wconf 67' lang='lat' dir='ltr'><strong>prtestolantibus.</strong></span> <span class='ocrx_word' id='word_1_175' title='bbox 2771 980 2972 1034; x_wconf 86' lang='lat' dir='ltr'><strong>clausis</strong></span> <span class='ocrx_word' id='word_1_176' title='bbox 3015 980 3189 1034; x_wconf 90' lang='lat' dir='ltr'><strong>oculis</strong></span> <span class='ocrx_word' id='word_1_177' title='bbox 3231 993 3421 1047; x_wconf 85' lang='lat' dir='ltr'><strong>magna</strong></span> <span class='ocrx_word' id='word_1_178' title='bbox 3465 994 3591 1032; x_wconf 92' lang='lat' dir='ltr'><strong>cum</strong></span> 
     </span>
    </p>
   </div>
   <div class='ocr_carea' id='block_1_25' title="bbox 2014 1071 3587 1139">
    <p class='ocr_par' dir='ltr' id='par_1_25' title="bbox 2014 1071 3587 1139">
     <span class='ocr_line' id='line_1_25' title="bbox 2014 1071 3587 1139; baseline -0.002 -13"><span class='ocrx_word' id='word_1_179' title='bbox 2014 1072 2169 1127; x_wconf 85' lang='lat' dir='ltr'><strong>febre</strong></span> <span class='ocrx_word' id='word_1_180' title='bbox 2195 1072 2533 1135; x_wconf 83' lang='lat' dir='ltr'><strong>conﬂictans,</strong></span> <span class='ocrx_word' id='word_1_181' title='bbox 2575 1071 2924 1125; x_wconf 82' lang='lat' dir='ltr'><strong>familiarium</strong></span> <span class='ocrx_word' id='word_1_182' title='bbox 2959 1071 3231 1125; x_wconf 91' lang='lat' dir='ltr'><strong>neminem</strong></span> <span class='ocrx_word' id='word_1_183' title='bbox 3266 1084 3587 1139; x_wconf 83' lang='lat' dir='ltr'><strong>agnoscens.</strong></span> 
     </span>
    </p>
   </div>
   <div class='ocr_carea' id='block_1_26' title="bbox 2014 1161 3591 1231">
    <p class='ocr_par' dir='ltr' id='par_1_26' title="bbox 2014 1161 3591 1231">
     <span class='ocr_line' id='line_1_26' title="bbox 2014 1161 3591 1231; baseline -0.004 -13"><span class='ocrx_word' id='word_1_184' title='bbox 2014 1165 2083 1220; x_wconf 87' lang='lat' dir='ltr'><strong>Ut</strong></span> <span class='ocrx_word' id='word_1_185' title='bbox 2106 1175 2287 1218; x_wconf 88' lang='lat' dir='ltr'><strong>autem</strong></span> <span class='ocrx_word' id='word_1_186' title='bbox 2323 1164 2543 1217; x_wconf 84' lang='lat' dir='ltr'><strong>advenit</strong></span> <span class='ocrx_word' id='word_1_187' title='bbox 2569 1163 2679 1227; x_wconf 91' lang='lat' dir='ltr'><strong>ille,</strong></span> <span class='ocrx_word' id='word_1_188' title='bbox 2703 1162 2793 1231; x_wconf 91' lang='lat' dir='ltr'><strong>qui</strong></span> <span class='ocrx_word' id='word_1_189' title='bbox 2823 1161 3182 1230; x_wconf 87' lang='lat' dir='ltr'><strong>apostolicum</strong></span> <span class='ocrx_word' id='word_1_190' title='bbox 3203 1175 3403 1213; x_wconf 85' lang='lat' dir='ltr'><strong>nomen</strong></span> <span class='ocrx_word' id='word_1_191' title='bbox 3432 1174 3591 1228; x_wconf 82' lang='lat' dir='ltr'><strong>gere-</strong></span> 
     </span>
    </p>
   </div>
   <div class='ocr_carea' id='block_1_27' title="bbox 2013 1250 3589 1323">
    <p class='ocr_par' dir='ltr' id='par_1_27' title="bbox 2013 1250 3589 1323">
     <span class='ocr_line' id='line_1_27' title="bbox 2013 1250 3589 1323; baseline -0.004 -15"><span class='ocrx_word' id='word_1_192' title='bbox 2013 1254 2107 1309; x_wconf 88' lang='lat' dir='ltr'><strong>bat</strong></span> <span class='ocrx_word' id='word_1_193' title='bbox 2138 1262 2192 1308; x_wconf 90' lang='lat' dir='ltr'><strong>et</strong></span> <span class='ocrx_word' id='word_1_194' title='bbox 2218 1254 2443 1323; x_wconf 79' lang='lat' dir='ltr'><strong>gratiam</strong></span> <span class='ocrx_word' id='word_1_195' title='bbox 2465 1294 2478 1317; x_wconf 90' lang='lat'><strong>,</strong></span> <span class='ocrx_word' id='word_1_196' title='bbox 2506 1262 2580 1317; x_wconf 89' lang='lat' dir='ltr'><strong>et,</strong></span> <span class='ocrx_word' id='word_1_197' title='bbox 2612 1252 2727 1306; x_wconf 72' lang='lat' dir='ltr'><strong>Pax</strong></span> <span class='ocrx_word' id='word_1_198' title='bbox 2760 1253 2867 1314; x_wconf 84' lang='lat' dir='ltr'><strong>tibi,</strong></span> <span class='ocrx_word' id='word_1_199' title='bbox 2908 1250 3048 1319; x_wconf 79' lang='lat' dir='ltr'><strong>ﬁlia,</strong></span> <span class='ocrx_word' id='word_1_200' title='bbox 3090 1250 3226 1304; x_wconf 80' lang='lat' dir='ltr'><strong>dixit</strong></span> <span class='ocrx_word' id='word_1_201' title='bbox 3261 1251 3399 1320; x_wconf 61' lang='lat' dir='ltr'><strong>(haec</strong></span> <span class='ocrx_word' id='word_1_202' title='bbox 3439 1250 3589 1302; x_wconf 90' lang='lat' dir='ltr'><strong>enim</strong></span> 
     </span>
    </p>
   </div>
   <div class='ocr_carea' id='block_1_28' title="bbox 2014 1342 3589 1416">
    <p class='ocr_par' dir='ltr' id='par_1_28' title="bbox 2014 1342 3589 1416">
     <span class='ocr_line' id='line_1_28' title="bbox 2014 1342 3589 1416; baseline -0.004 -16"><span class='ocrx_word' id='word_1_203' title='bbox 2014 1347 2133 1416; x_wconf 82' lang='lat' dir='ltr'><strong>ejus</strong></span> <span class='ocrx_word' id='word_1_204' title='bbox 2165 1354 2283 1399; x_wconf 90' lang='lat' dir='ltr'><strong>erat</strong></span> <span class='ocrx_word' id='word_1_205' title='bbox 2311 1343 2616 1412; x_wconf 85' lang='lat' dir='ltr'><strong>salutatio),</strong></span> <span class='ocrx_word' id='word_1_206' title='bbox 2660 1343 2950 1397; x_wconf 78' lang='lat' dir='ltr'><strong>confestim</strong></span> <span class='ocrx_word' id='word_1_207' title='bbox 2997 1342 3285 1411; x_wconf 88' lang='lat' dir='ltr'><strong>palpebras</strong></span> <span class='ocrx_word' id='word_1_208' title='bbox 3315 1355 3589 1394; x_wconf 89' lang='lat' dir='ltr'><strong>reserasse</strong></span> 
     </span>
    </p>
   </div>
   <div class='ocr_carea' id='block_1_29' title="bbox 2015 1431 3591 1502">
    <p class='ocr_par' dir='ltr' id='par_1_29' title="bbox 2015 1431 3591 1502">
     <span class='ocr_line' id='line_1_29' title="bbox 2015 1431 3591 1502; baseline -0.003 -13"><span class='ocrx_word' id='word_1_209' title='bbox 2015 1436 2237 1499; x_wconf 91' lang='lat' dir='ltr'><strong>dicitur,</strong></span> <span class='ocrx_word' id='word_1_210' title='bbox 2263 1444 2319 1489; x_wconf 90' lang='lat' dir='ltr'><strong>et</strong></span> <span class='ocrx_word' id='word_1_211' title='bbox 2343 1435 2396 1488; x_wconf 91' lang='lat' dir='ltr'><strong>in</strong></span> <span class='ocrx_word' id='word_1_212' title='bbox 2420 1435 2570 1488; x_wconf 91' lang='lat' dir='ltr'><strong>illum</strong></span> <span class='ocrx_word' id='word_1_213' title='bbox 2592 1434 2711 1487; x_wconf 84' lang='lat' dir='ltr'><strong>ﬁxis</strong></span> <span class='ocrx_word' id='word_1_214' title='bbox 2731 1434 2904 1488; x_wconf 88' lang='lat' dir='ltr'><strong>oculis</strong></span> <span class='ocrx_word' id='word_1_215' title='bbox 2930 1433 3227 1502; x_wconf 82' lang='lat' dir='ltr'><strong>aspexisse,</strong></span> <span class='ocrx_word' id='word_1_216' title='bbox 3251 1431 3591 1486; x_wconf 87' lang='lat' dir='ltr'><strong>benedictio-</strong></span> 
     </span>
    </p>
   </div>
   <div class='ocr_carea' id='block_1_30' title="bbox 2015 1521 3591 1595">
    <p class='ocr_par' dir='ltr' id='par_1_30' title="bbox 2015 1521 3591 1595">
     <span class='ocr_line' id='line_1_30' title="bbox 2015 1521 3591 1595; baseline -0.003 -17"><span class='ocrx_word' id='word_1_217' title='bbox 2015 1525 2209 1595; x_wconf 89' lang='lat' dir='ltr'><strong>nisque</strong></span> <span class='ocrx_word' id='word_1_218' title='bbox 2228 1525 2467 1579; x_wconf 90' lang='lat' dir='ltr'><strong>fructum</strong></span> <span class='ocrx_word' id='word_1_219' title='bbox 2498 1525 2821 1594; x_wconf 87' lang='lat' dir='ltr'><strong>postulasse.</strong></span> <span class='ocrx_word' id='word_1_220' title='bbox 2852 1525 3145 1593; x_wconf 88' lang='lat' dir='ltr'><strong>Postquam</strong></span> <span class='ocrx_word' id='word_1_221' title='bbox 3175 1523 3406 1577; x_wconf 82' lang='lat' dir='ltr'><strong>ululavit</strong></span> <span class='ocrx_word' id='word_1_222' title='bbox 3435 1521 3591 1575; x_wconf 87' lang='lat' dir='ltr'><strong>femi-</strong></span> 
     </span>
    </p>
   </div>
   <div class='ocr_carea' id='block_1_31' title="bbox 397 1586 3587 1688">
    <p class='ocr_par' dir='ltr' id='par_1_31' title="bbox 397 1586 3587 1688">
     <span class='ocr_line' id='line_1_31' title="bbox 397 1586 3587 1688; baseline -0.003 -15"><span class='ocrx_word' id='word_1_223' title='bbox 397 1616 490 1669; x_wconf 75' lang='lat' dir='ltr'><strong>Vl.</strong></span> <span class='ocrx_word' id='word_1_224' title='bbox 532 1617 876 1688; x_wconf 89' lang='lat' dir='ltr'><strong>Conceptum</strong></span> <span class='ocrx_word' id='word_1_225' title='bbox 914 1621 1179 1676; x_wconf 89' lang='lat' dir='ltr'><strong>miraculo</strong></span> <span class='ocrx_word' id='word_1_226' title='bbox 1224 1622 1427 1687; x_wconf 82' lang='lat' dir='ltr'><strong>fetum,</strong></span> <span class='ocrx_word' id='word_1_227' title='bbox 1470 1638 1541 1677; x_wconf 84' lang='lat' dir='ltr'><strong>ne</strong></span> <span class='ocrx_word' id='word_1_228' title='bbox 1584 1624 1912 1679; x_wconf 74' lang='lat' dir='ltr'><strong>immaturus</strong></span> <span class='ocrx_word' id='word_1_229' title='bbox 1940 1586 1987 1645; x_wconf 70' lang='grc' dir='ltr'><strong>Β</strong></span> <span class='ocrx_word' id='word_1_230' title='bbox 2018 1633 2213 1671; x_wconf 89' lang='lat' dir='ltr'><strong>narum</strong></span> <span class='ocrx_word' id='word_1_231' title='bbox 2245 1617 2448 1671; x_wconf 89' lang='lat' dir='ltr'><strong>chorus</strong></span> <span class='ocrx_word' id='word_1_232' title='bbox 2479 1616 2656 1685; x_wconf 89' lang='lat' dir='ltr'><strong>(mista</strong></span> <span class='ocrx_word' id='word_1_233' title='bbox 2688 1616 2835 1669; x_wconf 91' lang='lat' dir='ltr'><strong>enim</strong></span> <span class='ocrx_word' id='word_1_234' title='bbox 2865 1631 2989 1670; x_wconf 91' lang='lat' dir='ltr'><strong>cum</strong></span> <span class='ocrx_word' id='word_1_235' title='bbox 3024 1615 3213 1669; x_wconf 90' lang='lat' dir='ltr'><strong>dolore</strong></span> <span class='ocrx_word' id='word_1_236' title='bbox 3248 1613 3416 1667; x_wconf 89' lang='lat' dir='ltr'><strong>animi</strong></span> <span class='ocrx_word' id='word_1_237' title='bbox 3448 1613 3587 1666; x_wconf 65' lang='lat' dir='ltr'><strong>laeti-</strong></span> 
     </span>
    </p>
   </div>
   <div class='ocr_carea' id='block_1_32' title="bbox 327 1706 1911 1783">
    <p class='ocr_par' dir='ltr' id='par_1_32' title="bbox 327 1706 1911 1783">
     <span class='ocr_line' id='line_1_32' title="bbox 327 1706 1911 1783; baseline 0.006 -23"><span class='ocrx_word' id='word_1_238' title='bbox 327 1706 738 1773; x_wconf 79' lang='lat' dir='ltr'><strong>eﬂ&#39;underetur,</strong></span> <span class='ocrx_word' id='word_1_239' title='bbox 775 1711 1124 1766; x_wconf 89' lang='lat' dir='ltr'><strong>retinuerunt</strong></span> <span class='ocrx_word' id='word_1_240' title='bbox 1164 1713 1269 1766; x_wconf 89' lang='lat' dir='ltr'><strong>viri</strong></span> <span class='ocrx_word' id='word_1_241' title='bbox 1312 1714 1485 1769; x_wconf 90' lang='lat' dir='ltr'><strong>sancti</strong></span> <span class='ocrx_word' id='word_1_242' title='bbox 1525 1729 1736 1783; x_wconf 74' lang='lat' dir='ltr'><strong>preces.</strong></span> <span class='ocrx_word' id='word_1_243' title='bbox 1777 1715 1911 1769; x_wconf 89' lang='lat' dir='ltr'><strong>Nam</strong></span> 
     </span>
    </p>
   </div>
   <div class='ocr_carea' id='block_1_33' title="bbox 337 1802 1914 1875">
    <p class='ocr_par' dir='ltr' id='par_1_33' title="bbox 337 1802 1914 1875">
     <span class='ocr_line' id='line_1_33' title="bbox 337 1802 1914 1875; baseline 0.006 -24"><span class='ocrx_word' id='word_1_244' title='bbox 337 1819 358 1851; x_wconf 70' lang='grc' dir='ltr'><em>ς</em></span> <span class='ocrx_word' id='word_1_245' title='bbox 399 1802 595 1870; x_wconf 88' lang='lat' dir='ltr'><strong>quinto</strong></span> <span class='ocrx_word' id='word_1_246' title='bbox 618 1816 743 1871; x_wconf 89' lang='lat' dir='ltr'><strong>post</strong></span> <span class='ocrx_word' id='word_1_247' title='bbox 770 1805 1187 1872; x_wconf 88' lang='lat' dir='ltr'><strong>conceptionem</strong></span> <span class='ocrx_word' id='word_1_248' title='bbox 1217 1820 1428 1869; x_wconf 91' lang='lat' dir='ltr'><strong>mense,</strong></span> <span class='ocrx_word' id='word_1_249' title='bbox 1454 1805 1632 1875; x_wconf 90' lang='lat' dir='ltr'><strong>inquit</strong></span> <span class='ocrx_word' id='word_1_250' title='bbox 1659 1806 1914 1860; x_wconf 86' lang='lat' dir='ltr'><strong>Theodo-</strong></span> 
     </span>
    </p>
   </div>
   <div class='ocr_carea' id='block_1_34' title="bbox 329 1893 1913 1961">
    <p class='ocr_par' dir='ltr' id='par_1_34' title="bbox 329 1893 1913 1961">
     <span class='ocr_line' id='line_1_34' title="bbox 329 1893 1913 1961; baseline 0.004 -17"><span class='ocrx_word' id='word_1_251' title='bbox 329 1901 493 1946; x_wconf 86' lang='lat' dir='ltr'><strong>retus</strong></span> <span class='ocrx_word' id='word_1_252' title='bbox 524 1893 565 1955; x_wconf 83' lang='grc'><strong>³,</strong></span> <span class='ocrx_word' id='word_1_253' title='bbox 598 1902 773 1948; x_wconf 87' lang='lat' dir='ltr'><strong>mater</strong></span> <span class='ocrx_word' id='word_1_254' title='bbox 802 1894 857 1947; x_wconf 91' lang='lat' dir='ltr'><strong>in</strong></span> <span class='ocrx_word' id='word_1_255' title='bbox 878 1894 1173 1949; x_wconf 90' lang='lat' dir='ltr'><strong>discrimen</strong></span> <span class='ocrx_word' id='word_1_256' title='bbox 1196 1895 1503 1950; x_wconf 89' lang='lat' dir='ltr'><strong>abortionis</strong></span> <span class='ocrx_word' id='word_1_257' title='bbox 1528 1897 1695 1961; x_wconf 85' lang='lat' dir='ltr'><strong>venit,</strong></span> <span class='ocrx_word' id='word_1_258' title='bbox 1730 1907 1786 1952; x_wconf 85' lang='lat' dir='ltr'><strong>et</strong></span> <span class='ocrx_word' id='word_1_259' title='bbox 1812 1897 1913 1951; x_wconf 89' lang='lat' dir='ltr'><strong>ite-</strong></span> 
     </span>
    </p>
   </div>
   <div class='ocr_carea' id='block_1_35' title="bbox 327 1984 1910 2055">
    <p class='ocr_par' dir='ltr' id='par_1_35' title="bbox 327 1984 1910 2055">
     <span class='ocr_line' id='line_1_35' title="bbox 327 1984 1910 2055; baseline 0.003 -18"><span class='ocrx_word' id='word_1_260' title='bbox 327 1999 461 2038; x_wconf 87' lang='lat' dir='ltr'><strong>rum</strong></span> <span class='ocrx_word' id='word_1_261' title='bbox 493 1984 662 2050; x_wconf 87' lang='lat' dir='ltr'><strong>misit,</strong></span> <span class='ocrx_word' id='word_1_262' title='bbox 699 1984 826 2053; x_wconf 84' lang='lat' dir='ltr'><strong>quia</strong></span> <span class='ocrx_word' id='word_1_263' title='bbox 859 1985 938 2039; x_wconf 90' lang='lat' dir='ltr'><strong>ire</strong></span> <span class='ocrx_word' id='word_1_264' title='bbox 970 1987 1139 2055; x_wconf 89' lang='lat' dir='ltr'><strong>ipsam</strong></span> <span class='ocrx_word' id='word_1_265' title='bbox 1176 1987 1402 2040; x_wconf 89' lang='lat' dir='ltr'><strong>morbus</strong></span> <span class='ocrx_word' id='word_1_266' title='bbox 1425 1989 1665 2051; x_wconf 87' lang='lat' dir='ltr'><strong>vetabat,</strong></span> <span class='ocrx_word' id='word_1_267' title='bbox 1708 1988 1774 2041; x_wconf 89' lang='lat' dir='ltr'><strong>ad</strong></span> <span class='ocrx_word' id='word_1_268' title='bbox 1808 2004 1910 2042; x_wconf 92' lang='lat' dir='ltr'><strong>no-</strong></span> 
     </span>
    </p>
   </div>
   <div class='ocr_carea' id='block_1_36' title="bbox 324 2078 1910 2148">
    <p class='ocr_par' dir='ltr' id='par_1_36' title="bbox 324 2078 1910 2148">
     <span class='ocr_line' id='line_1_36' title="bbox 324 2078 1910 2148; baseline 0.004 -20"><span class='ocrx_word' id='word_1_269' title='bbox 324 2090 465 2129; x_wconf 80' lang='lat' dir='ltr'><strong>vum</strong></span> <span class='ocrx_word' id='word_1_270' title='bbox 489 2092 650 2130; x_wconf 88' lang='lat' dir='ltr'><strong>suum</strong></span> <span class='ocrx_word' id='word_1_271' title='bbox 671 2078 944 2141; x_wconf 74' lang='lat' dir='ltr'><strong>Eliszeum,</strong></span> <span class='ocrx_word' id='word_1_272' title='bbox 959 2078 1306 2148; x_wconf 82' lang='lat' dir='ltr'><strong>suggeritque</strong></span> <span class='ocrx_word' id='word_1_273' title='bbox 1327 2094 1384 2134; x_wconf 85' lang='lat' dir='ltr'><strong>se</strong></span> <span class='ocrx_word' id='word_1_274' title='bbox 1402 2088 1630 2134; x_wconf 89' lang='lat' dir='ltr'><strong>matrem</strong></span> <span class='ocrx_word' id='word_1_275' title='bbox 1658 2078 1775 2133; x_wconf 85' lang='lat' dir='ltr'><strong>ﬁeri</strong></span> <span class='ocrx_word' id='word_1_276' title='bbox 1800 2095 1910 2135; x_wconf 91' lang='lat' dir='ltr'><strong>non</strong></span> 
     </span>
    </p>
   </div>
   <div class='ocr_carea' id='block_1_37' title="bbox 323 2169 1910 2238">
    <p class='ocr_par' dir='ltr' id='par_1_37' title="bbox 323 2169 1910 2238">
     <span class='ocr_line' id='line_1_37' title="bbox 323 2169 1910 2238; baseline 0.003 -17"><span class='ocrx_word' id='word_1_277' title='bbox 323 2177 576 2238; x_wconf 85' lang='lat' dir='ltr'><strong>optasse,</strong></span> <span class='ocrx_word' id='word_1_278' title='bbox 610 2169 878 2238; x_wconf 88' lang='lat' dir='ltr'><strong>simulque</strong></span> <span class='ocrx_word' id='word_1_279' title='bbox 901 2169 970 2222; x_wconf 93' lang='lat' dir='ltr'><strong>ab</strong></span> <span class='ocrx_word' id='word_1_280' title='bbox 990 2184 1056 2222; x_wconf 91' lang='lat' dir='ltr'><strong>eo</strong></span> <span class='ocrx_word' id='word_1_281' title='bbox 1082 2170 1348 2238; x_wconf 89' lang='lat' dir='ltr'><strong>promissa</strong></span> <span class='ocrx_word' id='word_1_282' title='bbox 1374 2178 1593 2225; x_wconf 81' lang='lat' dir='ltr'><strong>revocat</strong></span> <span class='ocrx_word' id='word_1_283' title='bbox 1623 2172 1676 2224; x_wconf 92' lang='lat' dir='ltr'><strong>in</strong></span> <span class='ocrx_word' id='word_1_284' title='bbox 1700 2186 1910 2225; x_wconf 91' lang='lat' dir='ltr'><strong>memo-</strong></span> 
     </span>
    </p>
   </div>
   <div class='ocr_carea' id='block_1_38' title="bbox 324 2259 1909 2329">
    <p class='ocr_par' dir='ltr' id='par_1_38' title="bbox 324 2259 1909 2329">
     <span class='ocr_line' id='line_1_38' title="bbox 324 2259 1909 2329; baseline 0.003 -17"><span class='ocrx_word' id='word_1_285' title='bbox 324 2259 497 2312; x_wconf 82' lang='lat' dir='ltr'><strong>riam.</strong></span> <span class='ocrx_word' id='word_1_286' title='bbox 540 2260 635 2313; x_wconf 85' lang='lat' dir='ltr'><strong>ille</strong></span> <span class='ocrx_word' id='word_1_287' title='bbox 664 2275 795 2314; x_wconf 87' lang='lat' dir='ltr'><strong>vero</strong></span> <span class='ocrx_word' id='word_1_288' title='bbox 827 2260 1134 2314; x_wconf 83' lang='lat' dir='ltr'><strong>venientem</strong></span> <span class='ocrx_word' id='word_1_289' title='bbox 1161 2262 1349 2329; x_wconf 90' lang='lat' dir='ltr'><strong>procul</strong></span> <span class='ocrx_word' id='word_1_290' title='bbox 1393 2262 1643 2325; x_wconf 91' lang='lat' dir='ltr'><strong>intuitus,</strong></span> <span class='ocrx_word' id='word_1_291' title='bbox 1678 2272 1733 2317; x_wconf 91' lang='lat' dir='ltr'><strong>et</strong></span> <span class='ocrx_word' id='word_1_292' title='bbox 1763 2263 1909 2317; x_wconf 88' lang='lat' dir='ltr'><strong>illam</strong></span> 
     </span>
    </p>
   </div>
   <div class='ocr_carea' id='block_1_39' title="bbox 324 2350 1909 2421">
    <p class='ocr_par' dir='ltr' id='par_1_39' title="bbox 324 2350 1909 2421">
     <span class='ocr_line' id='line_1_39' title="bbox 324 2350 1909 2421; baseline 0.002 -16"><span class='ocrx_word' id='word_1_293' title='bbox 324 2350 580 2421; x_wconf 83' lang='lat' dir='ltr'><strong>agnovit,</strong></span> <span class='ocrx_word' id='word_1_294' title='bbox 617 2358 674 2404; x_wconf 90' lang='lat' dir='ltr'><strong>et</strong></span> <span class='ocrx_word' id='word_1_295' title='bbox 716 2351 874 2420; x_wconf 78' lang='lat'><strong>138</strong></span> <span class='ocrx_word' id='word_1_296' title='bbox 910 2366 1128 2404; x_wconf 90' lang='lat' dir='ltr'><strong>causam</strong></span> <span class='ocrx_word' id='word_1_297' title='bbox 1168 2352 1511 2421; x_wconf 81' lang='lat' dir='ltr'><strong>significavit.</strong></span> <span class='ocrx_word' id='word_1_298' title='bbox 1545 2353 1719 2408; x_wconf 88' lang='lat' dir='ltr'><strong>Noctu</strong></span> <span class='ocrx_word' id='word_1_299' title='bbox 1762 2355 1909 2408; x_wconf 91' lang='lat' dir='ltr'><strong>enim</strong></span> 
     </span>
    </p>
   </div>
   <div class='ocr_carea' id='block_1_40' title="bbox 324 2440 1911 2498">
    <p class='ocr_par' dir='ltr' id='par_1_40' title="bbox 324 2440 1911 2498">
     <span class='ocr_line' id='line_1_40' title="bbox 324 2440 1911 2498; baseline 0.002 -3"><span class='ocrx_word' id='word_1_300' title='bbox 324 2442 603 2495; x_wconf 88' lang='lat' dir='ltr'><strong>Dominus</strong></span> <span class='ocrx_word' id='word_1_301' title='bbox 648 2440 725 2493; x_wconf 92' lang='lat' dir='ltr'><strong>illi</strong></span> <span class='ocrx_word' id='word_1_302' title='bbox 767 2450 822 2494; x_wconf 93' lang='lat' dir='ltr'><strong>et</strong></span> <span class='ocrx_word' id='word_1_303' title='bbox 856 2442 1108 2496; x_wconf 88' lang='lat' dir='ltr'><strong>morbum</strong></span> <span class='ocrx_word' id='word_1_304' title='bbox 1136 2450 1192 2495; x_wconf 90' lang='lat' dir='ltr'><strong>et</strong></span> <span class='ocrx_word' id='word_1_305' title='bbox 1224 2443 1454 2496; x_wconf 88' lang='lat' dir='ltr'><strong>salutem</strong></span> <span class='ocrx_word' id='word_1_306' title='bbox 1486 2443 1772 2498; x_wconf 88' lang='lat' dir='ltr'><strong>indicarat.</strong></span> <span class='ocrx_word' id='word_1_307' title='bbox 1805 2443 1911 2498; x_wconf 88' lang='lat' dir='ltr'><strong>As-</strong></span> 
     </span>
    </p>
   </div>
   <div class='ocr_carea' id='block_1_41' title="bbox 323 2533 1911 2604">
    <p class='ocr_par' dir='ltr' id='par_1_41' title="bbox 323 2533 1911 2604">
     <span class='ocr_line' id='line_1_41' title="bbox 323 2533 1911 2604; baseline 0.001 -17"><span class='ocrx_word' id='word_1_308' title='bbox 323 2542 559 2601; x_wconf 84' lang='lat' dir='ltr'><strong>sumpto</strong></span> <span class='ocrx_word' id='word_1_309' title='bbox 590 2533 754 2602; x_wconf 79' lang='lat' dir='ltr'><strong>igitur</strong></span> <span class='ocrx_word' id='word_1_310' title='bbox 793 2534 988 2588; x_wconf 92' lang='lat' dir='ltr'><strong>baculo</strong></span> <span class='ocrx_word' id='word_1_311' title='bbox 1016 2533 1236 2588; x_wconf 81' lang='lat' dir='ltr'><strong>innixus</strong></span> <span class='ocrx_word' id='word_1_312' title='bbox 1266 2534 1421 2593; x_wconf 86' lang='lat' dir='ltr'><strong>abiit,</strong></span> <span class='ocrx_word' id='word_1_313' title='bbox 1454 2534 1788 2604; x_wconf 89' lang='lat' dir='ltr'><strong>domumque</strong></span> <span class='ocrx_word' id='word_1_314' title='bbox 1825 2534 1911 2589; x_wconf 88' lang='lat' dir='ltr'><strong>in-</strong></span> 
     </span>
    </p>
   </div>
   <div class='ocr_carea' id='block_1_42' title="bbox 322 2624 1908 2693">
    <p class='ocr_par' dir='ltr' id='par_1_42' title="bbox 322 2624 1908 2693">
     <span class='ocr_line' id='line_1_42' title="bbox 322 2624 1908 2693; baseline 0.003 -19"><span class='ocrx_word' id='word_1_315' title='bbox 322 2639 583 2693; x_wconf 78' lang='lat' dir='ltr'><strong>gressus,</strong></span> <span class='ocrx_word' id='word_1_316' title='bbox 616 2633 671 2677; x_wconf 92' lang='lat' dir='ltr'><strong>et</strong></span> <span class='ocrx_word' id='word_1_317' title='bbox 692 2624 857 2692; x_wconf 89' lang='lat' dir='ltr'><strong>pacis,</strong></span> <span class='ocrx_word' id='word_1_318' title='bbox 883 2632 943 2678; x_wconf 90' lang='lat' dir='ltr'><strong>ut</strong></span> <span class='ocrx_word' id='word_1_319' title='bbox 958 2625 1188 2689; x_wconf 88' lang='lat' dir='ltr'><strong>solebat,</strong></span> <span class='ocrx_word' id='word_1_320' title='bbox 1209 2624 1537 2680; x_wconf 87' lang='lat' dir='ltr'><strong>salutatione</strong></span> <span class='ocrx_word' id='word_1_321' title='bbox 1558 2625 1685 2679; x_wconf 89' lang='lat' dir='ltr'><strong>data</strong></span> <span class='ocrx_word' id='word_1_322' title='bbox 1711 2624 1908 2692; x_wconf 87' lang='lat' dir='ltr'><strong>:Bono,</strong></span> 
     </span>
    </p>
   </div>
   <div class='ocr_carea' id='block_1_43' title="bbox 325 2712 1910 2784">
    <p class='ocr_par' dir='ltr' id='par_1_43' title="bbox 325 2712 1910 2784">
     <span class='ocr_line' id='line_1_43' title="bbox 325 2712 1910 2784; baseline 0.002 -20"><span class='ocrx_word' id='word_1_323' title='bbox 325 2712 546 2779; x_wconf 89' lang='lat' dir='ltr'><strong>inquit,</strong></span> <span class='ocrx_word' id='word_1_324' title='bbox 572 2713 641 2765; x_wconf 78' lang='lat' dir='ltr'><strong>sis</strong></span> <span class='ocrx_word' id='word_1_325' title='bbox 670 2715 867 2777; x_wconf 87' lang='lat' dir='ltr'><strong>animo,</strong></span> <span class='ocrx_word' id='word_1_326' title='bbox 893 2729 984 2766; x_wconf 85' lang='lat' dir='ltr'><strong>nec</strong></span> <span class='ocrx_word' id='word_1_327' title='bbox 1008 2714 1226 2768; x_wconf 84' lang='lat' dir='ltr'><strong>timeas:</strong></span> <span class='ocrx_word' id='word_1_328' title='bbox 1254 2730 1417 2784; x_wconf 89' lang='lat' dir='ltr'><strong>neque</strong></span> <span class='ocrx_word' id='word_1_329' title='bbox 1432 2715 1568 2767; x_wconf 85' lang='lat' dir='ltr'><strong>enim</strong></span> <span class='ocrx_word' id='word_1_330' title='bbox 1589 2714 1787 2767; x_wconf 84' lang='lat' dir='ltr'><strong>donum</strong></span> <span class='ocrx_word' id='word_1_331' title='bbox 1810 2731 1910 2767; x_wconf 88' lang='lat' dir='ltr'><strong>au-</strong></span> 
     </span>
    </p>
   </div>
   <div class='ocr_carea' id='block_1_44' title="bbox 324 2802 1914 2875">
    <p class='ocr_par' dir='ltr' id='par_1_44' title="bbox 324 2802 1914 2875">
     <span class='ocr_line' id='line_1_44' title="bbox 324 2802 1914 2875; baseline 0.003 -22"><span class='ocrx_word' id='word_1_332' title='bbox 324 2802 492 2870; x_wconf 79' lang='lat' dir='ltr'><strong>feret,</strong></span> <span class='ocrx_word' id='word_1_333' title='bbox 532 2804 618 2872; x_wconf 85' lang='lat' dir='ltr'><strong>qui</strong></span> <span class='ocrx_word' id='word_1_334' title='bbox 655 2803 814 2867; x_wconf 81' lang='lat' dir='ltr'><strong>dedit,</strong></span> <span class='ocrx_word' id='word_1_335' title='bbox 853 2804 954 2858; x_wconf 87' lang='lat' dir='ltr'><strong>nisi</strong></span> <span class='ocrx_word' id='word_1_336' title='bbox 987 2813 1043 2857; x_wconf 84' lang='lat' dir='ltr'><strong>tu</strong></span> <span class='ocrx_word' id='word_1_337' title='bbox 1073 2806 1207 2858; x_wconf 89' lang='lat' dir='ltr'><strong>inita</strong></span> <span class='ocrx_word' id='word_1_338' title='bbox 1239 2812 1395 2875; x_wconf 84' lang='lat' dir='ltr'><strong>pacta</strong></span> <span class='ocrx_word' id='word_1_339' title='bbox 1432 2803 1667 2858; x_wconf 81' lang='lat' dir='ltr'><strong>violaris.</strong></span> <span class='ocrx_word' id='word_1_340' title='bbox 1705 2805 1914 2859; x_wconf 86' lang='lat' dir='ltr'><strong>Promi-</strong></span> 
     </span>
    </p>
   </div>
   <div class='ocr_carea' id='block_1_45' title="bbox 2022 1703 3590 1776">
    <p class='ocr_par' dir='ltr' id='par_1_45' title="bbox 2022 1703 3590 1776">
     <span class='ocr_line' id='line_1_45' title="bbox 2022 1703 3590 1776; baseline -0.004 -14"><span class='ocrx_word' id='word_1_341' title='bbox 2022 1710 2093 1763; x_wconf 90' lang='lat' dir='ltr'><strong>tia</strong></span> <span class='ocrx_word' id='word_1_342' title='bbox 2148 1708 2443 1763; x_wconf 88' lang='lat' dir='ltr'><strong>clamorem</strong></span> <span class='ocrx_word' id='word_1_343' title='bbox 2505 1708 2658 1762; x_wconf 92' lang='lat' dir='ltr'><strong>illum</strong></span> <span class='ocrx_word' id='word_1_344' title='bbox 2723 1708 3124 1776; x_wconf 81' lang='lat' dir='ltr'><strong>expresserat),</strong></span> <span class='ocrx_word' id='word_1_345' title='bbox 3189 1705 3452 1775; x_wconf 77' lang='lat' dir='ltr'><strong>praecepit</strong></span> <span class='ocrx_word' id='word_1_346' title='bbox 3504 1703 3590 1757; x_wconf 90' lang='lat' dir='ltr'><strong>vir</strong></span> 
     </span>
    </p>
   </div>
   <div class='ocr_carea' id='block_1_46' title="bbox 2017 1794 3588 1869">
    <p class='ocr_par' dir='ltr' id='par_1_46' title="bbox 2017 1794 3588 1869">
     <span class='ocr_line' id='line_1_46' title="bbox 2017 1794 3588 1869; baseline -0.005 -14"><span class='ocrx_word' id='word_1_347' title='bbox 2017 1800 2257 1862; x_wconf 89' lang='lat' dir='ltr'><strong>divinus,</strong></span> <span class='ocrx_word' id='word_1_348' title='bbox 2293 1809 2352 1852; x_wconf 90' lang='lat' dir='ltr'><strong>ut</strong></span> <span class='ocrx_word' id='word_1_349' title='bbox 2395 1808 2616 1853; x_wconf 88' lang='lat' dir='ltr'><strong>orarent</strong></span> <span class='ocrx_word' id='word_1_350' title='bbox 2658 1814 2781 1853; x_wconf 91' lang='lat' dir='ltr'><strong>cum</strong></span> <span class='ocrx_word' id='word_1_351' title='bbox 2829 1798 2946 1869; x_wconf 91' lang='lat' dir='ltr'><strong>ipso</strong></span> <span class='ocrx_word' id='word_1_352' title='bbox 2991 1799 3279 1852; x_wconf 73' lang='lat' dir='ltr'><strong>universae.</strong></span> <span class='ocrx_word' id='word_1_353' title='bbox 3312 1796 3404 1850; x_wconf 84' lang='lat' dir='ltr'><strong>Sic</strong></span> <span class='ocrx_word' id='word_1_354' title='bbox 3439 1794 3588 1849; x_wconf 89' lang='lat' dir='ltr'><strong>enim</strong></span> 
     </span>
    </p>
   </div>
   <div class='ocr_carea' id='block_1_47' title="bbox 2015 1885 3586 1959">
    <p class='ocr_par' dir='ltr' id='par_1_47' title="bbox 2015 1885 3586 1959">
     <span class='ocr_line' id='line_1_47' title="bbox 2015 1885 3586 1959; baseline -0.008 -11"><span class='ocrx_word' id='word_1_355' title='bbox 2015 1892 2247 1948; x_wconf 88' lang='lat' dir='ltr'><strong>salutem</strong></span> <span class='ocrx_word' id='word_1_356' title='bbox 2285 1890 2559 1959; x_wconf 88' lang='lat' dir='ltr'><strong>recepisse</strong></span> <span class='ocrx_word' id='word_1_357' title='bbox 2598 1890 2815 1944; x_wconf 87' lang='lat' dir='ltr'><strong>dicebat</strong></span> <span class='ocrx_word' id='word_1_358' title='bbox 2852 1888 3162 1949; x_wconf 90' lang='lat' dir='ltr'><strong>Tabitbam,</strong></span> <span class='ocrx_word' id='word_1_359' title='bbox 3193 1885 3375 1939; x_wconf 84' lang='lat' dir='ltr'><strong>viduis</strong></span> <span class='ocrx_word' id='word_1_360' title='bbox 3408 1886 3586 1954; x_wconf 76' lang='lat' dir='ltr'><strong>lacry-</strong></span> 
     </span>
    </p>
   </div>
   <div class='ocr_carea' id='block_1_48' title="bbox 2014 1976 3587 2051">
    <p class='ocr_par' dir='ltr' id='par_1_48' title="bbox 2014 1976 3587 2051">
     <span class='ocr_line' id='line_1_48' title="bbox 2014 1976 3587 2051; baseline -0.006 -14"><span class='ocrx_word' id='word_1_361' title='bbox 2014 1983 2315 2046; x_wconf 89' lang='lat' dir='ltr'><strong>mantibus,</strong></span> <span class='ocrx_word' id='word_1_362' title='bbox 2359 1989 2416 2035; x_wconf 89' lang='lat' dir='ltr'><strong>et</strong></span> <span class='ocrx_word' id='word_1_363' title='bbox 2458 1996 2653 2051; x_wconf 87' lang='lat' dir='ltr'><strong>magno</strong></span> <span class='ocrx_word' id='word_1_364' title='bbox 2687 1982 2849 2035; x_wconf 88' lang='lat' dir='ltr'><strong>Petro</strong></span> <span class='ocrx_word' id='word_1_365' title='bbox 2892 1981 3109 2035; x_wconf 89' lang='lat' dir='ltr'><strong>illarum</strong></span> <span class='ocrx_word' id='word_1_366' title='bbox 3159 1980 3270 2032; x_wconf 91' lang='lat' dir='ltr'><strong>Deo</strong></span> <span class='ocrx_word' id='word_1_367' title='bbox 3321 1976 3587 2047; x_wconf 80' lang='lat' dir='ltr'><strong>lacrymas</strong></span> 
     </span>
    </p>
   </div>
   <div class='ocr_carea' id='block_1_49' title="bbox 2021 2067 3588 2143">
    <p class='ocr_par' dir='ltr' id='par_1_49' title="bbox 2021 2067 3588 2143">
     <span class='ocr_line' id='line_1_49' title="bbox 2021 2067 3588 2143; baseline -0.006 -15"><span class='ocrx_word' id='word_1_368' title='bbox 2021 2075 2179 2143; x_wconf 80' lang='lat'><strong>139</strong></span> <span class='ocrx_word' id='word_1_369' title='bbox 2201 2074 2487 2127; x_wconf 81' lang='lat' dir='ltr'><strong>offerente.</strong></span> <span class='ocrx_word' id='word_1_370' title='bbox 2515 2072 2758 2128; x_wconf 90' lang='lat' dir='ltr'><strong>Orarunt</strong></span> <span class='ocrx_word' id='word_1_371' title='bbox 2781 2080 2843 2125; x_wconf 92' lang='lat' dir='ltr'><strong>ut</strong></span> <span class='ocrx_word' id='word_1_372' title='bbox 2862 2074 3120 2142; x_wconf 85' lang='lat' dir='ltr'><strong>jusserat,</strong></span> <span class='ocrx_word' id='word_1_373' title='bbox 3144 2077 3200 2124; x_wconf 92' lang='lat' dir='ltr'><strong>et</strong></span> <span class='ocrx_word' id='word_1_374' title='bbox 3221 2067 3431 2137; x_wconf 73' lang='lat' dir='ltr'><strong>adepta:</strong></span> <span class='ocrx_word' id='word_1_375' title='bbox 3461 2075 3588 2120; x_wconf 90' lang='lat' dir='ltr'><strong>sunt</strong></span> 
     </span>
    </p>
   </div>
   <div class='ocr_carea' id='block_1_50' title="bbox 2015 2163 3588 2236">
    <p class='ocr_par' dir='ltr' id='par_1_50' title="bbox 2015 2163 3588 2236">
     <span class='ocr_line' id='line_1_50' title="bbox 2015 2163 3588 2236; baseline -0.004 -16"><span class='ocrx_word' id='word_1_376' title='bbox 2015 2175 2077 2221; x_wconf 89' lang='lat' dir='ltr'><strong>ut</strong></span> <span class='ocrx_word' id='word_1_377' title='bbox 2121 2166 2386 2236; x_wconf 73' lang='lat' dir='ltr'><strong>przedixit.</strong></span> <span class='ocrx_word' id='word_1_378' title='bbox 2432 2165 2610 2219; x_wconf 88' lang='lat' dir='ltr'><strong>Finita</strong></span> <span class='ocrx_word' id='word_1_379' title='bbox 2654 2166 2800 2231; x_wconf 82' lang='lat' dir='ltr'><strong>enim</strong></span> <span class='ocrx_word' id='word_1_380' title='bbox 2849 2165 3118 2226; x_wconf 90' lang='lat' dir='ltr'><strong>oratione,</strong></span> <span class='ocrx_word' id='word_1_381' title='bbox 3161 2163 3324 2216; x_wconf 84' lang='lat' dir='ltr'><strong>linem</strong></span> <span class='ocrx_word' id='word_1_382' title='bbox 3368 2175 3588 2229; x_wconf 86' lang='lat' dir='ltr'><strong>quoque</strong></span> 
     </span>
    </p>
   </div>
   <div class='ocr_carea' id='block_1_51' title="bbox 2014 2250 3589 2326">
    <p class='ocr_par' dir='ltr' id='par_1_51' title="bbox 2014 2250 3589 2326">
     <span class='ocr_line' id='line_1_51' title="bbox 2014 2250 3589 2326; baseline -0.003 -17"><span class='ocrx_word' id='word_1_383' title='bbox 2014 2257 2239 2311; x_wconf 88' lang='lat' dir='ltr'><strong>morbus</strong></span> <span class='ocrx_word' id='word_1_384' title='bbox 2277 2257 2519 2326; x_wconf 88' lang='lat' dir='ltr'><strong>accepit,</strong></span> <span class='ocrx_word' id='word_1_385' title='bbox 2556 2256 2835 2325; x_wconf 89' lang='lat' dir='ltr'><strong>sudorque</strong></span> <span class='ocrx_word' id='word_1_386' title='bbox 2871 2271 2999 2311; x_wconf 88' lang='lat' dir='ltr'><strong>mox</strong></span> <span class='ocrx_word' id='word_1_387' title='bbox 3032 2254 3272 2322; x_wconf 90' lang='lat' dir='ltr'><strong>undique</strong></span> <span class='ocrx_word' id='word_1_388' title='bbox 3310 2250 3589 2321; x_wconf 84' lang='lat' dir='ltr'><strong>proﬂuens</strong></span> 
     </span>
    </p>
   </div>
   <div class='ocr_carea' id='block_1_52' title="bbox 2015 2348 2804 2405">
    <p class='ocr_par' dir='ltr' id='par_1_52' title="bbox 2015 2348 2804 2405">
     <span class='ocr_line' id='line_1_52' title="bbox 2015 2348 2804 2405; baseline -0.005 -2"><span class='ocrx_word' id='word_1_389' title='bbox 2015 2348 2268 2405; x_wconf 90' lang='lat' dir='ltr'><strong>ardorem</strong></span> <span class='ocrx_word' id='word_1_390' title='bbox 2297 2349 2447 2402; x_wconf 93' lang='lat' dir='ltr'><strong>illum</strong></span> <span class='ocrx_word' id='word_1_391' title='bbox 2475 2348 2754 2402; x_wconf 77' lang='lat' dir='ltr'><strong>exstinxit.</strong></span> <span class='ocrx_word' id='word_1_392' title='bbox 2787 2367 2804 2397; x_wconf 73' lang='grc' dir='ltr'><strong><em>ι</em></strong></span> 
     </span>
    </p>
   </div>
   <div class='ocr_carea' id='block_1_53' title="bbox 2084 2434 3587 2510">
    <p class='ocr_par' dir='ltr' id='par_1_53' title="bbox 2084 2434 3587 2510">
     <span class='ocr_line' id='line_1_53' title="bbox 2084 2434 3587 2510; baseline -0.007 -14"><span class='ocrx_word' id='word_1_393' title='bbox 2084 2441 2345 2510; x_wconf 86' lang='lat' dir='ltr'><strong>Ejusdem</strong></span> <span class='ocrx_word' id='word_1_394' title='bbox 2366 2440 2509 2495; x_wconf 88' lang='lat' dir='ltr'><strong>Petri</strong></span> <span class='ocrx_word' id='word_1_395' title='bbox 2538 2456 2673 2493; x_wconf 87' lang='lat' dir='ltr'><strong>zona</strong></span> <span class='ocrx_word' id='word_1_396' title='bbox 2698 2455 2808 2493; x_wconf 93' lang='lat' dir='ltr'><strong>non</strong></span> <span class='ocrx_word' id='word_1_397' title='bbox 2834 2438 3001 2493; x_wconf 90' lang='lat' dir='ltr'><strong>semel</strong></span> <span class='ocrx_word' id='word_1_398' title='bbox 3024 2452 3053 2491; x_wconf 90' lang='lat' dir='ltr'><strong>a</strong></span> <span class='ocrx_word' id='word_1_399' title='bbox 3078 2438 3271 2492; x_wconf 87' lang='lat' dir='ltr'><strong>morbo</strong></span> <span class='ocrx_word' id='word_1_400' title='bbox 3298 2453 3398 2507; x_wconf 85' lang='lat' dir='ltr'><strong>per</strong></span> <span class='ocrx_word' id='word_1_401' title='bbox 3420 2434 3587 2489; x_wconf 88' lang='lat' dir='ltr'><strong>mira-</strong></span> 
     </span>
    </p>
   </div>
   <div class='ocr_carea' id='block_1_54' title="bbox 2015 2528 3588 2599">
    <p class='ocr_par' dir='ltr' id='par_1_54' title="bbox 2015 2528 3588 2599">
     <span class='ocr_line' id='line_1_54' title="bbox 2015 2528 3588 2599; baseline -0.006 -13"><span class='ocrx_word' id='word_1_402' title='bbox 2015 2533 2197 2587; x_wconf 90' lang='lat' dir='ltr'><strong>culum</strong></span> <span class='ocrx_word' id='word_1_403' title='bbox 2230 2532 2607 2586; x_wconf 88' lang='lat' dir='ltr'><strong>Theodoretus</strong></span> <span class='ocrx_word' id='word_1_404' title='bbox 2648 2531 2764 2599; x_wconf 89' lang='lat' dir='ltr'><strong>ipse</strong></span> <span class='ocrx_word' id='word_1_405' title='bbox 2804 2530 3015 2584; x_wconf 87' lang='lat' dir='ltr'><strong>solutus</strong></span> <span class='ocrx_word' id='word_1_406' title='bbox 3044 2536 3146 2582; x_wconf 91' lang='lat' dir='ltr'><strong>est.</strong></span> <span class='ocrx_word' id='word_1_407' title='bbox 3190 2547 3206 2577; x_wconf 75' lang='grc' dir='ltr'>ι</span> <span class='ocrx_word' id='word_1_408' title='bbox 3241 2528 3413 2597; x_wconf 84' lang='lat' dir='ltr'><strong>lltijus</strong></span> <span class='ocrx_word' id='word_1_409' title='bbox 3447 2540 3588 2595; x_wconf 64' lang='lat' dir='ltr'><strong>quo~</strong></span> 
     </span>
    </p>
   </div>
   <div class='ocr_carea' id='block_1_55' title="bbox 2014 2619 3586 2691">
    <p class='ocr_par' dir='ltr' id='par_1_55' title="bbox 2014 2619 3586 2691">
     <span class='ocr_line' id='line_1_55' title="bbox 2014 2619 3586 2691; baseline -0.005 -14"><span class='ocrx_word' id='word_1_410' title='bbox 2014 2639 2122 2691; x_wconf 90' lang='lat' dir='ltr'><strong>que</strong></span> <span class='ocrx_word' id='word_1_411' title='bbox 2147 2621 2190 2688; x_wconf 81' lang='grc'><strong>⁸,</strong></span> <span class='ocrx_word' id='word_1_412' title='bbox 2213 2623 2408 2691; x_wconf 91' lang='lat' dir='ltr'><strong>inquit,</strong></span> <span class='ocrx_word' id='word_1_413' title='bbox 2434 2623 2575 2676; x_wconf 90' lang='lat' dir='ltr'><strong>sicut</strong></span> <span class='ocrx_word' id='word_1_414' title='bbox 2593 2621 2898 2676; x_wconf 88' lang='lat' dir='ltr'><strong>beatissimi</strong></span> <span class='ocrx_word' id='word_1_415' title='bbox 2924 2619 3077 2675; x_wconf 89' lang='lat' dir='ltr'><strong>Pauli</strong></span> <span class='ocrx_word' id='word_1_416' title='bbox 3104 2619 3427 2674; x_wconf 86' lang='lat' dir='ltr'><strong>vestimenta</strong></span> <span class='ocrx_word' id='word_1_417' title='bbox 3457 2630 3586 2685; x_wconf 87' lang='lat' dir='ltr'><strong>ope-</strong></span> 
     </span>
    </p>
   </div>
   <div class='ocr_carea' id='block_1_56' title="bbox 2015 2708 3590 2776">
    <p class='ocr_par' dir='ltr' id='par_1_56' title="bbox 2015 2708 3590 2776">
     <span class='ocr_line' id='line_1_56' title="bbox 2015 2708 3590 2776; baseline -0.005 -9"><span class='ocrx_word' id='word_1_418' title='bbox 2015 2713 2299 2767; x_wconf 89' lang='lat' dir='ltr'><strong>rabantur.</strong></span> <span class='ocrx_word' id='word_1_419' title='bbox 2325 2713 2460 2767; x_wconf 89' lang='lat' dir='ltr'><strong>Nam</strong></span> <span class='ocrx_word' id='word_1_420' title='bbox 2483 2728 2619 2766; x_wconf 84' lang='lat' dir='ltr'><strong>zona</strong></span> <span class='ocrx_word' id='word_1_421' title='bbox 2647 2728 2740 2766; x_wconf 89' lang='lat' dir='ltr'><strong>sua</strong></span> <span class='ocrx_word' id='word_1_422' title='bbox 2766 2711 3017 2765; x_wconf 84' lang='lat' dir='ltr'><strong>bifariam</strong></span> <span class='ocrx_word' id='word_1_423' title='bbox 3042 2710 3237 2773; x_wconf 86' lang='lat' dir='ltr'><strong>divisa,</strong></span> <span class='ocrx_word' id='word_1_424' title='bbox 3254 2710 3361 2763; x_wconf 89' lang='lat' dir='ltr'><strong>lata</strong></span> <span class='ocrx_word' id='word_1_425' title='bbox 3387 2708 3590 2776; x_wconf 88' lang='lat' dir='ltr'><strong>quippe</strong></span> 
     </span>
    </p>
   </div>
   <div class='ocr_carea' id='block_1_57' title="bbox 2015 2803 3590 2875">
    <p class='ocr_par' dir='ltr' id='par_1_57' title="bbox 2015 2803 3590 2875">
     <span class='ocr_line' id='line_1_57' title="bbox 2015 2803 3590 2875; baseline -0.007 -15"><span class='ocrx_word' id='word_1_426' title='bbox 2015 2814 2071 2860; x_wconf 90' lang='lat' dir='ltr'><strong>et</strong></span> <span class='ocrx_word' id='word_1_427' title='bbox 2099 2805 2260 2875; x_wconf 88' lang='lat' dir='ltr'><strong>longa</strong></span> <span class='ocrx_word' id='word_1_428' title='bbox 2291 2811 2432 2867; x_wconf 91' lang='lat' dir='ltr'><strong>erat,</strong></span> <span class='ocrx_word' id='word_1_429' title='bbox 2479 2819 2667 2858; x_wconf 90' lang='lat' dir='ltr'><strong>crasso</strong></span> <span class='ocrx_word' id='word_1_430' title='bbox 2710 2819 2776 2857; x_wconf 88' lang='lat' dir='ltr'><strong>ex</strong></span> <span class='ocrx_word' id='word_1_431' title='bbox 2827 2803 2940 2856; x_wconf 91' lang='lat' dir='ltr'><strong>lino</strong></span> <span class='ocrx_word' id='word_1_432' title='bbox 2981 2809 3255 2861; x_wconf 85' lang='lat' dir='ltr'><strong>contexta,</strong></span> <span class='ocrx_word' id='word_1_433' title='bbox 3295 2807 3450 2868; x_wconf 87' lang='lat' dir='ltr'><strong>parte</strong></span> <span class='ocrx_word' id='word_1_434' title='bbox 3481 2812 3590 2850; x_wconf 85' lang='lat' dir='ltr'><strong>una</strong></span> 
     </span>
    </p>
   </div>
   <div class='ocr_carea' id='block_1_58' title="bbox 325 2891 3589 2975">
    <p class='ocr_par' dir='ltr' id='par_1_58' title="bbox 325 2891 3589 2975">
     <span class='ocr_line' id='line_1_58' title="bbox 325 2891 3589 2975; baseline -0.002 -27"><span class='ocrx_word' id='word_1_435' title='bbox 325 2895 459 2948; x_wconf 75' lang='lat' dir='ltr'><strong>sisti</strong></span> <span class='ocrx_word' id='word_1_436' title='bbox 508 2911 691 2965; x_wconf 83' lang='lat' dir='ltr'><strong>nempe</strong></span> <span class='ocrx_word' id='word_1_437' title='bbox 736 2894 1062 2949; x_wconf 84' lang='lat' dir='ltr'><strong>reddituram</strong></span> <span class='ocrx_word' id='word_1_438' title='bbox 1096 2904 1145 2949; x_wconf 87' lang='lat' dir='ltr'><strong>te</strong></span> <span class='ocrx_word' id='word_1_439' title='bbox 1195 2895 1334 2966; x_wconf 89' lang='lat' dir='ltr'><strong>quod</strong></span> <span class='ocrx_word' id='word_1_440' title='bbox 1371 2895 1601 2959; x_wconf 87' lang='lat' dir='ltr'><strong>dabitur,</strong></span> <span class='ocrx_word' id='word_1_441' title='bbox 1638 2895 1913 2965; x_wconf 82' lang='lat' dir='ltr'><strong>divinaque</strong></span> <span class='ocrx_word' id='word_1_442' title='bbox 1942 2919 1984 2975; x_wconf 69' lang='grc' dir='ltr'>ο</span> <span class='ocrx_word' id='word_1_443' title='bbox 2017 2911 2175 2951; x_wconf 90' lang='lat' dir='ltr'><strong>renes</strong></span> <span class='ocrx_word' id='word_1_444' title='bbox 2214 2911 2344 2950; x_wconf 88' lang='lat' dir='ltr'><strong>suos</strong></span> <span class='ocrx_word' id='word_1_445' title='bbox 2374 2896 2574 2958; x_wconf 83' lang='lat' dir='ltr'><strong>cinxit,</strong></span> <span class='ocrx_word' id='word_1_446' title='bbox 2608 2896 2779 2949; x_wconf 89' lang='lat' dir='ltr'><strong>altera</strong></span> <span class='ocrx_word' id='word_1_447' title='bbox 2812 2908 2983 2946; x_wconf 90' lang='lat' dir='ltr'><strong>meos.</strong></span> <span class='ocrx_word' id='word_1_448' title='bbox 3021 2891 3175 2945; x_wconf 84' lang='lat' dir='ltr'><strong>lianc</strong></span> <span class='ocrx_word' id='word_1_449' title='bbox 3202 2898 3378 2944; x_wconf 88' lang='lat' dir='ltr'><strong>mater</strong></span> <span class='ocrx_word' id='word_1_450' title='bbox 3415 2903 3589 2957; x_wconf 54' lang='grc' dir='ltr'><strong>πετο-</strong></span> 
     </span>
    </p>
   </div>
   <div class='ocr_carea' id='block_1_59' title="bbox 330 2985 1911 3054">
    <p class='ocr_par' dir='ltr' id='par_1_59' title="bbox 330 2985 1911 3054">
     <span class='ocr_line' id='line_1_59' title="bbox 330 2985 1911 3054; baseline 0.001 -17"><span class='ocrx_word' id='word_1_451' title='bbox 330 2986 585 3054; x_wconf 63' lang='lat' dir='ltr'><strong>obsequio</strong></span> <span class='ocrx_word' id='word_1_452' title='bbox 638 2995 1085 3040; x_wconf 77' lang='lat' dir='ltr'><strong>consecraturam.</strong></span> <span class='ocrx_word' id='word_1_453' title='bbox 1138 2985 1228 3041; x_wconf 91' lang='lat' dir='ltr'><strong>Sic</strong></span> <span class='ocrx_word' id='word_1_454' title='bbox 1279 2995 1335 3042; x_wconf 90' lang='lat' dir='ltr'><strong>et</strong></span> <span class='ocrx_word' id='word_1_455' title='bbox 1388 3001 1525 3054; x_wconf 88' lang='lat' dir='ltr'><strong>ego,</strong></span> <span class='ocrx_word' id='word_1_456' title='bbox 1590 2985 1667 3039; x_wconf 89' lang='lat' dir='ltr'><strong>ait</strong></span> <span class='ocrx_word' id='word_1_457' title='bbox 1719 2994 1911 3051; x_wconf 90' lang='lat' dir='ltr'><strong>mater,</strong></span> 
     </span>
    </p>
   </div>
   <div class='ocr_carea' id='block_1_60' title="bbox 324 3074 1917 3145">
    <p class='ocr_par' dir='ltr' id='par_1_60' title="bbox 324 3074 1917 3145">
     <span class='ocr_line' id='line_1_60' title="bbox 324 3074 1917 3145; baseline -0.001 -16"><span class='ocrx_word' id='word_1_458' title='bbox 324 3090 539 3142; x_wconf 85' lang='lat' dir='ltr'><strong>parere</strong></span> <span class='ocrx_word' id='word_1_459' title='bbox 566 3076 687 3129; x_wconf 85' lang='lat' dir='ltr'><strong>volo</strong></span> <span class='ocrx_word' id='word_1_460' title='bbox 709 3083 765 3130; x_wconf 89' lang='lat' dir='ltr'><strong>et</strong></span> <span class='ocrx_word' id='word_1_461' title='bbox 791 3084 940 3145; x_wconf 92' lang='lat' dir='ltr'><strong>opto.</strong></span> <span class='ocrx_word' id='word_1_462' title='bbox 980 3075 1250 3129; x_wconf 89' lang='lat' dir='ltr'><strong>Potiorem</strong></span> <span class='ocrx_word' id='word_1_463' title='bbox 1283 3074 1426 3128; x_wconf 90' lang='lat' dir='ltr'><strong>enim</strong></span> <span class='ocrx_word' id='word_1_464' title='bbox 1458 3074 1765 3127; x_wconf 87' lang='lat' dir='ltr'><strong>abortivum</strong></span> <span class='ocrx_word' id='word_1_465' title='bbox 1792 3091 1917 3143; x_wconf 89' lang='lat' dir='ltr'><strong>par-</strong></span> 
     </span>
    </p>
   </div>
   <div class='ocr_carea' id='block_1_61' title="bbox 334 3165 1916 3237">
    <p class='ocr_par' dir='ltr' id='par_1_61' title="bbox 334 3165 1916 3237">
     <span class='ocr_line' id='line_1_61' title="bbox 334 3165 1916 3237; baseline 0.001 -17"><span class='ocrx_word' id='word_1_466' title='bbox 334 3177 463 3221; x_wconf 82' lang='lat' dir='ltr'><strong>tum</strong></span> <span class='ocrx_word' id='word_1_467' title='bbox 497 3167 763 3232; x_wconf 87' lang='lat' dir='ltr'><strong>duxerim,</strong></span> <span class='ocrx_word' id='word_1_468' title='bbox 799 3183 959 3237; x_wconf 90' lang='lat' dir='ltr'><strong>quam</strong></span> <span class='ocrx_word' id='word_1_469' title='bbox 995 3167 1224 3221; x_wconf 90' lang='lat' dir='ltr'><strong>alienam</strong></span> <span class='ocrx_word' id='word_1_470' title='bbox 1253 3165 1344 3220; x_wconf 88' lang='lat' dir='ltr'><strong>filii</strong></span> <span class='ocrx_word' id='word_1_471' title='bbox 1369 3166 1768 3221; x_wconf 82' lang='lat' dir='ltr'><strong>educationem.</strong></span> <span class='ocrx_word' id='word_1_472' title='bbox 1792 3166 1916 3221; x_wconf 86' lang='lat' dir='ltr'><strong>Bibe</strong></span> 
     </span>
    </p>
   </div>
   <div class='ocr_carea' id='block_1_62' title="bbox 331 3258 1914 3328">
    <p class='ocr_par' dir='ltr' id='par_1_62' title="bbox 331 3258 1914 3328">
     <span class='ocr_line' id='line_1_62' title="bbox 331 3258 1914 3328; baseline 0.001 -18"><span class='ocrx_word' id='word_1_473' title='bbox 331 3258 531 3328; x_wconf 79' lang='lat' dir='ltr'><strong>igitur,</strong></span> <span class='ocrx_word' id='word_1_474' title='bbox 558 3258 731 3328; x_wconf 90' lang='lat' dir='ltr'><strong>inquit</strong></span> <span class='ocrx_word' id='word_1_475' title='bbox 764 3260 850 3313; x_wconf 92' lang='lat' dir='ltr'><strong>vir</strong></span> <span class='ocrx_word' id='word_1_476' title='bbox 884 3259 1122 3322; x_wconf 89' lang='lat' dir='ltr'><strong>divinus,</strong></span> <span class='ocrx_word' id='word_1_477' title='bbox 1150 3260 1283 3312; x_wconf 85' lang='lat' dir='ltr'><strong>hanc</strong></span> <span class='ocrx_word' id='word_1_478' title='bbox 1305 3275 1522 3328; x_wconf 87' lang='lat' dir='ltr'><strong>aquam,</strong></span> <span class='ocrx_word' id='word_1_479' title='bbox 1550 3265 1597 3310; x_wconf 87' lang='lat' dir='ltr'><strong>et</strong></span> <span class='ocrx_word' id='word_1_480' title='bbox 1620 3259 1809 3311; x_wconf 81' lang='lat' dir='ltr'><strong>senties</strong></span> <span class='ocrx_word' id='word_1_481' title='bbox 1834 3258 1914 3311; x_wconf 77' lang='lat' dir='ltr'><strong>di-</strong></span> 
     </span>
    </p>
   </div>
   <div class='ocr_carea' id='block_1_63' title="bbox 334 3346 1914 3419">
    <p class='ocr_par' dir='ltr' id='par_1_63' title="bbox 334 3346 1914 3419">
     <span class='ocr_line' id='line_1_63' title="bbox 334 3346 1914 3419; baseline 0 -16"><span class='ocrx_word' id='word_1_482' title='bbox 334 3351 529 3403; x_wconf 69' lang='lat' dir='ltr'><strong>uinum</strong></span> <span class='ocrx_word' id='word_1_483' title='bbox 566 3350 840 3403; x_wconf 71' lang='lat' dir='ltr'><strong>auxilium.</strong></span> <span class='ocrx_word' id='word_1_484' title='bbox 883 3350 1026 3403; x_wconf 87' lang='lat' dir='ltr'><strong>Bibit</strong></span> <span class='ocrx_word' id='word_1_485' title='bbox 1063 3348 1155 3403; x_wconf 90' lang='lat' dir='ltr'><strong>illa</strong></span> <span class='ocrx_word' id='word_1_486' title='bbox 1199 3357 1260 3402; x_wconf 91' lang='lat' dir='ltr'><strong>ut</strong></span> <span class='ocrx_word' id='word_1_487' title='bbox 1293 3349 1556 3419; x_wconf 70' lang='lat' dir='ltr'><strong>iusserat,</strong></span> <span class='ocrx_word' id='word_1_488' title='bbox 1596 3355 1651 3401; x_wconf 92' lang='lat' dir='ltr'><strong>et</strong></span> <span class='ocrx_word' id='word_1_489' title='bbox 1687 3346 1914 3403; x_wconf 84' lang='lat' dir='ltr'><strong>abortus</strong></span> 
     </span>
    </p>
   </div>
   <div class='ocr_carea' id='block_1_64' title="bbox 334 3438 1027 3509">
    <p class='ocr_par' dir='ltr' id='par_1_64' title="bbox 334 3438 1027 3509">
     <span class='ocr_line' id='line_1_64' title="bbox 334 3438 1027 3509; baseline -0.001 -18"><span class='ocrx_word' id='word_1_490' title='bbox 334 3438 651 3509; x_wconf 77' lang='lat' dir='ltr'><strong>periculum</strong></span> <span class='ocrx_word' id='word_1_491' title='bbox 685 3438 966 3494; x_wconf 88' lang='lat' dir='ltr'><strong>abscessit.</strong></span> <span class='ocrx_word' id='word_1_492' title='bbox 1008 3457 1027 3490; x_wconf 71' lang='grc' dir='ltr'><strong><em>ι</em></strong></span> 
     </span>
    </p>
   </div>
   <div class='ocr_carea' id='block_1_65' title="bbox 426 3527 1914 3601">
    <p class='ocr_par' dir='ltr' id='par_1_65' title="bbox 426 3527 1914 3601">
     <span class='ocr_line' id='line_1_65' title="bbox 426 3527 1914 3601; baseline -0.001 -18"><span class='ocrx_word' id='word_1_493' title='bbox 426 3529 543 3583; x_wconf 78' lang='lat' dir='ltr'><strong>V&#39;ll.</strong></span> <span class='ocrx_word' id='word_1_494' title='bbox 568 3530 733 3601; x_wconf 76' lang='lat' dir='ltr'><strong>Atque</strong></span> <span class='ocrx_word' id='word_1_495' title='bbox 756 3532 870 3585; x_wconf 75' lang='lat' dir='ltr'><strong>lucc</strong></span> <span class='ocrx_word' id='word_1_496' title='bbox 895 3545 1057 3584; x_wconf 88' lang='lat' dir='ltr'><strong>causa</strong></span> <span class='ocrx_word' id='word_1_497' title='bbox 1083 3528 1204 3592; x_wconf 90' lang='lat' dir='ltr'><strong>fuit,</strong></span> <span class='ocrx_word' id='word_1_498' title='bbox 1235 3544 1333 3583; x_wconf 93' lang='lat' dir='ltr'><strong>cur</strong></span> <span class='ocrx_word' id='word_1_499' title='bbox 1357 3527 1689 3583; x_wconf 88' lang='lat' dir='ltr'><strong>Theodoreti</strong></span> <span class='ocrx_word' id='word_1_500' title='bbox 1714 3542 1914 3582; x_wconf 89' lang='lat' dir='ltr'><strong>nomen</strong></span> 
     </span>
    </p>
   </div>
   <div class='ocr_carea' id='block_1_66' title="bbox 340 3619 1915 3691">
    <p class='ocr_par' dir='ltr' id='par_1_66' title="bbox 340 3619 1915 3691">
     <span class='ocr_line' id='line_1_66' title="bbox 340 3619 1915 3691; baseline -0.002 -14"><span class='ocrx_word' id='word_1_501' title='bbox 340 3635 488 3677; x_wconf 83' lang='lat' dir='ltr'><strong>cum</strong></span> <span class='ocrx_word' id='word_1_502' title='bbox 530 3630 861 3686; x_wconf 88' lang='lat' dir='ltr'><strong>nasceretur,</strong></span> <span class='ocrx_word' id='word_1_503' title='bbox 902 3621 1209 3691; x_wconf 88' lang='lat' dir='ltr'><strong>acceperit,</strong></span> <span class='ocrx_word' id='word_1_504' title='bbox 1259 3620 1414 3689; x_wconf 91' lang='lat' dir='ltr'><strong>quasi</strong></span> <span class='ocrx_word' id='word_1_505' title='bbox 1449 3619 1683 3673; x_wconf 91' lang='lat' dir='ltr'><strong>donatus</strong></span> <span class='ocrx_word' id='word_1_506' title='bbox 1732 3635 1763 3672; x_wconf 92' lang='lat' dir='ltr'><strong>a</strong></span> <span class='ocrx_word' id='word_1_507' title='bbox 1802 3620 1915 3674; x_wconf 91' lang='lat' dir='ltr'><strong>Deo</strong></span> 
     </span>
    </p>
   </div>
   <div class='ocr_carea' id='block_1_67' title="bbox 336 3710 1913 3785">
    <p class='ocr_par' dir='ltr' id='par_1_67' title="bbox 336 3710 1913 3785">
     <span class='ocr_line' id='line_1_67' title="bbox 336 3710 1913 3785; baseline 0 -21"><span class='ocrx_word' id='word_1_508' title='bbox 336 3713 694 3785; x_wconf 79' lang='lat' dir='ltr'><strong>parentibus,</strong></span> <span class='ocrx_word' id='word_1_509' title='bbox 727 3722 783 3767; x_wconf 88' lang='lat' dir='ltr'><strong>et</strong></span> <span class='ocrx_word' id='word_1_510' title='bbox 819 3730 849 3769; x_wconf 89' lang='lat' dir='ltr'><strong>a</strong></span> <span class='ocrx_word' id='word_1_511' title='bbox 884 3714 1203 3783; x_wconf 90' lang='lat' dir='ltr'><strong>parentibus</strong></span> <span class='ocrx_word' id='word_1_512' title='bbox 1232 3712 1470 3767; x_wconf 90' lang='lat' dir='ltr'><strong>vicissim</strong></span> <span class='ocrx_word' id='word_1_513' title='bbox 1508 3712 1728 3767; x_wconf 88' lang='lat' dir='ltr'><strong>oblatus</strong></span> <span class='ocrx_word' id='word_1_514' title='bbox 1778 3710 1913 3774; x_wconf 90' lang='lat' dir='ltr'><strong>Deo,</strong></span> 
     </span>
    </p>
   </div>
   <div class='ocr_carea' id='block_1_68' title="bbox 336 3804 1916 3873">
    <p class='ocr_par' dir='ltr' id='par_1_68' title="bbox 336 3804 1916 3873">
     <span class='ocr_line' id='line_1_68' title="bbox 336 3804 1916 3873; baseline -0.002 -14"><span class='ocrx_word' id='word_1_515' title='bbox 336 3805 447 3859; x_wconf 85' lang='lat' dir='ltr'><strong>cui</strong></span> <span class='ocrx_word' id='word_1_516' title='bbox 469 3804 697 3859; x_wconf 86' lang='lat' dir='ltr'><strong>serviret</strong></span> <span class='ocrx_word' id='word_1_517' title='bbox 728 3805 783 3859; x_wconf 91' lang='lat' dir='ltr'><strong>in</strong></span> <span class='ocrx_word' id='word_1_518' title='bbox 811 3805 1161 3864; x_wconf 84' lang='lat' dir='ltr'><strong>monasterio.</strong></span> <span class='ocrx_word' id='word_1_519' title='bbox 1195 3804 1287 3858; x_wconf 92' lang='lat' dir='ltr'><strong>ubi</strong></span> <span class='ocrx_word' id='word_1_520' title='bbox 1312 3804 1546 3873; x_wconf 87' lang='lat' dir='ltr'><strong>primum</strong></span> <span class='ocrx_word' id='word_1_521' title='bbox 1574 3819 1673 3872; x_wconf 90' lang='lat' dir='ltr'><strong>per</strong></span> <span class='ocrx_word' id='word_1_522' title='bbox 1699 3811 1916 3857; x_wconf 65' lang='lat' dir='ltr'><strong>aetatem</strong></span> 
     </span>
    </p>
   </div>
   <div class='ocr_carea' id='block_1_69' title="bbox 334 3895 1916 3965">
    <p class='ocr_par' dir='ltr' id='par_1_69' title="bbox 334 3895 1916 3965">
     <span class='ocr_line' id='line_1_69' title="bbox 334 3895 1916 3965; baseline -0.002 -14"><span class='ocrx_word' id='word_1_523' title='bbox 334 3896 549 3951; x_wconf 86' lang='lat' dir='ltr'><strong>liceret</strong></span> <span class='ocrx_word' id='word_1_524' title='bbox 579 3913 592 3948; x_wconf 90' lang='lat'><strong>:</strong></span> <span class='ocrx_word' id='word_1_525' title='bbox 631 3896 732 3951; x_wconf 92' lang='lat' dir='ltr'><strong>hoc</strong></span> <span class='ocrx_word' id='word_1_526' title='bbox 767 3897 913 3951; x_wconf 87' lang='lat' dir='ltr'><strong>enim</strong></span> <span class='ocrx_word' id='word_1_527' title='bbox 953 3895 1135 3951; x_wconf 91' lang='lat' dir='ltr'><strong>fuerat</strong></span> <span class='ocrx_word' id='word_1_528' title='bbox 1169 3902 1457 3965; x_wconf 88' lang='lat' dir='ltr'><strong>parentum</strong></span> <span class='ocrx_word' id='word_1_529' title='bbox 1492 3895 1916 3963; x_wconf 86' lang='lat' dir='ltr'><strong>supplicantium</strong></span> 
     </span>
    </p>
   </div>
   <div class='ocr_carea' id='block_1_70' title="bbox 334 3983 1597 4054">
    <p class='ocr_par' dir='ltr' id='par_1_70' title="bbox 334 3983 1597 4054">
     <span class='ocr_line' id='line_1_70' title="bbox 334 3983 1597 4054; baseline -0.001 -17"><span class='ocrx_word' id='word_1_530' title='bbox 334 3992 568 4049; x_wconf 69' lang='lat' dir='ltr'><strong>votum,</strong></span> <span class='ocrx_word' id='word_1_531' title='bbox 603 3984 714 4039; x_wconf 65' lang='lat' dir='ltr'><strong>haec</strong></span> <span class='ocrx_word' id='word_1_532' title='bbox 736 3994 1039 4040; x_wconf 84' lang='lat' dir='ltr'><strong>sanctorum</strong></span> <span class='ocrx_word' id='word_1_533' title='bbox 1063 3984 1471 4054; x_wconf 89' lang='lat' dir='ltr'><strong>deprecantium</strong></span> <span class='ocrx_word' id='word_1_534' title='bbox 1490 3983 1597 4037; x_wconf 88' lang='lat' dir='ltr'><strong>lex.</strong></span> 
     </span>
    </p>
   </div>
   <div class='ocr_carea' id='block_1_71' title="bbox 428 4073 1915 4140">
    <p class='ocr_par' dir='ltr' id='par_1_71' title="bbox 428 4073 1915 4140">
     <span class='ocr_line' id='line_1_71' title="bbox 428 4073 1915 4140; baseline 0 -12"><span class='ocrx_word' id='word_1_535' title='bbox 428 4073 566 4129; x_wconf 79' lang='grc' dir='ltr'><strong>γιιι.</strong></span> <span class='ocrx_word' id='word_1_536' title='bbox 616 4076 764 4130; x_wconf 85' lang='lat' dir='ltr'><strong>Hanc</strong></span> <span class='ocrx_word' id='word_1_537' title='bbox 811 4076 1069 4132; x_wconf 90' lang='lat' dir='ltr'><strong>nascendi</strong></span> <span class='ocrx_word' id='word_1_538' title='bbox 1125 4075 1495 4130; x_wconf 90' lang='lat' dir='ltr'><strong>conditionem</strong></span> <span class='ocrx_word' id='word_1_539' title='bbox 1540 4073 1915 4140; x_wconf 88' lang='lat' dir='ltr'><strong>Theodoreto,</strong></span> 
     </span>
    </p>
   </div>
   <div class='ocr_carea' id='block_1_72' title="bbox 338 4165 1919 4237">
    <p class='ocr_par' dir='ltr' id='par_1_72' title="bbox 338 4165 1919 4237">
     <span class='ocr_line' id='line_1_72' title="bbox 338 4165 1919 4237; baseline 0.001 -19"><span class='ocrx_word' id='word_1_540' title='bbox 338 4174 645 4237; x_wconf 86' lang='lat' dir='ltr'><strong>postquam</strong></span> <span class='ocrx_word' id='word_1_541' title='bbox 682 4167 959 4230; x_wconf 90' lang='lat' dir='ltr'><strong>crevisset,</strong></span> <span class='ocrx_word' id='word_1_542' title='bbox 998 4167 1287 4221; x_wconf 89' lang='lat' dir='ltr'><strong>revocabat</strong></span> <span class='ocrx_word' id='word_1_543' title='bbox 1325 4167 1379 4220; x_wconf 91' lang='lat' dir='ltr'><strong>in</strong></span> <span class='ocrx_word' id='word_1_544' title='bbox 1409 4174 1647 4221; x_wconf 87' lang='lat' dir='ltr'><strong>mentem</strong></span> <span class='ocrx_word' id='word_1_545' title='bbox 1670 4165 1919 4222; x_wconf 85' lang='lat' dir='ltr'><strong>Macedo-</strong></span> 
     </span>
    </p>
   </div>
   <div class='ocr_carea' id='block_1_73' title="bbox 2020 2978 3590 3053">
    <p class='ocr_par' dir='ltr' id='par_1_73' title="bbox 2020 2978 3590 3053">
     <span class='ocr_line' id='line_1_73' title="bbox 2020 2978 3590 3053; baseline -0.006 -14"><span class='ocrx_word' id='word_1_546' title='bbox 2020 2985 2153 3039; x_wconf 88' lang='lat' dir='ltr'><strong>tanti</strong></span> <span class='ocrx_word' id='word_1_547' title='bbox 2179 2985 2314 3038; x_wconf 88' lang='lat' dir='ltr'><strong>milii</strong></span> <span class='ocrx_word' id='word_1_548' title='bbox 2348 3000 2490 3053; x_wconf 66' lang='lat' dir='ltr'><strong>saepe</strong></span> <span class='ocrx_word' id='word_1_549' title='bbox 2523 2984 2832 3052; x_wconf 87' lang='lat' dir='ltr'><strong>imponens,</strong></span> <span class='ocrx_word' id='word_1_550' title='bbox 2862 2997 3003 3051; x_wconf 71' lang='lat' dir='ltr'><strong>saepe</strong></span> <span class='ocrx_word' id='word_1_551' title='bbox 3032 2982 3197 3035; x_wconf 89' lang='lat' dir='ltr'><strong>etiam</strong></span> <span class='ocrx_word' id='word_1_552' title='bbox 3232 2978 3395 3049; x_wconf 88' lang='lat' dir='ltr'><strong>patri,</strong></span> <span class='ocrx_word' id='word_1_553' title='bbox 3440 2993 3590 3031; x_wconf 82' lang='lat' dir='ltr'><strong>mor-</strong></span> 
     </span>
    </p>
   </div>
   <div class='ocr_carea' id='block_1_74' title="bbox 2005 3069 3594 3148">
    <p class='ocr_par' dir='ltr' id='par_1_74' title="bbox 2005 3069 3594 3148">
     <span class='ocr_line' id='line_1_74' title="bbox 2005 3069 3594 3148; baseline -0.004 -20"><span class='ocrx_word' id='word_1_554' title='bbox 2005 3075 2147 3148; x_wconf 81' lang='lat' dir='ltr'><strong>bum</strong></span> <span class='ocrx_word' id='word_1_555' title='bbox 2164 3074 2395 3143; x_wconf 90' lang='lat' dir='ltr'><strong>depulit,</strong></span> <span class='ocrx_word' id='word_1_556' title='bbox 2418 3073 2724 3142; x_wconf 90' lang='lat' dir='ltr'><strong>eodemque</strong></span> <span class='ocrx_word' id='word_1_557' title='bbox 2749 3073 2815 3127; x_wconf 92' lang='lat' dir='ltr'><strong>ad</strong></span> <span class='ocrx_word' id='word_1_558' title='bbox 2836 3073 3127 3127; x_wconf 87' lang='lat' dir='ltr'><strong>sanitatem</strong></span> <span class='ocrx_word' id='word_1_559' title='bbox 3148 3072 3265 3140; x_wconf 89' lang='lat' dir='ltr'><strong>ipsa</strong></span> <span class='ocrx_word' id='word_1_560' title='bbox 3285 3069 3447 3124; x_wconf 88' lang='lat' dir='ltr'><strong>etiam</strong></span> <span class='ocrx_word' id='word_1_561' title='bbox 3469 3085 3594 3139; x_wconf 85' lang='lat' dir='ltr'><strong>per-</strong></span> 
     </span>
    </p>
   </div>
   <div class='ocr_carea' id='block_1_75' title="bbox 2016 3163 2756 3235">
    <p class='ocr_par' dir='ltr' id='par_1_75' title="bbox 2016 3163 2756 3235">
     <span class='ocr_line' id='line_1_75' title="bbox 2016 3163 2756 3235; baseline -0.008 -14"><span class='ocrx_word' id='word_1_562' title='bbox 2016 3182 2160 3235; x_wconf 70' lang='lat' dir='ltr'><strong>saepe</strong></span> <span class='ocrx_word' id='word_1_563' title='bbox 2191 3180 2287 3219; x_wconf 85' lang='lat' dir='ltr'><strong>usa</strong></span> <span class='ocrx_word' id='word_1_564' title='bbox 2314 3172 2399 3218; x_wconf 89' lang='lat' dir='ltr'><strong>est</strong></span> <span class='ocrx_word' id='word_1_565' title='bbox 2432 3163 2699 3217; x_wconf 90' lang='lat' dir='ltr'><strong>remedio.</strong></span> <span class='ocrx_word' id='word_1_566' title='bbox 2739 3181 2756 3213; x_wconf 79' lang='grc' dir='ltr'><strong>ι</strong></span> 
     </span>
    </p>
   </div>
   <div class='ocr_carea' id='block_1_76' title="bbox 2089 3252 3593 3327">
    <p class='ocr_par' dir='ltr' id='par_1_76' title="bbox 2089 3252 3593 3327">
     <span class='ocr_line' id='line_1_76' title="bbox 2089 3252 3593 3327; baseline -0.005 -15"><span class='ocrx_word' id='word_1_567' title='bbox 2089 3257 2263 3327; x_wconf 76' lang='lat' dir='ltr'><strong>Atque</strong></span> <span class='ocrx_word' id='word_1_568' title='bbox 2292 3256 2409 3310; x_wconf 64' lang='lat' dir='ltr'><strong>haec</strong></span> <span class='ocrx_word' id='word_1_569' title='bbox 2433 3270 2596 3310; x_wconf 89' lang='lat' dir='ltr'><strong>causa</strong></span> <span class='ocrx_word' id='word_1_570' title='bbox 2623 3254 2850 3317; x_wconf 84' lang='lat' dir='ltr'><strong>exstitit,</strong></span> <span class='ocrx_word' id='word_1_571' title='bbox 2886 3269 2985 3309; x_wconf 89' lang='lat' dir='ltr'><strong>cur</strong></span> <span class='ocrx_word' id='word_1_572' title='bbox 3011 3254 3102 3324; x_wconf 89' lang='lat' dir='ltr'><strong>pia</strong></span> <span class='ocrx_word' id='word_1_573' title='bbox 3128 3264 3307 3313; x_wconf 87' lang='lat' dir='ltr'><strong>mater</strong></span> <span class='ocrx_word' id='word_1_574' title='bbox 3330 3252 3593 3308; x_wconf 88' lang='lat' dir='ltr'><strong>infantem</strong></span> 
     </span>
    </p>
   </div>
   <div class='ocr_carea' id='block_1_77' title="bbox 2014 3342 3593 3413">
    <p class='ocr_par' dir='ltr' id='par_1_77' title="bbox 2014 3342 3593 3413">
     <span class='ocr_line' id='line_1_77' title="bbox 2014 3342 3593 3413; baseline -0.004 -12"><span class='ocrx_word' id='word_1_575' title='bbox 2014 3347 2233 3401; x_wconf 81' lang='lat' dir='ltr'><strong>deferre</strong></span> <span class='ocrx_word' id='word_1_576' title='bbox 2255 3346 2416 3401; x_wconf 91' lang='lat' dir='ltr'><strong>solita</strong></span> <span class='ocrx_word' id='word_1_577' title='bbox 2441 3354 2588 3399; x_wconf 88' lang='lat' dir='ltr'><strong>esset</strong></span> <span class='ocrx_word' id='word_1_578' title='bbox 2615 3343 2683 3399; x_wconf 91' lang='lat' dir='ltr'><strong>ad</strong></span> <span class='ocrx_word' id='word_1_579' title='bbox 2706 3342 3046 3413; x_wconf 89' lang='lat' dir='ltr'><strong>spiritualem</strong></span> <span class='ocrx_word' id='word_1_580' title='bbox 3070 3345 3307 3406; x_wconf 87' lang='lat' dir='ltr'><strong>Patrem,</strong></span> <span class='ocrx_word' id='word_1_581' title='bbox 3341 3352 3402 3397; x_wconf 90' lang='lat' dir='ltr'><strong>ut</strong></span> <span class='ocrx_word' id='word_1_582' title='bbox 3429 3358 3458 3396; x_wconf 91' lang='lat' dir='ltr'><strong>a</strong></span> <span class='ocrx_word' id='word_1_583' title='bbox 3484 3355 3593 3410; x_wconf 90' lang='lat' dir='ltr'><strong>quo</strong></span> 
     </span>
    </p>
   </div>
   <div class='ocr_carea' id='block_1_78' title="bbox 2014 3431 3594 3506">
    <p class='ocr_par' dir='ltr' id='par_1_78' title="bbox 2014 3431 3594 3506">
     <span class='ocr_line' id='line_1_78' title="bbox 2014 3431 3594 3506; baseline -0.007 -11"><span class='ocrx_word' id='word_1_584' title='bbox 2014 3439 2186 3495; x_wconf 89' lang='lat' dir='ltr'><strong>vitam</strong></span> <span class='ocrx_word' id='word_1_585' title='bbox 2217 3437 2332 3506; x_wconf 91' lang='lat' dir='ltr'><strong>ipsa</strong></span> <span class='ocrx_word' id='word_1_586' title='bbox 2364 3435 2531 3490; x_wconf 89' lang='lat' dir='ltr'><strong>animi</strong></span> <span class='ocrx_word' id='word_1_587' title='bbox 2557 3435 2917 3505; x_wconf 87' lang='lat' dir='ltr'><strong>corporisque</strong></span> <span class='ocrx_word' id='word_1_588' title='bbox 2956 3442 3264 3504; x_wconf 85' lang='lat' dir='ltr'><strong>acceperat,</strong></span> <span class='ocrx_word' id='word_1_589' title='bbox 3296 3433 3364 3487; x_wconf 91' lang='lat' dir='ltr'><strong>ab</strong></span> <span class='ocrx_word' id='word_1_590' title='bbox 3393 3448 3460 3487; x_wconf 89' lang='lat' dir='ltr'><strong>eo</strong></span> <span class='ocrx_word' id='word_1_591' title='bbox 3500 3431 3594 3485; x_wconf 90' lang='lat' dir='ltr'><strong>be-</strong></span> 
     </span>
    </p>
   </div>
   <div class='ocr_carea' id='block_1_79' title="bbox 2014 3522 3591 3599">
    <p class='ocr_par' dir='ltr' id='par_1_79' title="bbox 2014 3522 3591 3599">
     <span class='ocr_line' id='line_1_79' title="bbox 2014 3522 3591 3599; baseline -0.006 -13"><span class='ocrx_word' id='word_1_592' title='bbox 2014 3529 2260 3586; x_wconf 90' lang='lat' dir='ltr'><strong>nedictio</strong></span> <span class='ocrx_word' id='word_1_593' title='bbox 2288 3527 2428 3599; x_wconf 89' lang='lat' dir='ltr'><strong>proli</strong></span> <span class='ocrx_word' id='word_1_594' title='bbox 2466 3528 2521 3581; x_wconf 93' lang='lat' dir='ltr'><strong>in</strong></span> <span class='ocrx_word' id='word_1_595' title='bbox 2550 3526 2671 3581; x_wconf 91' lang='lat' dir='ltr'><strong>dies</strong></span> <span class='ocrx_word' id='word_1_596' title='bbox 2696 3526 2969 3582; x_wconf 90' lang='lat' dir='ltr'><strong>crescenti</strong></span> <span class='ocrx_word' id='word_1_597' title='bbox 2998 3526 3390 3595; x_wconf 87' lang='lat' dir='ltr'><strong>impertiretur.</strong></span> <span class='ocrx_word' id='word_1_598' title='bbox 3423 3522 3591 3578; x_wconf 85' lang='lat' dir='ltr'><strong>llabi-</strong></span> 
     </span>
    </p>
   </div>
   <div class='ocr_carea' id='block_1_80' title="bbox 2017 3614 3593 3686">
    <p class='ocr_par' dir='ltr' id='par_1_80' title="bbox 2017 3614 3593 3686">
     <span class='ocr_line' id='line_1_80' title="bbox 2017 3614 3593 3686; baseline -0.005 -10"><span class='ocrx_word' id='word_1_599' title='bbox 2017 3621 2172 3677; x_wconf 86' lang='lat' dir='ltr'><strong>tabat</strong></span> <span class='ocrx_word' id='word_1_600' title='bbox 2208 3620 2294 3673; x_wconf 90' lang='lat' dir='ltr'><strong>vir</strong></span> <span class='ocrx_word' id='word_1_601' title='bbox 2330 3619 2421 3673; x_wconf 89' lang='lat' dir='ltr'><strong>ille</strong></span> <span class='ocrx_word' id='word_1_602' title='bbox 2455 3617 2799 3672; x_wconf 87' lang='lat' dir='ltr'><strong>admirabilis</strong></span> <span class='ocrx_word' id='word_1_603' title='bbox 2829 3632 2942 3671; x_wconf 91' lang='lat' dir='ltr'><strong>non</strong></span> <span class='ocrx_word' id='word_1_604' title='bbox 2979 3616 3171 3686; x_wconf 88' lang='lat' dir='ltr'><strong>procul</strong></span> <span class='ocrx_word' id='word_1_605' title='bbox 3207 3614 3500 3671; x_wconf 87' lang='lat' dir='ltr'><strong>Antiochia</strong></span> <span class='ocrx_word' id='word_1_606' title='bbox 3538 3614 3593 3668; x_wconf 93' lang='lat' dir='ltr'><strong>in</strong></span> 
     </span>
    </p>
   </div>
   <div class='ocr_carea' id='block_1_81' title="bbox 2017 3707 3595 3781">
    <p class='ocr_par' dir='ltr' id='par_1_81' title="bbox 2017 3707 3595 3781">
     <span class='ocr_line' id='line_1_81' title="bbox 2017 3707 3595 3781; baseline -0.004 -15"><span class='ocrx_word' id='word_1_607' title='bbox 2017 3711 2293 3781; x_wconf 84' lang='lat' dir='ltr'><strong>sepulcro,</strong></span> <span class='ocrx_word' id='word_1_608' title='bbox 2316 3708 2636 3778; x_wconf 88' lang='lat' dir='ltr'><strong>solebatque</strong></span> <span class='ocrx_word' id='word_1_609' title='bbox 2652 3723 2821 3762; x_wconf 86' lang='lat' dir='ltr'><strong>senex</strong></span> <span class='ocrx_word' id='word_1_610' title='bbox 2840 3708 3079 3778; x_wconf 90' lang='lat' dir='ltr'><strong>optimus</strong></span> <span class='ocrx_word' id='word_1_611' title='bbox 3100 3707 3427 3761; x_wconf 88' lang='lat' dir='ltr'><strong>infantulum</strong></span> <span class='ocrx_word' id='word_1_612' title='bbox 3449 3720 3595 3760; x_wconf 85' lang='lat' dir='ltr'><strong>com-</strong></span> 
     </span>
    </p>
   </div>
   <div class='ocr_carea' id='block_1_82' title="bbox 2016 3795 3595 3875">
    <p class='ocr_par' dir='ltr' id='par_1_82' title="bbox 2016 3795 3595 3875">
     <span class='ocr_line' id='line_1_82' title="bbox 2016 3795 3595 3875; baseline -0.006 -17"><span class='ocrx_word' id='word_1_613' title='bbox 2016 3802 2179 3875; x_wconf 90' lang='lat' dir='ltr'><strong>plecti</strong></span> <span class='ocrx_word' id='word_1_614' title='bbox 2206 3802 2351 3864; x_wconf 89' lang='lat' dir='ltr'><strong>sinu,</strong></span> <span class='ocrx_word' id='word_1_615' title='bbox 2378 3800 2645 3868; x_wconf 85' lang='lat' dir='ltr'><strong>donisque</strong></span> <span class='ocrx_word' id='word_1_616' title='bbox 2674 3798 2889 3853; x_wconf 80' lang='lat' dir='ltr'><strong>allicere</strong></span> <span class='ocrx_word' id='word_1_617' title='bbox 2907 3798 3054 3853; x_wconf 80' lang='lat' dir='ltr'><strong>aetati</strong></span> <span class='ocrx_word' id='word_1_618' title='bbox 3082 3798 3361 3868; x_wconf 82' lang='lat' dir='ltr'><strong>congruis,</strong></span> <span class='ocrx_word' id='word_1_619' title='bbox 3393 3795 3595 3864; x_wconf 80' lang='lat' dir='ltr'><strong>quibus</strong></span> 
     </span>
    </p>
   </div>
   <div class='ocr_carea' id='block_1_83' title="bbox 2019 3890 3113 3966">
    <p class='ocr_par' dir='ltr' id='par_1_83' title="bbox 2019 3890 3113 3966">
     <span class='ocr_line' id='line_1_83' title="bbox 2019 3890 3113 3966; baseline -0.008 -15"><span class='ocrx_word' id='word_1_620' title='bbox 2019 3896 2197 3966; x_wconf 89' lang='lat' dir='ltr'><strong>ipsum</strong></span> <span class='ocrx_word' id='word_1_621' title='bbox 2233 3894 2336 3948; x_wconf 90' lang='lat' dir='ltr'><strong>sibi</strong></span> <span class='ocrx_word' id='word_1_622' title='bbox 2360 3902 2524 3962; x_wconf 90' lang='lat' dir='ltr'><strong>atque</strong></span> <span class='ocrx_word' id='word_1_623' title='bbox 2558 3891 2748 3962; x_wconf 90' lang='lat' dir='ltr'><strong>pietati</strong></span> <span class='ocrx_word' id='word_1_624' title='bbox 2773 3890 3113 3945; x_wconf 89' lang='lat' dir='ltr'><strong>conciliaret.</strong></span> 
     </span>
    </p>
   </div>
   <div class='ocr_carea' id='block_1_84' title="bbox 2088 3978 3592 4054">
    <p class='ocr_par' dir='ltr' id='par_1_84' title="bbox 2088 3978 3592 4054">
     <span class='ocr_line' id='line_1_84' title="bbox 2088 3978 3592 4054; baseline -0.008 -13"><span class='ocrx_word' id='word_1_625' title='bbox 2088 3985 2237 4041; x_wconf 86' lang='lat' dir='ltr'><strong>Idem</strong></span> <span class='ocrx_word' id='word_1_626' title='bbox 2266 3983 2556 4054; x_wconf 56' lang='lat' dir='ltr'><strong>praestabat</strong></span> <span class='ocrx_word' id='word_1_627' title='bbox 2599 3980 2885 4051; x_wconf 76' lang='lat' dir='ltr'><strong>stupenda:</strong></span> <span class='ocrx_word' id='word_1_628' title='bbox 2911 3981 3051 4035; x_wconf 87' lang='lat' dir='ltr'><strong>alter</strong></span> <span class='ocrx_word' id='word_1_629' title='bbox 3074 3978 3378 4033; x_wconf 90' lang='lat' dir='ltr'><strong>sanctitatis</strong></span> <span class='ocrx_word' id='word_1_630' title='bbox 3402 3991 3592 4031; x_wconf 90' lang='lat' dir='ltr'><strong>mona-</strong></span> 
     </span>
    </p>
   </div>
   <div class='ocr_carea' id='block_1_85' title="bbox 2018 4069 3592 4146">
    <p class='ocr_par' dir='ltr' id='par_1_85' title="bbox 2018 4069 3592 4146">
     <span class='ocr_line' id='line_1_85' title="bbox 2018 4069 3592 4146; baseline -0.009 -12"><span class='ocrx_word' id='word_1_631' title='bbox 2018 4079 2156 4134; x_wconf 89' lang='lat' dir='ltr'><strong>chus</strong></span> <span class='ocrx_word' id='word_1_632' title='bbox 2180 4076 2487 4146; x_wconf 88' lang='lat' dir='ltr'><strong>Aphraates</strong></span> <span class='ocrx_word' id='word_1_633' title='bbox 2523 4074 2635 4138; x_wconf 90' lang='lat' dir='ltr'><strong>ille,</strong></span> <span class='ocrx_word' id='word_1_634' title='bbox 2689 4072 2784 4143; x_wconf 91' lang='lat' dir='ltr'><strong>qui</strong></span> <span class='ocrx_word' id='word_1_635' title='bbox 2823 4072 2959 4126; x_wconf 90' lang='lat' dir='ltr'><strong>cella</strong></span> <span class='ocrx_word' id='word_1_636' title='bbox 2996 4069 3272 4141; x_wconf 87' lang='lat' dir='ltr'><strong>quondam</strong></span> <span class='ocrx_word' id='word_1_637' title='bbox 3317 4081 3592 4138; x_wconf 88' lang='lat' dir='ltr'><strong>egressus,</strong></span> 
     </span>
    </p>
   </div>
   <div class='ocr_carea' id='block_1_86' title="bbox 2019 4158 3596 4235">
    <p class='ocr_par' dir='ltr' id='par_1_86' title="bbox 2019 4158 3596 4235">
     <span class='ocr_line' id='line_1_86' title="bbox 2019 4158 3596 4235; baseline -0.007 -12"><span class='ocrx_word' id='word_1_638' title='bbox 2019 4166 2234 4225; x_wconf 89' lang='lat' dir='ltr'><strong>Valenti</strong></span> <span class='ocrx_word' id='word_1_639' title='bbox 2273 4167 2294 4199; x_wconf 81' lang='lat'><strong>’</strong></span> <span class='ocrx_word' id='word_1_640' title='bbox 2331 4164 2647 4235; x_wconf 89' lang='lat' dir='ltr'><strong>imperatori</strong></span> <span class='ocrx_word' id='word_1_641' title='bbox 2708 4163 2887 4233; x_wconf 89' lang='lat' dir='ltr'><strong>palam</strong></span> <span class='ocrx_word' id='word_1_642' title='bbox 2936 4161 3174 4215; x_wconf 74' lang='lat' dir='ltr'><strong>haeresin</strong></span> <span class='ocrx_word' id='word_1_643' title='bbox 3222 4168 3280 4214; x_wconf 90' lang='lat' dir='ltr'><strong>et</strong></span> <span class='ocrx_word' id='word_1_644' title='bbox 3335 4158 3596 4213; x_wconf 64' lang='lat' dir='ltr'><strong>Ecclesia:</strong></span> 
     </span>
    </p>
   </div>
   <div class='ocr_carea' id='block_1_87' title="bbox 342 4248 3595 4327">
    <p class='ocr_par' dir='ltr' id='par_1_87' title="bbox 342 4248 3595 4327">
     <span class='ocr_line' id='line_1_87' title="bbox 342 4248 3595 4327; baseline -0.003 -15"><span class='ocrx_word' id='word_1_645' title='bbox 342 4258 504 4321; x_wconf 88' lang='lat' dir='ltr'><strong>nius,</strong></span> <span class='ocrx_word' id='word_1_646' title='bbox 537 4257 801 4327; x_wconf 88' lang='lat' dir='ltr'><strong>simulque</strong></span> <span class='ocrx_word' id='word_1_647' title='bbox 827 4260 951 4312; x_wconf 68' lang='lat' dir='ltr'><strong>vita:</strong></span> <span class='ocrx_word' id='word_1_648' title='bbox 976 4258 1215 4314; x_wconf 88' lang='lat' dir='ltr'><strong>sanctius</strong></span> <span class='ocrx_word' id='word_1_649' title='bbox 1244 4258 1589 4312; x_wconf 73' lang='lat' dir='ltr'><strong>instituenda:</strong></span> <span class='ocrx_word' id='word_1_650' title='bbox 1616 4257 1917 4313; x_wconf 85' lang='lat' dir='ltr'><strong>necessita-</strong></span> <span class='ocrx_word' id='word_1_651' title='bbox 1950 4248 1993 4302; x_wconf 75' lang='grc' dir='ltr'>υ</span> <span class='ocrx_word' id='word_1_652' title='bbox 2021 4258 2227 4315; x_wconf 90' lang='lat' dir='ltr'><strong>Christi</strong></span> <span class='ocrx_word' id='word_1_653' title='bbox 2254 4255 2691 4327; x_wconf 89' lang='lat' dir='ltr'><strong>persecutionem</strong></span> <span class='ocrx_word' id='word_1_654' title='bbox 2719 4253 2943 4323; x_wconf 69' lang='lat' dir='ltr'><strong>obiecit.</strong></span> <span class='ocrx_word' id='word_1_655' title='bbox 2974 4252 3109 4306; x_wconf 91' lang='lat' dir='ltr'><strong>Nam</strong></span> <span class='ocrx_word' id='word_1_656' title='bbox 3139 4250 3430 4320; x_wconf 90' lang='lat' dir='ltr'><strong>parvulum</strong></span> <span class='ocrx_word' id='word_1_657' title='bbox 3462 4250 3506 4281; x_wconf 83' lang='grc'><strong>¹⁶</strong></span> <span class='ocrx_word' id='word_1_658' title='bbox 3528 4248 3595 4302; x_wconf 90' lang='lat' dir='ltr'><strong>ad</strong></span> 
     </span>
    </p>
   </div>
   <div class='ocr_carea' id='block_1_88' title="bbox 344 4348 1917 4420">
    <p class='ocr_par' dir='ltr' id='par_1_88' title="bbox 344 4348 1917 4420">
     <span class='ocr_line' id='line_1_88' title="bbox 344 4348 1917 4420; baseline 0 -17"><span class='ocrx_word' id='word_1_659' title='bbox 344 4359 487 4403; x_wconf 78' lang='lat' dir='ltr'><strong>tem.</strong></span> <span class='ocrx_word' id='word_1_660' title='bbox 534 4367 553 4398; x_wconf 76' lang='grc' dir='ltr'>ι</span> <span class='ocrx_word' id='word_1_661' title='bbox 583 4348 763 4403; x_wconf 72' lang='lat' dir='ltr'><strong>Multis</strong></span> <span class='ocrx_word' id='word_1_662' title='bbox 790 4351 832 4413; x_wconf 79' lang='grc'><strong>⁸,</strong></span> <span class='ocrx_word' id='word_1_663' title='bbox 865 4350 1161 4420; x_wconf 90' lang='lat' dir='ltr'><strong>inquiebat,</strong></span> <span class='ocrx_word' id='word_1_664' title='bbox 1189 4366 1313 4404; x_wconf 89' lang='lat' dir='ltr'><strong>cum</strong></span> <span class='ocrx_word' id='word_1_665' title='bbox 1347 4349 1649 4413; x_wconf 88' lang='lat' dir='ltr'><strong>laboribus,</strong></span> <span class='ocrx_word' id='word_1_666' title='bbox 1688 4349 1783 4415; x_wconf 85' lang='lat' dir='ltr'><strong>liii,</strong></span> <span class='ocrx_word' id='word_1_667' title='bbox 1817 4364 1917 4403; x_wconf 85' lang='lat' dir='ltr'><strong>na-</strong></span> 
     </span>
    </p>
   </div>
   <div class='ocr_carea' id='block_1_89' title="bbox 348 4440 1919 4511">
    <p class='ocr_par' dir='ltr' id='par_1_89' title="bbox 348 4440 1919 4511">
     <span class='ocr_line' id='line_1_89' title="bbox 348 4440 1919 4511; baseline 0.001 -18"><span class='ocrx_word' id='word_1_668' title='bbox 348 4450 451 4494; x_wconf 80' lang='lat' dir='ltr'><strong>tus</strong></span> <span class='ocrx_word' id='word_1_669' title='bbox 470 4455 553 4502; x_wconf 87' lang='lat' dir='ltr'><strong>es.</strong></span> <span class='ocrx_word' id='word_1_670' title='bbox 571 4441 769 4495; x_wconf 88' lang='lat' dir='ltr'><strong>multas</strong></span> <span class='ocrx_word' id='word_1_671' title='bbox 786 4450 841 4496; x_wconf 92' lang='lat' dir='ltr'><strong>et</strong></span> <span class='ocrx_word' id='word_1_672' title='bbox 863 4441 976 4510; x_wconf 89' lang='lat' dir='ltr'><strong>ipse</strong></span> <span class='ocrx_word' id='word_1_673' title='bbox 992 4450 1179 4497; x_wconf 90' lang='lat' dir='ltr'><strong>noctes</strong></span> <span class='ocrx_word' id='word_1_674' title='bbox 1200 4441 1350 4504; x_wconf 92' lang='lat' dir='ltr'><strong>duxi,</strong></span> <span class='ocrx_word' id='word_1_675' title='bbox 1373 4440 1478 4495; x_wconf 90' lang='lat' dir='ltr'><strong>hoc</strong></span> <span class='ocrx_word' id='word_1_676' title='bbox 1496 4457 1668 4496; x_wconf 88' lang='lat' dir='ltr'><strong>unum</strong></span> <span class='ocrx_word' id='word_1_677' title='bbox 1687 4455 1919 4511; x_wconf 89' lang='lat' dir='ltr'><strong>poscens</strong></span> 
     </span>
    </p>
   </div>
   <div class='ocr_carea' id='block_1_90' title="bbox 346 4532 1918 4602">
    <p class='ocr_par' dir='ltr' id='par_1_90' title="bbox 346 4532 1918 4602">
     <span class='ocr_line' id='line_1_90' title="bbox 346 4532 1918 4602; baseline 0 -15"><span class='ocrx_word' id='word_1_678' title='bbox 346 4548 385 4587; x_wconf 83' lang='lat' dir='ltr'><strong>a</strong></span> <span class='ocrx_word' id='word_1_679' title='bbox 418 4532 552 4595; x_wconf 90' lang='lat' dir='ltr'><strong>Deo,</strong></span> <span class='ocrx_word' id='word_1_680' title='bbox 583 4541 647 4586; x_wconf 89' lang='lat' dir='ltr'><strong>ut</strong></span> <span class='ocrx_word' id='word_1_681' title='bbox 665 4542 919 4601; x_wconf 87' lang='lat' dir='ltr'><strong>parentes</strong></span> <span class='ocrx_word' id='word_1_682' title='bbox 944 4532 1021 4587; x_wconf 93' lang='lat' dir='ltr'><strong>tui</strong></span> <span class='ocrx_word' id='word_1_683' title='bbox 1056 4533 1161 4589; x_wconf 90' lang='lat' dir='ltr'><strong>hoc</strong></span> <span class='ocrx_word' id='word_1_684' title='bbox 1186 4532 1399 4597; x_wconf 85' lang='lat' dir='ltr'><strong>ﬁerent,</strong></span> <span class='ocrx_word' id='word_1_685' title='bbox 1424 4533 1571 4602; x_wconf 91' lang='lat' dir='ltr'><strong>quod</strong></span> <span class='ocrx_word' id='word_1_686' title='bbox 1598 4542 1648 4588; x_wconf 90' lang='lat' dir='ltr'><strong>te</strong></span> <span class='ocrx_word' id='word_1_687' title='bbox 1668 4541 1800 4588; x_wconf 92' lang='lat' dir='ltr'><strong>nato</strong></span> <span class='ocrx_word' id='word_1_688' title='bbox 1818 4548 1918 4602; x_wconf 89' lang='lat' dir='ltr'><strong>ap-</strong></span> 
     </span>
    </p>
   </div>
   <div class='ocr_carea' id='block_1_91' title="bbox 346 4624 1916 4694">
    <p class='ocr_par' dir='ltr' id='par_1_91' title="bbox 346 4624 1916 4694">
     <span class='ocr_line' id='line_1_91' title="bbox 346 4624 1916 4694; baseline 0.001 -17"><span class='ocrx_word' id='word_1_689' title='bbox 346 4624 547 4694; x_wconf 77' lang='lat' dir='ltr'><strong>pellati</strong></span> <span class='ocrx_word' id='word_1_690' title='bbox 590 4632 737 4677; x_wconf 85' lang='lat' dir='ltr'><strong>sunt.</strong></span> <span class='ocrx_word' id='word_1_691' title='bbox 781 4625 1003 4694; x_wconf 79' lang='lat' dir='ltr'><strong>Dignam</strong></span> <span class='ocrx_word' id='word_1_692' title='bbox 1050 4624 1214 4694; x_wconf 84' lang='lat' dir='ltr'><strong>igitur</strong></span> <span class='ocrx_word' id='word_1_693' title='bbox 1254 4624 1538 4679; x_wconf 85' lang='lat' dir='ltr'><strong>laboribus</strong></span> <span class='ocrx_word' id='word_1_694' title='bbox 1584 4624 1749 4679; x_wconf 87' lang='lat' dir='ltr'><strong>vitam</strong></span> <span class='ocrx_word' id='word_1_695' title='bbox 1796 4639 1916 4694; x_wconf 90' lang='lat' dir='ltr'><strong>age.</strong></span> 
     </span>
    </p>
   </div>
   <div class='ocr_carea' id='block_1_92' title="bbox 352 4716 1919 4785">
    <p class='ocr_par' dir='ltr' id='par_1_92' title="bbox 352 4716 1919 4785">
     <span class='ocr_line' id='line_1_92' title="bbox 352 4716 1919 4785; baseline 0 -14"><span class='ocrx_word' id='word_1_696' title='bbox 352 4716 502 4771; x_wconf 82' lang='lat' dir='ltr'><strong>Ante</strong></span> <span class='ocrx_word' id='word_1_697' title='bbox 542 4724 756 4784; x_wconf 87' lang='lat' dir='ltr'><strong>partum</strong></span> <span class='ocrx_word' id='word_1_698' title='bbox 797 4716 1252 4785; x_wconf 89' lang='lat' dir='ltr'><strong>promissionibus</strong></span> <span class='ocrx_word' id='word_1_699' title='bbox 1296 4727 1644 4773; x_wconf 88' lang='lat' dir='ltr'><strong>consecratus</strong></span> <span class='ocrx_word' id='word_1_700' title='bbox 1673 4733 1752 4771; x_wconf 89' lang='lat' dir='ltr'><strong>es.</strong></span> <span class='ocrx_word' id='word_1_701' title='bbox 1804 4716 1919 4771; x_wconf 90' lang='lat' dir='ltr'><strong>Deo</strong></span> 
     </span>
    </p>
   </div>
   <div class='ocr_carea' id='block_1_93' title="bbox 351 4807 1916 4877">
    <p class='ocr_par' dir='ltr' id='par_1_93' title="bbox 351 4807 1916 4877">
     <span class='ocr_line' id='line_1_93' title="bbox 351 4807 1916 4877; baseline 0.001 -17"><span class='ocrx_word' id='word_1_702' title='bbox 351 4818 547 4861; x_wconf 77' lang='lat' dir='ltr'><strong>autem</strong></span> <span class='ocrx_word' id='word_1_703' title='bbox 574 4823 695 4877; x_wconf 73' lang='lat' dir='ltr'><strong>quae</strong></span> <span class='ocrx_word' id='word_1_704' title='bbox 734 4807 910 4862; x_wconf 89' lang='lat' dir='ltr'><strong>oblata</strong></span> <span class='ocrx_word' id='word_1_705' title='bbox 940 4820 1088 4873; x_wconf 87' lang='lat' dir='ltr'><strong>sunt,</strong></span> <span class='ocrx_word' id='word_1_706' title='bbox 1122 4809 1432 4864; x_wconf 82' lang='lat' dir='ltr'><strong>veneranda</strong></span> <span class='ocrx_word' id='word_1_707' title='bbox 1468 4818 1596 4864; x_wconf 88' lang='lat' dir='ltr'><strong>sunt</strong></span> <span class='ocrx_word' id='word_1_708' title='bbox 1642 4808 1916 4873; x_wconf 89' lang='lat' dir='ltr'><strong>omnibus,</strong></span> 
     </span>
    </p>
   </div>
   <div class='ocr_carea' id='block_1_94' title="bbox 352 4899 1920 4969">
    <p class='ocr_par' dir='ltr' id='par_1_94' title="bbox 352 4899 1920 4969">
     <span class='ocr_line' id='line_1_94' title="bbox 352 4899 1920 4969; baseline -0.001 -16"><span class='ocrx_word' id='word_1_709' title='bbox 352 4912 468 4953; x_wconf 83' lang='lat' dir='ltr'><strong>nec</strong></span> <span class='ocrx_word' id='word_1_710' title='bbox 486 4912 519 4951; x_wconf 85' lang='lat' dir='ltr'><strong>a</strong></span> <span class='ocrx_word' id='word_1_711' title='bbox 543 4899 701 4968; x_wconf 85' lang='lat' dir='ltr'><strong>vulgo</strong></span> <span class='ocrx_word' id='word_1_712' title='bbox 730 4900 1113 4954; x_wconf 85' lang='lat' dir='ltr'><strong>contrectanda</strong></span> <span class='ocrx_word' id='word_1_713' title='bbox 1147 4916 1162 4953; x_wconf 88' lang='lat'><strong>:</strong></span> <span class='ocrx_word' id='word_1_714' title='bbox 1190 4915 1359 4969; x_wconf 88' lang='lat' dir='ltr'><strong>quare</strong></span> <span class='ocrx_word' id='word_1_715' title='bbox 1390 4908 1607 4969; x_wconf 89' lang='lat' dir='ltr'><strong>oportet</strong></span> <span class='ocrx_word' id='word_1_716' title='bbox 1639 4907 1691 4953; x_wconf 93' lang='lat' dir='ltr'><strong>te</strong></span> <span class='ocrx_word' id='word_1_717' title='bbox 1721 4913 1920 4969; x_wconf 87' lang='lat' dir='ltr'><strong>pravos</strong></span> 
     </span>
    </p>
   </div>
   <div class='ocr_carea' id='block_1_95' title="bbox 356 4988 1915 5058">
    <p class='ocr_par' dir='ltr' id='par_1_95' title="bbox 356 4988 1915 5058">
     <span class='ocr_line' id='line_1_95' title="bbox 356 4988 1915 5058; baseline 0.003 -16"><span class='ocrx_word' id='word_1_718' title='bbox 356 4988 535 5042; x_wconf 67' lang='lat' dir='ltr'><strong>animi</strong></span> <span class='ocrx_word' id='word_1_719' title='bbox 550 4996 726 5043; x_wconf 89' lang='lat' dir='ltr'><strong>motus</strong></span> <span class='ocrx_word' id='word_1_720' title='bbox 742 5006 848 5044; x_wconf 91' lang='lat' dir='ltr'><strong>non</strong></span> <span class='ocrx_word' id='word_1_721' title='bbox 864 4990 1172 5058; x_wconf 89' lang='lat' dir='ltr'><strong>admittere;</strong></span> <span class='ocrx_word' id='word_1_722' title='bbox 1192 4991 1284 5047; x_wconf 89' lang='lat' dir='ltr'><strong>sed</strong></span> <span class='ocrx_word' id='word_1_723' title='bbox 1306 4992 1397 5045; x_wconf 88' lang='lat' dir='ltr'><strong>illa</strong></span> <span class='ocrx_word' id='word_1_724' title='bbox 1420 4999 1627 5047; x_wconf 90' lang='lat' dir='ltr'><strong>tantum</strong></span> <span class='ocrx_word' id='word_1_725' title='bbox 1646 4990 1915 5057; x_wconf 74' lang='lat' dir='ltr'><strong>etfacere,</strong></span> 
     </span>
    </p>
   </div>
   <div class='ocr_carea' id='block_1_96' title="bbox 361 5077 1920 5218">
    <p class='ocr_par' dir='ltr' id='par_1_96' title="bbox 361 5077 1920 5218">
     <span class='ocr_line' id='line_1_96' title="bbox 361 5077 1920 5154; baseline 0.003 -22"><span class='ocrx_word' id='word_1_726' title='bbox 361 5085 428 5132; x_wconf 82' lang='lat' dir='ltr'><strong>et</strong></span> <span class='ocrx_word' id='word_1_727' title='bbox 454 5077 623 5146; x_wconf 86' lang='lat' dir='ltr'><strong>loqui,</strong></span> <span class='ocrx_word' id='word_1_728' title='bbox 672 5089 728 5135; x_wconf 91' lang='lat' dir='ltr'><strong>et</strong></span> <span class='ocrx_word' id='word_1_729' title='bbox 771 5082 1026 5151; x_wconf 87' lang='lat' dir='ltr'><strong>cogitare,</strong></span> <span class='ocrx_word' id='word_1_730' title='bbox 1061 5097 1182 5152; x_wconf 65' lang='lat' dir='ltr'><strong>quae</strong></span> <span class='ocrx_word' id='word_1_731' title='bbox 1214 5082 1433 5137; x_wconf 90' lang='lat' dir='ltr'><strong>virtutis</strong></span> <span class='ocrx_word' id='word_1_732' title='bbox 1475 5081 1774 5154; x_wconf 88' lang='lat' dir='ltr'><strong>legislatori</strong></span> <span class='ocrx_word' id='word_1_733' title='bbox 1804 5082 1920 5137; x_wconf 94' lang='lat' dir='ltr'><strong>Deo</strong></span> 
     </span>
     <span class='ocr_line' id='line_1_97' title="bbox 361 5165 640 5218; baseline 0 0"><span class='ocrx_word' id='word_1_734' title='bbox 361 5165 603 5218; x_wconf 82' lang='lat' dir='ltr'><strong>nlaeent.</strong></span> <span class='ocrx_word' id='word_1_735' title='bbox 625 5187 640 5217; x_wconf 78' lang='grc' dir='ltr'><strong><em>ι</em></strong></span> 
     </span>
    </p>
   </div>
   <div class='ocr_carea' id='block_1_97' title="bbox 360 5174 640 5236">
    <p class='ocr_par' dir='ltr' id='par_1_97' title="bbox 360 5174 640 5236">
     <span class='ocr_line' id='line_1_98' title="bbox 360 5174 640 5236; baseline -0.004 -18"><span class='ocrx_word' id='word_1_736' title='bbox 360 5174 603 5236; x_wconf 77' lang='lat' dir='ltr'><strong>placent.</strong></span> <span class='ocrx_word' id='word_1_737' title='bbox 625 5187 640 5217; x_wconf 77' lang='grc' dir='ltr'><strong><em>ι</em></strong></span> 
     </span>
    </p>
   </div>
   <div class='ocr_carea' id='block_1_98' title="bbox 2022 4339 3597 4411">
    <p class='ocr_par' dir='ltr' id='par_1_98' title="bbox 2022 4339 3597 4411">
     <span class='ocr_line' id='line_1_99' title="bbox 2022 4339 3597 4411; baseline -0.01 -4"><span class='ocrx_word' id='word_1_738' title='bbox 2022 4367 2081 4407; x_wconf 87' lang='lat' dir='ltr'><strong>se</strong></span> <span class='ocrx_word' id='word_1_739' title='bbox 2110 4351 2421 4405; x_wconf 89' lang='lat' dir='ltr'><strong>venientem</strong></span> <span class='ocrx_word' id='word_1_740' title='bbox 2450 4346 2776 4401; x_wconf 89' lang='lat' dir='ltr'><strong>admittebat</strong></span> <span class='ocrx_word' id='word_1_741' title='bbox 2806 4346 2859 4398; x_wconf 93' lang='lat' dir='ltr'><strong>in</strong></span> <span class='ocrx_word' id='word_1_742' title='bbox 2893 4344 3110 4407; x_wconf 89' lang='lat' dir='ltr'><strong>cellam,</strong></span> <span class='ocrx_word' id='word_1_743' title='bbox 3136 4357 3342 4411; x_wconf 89' lang='lat' dir='ltr'><strong>suaque</strong></span> <span class='ocrx_word' id='word_1_744' title='bbox 3370 4339 3597 4395; x_wconf 78' lang='lat' dir='ltr'><strong>benedi-</strong></span> 
     </span>
    </p>
   </div>
   <div class='ocr_carea' id='block_1_99' title="bbox 2022 4429 3597 4500">
    <p class='ocr_par' dir='ltr' id='par_1_99' title="bbox 2022 4429 3597 4500">
     <span class='ocr_line' id='line_1_100' title="bbox 2022 4429 3597 4500; baseline -0.011 -4"><span class='ocrx_word' id='word_1_745' title='bbox 2022 4442 2203 4497; x_wconf 91' lang='lat' dir='ltr'><strong>ctione</strong></span> <span class='ocrx_word' id='word_1_746' title='bbox 2228 4439 2491 4494; x_wconf 91' lang='lat' dir='ltr'><strong>donatum</strong></span> <span class='ocrx_word' id='word_1_747' title='bbox 2535 4435 2767 4489; x_wconf 90' lang='lat' dir='ltr'><strong>docebat</strong></span> <span class='ocrx_word' id='word_1_748' title='bbox 2801 4433 3076 4500; x_wconf 80' lang='lat' dir='ltr'><strong>exemplo,</strong></span> <span class='ocrx_word' id='word_1_749' title='bbox 3113 4438 3169 4484; x_wconf 88' lang='lat' dir='ltr'><strong>et</strong></span> <span class='ocrx_word' id='word_1_750' title='bbox 3209 4444 3299 4483; x_wconf 90' lang='lat' dir='ltr'><strong>res</strong></span> <span class='ocrx_word' id='word_1_751' title='bbox 3330 4429 3597 4482; x_wconf 83' lang='lat' dir='ltr'><strong>humanas</strong></span> 
     </span>
    </p>
   </div>
   <div class='ocr_carea' id='block_1_100' title="bbox 2023 4520 3595 4602">
    <p class='ocr_par' dir='ltr' id='par_1_100' title="bbox 2023 4520 3595 4602">
     <span class='ocr_line' id='line_1_101' title="bbox 2023 4520 3595 4602; baseline -0.01 -13"><span class='ocrx_word' id='word_1_752' title='bbox 2023 4533 2328 4602; x_wconf 89' lang='lat' dir='ltr'><strong>despicere,</strong></span> <span class='ocrx_word' id='word_1_753' title='bbox 2358 4538 2415 4585; x_wconf 91' lang='lat' dir='ltr'><strong>et</strong></span> <span class='ocrx_word' id='word_1_754' title='bbox 2451 4528 2589 4582; x_wconf 91' lang='lat' dir='ltr'><strong>nihil</strong></span> <span class='ocrx_word' id='word_1_755' title='bbox 2626 4534 2895 4589; x_wconf 87' lang='lat' dir='ltr'><strong>metuere,</strong></span> <span class='ocrx_word' id='word_1_756' title='bbox 2928 4540 3001 4577; x_wconf 89' lang='lat' dir='ltr'><strong>ne</strong></span> <span class='ocrx_word' id='word_1_757' title='bbox 3034 4537 3344 4592; x_wconf 89' lang='lat' dir='ltr'><strong>supremam</strong></span> <span class='ocrx_word' id='word_1_758' title='bbox 3372 4520 3595 4590; x_wconf 90' lang='lat' dir='ltr'><strong>quidem</strong></span> 
     </span>
    </p>
   </div>
   <div class='ocr_carea' id='block_1_101' title="bbox 2022 4611 3596 4697">
    <p class='ocr_par' dir='ltr' id='par_1_101' title="bbox 2022 4611 3596 4697">
     <span class='ocr_line' id='line_1_102' title="bbox 2022 4611 3596 4697; baseline -0.012 -16"><span class='ocrx_word' id='word_1_759' title='bbox 2022 4630 2368 4697; x_wconf 90' lang='lat' dir='ltr'><strong>potestatem,</strong></span> <span class='ocrx_word' id='word_1_760' title='bbox 2396 4634 2523 4675; x_wconf 91' lang='lat' dir='ltr'><strong>cum</strong></span> <span class='ocrx_word' id='word_1_761' title='bbox 2554 4634 2644 4673; x_wconf 90' lang='lat' dir='ltr'><strong>res</strong></span> <span class='ocrx_word' id='word_1_762' title='bbox 2666 4615 2869 4672; x_wconf 88' lang='lat' dir='ltr'><strong>Christi</strong></span> <span class='ocrx_word' id='word_1_763' title='bbox 2895 4614 2978 4685; x_wconf 89' lang='lat' dir='ltr'><strong>agi</strong></span> <span class='ocrx_word' id='word_1_764' title='bbox 3011 4613 3332 4677; x_wconf 89' lang='lat' dir='ltr'><strong>videretur;</strong></span> <span class='ocrx_word' id='word_1_765' title='bbox 3362 4611 3596 4665; x_wconf 90' lang='lat' dir='ltr'><strong>aliorum</strong></span> 
     </span>
    </p>
   </div>
   <div class='ocr_carea' id='block_1_102' title="bbox 2022 4700 3594 4787">
    <p class='ocr_par' dir='ltr' id='par_1_102' title="bbox 2022 4700 3594 4787">
     <span class='ocr_line' id='line_1_103' title="bbox 2022 4700 3594 4787; baseline -0.011 -16"><span class='ocrx_word' id='word_1_766' title='bbox 2022 4717 2233 4787; x_wconf 89' lang='lat' dir='ltr'><strong>pariter</strong></span> <span class='ocrx_word' id='word_1_767' title='bbox 2277 4719 2591 4766; x_wconf 89' lang='lat' dir='ltr'><strong>sanctorum</strong></span> <span class='ocrx_word' id='word_1_768' title='bbox 2646 4706 3031 4771; x_wconf 89' lang='lat' dir='ltr'><strong>admiratione,</strong></span> <span class='ocrx_word' id='word_1_769' title='bbox 3073 4712 3135 4758; x_wconf 90' lang='lat' dir='ltr'><strong>ut</strong></span> <span class='ocrx_word' id='word_1_770' title='bbox 3173 4712 3307 4758; x_wconf 73' lang='lat' dir='ltr'><strong>tetas</strong></span> <span class='ocrx_word' id='word_1_771' title='bbox 3356 4700 3594 4765; x_wconf 87' lang='lat' dir='ltr'><strong>ferebat,</strong></span> 
     </span>
    </p>
   </div>
   <div class='ocr_carea' id='block_1_103' title="bbox 2023 4794 3598 4875">
    <p class='ocr_par' dir='ltr' id='par_1_103' title="bbox 2023 4794 3598 4875">
     <span class='ocr_line' id='line_1_104' title="bbox 2023 4794 3598 4875; baseline -0.01 -13"><span class='ocrx_word' id='word_1_772' title='bbox 2023 4806 2319 4875; x_wconf 85' lang='lat' dir='ltr'><strong>verbisque</strong></span> <span class='ocrx_word' id='word_1_773' title='bbox 2343 4800 2740 4857; x_wconf 86' lang='lat' dir='ltr'><strong>incendebatur</strong></span> <span class='ocrx_word' id='word_1_774' title='bbox 2764 4798 2831 4853; x_wconf 88' lang='lat' dir='ltr'><strong>ad</strong></span> <span class='ocrx_word' id='word_1_775' title='bbox 2853 4798 3022 4853; x_wconf 90' lang='lat' dir='ltr'><strong>vitam</strong></span> <span class='ocrx_word' id='word_1_776' title='bbox 3053 4811 3085 4851; x_wconf 90' lang='lat' dir='ltr'><strong>a</strong></span> <span class='ocrx_word' id='word_1_777' title='bbox 3110 4794 3388 4851; x_wconf 90' lang='lat' dir='ltr'><strong>communi</strong></span> <span class='ocrx_word' id='word_1_778' title='bbox 3416 4794 3598 4848; x_wconf 81' lang='lat' dir='ltr'><strong>diver-</strong></span> 
     </span>
    </p>
   </div>
   <div class='ocr_carea' id='block_1_104' title="bbox 2027 4891 3035 4966">
    <p class='ocr_par' dir='ltr' id='par_1_104' title="bbox 2027 4891 3035 4966">
     <span class='ocr_line' id='line_1_105' title="bbox 2027 4891 3035 4966; baseline -0.008 -13"><span class='ocrx_word' id='word_1_779' title='bbox 2027 4913 2163 4961; x_wconf 84' lang='lat' dir='ltr'><strong>sam,</strong></span> <span class='ocrx_word' id='word_1_780' title='bbox 2199 4895 2398 4966; x_wconf 89' lang='lat' dir='ltr'><strong>spiritu</strong></span> <span class='ocrx_word' id='word_1_781' title='bbox 2424 4908 2534 4947; x_wconf 92' lang='lat' dir='ltr'><strong>non</strong></span> <span class='ocrx_word' id='word_1_782' title='bbox 2554 4892 2716 4947; x_wconf 89' lang='lat' dir='ltr'><strong>solito</strong></span> <span class='ocrx_word' id='word_1_783' title='bbox 2748 4891 3035 4962; x_wconf 89' lang='lat' dir='ltr'><strong>agendam.</strong></span> 
     </span>
    </p>
   </div>
   <div class='ocr_carea' id='block_1_105' title="bbox 2099 4978 3596 5055">
    <p class='ocr_par' dir='ltr' id='par_1_105' title="bbox 2099 4978 3596 5055">
     <span class='ocr_line' id='line_1_106' title="bbox 2099 4978 3596 5055; baseline -0.009 -13"><span class='ocrx_word' id='word_1_784' title='bbox 2099 4986 2206 5042; x_wconf 85' lang='lat' dir='ltr'><strong>Tot</strong></span> <span class='ocrx_word' id='word_1_785' title='bbox 2234 4984 2516 5055; x_wconf 88' lang='lat' dir='ltr'><strong>prodigiis,</strong></span> <span class='ocrx_word' id='word_1_786' title='bbox 2543 4990 2736 5052; x_wconf 89' lang='lat' dir='ltr'><strong>totque</strong></span> <span class='ocrx_word' id='word_1_787' title='bbox 2767 4993 3080 5037; x_wconf 86' lang='lat' dir='ltr'><strong>sanctorum</strong></span> <span class='ocrx_word' id='word_1_788' title='bbox 3112 4978 3375 5041; x_wconf 79' lang='lat' dir='ltr'><strong>exemplis</strong></span> <span class='ocrx_word' id='word_1_789' title='bbox 3398 4978 3596 5047; x_wconf 64' lang='lat' dir='ltr'><strong>praelu-</strong></span> 
     </span>
    </p>
   </div>
   <div class='ocr_carea' id='block_1_106' title="bbox 2027 5063 3597 5145">
    <p class='ocr_par' dir='ltr' id='par_1_106' title="bbox 2027 5063 3597 5145">
     <span class='ocr_line' id='line_1_107' title="bbox 2027 5063 3597 5145; baseline -0.011 -10"><span class='ocrx_word' id='word_1_790' title='bbox 2027 5079 2158 5135; x_wconf 93' lang='lat' dir='ltr'><strong>dere</strong></span> <span class='ocrx_word' id='word_1_791' title='bbox 2183 5076 2471 5133; x_wconf 89' lang='lat' dir='ltr'><strong>videbatur</strong></span> <span class='ocrx_word' id='word_1_792' title='bbox 2488 5072 2828 5145; x_wconf 88' lang='lat' dir='ltr'><strong>providentia</strong></span> <span class='ocrx_word' id='word_1_793' title='bbox 2858 5071 3040 5126; x_wconf 76' lang='lat' dir='ltr'><strong>divina</strong></span> <span class='ocrx_word' id='word_1_794' title='bbox 3057 5069 3377 5124; x_wconf 81' lang='lat' dir='ltr'><strong>admirabile</strong></span> <span class='ocrx_word' id='word_1_795' title='bbox 3391 5063 3597 5135; x_wconf 87' lang='lat' dir='ltr'><strong>aliquid</strong></span> 
     </span>
    </p>
   </div>
   <div class='ocr_carea' id='block_1_107' title="bbox 2028 5158 3602 5232">
    <p class='ocr_par' dir='ltr' id='par_1_107' title="bbox 2028 5158 3602 5232">
     <span class='ocr_line' id='line_1_108' title="bbox 2028 5158 3602 5232; baseline -0.01 -6"><span class='ocrx_word' id='word_1_796' title='bbox 2028 5172 2084 5227; x_wconf 92' lang='lat' dir='ltr'><strong>in</strong></span> <span class='ocrx_word' id='word_1_797' title='bbox 2106 5168 2455 5225; x_wconf 87' lang='lat' dir='ltr'><strong>Theodorcto</strong></span> <span class='ocrx_word' id='word_1_798' title='bbox 2491 5164 2913 5227; x_wconf 82' lang='lat' dir='ltr'><strong>ostendendum,</strong></span> <span class='ocrx_word' id='word_1_799' title='bbox 2957 5163 3183 5232; x_wconf 88' lang='lat' dir='ltr'><strong>ipsaque</strong></span> <span class='ocrx_word' id='word_1_800' title='bbox 3211 5161 3389 5231; x_wconf 89' lang='lat' dir='ltr'><strong>prima</strong></span> <span class='ocrx_word' id='word_1_801' title='bbox 3421 5158 3602 5213; x_wconf 84' lang='lat' dir='ltr'><strong>Theo-</strong></span> 
     </span>
    </p>
   </div>
   <div class='ocr_carea' id='block_1_108' title="bbox 1648 5348 2215 5408">
    <p class='ocr_par' dir='ltr' id='par_1_108' title="bbox 1648 5348 2215 5408">
     <span class='ocr_line' id='line_1_109' title="bbox 1648 5348 2215 5408; baseline -0.012 0"><span class='ocrx_word' id='word_1_802' title='bbox 1648 5350 1957 5408; x_wconf 80' lang='lat' dir='ltr'><strong>SCHULZII</strong></span> <span class='ocrx_word' id='word_1_803' title='bbox 1984 5348 2215 5406; x_wconf 65' lang='lat' dir='ltr'><strong>NOTAE.</strong></span> 
     </span>
    </p>
   </div>
   <div class='ocr_carea' id='block_1_109' title="bbox 431 5471 1914 5557">
    <p class='ocr_par' dir='ltr' id='par_1_109' title="bbox 431 5484 1914 5557">
     <span class='ocr_line' id='line_1_110' title="bbox 431 5484 1914 5557; baseline 0.006 -21"><span class='ocrx_word' id='word_1_804' title='bbox 431 5486 455 5517; x_wconf 82' lang='grc'><strong><em>⁸</em></strong></span> <span class='ocrx_word' id='word_1_805' title='bbox 488 5484 686 5554; x_wconf 77' lang='lat' dir='ltr'><strong>Inquit.</strong></span> <span class='ocrx_word' id='word_1_806' title='bbox 722 5486 876 5551; x_wconf 85' lang='lat' dir='ltr'><strong>lbid.,</strong></span> <span class='ocrx_word' id='word_1_807' title='bbox 909 5504 961 5557; x_wconf 87' lang='lat' dir='ltr'><strong>p.</strong></span> <span class='ocrx_word' id='word_1_808' title='bbox 995 5489 1147 5543; x_wconf 67' lang='lat' dir='ltr'><strong>12H.</strong></span> <span class='ocrx_word' id='word_1_809' title='bbox 1224 5491 1244 5522; x_wconf 82' lang='grc'><strong><em>⁸</em></strong></span> <span class='ocrx_word' id='word_1_810' title='bbox 1270 5487 1467 5549; x_wconf 74' lang='lat' dir='ltr'><strong>Multis.</strong></span> <span class='ocrx_word' id='word_1_811' title='bbox 1499 5500 1617 5548; x_wconf 81' lang='lat' dir='ltr'><strong>eaet.</strong></span> <span class='ocrx_word' id='word_1_812' title='bbox 1644 5492 1765 5545; x_wconf 79' lang='lat' dir='ltr'><strong>Vid.</strong></span> <span class='ocrx_word' id='word_1_813' title='bbox 1786 5501 1826 5545; x_wconf 87' lang='lat' dir='ltr'><strong>t.</strong></span> <span class='ocrx_word' id='word_1_814' title='bbox 1855 5491 1914 5545; x_wconf 87' lang='grc'><strong>111</strong></span> 
     </span>
    </p>
   </div>
   <div class='ocr_carea' id='block_1_110' title="bbox 2017 5471 3601 5557">
    <p class='ocr_par' dir='ltr' id='par_1_110' title="bbox 2017 5471 3601 5557">
     <span class='ocr_line' id='line_1_111' title="bbox 2017 5471 3601 5557; baseline -0.014 -12"><span class='ocrx_word' id='word_1_815' title='bbox 2017 5533 2023 5546; x_wconf 86' lang='grc'><strong>.</strong></span> <span class='ocrx_word' id='word_1_816' title='bbox 2055 5489 2211 5543; x_wconf 64' lang='lat' dir='ltr'><strong>HIS.</strong></span> <span class='ocrx_word' id='word_1_817' title='bbox 2285 5486 2306 5518; x_wconf 90' lang='lat'>&quot;</span> <span class='ocrx_word' id='word_1_818' title='bbox 2333 5481 2847 5557; x_wconf 68' lang='lat' dir='ltr'><strong>Decumbeb_at_,-_c:et.</strong></span> <span class='ocrx_word' id='word_1_819' title='bbox 2871 5480 3038 5557; x_wconf 32' lang='grc' dir='ltr'><strong>Ῑὶρίᾱὶ.1</strong></span> <span class='ocrx_word' id='word_1_820' title='bbox 3060 5496 3113 5550; x_wconf 87' lang='lat' dir='ltr'><strong>p.</strong></span> <span class='ocrx_word' id='word_1_821' title='bbox 3142 5478 3295 5534; x_wconf 75' lang='grc'><strong>1194.</strong></span> <span class='ocrx_word' id='word_1_822' title='bbox 3371 5474 3395 5508; x_wconf 78' lang='grc'>⁸</span> <span class='ocrx_word' id='word_1_823' title='bbox 3419 5471 3601 5545; x_wconf 64' lang='lat' dir='ltr'><strong>Hujim</strong></span> 
     </span>
    </p>
   </div>
   <div class='ocr_carea' id='block_1_111' title="bbox 361 5550 1914 5631">
    <p class='ocr_par' dir='ltr' id='par_1_111' title="bbox 361 5550 1914 5627">
     <span class='ocr_line' id='line_1_112' title="bbox 361 5550 1914 5627; baseline -0.002 -16"><span class='ocrx_word' id='word_1_824' title='bbox 361 5550 586 5626; x_wconf 73' lang='lat' dir='ltr'><strong>quoque,</strong></span> <span class='ocrx_word' id='word_1_825' title='bbox 630 5566 745 5610; x_wconf 70' lang='lat' dir='ltr'><strong>catt.</strong></span> <span class='ocrx_word' id='word_1_826' title='bbox 784 5550 925 5611; x_wconf 50' lang='lat' dir='ltr'><strong>Ibid:</strong></span> <span class='ocrx_word' id='word_1_827' title='bbox 992 5560 1010 5592; x_wconf 87' lang='grc'><strong><em>⁹</em></strong></span> <span class='ocrx_word' id='word_1_828' title='bbox 1042 5558 1263 5625; x_wconf 79' lang='lat' dir='ltr'><strong>Valenti,</strong></span> <span class='ocrx_word' id='word_1_829' title='bbox 1301 5569 1418 5615; x_wconf 76' lang='lat' dir='ltr'><strong>czet.</strong></span> <span class='ocrx_word' id='word_1_830' title='bbox 1446 5560 1611 5627; x_wconf 88' lang='lat' dir='ltr'><strong>lbid.,</strong></span> <span class='ocrx_word' id='word_1_831' title='bbox 1652 5562 1817 5617; x_wconf 75' lang='grc'><strong>1181.</strong></span> <span class='ocrx_word' id='word_1_832' title='bbox 1888 5565 1914 5593; x_wconf 72' lang='grc' dir='ltr'>ιι</span> 
     </span>
    </p>
   </div>
   <div class='ocr_carea' id='block_1_112' title="bbox 2017 5550 3059 5631">
    <p class='ocr_par' dir='ltr' id='par_1_112' title="bbox 2017 5550 3059 5631">
     <span class='ocr_line' id='line_1_113' title="bbox 2017 5550 3059 5631; baseline -0.012 -16"><span class='ocrx_word' id='word_1_833' title='bbox 2017 5577 2090 5615; x_wconf 76' lang='lat' dir='ltr'><strong>2m</strong></span> <span class='ocrx_word' id='word_1_834' title='bbox 2124 5557 2427 5631; x_wconf 77' lang='lat' dir='ltr'><strong>parvulum,</strong></span> <span class='ocrx_word' id='word_1_835' title='bbox 2465 5561 2581 5611; x_wconf 71' lang='lat' dir='ltr'><strong>catt.</strong></span> <span class='ocrx_word' id='word_1_836' title='bbox 2612 5552 2774 5619; x_wconf 77' lang='lat' dir='ltr'><strong>Ibid.,</strong></span> <span class='ocrx_word' id='word_1_837' title='bbox 2806 5567 2860 5621; x_wconf 84' lang='grc' dir='ltr'><strong>ι).</strong></span> <span class='ocrx_word' id='word_1_838' title='bbox 2908 5550 3059 5604; x_wconf 80' lang='grc'><strong>1185.</strong></span> 
     </span>
    </p>
   </div>
  </div>
