4054 6138
442 195 519 258 9.3
1563 171 1943 237 GARNERII
1985 167 2484 231 DISSERTATIO
2521 166 2570 226 ι.
3629 129 3700 217 go

443 301 622 360 doreti
642 300 814 356 Deum
841 293 1127 367 sequentis
1147 289 1460 348 rudimenta
1487 298 1745 356 magnum
1769 279 2030 338 sanetita-
2060 285 2105 342 Α
2133 275 2343 332 animos
2380 274 2635 340 faciebat,
2669 289 2733 330 ac
2771 273 3010 331 vicissim
3037 274 3105 328 ab
3134 285 3196 327 ea
3221 267 3584 333 ani.nabatur,
3627 268 3696 324 ad

445 395 519 450 tis
544 393 809 449 absolutae
827 385 1136 457 exemplum
1159 378 1583 454 promittebant;
1607 391 1711 430 nec
1733 375 1882 429 illam
1913 372 2024 428 for-

448 495 590 540 tasse
611 483 841 539 effectus
870 479 1170 534 frustratus
1197 480 1301 536 est,
1325 483 1505 539 neque
1531 465 1704 522 initiis
1735 479 1856 535 qua:
1881 462 2020 528 dixi,

449 575 589 628 male
613 569 898 642 respondit
922 567 1066 621 ﬁnis.
1097 561 1204 619 Sed
1229 559 1374 631 quod
1401 557 1733 628 stupendum
1763 563 1866 620 est,
1892 569 2024 624 per-

415 679 418 682 ’
448 659 621 729 plexis
652 657 990 724 occultisque
1017 651 1194 706 modis
1221 647 1580 719 providentia:
1607 646 1692 701 vis
1717 660 1836 700 sese
1863 658 2022 698 exse-

451 749 582 814 ruit,
604 759 659 803 et
683 745 1062 801 Theodoretus
1094 756 1162 796 eo
1186 739 1362 795 deviis
1388 737 1725 793 anfractibus
1747 735 2021 807 pervenit,

449 854 560 909 quo
587 833 1008 908 praedestinante
1031 833 1142 887 Deo
1167 830 1453 901 agebatur.

1001 965 1161 1038 140
1203 963 1354 1020 CAP.
1395 963 1460 1017 ιι.

450 1102 492 1154 1.
523 1099 867 1155 Theodoretus
897 1098 1218 1151 monasterio
1262 1096 1496 1150 traditur
1538 1097 1730 1165 pietate
1761 1104 1808 1165 et
1839 1094 2022 1165 litteris

517 1169 906 1239 informandus.
968 1167 1034 1221 ll.
1063 1167 1287 1239 Animus
1316 1174 1365 1239 et
1408 1163 1700 1235 ingenium.
1758 1164 1848 1239 111.
1882 1163 2023 1229 Quos

517 1232 725 1292 secutus
763 1239 1063 1308 magistros.
1124 1232 1481 1308 IVLSogietas'
1515 1243 1563 1287 ct
1605 1234 1881 1308 necessitas
1906 1250 2024 1308 enm

522 1308 762 1362 Nestorio
812 1302 873 1360 etv
895 1306 1123 1360 Joanne.
1197 1305 1261 1360 V.
1309 1303 1390 1356 Fit
1421 1302 1605 1373 flector
1641 1321 1672 1355 a
1706 1302 2021 1373 Porphyrio.

520 1377 608 1432 Vl.
641 1375 907 1430 Diaconus
937 1375 999 1428 ab
1029 1375 1354 1429 Alexandro.
1390 1372 1501 1426 VII.
1527 1371 1715 1426 Odium
1737 1372 1792 1424 in
1809 1371 2022 1426 lusi-eti-

521 1464 606 1500 cos
627 1446 710 1501 sui
728 1446 995 1512 temporis.
1021 1445 1158 1500 Vill.
1187 1443 1263 1496 Fit
1288 1443 1556 1512 episcopus
1573 1439 2021 1512 CyrensisiEccle-

521 1464 606 1500 608
627 1463 709 1501 δαί
728 1463 830 1500 ιεηι
869 1463 995 1499 Oris.
1030 1463 1158 1500 VIII.
1187 1463 1263 1496 ΓΗ
1288 1463 1556 1512 episcopus
1573 1463 1814 1511 υυνεηδιδ
1839 1463 2021 1494 βαδιε-

521 1517 632 1571 siw.
684 1515 776 1569 1X.
817 1463 1162 1585 geploranda
1205 1511 1436 1585 regionis
1472 1512 1650 1580 facies.
1817 1509 2022 1585 Nobiles

521 1596 696 1638 tamen
735 1587 790 1638 in
820 1579 1174 1637 ea'monachi.
1210 1579 1301 1635 XI.
1335 1579 1436 1644 Qui
1463 1589 1586 1634 tunc
1621 1580 1908 1650 majoribus
1941 1597 2023 1633 sc-

526 1655 674 1708 dibus
703 1654 1010 1709 insiderent.

860 1787 935 1838 Ab
958 1799 1086 1837 anno
1109 1783 1290 1836 Christi
1310 1786 1400 1835 393
1426 1785 1484 1835 ad
1508 1784 1613 1833 410.

518 1918 556 1970 Ι.
596 1913 974 1970 Theodoretus
1011 1911 1238 1965 vixdum
1283 1909 1566 1979 septennis
1599 1906 1638 1937 ¹¹
1691 1905 2022 1960 monasterio

451 2000 685 2055 traditus
715 2008 820 2065 est,
855 2014 967 2054 non
1003 1998 1130 2052 vitae
1173 2003 1384 2050 tantum
1424 1993 2020 2073 religiosa:_institutis,

450 2090 546 2144 sed
580 2089 779 2144 litteris
800 2103 1020 2160 quoque
1055 2085 1450 2142 informandus.
1482 2085 1543 2140 1ιι
1569 2093 1800 2153 utroque
1823 2097 2022 2154 genere

453 2182 528 2235 ita
555 2180 808 2250 profecit,
839 2191 902 2236 ut
927 2188 984 2235 et
1015 2188 1269 2250 paternas
1291 2193 1424 2248 opes
1443 2176 1778 2248 pauperibus
1799 2175 2024 2246 largitus

451 2273 547 2337 sit,
583 2288 707 2326 cum
741 2271 1018 2328 defunctis
1037 2269 1360 2341 parentibus
1389 2268 1754 2338 amplissimas
1777 2266 2021 2335 accepis-

454 2372 558 2428 set,
600 2374 656 2418 et
690 2364 862 2419 sacris
899 2363 1252 2433 profanisque
1295 2362 1563 2416 doctrinis
1596 2376 1734 2430 pene
1767 2359 2025 2414 omnibus

455 2461 694 2506 mentem
729 2451 1125 2506 admirabiliter
1149 2451 1474 2506 excoluerit.
1520 2450 1652 2504 Inde
1689 2448 1886 2503 famam
1915 2463 2024 2503 non

455 2543 787 2599 mediocrem
833 2543 950 2598 sive
995 2542 1336 2606 sanctitatis,
1384 2542 1498 2597 sive
1545 2540 1874 2596 eruditionis
1911 2547 2024 2596 toto

453 2633 675 2688 Oriente
705 2632 944 2702 collegit,
972 2641 1029 2686 et
1064 2633 1169 2687 hoc
1209 2631 1365 2702 quasi
1403 2631 1655 2685 tirocinio
1679 2629 1920 2684 animum
1953 2628 2024 2683 ad

421 2723 424 2727 ’
454 2725 689 2778 maxima
713 2739 965 2794 quaeque,
998 2723 1362 2795 ingenitaque
1387 2738 1498 2778 sure
1521 2719 1826 2777 excelsitati
1852 2720 2022 2790 paria,

451 2816 763 2871 erudiebat.

525 2909 590 2965 11.
629 2909 756 2964 Fuit
801 2909 951 2965 enim
995 2909 1076 2964 illi
1118 2908 1336 2964 animus
1380 2923 1412 2962 a
1459 2913 1653 2962 natura
1693 2918 1922 2976 magnus
1969 2910 2026 2956 et

452 3001 650 3066 elatus,
692 2999 901 3055 idcirco
931 2999 1242 3070 despiciens
1288 3014 1379 3054 res
1419 2997 1694 3068 quaslibet
1735 2996 2022 3059 humanas,

454 3100 651 3164 praeter
678 3091 876 3146 famam
899 3108 914 3159 ;
937 3091 1116 3146 audax
1139 3091 1324 3146 omnia
1353 3089 1533 3144 moliri
1567 3096 1623 3143 et
1641 3085 1874 3158 perpeti,
1899 3101 2025 3141 cum

454 3182 675 3253 pietatis
707 3181 921 3252 species
951 3181 1324 3254 objiceretur;
1351 3178 1614 3250 prodigus
1645 3177 2024 3248 pecuniarum,

455 3273 552 3329 sed
576 3273 632 3328 in
657 3288 948 3345 pauperes,
975 3281 1032 3328 et
1058 3272 1310 3343 publicos
1331 3279 1616 3340 sumptus;
1643 3268 2028 3324 tenacissimas

455 3365 743 3436 propositi,
777 3375 836 3422 et
862 3381 1034 3436 prope
1062 3364 1351 3435 pertinax;
1391 3362 1757 3417 amicitiarum
1794 3360 2029 3416 incredi-

457 3456 643 3512 biliter
669 3463 954 3525 appetens,
983 3461 1040 3509 et
1070 3467 1195 3508 cum
1217 3452 1509 3524 iunxisset,
1547 3456 1862 3506 constanter
1893 3450 2027 3504 reti-

457 3558 616 3603 nens.

527 3631 612 3685 111.
648 3630 845 3686 Animo
874 3647 973 3701 par
1003 3631 1306 3703 ingenium,
1334 3645 1503 3700 capax
1528 3644 1726 3700 nempe
1753 3642 1818 3684 ac
1847 3629 2026 3684 omni-

459 3720 564 3774 bus
621 3719 892 3776 doctrinis
946 3728 1156 3790 aptum,
1207 3719 1431 3774 avidum
1477 3717 1715 3782 sciendi,
1772 3724 1828 3772 et
1878 3714 2028 3771 felici

458 3811 736 3866 memoria:
763 3810 1091 3881 dicendique
1122 3808 1370 3866 facultati
1391 3823 1532 3880 pene
1555 3806 1881 3879 prodigiosae
1899 3821 2029 3861 con-

453 3902 726 3970 junctum.

527 3991 610 4045 Ad
642 3991 759 4046 haec
790 3989 1079 4061 magistros
1095 3989 1280 4062 elegit,
1309 4003 1450 4061 quos
1483 3995 1828 4060 sequeretur,
1859 3988 2029 4044 totius

459 4081 610 4138 orbis
629 4096 694 4137 ea
721 4089 1042 4151 tempestate
1063 4082 1475 4146 celeberrimos,
1503 4080 1748 4136 scientia:
1773 4079 2026 4135 Theodo-

459 4186 604 4238 rum,
642 4170 969 4240 eloquentiae
1013 4169 1486 4242 Chrysostomum,
1519 4177 1811 4239 utrumque
1842 4168 2029 4223 Antio-

2125 365 2516 436 capessendam
2539 365 2760 436 pietatis
2785 365 3203 436 perfectionem.

2193 457 2256 511 ν.
2293 455 2399 511 Sed
2429 456 2626 511 accidit
2657 455 2799 510 forte
2835 464 2896 509 ut
2951 470 3014 510 ea
3053 458 3375 523 tempestate
3407 450 3465 503 in
3503 463 3696 504 mona-

2124 546 2292 602 sterio
2323 546 2586 616 degerent
2613 546 2898 600 Nestorius
2925 553 2979 599 et
3002 545 3268 607 Joannes,
3298 553 3534 610 quorum
3559 539 3698 593 alter

2121 636 2739 706 Constantinopolitanae
2770 643 2980 705 postea,
3037 635 3174 688 alter
3203 631 3561 687 Antiochense
3599 629 3700 683 Ec-

2124 727 2304 781 clesia:
2329 726 2564 796 praefuit.
2618 725 2770 796 141
2797 725 3036 794 Uterque
3069 723 3294 778 studere
3317 720 3507 792 pietati
3538 719 3696 775 vide-

2124 818 2307 884 batur,
2353 826 2410 874 et
2452 818 2633 888 reipsa
2658 817 2842 872 forsan
2884 815 3143 871 studebat
3184 833 3197 868 :
3231 815 3328 868 sed
3368 826 3698 883 magnopere

2127 915 2259 962 tunc
2287 907 2550 978 temporis
2582 906 2858 962 referebat
2894 905 3070 960 videri
3107 904 3258 974 pium
3281 945 3296 970 ,
3327 918 3451 958 cum
3481 902 3696 973 Opinio-

2124 998 2212 1052 nis
2237 1013 2448 1052 merces
2473 997 2632 1063 foret,
2654 997 2755 1051 toti
2777 997 2983 1067 ingenti
3009 994 3234 1050 dioecesi
3259 1008 3493 1063 praeesse
3512 1033 3526 1058 ,
3553 1000 3610 1046 et
3631 1007 3698 1046 ex

2125 1089 2408 1144 monachis
2447 1090 2786 1159 patriarchas
2820 1087 2960 1144 fleri.
2999 1085 3135 1144 Cum
3163 1087 3252 1142 his
3291 1085 3510 1140 duobus
3547 1093 3698 1139 arcta

2123 1179 2229 1236 fuit
2257 1179 2604 1235 Theodoreto
2622 1179 2940 1244 necessitas,
2967 1193 3088 1248 quae
3108 1194 3138 1232 a
3161 1177 3423 1232 societate
3455 1175 3578 1230 vitae
3609 1189 3696 1229 re-

2124 1271 2329 1341 ligiosa:
2359 1280 2561 1334 ortum,
2590 1271 2988 1327 incrementum
3012 1285 3043 1323 a
3070 1267 3266 1324 studiis
3288 1265 3696 1329 communibus,

2125 1362 2178 1416 id
2205 1372 2311 1426 est,
2330 1363 2398 1418 ab
2425 1363 2750 1419 arctissimis
2783 1377 3102 1432 magnarum
3135 1359 3440 1415 animarum
3465 1358 3700 1412 vinculis

2123 1455 2338 1525 accepit
2370 1473 2382 1508 :
2418 1470 2542 1510 cum
2571 1470 2705 1510 vero
2733 1453 3082 1524 postmodum
3117 1452 3185 1506 ab
3216 1450 3338 1506 aliis
3359 1449 3540 1504 causis
3563 1464 3696 1502 con-

2126 1546 2336 1600 firmata
2379 1556 2544 1609 esset,
2580 1560 2837 1616 magnum
2873 1543 3085 1600 Orienti
3130 1544 3341 1612 totique
3371 1539 3493 1595 orbi
3533 1539 3698 1594 Chri-

2052 1631 2094 1686 Β
2122 1639 2302 1694 stiano
2344 1639 2545 1692 malum
2594 1637 2800 1710 intulit,
2847 1637 3013 1692 unius
3055 1634 3428 1705 improbitate,
3471 1631 3701 1686 alterius

2122 1729 2384 1784 caecitate.

2192 1819 2281 1873 Vl.
2307 1819 2413 1873 Per
2446 1819 2500 1874 id
2533 1826 2748 1889 tempus
2781 1818 3180 1873 Antiochenam
3208 1817 3509 1873 Ecclesiam
3546 1834 3698 1888 rege-

2123 1909 2216 1964 bat
2241 1909 2600 1980 Porphyrius,
2631 1909 2726 1979 qui
2761 1915 2885 1978 post
2915 1907 3158 1961 Flaviani
3192 1913 3422 1961 mortem
3459 1906 3699 1960 intruse—

2123 2009 2208 2056 rat
2230 2016 2350 2056 sese
2380 2001 2540 2055 malis
2571 1999 2785 2055 artibus
2815 1999 2869 2052 in
2899 1999 3073 2053 sancti
3106 1998 3311 2053 locum.
3343 1995 3624 2051 Laudatur
3656 1997 3698 2028 ¹³

2124 2100 2303 2148 tamen
2330 2109 2361 2146 a
2402 2091 2748 2147 Thcodorcto
2777 2098 3002 2162 prOpter
3040 2089 3439 2159 benignitatem
3473 2097 3528 2144 et
3555 2105 3697 2157 pru~

2122 2182 2385 2248 dentiam,
2423 2181 2635 2252 fuitque
2672 2197 2735 2237 ea
2765 2182 2884 2235 laus
2926 2183 3062 2251 grati
3107 2179 3277 2233 animi
3317 2178 3697 2233 testimonium

2122 2274 2394 2344 quoddam
2425 2293 2437 2327 :
2479 2290 2602 2328 nam
2633 2273 2702 2327 ab
2734 2273 2852 2342 ipso
2882 2281 3100 2326 creatus
3121 2279 3199 2326 esl
3230 2272 3423 2336 lector,
3449 2285 3575 2325 cum
3603 2287 3698 2325 an-

2124 2381 2319 2419 norum
2351 2373 2497 2419 esset
2522 2365 2744 2420 circiter
2776 2364 2994 2433 viginti.

2193 2455 2306 2512 Vll.
2330 2453 2609 2510 Successit
2631 2455 2935 2526 Porphyrio
2955 2454 3040 2507 vir
3063 2454 3222 2523 longe
3244 2452 3440 2507 melior
3457 2447 3699 2505 Alexan-

2124 2547 2242 2611 der,
2277 2554 2339 2599 ut
2370 2546 2463 2617 qui
2505 2563 2521 2596 ι
2561 2560 2765 2600 severa:
2800 2545 2843 2576 ¹⁷⁶
2875 2544 3000 2599 vitae
3032 2543 3346 2613 disciplina,
3391 2541 3581 2598 studio
3612 2558 3700 2596 sa-

2123 2639 2371 2708 pientiae,
2425 2644 2666 2708 egestate
2711 2636 3040 2701 voluntaria,
3086 2635 3421 2704 eloquentia,
3471 2633 3702 2703 aliisque

2123 2728 2376 2799 pluribus
2394 2727 2632 2798 Spiritus
2647 2726 2821 2782 sancti
2839 2726 2998 2781 donis
3021 2726 3318 2782 admodum
3335 2725 3651 2782 excelleret.
3678 2744 3696 2776 ν

2126 2820 2223 2875 Hic
2241 2819 2647 2874 Theodoretum
2675 2828 2900 2889 propter
2918 2819 3136 2874 virtutis
3168 2818 3332 2873 simul
3361 2826 3415 2874 et
3438 2817 3703 2872 doctrina:

2126 2909 2441 2980 opinionem
2489 2908 2780 2964 diaconum
2830 2907 3052 2963 videtur
3091 2907 3398 2973 ordinasse,
3429 2923 3554 2962 cum
3590 2909 3702 2980 jam

2127 3001 2420 3072 legitimam
2452 3009 2667 3056 mtatem
2693 3000 2926 3070 adeptus
2951 3007 3117 3055 esset.

2197 3092 2334 3149 Vill.
2363 3090 2476 3147 Hac
2504 3091 2772 3162 dignitate
2808 3091 3070 3162 praaditus
3105 3091 3273 3160 coepit
3306 3106 3393 3145 res
3430 3089 3556 3144 fidei
3591 3100 3704 3144 tra-

2127 3191 2278 3239 ctare
2308 3183 2366 3238 in
2397 3182 2787 3254 congressibus
2819 3198 3017 3254 magna
3045 3181 3406 3252 eloquentiae,
3437 3181 3707 3237 eruditio-

2126 3276 2214 3331 nis
2248 3283 2306 3330 et
2343 3274 2653 3330 sanctitatis
2703 3274 2866 3338 fama,
2911 3290 3034 3344 qua:
3081 3273 3212 3329 inde
3272 3273 3575 3344 augebatur
3621 3273 3706 3328 vel

2127 3360 2383 3426 maxime,
2409 3361 2554 3430 quod
2578 3376 2703 3414 cum
2729 3362 3000 3432 ascriptus
3021 3371 3168 3418 esset
3189 3361 3244 3416 in
3268 3362 3496 3426 clerum,
3524 3361 3594 3415 de
3629 3361 3706 3415 ri-

2127 3465 2258 3520 gore
2283 3457 2464 3505 tamen
2495 3450 2742 3505 asceticae
2763 3451 3068 3521 disciplinae
3098 3451 3236 3505 nihil
3269 3452 3500 3516 remisit,
3525 3467 3709 3522 neque

2128 3541 2461 3596 monasterio
2507 3541 2661 3611 prius
2697 3543 2979 3606 discessit,
3010 3558 3173 3612 quam
3217 3544 3512 3614 episcopus
3555 3559 3712 3598 crea-

2129 3641 2282 3687 retur
2305 3632 2384 3700 ¹⁵;
2415 3647 2724 3703 quanquam
2751 3648 2852 3688 nec
2872 3641 2987 3687 tum
3015 3634 3307 3707 ascetilcam
3331 3634 3501 3688 vitam
3522 3633 3712 3688 vivere

2128 3719 2312 3775 desiit.

2116 3865 2118 3874 ,
2197 3810 2287 3866 IX.
2313 3812 2690 3883 Disputantem
2723 3813 3088 3868 formidabant
3113 3813 3377 3879 haeretici,
3399 3814 3493 3884 qui
3516 3813 3711 3868 Antio-

2128 3899 2265 3955 chiae
2312 3907 2446 3956 tunc
2495 3903 2761 3971 temporis
2787 3903 3152 3957 versabantur
3195 3901 3405 3967 Ariani,
3460 3903 3713 3958 Macedo-

2128 3992 2298 4059 niani,
2329 3993 2426 4048 sed
2458 3993 2860 4064 Apollinarista:
2912 4010 3025 4066 pne
3069 3994 3212 4059 aliis,
3245 4003 3536 4065 propterea
3562 3995 3711 4065 quod

2128 4099 2224 4139 eos
2253 4093 2406 4140 tanto
2421 4084 2802 4141 vehementius
2819 4085 3209 4156 expugnandos
3225 4085 3472 4155 putabat,
3498 4094 3711 4155 quanto

2126 4175 2196 4231 ab
2234 4175 2366 4245 ipsis
2395 4175 2573 4246 majus
2622 4175 2750 4230 ﬁdei
2784 4175 3092 4245 periculum
3139 4175 3387 4229 timebat.
3426 4174 3546 4228 Non
3589 4181 3712 4226 erat

458 4261 717 4326 ebenum,
741 4265 758 4284 ‘
778 4269 834 4316 et
851 4276 964 4316 sua;
987 4261 1187 4325 astatis,
1234 4267 1297 4316 ut
1321 4270 1452 4315 tunc
1470 4267 1590 4314 erat
1610 4259 1815 4329 opinio,
1841 4259 2026 4314 lumen
2059 4283 2102 4340 ι)
2131 4266 2454 4337 imprudens
2476 4266 2638 4321 timor
2672 4283 2685 4319 :
2715 4266 2986 4335 siquidem
3011 4281 3115 4320 nec
3144 4266 3303 4335 pauci
3342 4263 3714 4319 numeraban-

457 4351 740 4408 eximium.
768 4351 973 4406 Ambos
996 4366 1131 4406 vero
1149 4351 1236 4407 sic
1267 4350 1323 4406 in
1353 4365 1413 4406 se
1437 4349 1731 4419 expressit,
1761 4357 1824 4403 ut
1843 4349 2025 4404 Theo-

458 4443 580 4498 dori
601 4457 818 4499 errores
840 4441 1133 4498 infeliciter
1152 4440 1891 4512 postmodum‘Cbrysostomi
1914 4439 2030 4496 elo-

457 4535 683 4604 quentia
703 4531 854 4590 tanto
877 4533 1262 4604 perniciosius,
1283 4541 1490 4604 quanto
1509 4530 1889 4587 admirabilius
1909 4538 2030 4586 tue-

459 4635 614 4682 retur
645 4629 710 4682 “.

529 4720 618 4775 IV.
640 4720 760 4774 Non
787 4719 936 4775 aliud
961 4718 1155 4775 saltem
1177 4716 1337 4771 initio
1361 4713 2026 4780 monasteriumincoluit,

459 4825 624 4879 quam
647 4811 794 4880 quod
828 4809 1003 4865 sancti
1027 4807 1288 4878 Euprepii
1315 4805 1621 4871 dicebatur,
1646 4821 1819 4876 prope
1840 4805 2030 4862 Antio-

461 4900 641 4954 chiam
677 4903 939 4971 positum.
986 4901 1100 4956 Nec
1131 4899 1279 4954 enim
1319 4897 1570 4952 exercuit
1611 4910 1734 4952 sese
1771 4897 1965 4967 procul
1998 4912 2030 4952 a

462 4998 656 5055 matre,
683 5007 804 5062 qua:
835 5002 892 5048 et
929 4992 1044 5062 ipsa
1065 4989 1422 5046 monasticam
1451 4987 1620 5042 vitam
1651 4987 1892 5059 professa
1921 4998 2026 5054 est,

461 5080 734 5150 siquidem
759 5093 878 5140 erat
917 5084 1140 5140 unicum
1172 5081 1416 5154 parentis
1447 5079 1724 5145 solatium,
1766 5086 1823 5134 et
1869 5080 2030 5134 matri

2129 4365 2242 4422 tur,
2270 4371 2374 4412 nec
2393 4371 2424 4411 e
2441 4355 2602 4426 plebe
2631 4355 2768 4419 sola,
2793 4355 2886 4411 sed
2920 4356 3106 4425 plures
3130 4371 3198 4410 ex
3222 4354 3583 4426 primoribus,
3613 4354 3711 4424 qui

2131 4460 2258 4500 cum
2297 4444 2495 4515 opibus
2531 4443 2836 4514 pollerent,
2873 4451 2929 4498 et
2961 4445 3109 4516 vulgi
3145 4445 3337 4500 oculos
3373 4442 3556 4514 specie
3588 4442 3710 4511 pie-

2133 4535 2262 4592 tatis
2301 4550 2366 4590 ac
2406 4534 2672 4590 doctrina:
2694 4534 3152 4606 perstringerent,
3191 4535 3425 4590 occultis
3461 4531 3712 4602 quidem,

2133 4625 2232 4680 sed
2274 4625 2584 4681 numerosis
2629 4625 2965 4681 coitionibus
3020 4624 3309 4679 tradebant
3355 4621 3588 4677 lneresin
3643 4621 3715 4676 de

2134 4719 2317 4774 Verbo
2375 4718 2592 4783 divino,
2634 4718 2781 4788 quod
2833 4717 3035 4772 mentis
3084 4716 3340 4770 humanm
3383 4713 3598 4769 vicibus
3654 4711 3715 4766 in

2135 4809 2360 4866 Christo
2399 4809 2736 4880 fungeretur.
2768 4809 2884 4874 Illa,
2908 4817 2969 4862 ut
2997 4807 3075 4874 fit,
3101 4807 3316 4862 novitas
3341 4803 3716 4874 accipiebatur

2136 4899 2355 4958 facilius
2406 4901 2476 4956 ab
2526 4901 2880 4965 hominibus,
2921 4915 3060 4970 quos
3101 4908 3156 4955 et
3207 4897 3527 4969 potentibus
3561 4909 3712 4965 spes,

2135 5000 2192 5048 et
2218 4993 2326 5062 piis
2347 4993 2559 5064 religio,
2588 5003 2644 5048 et
2667 4994 2843 5049 doctis
2877 4992 3168 5048 admiratio
3191 4989 3538 5046 conciliabat.
3571 4985 3713 5040 Alli-

2138 5080 2322 5135 ciebat
2346 5097 2564 5151 quoque
2604 5083 2846 5138 suaviter
2887 5082 3098 5138 animos
3123 5081 3283 5152 plena
3311 5077 3597 5133 luminosae
3616 5089 3717 5130 cu-

1809 5258 2126 5316 SCHULZII
2161 5257 2389 5315 NOTAE.

535 5422 582 5495 ‘_‘
612 5422 1136 5495 Vixdnmseptennis,
1161 5433 1278 5478 eaet.
1309 5425 1427 5479 Vid.
1461 5425 1626 5495 epist.
1658 5424 1744 5495 8_7l.

465 5492 595 5546 ὶέιΙ.
635 5491 781 5548 Eccl.
831 5491 965 5563 Hist.
1006 5492 1103 5546 lib.
1142 5510 1196 5552 ν.
1234 5509 1355 5563 cap.
1401 5495 1490 5550 55.

1824 5423 1866 5454 ’³
1897 5423 2166 5478 Tueretur.
2213 5423 2329 5478 Vid.
2369 5423 2594 5492 Niccpli.
2630 5423 2724 5477 lib.
2763 5438 2832 5486 Iv,
2870 5437 2996 5492 cap.
3025 5423 3110 5476 54.
3192 5419 3552 5480 “Laudatur.
3585 5425 3711 5492 eget.

1596 5493 1637 5526 ιθ
1667 5493 1891 5556 δευρηε,
1918 5504 2037 5564 eaet.
2074 5494 2299 5549 Ibidem.
2379 5495 2420 5525 "
2451 5488 2618 5559 Qiiam
2666 5492 2820 5564 episc.
2856 5488 3086 5559 reruo
3132 5501 3378 5561 tempore
3435 5497 3490 5543 et
3548 5488 3711 5558 cujus

462 5563 735 5631 auspiciis
763 5563 865 5617 hoc
901 5562 1101 5619 factum
1141 5563 1234 5628 sit,
1278 5562 1573 5635 exponitur
1603 5563 1745 5620 intra
1786 5565 1842 5621 in
1887 5563 2094 5631 diss.‘2,
2127 5580 2244 5635 cap.
2286 5565 2331 5618 1.
