4054 6138
354 246 418 308 9‘1
1522 248 1885 309 HISTORIA
1925 250 2433 313 THEODORETI.
3502 260 3507 265 ’
3526 264 3596 325 98

349 352 566 422 jusdam
593 353 879 407 charitatis
900 352 1055 424 142
1069 354 1243 408 forma
1265 355 1608 424 quuendide
1622 357 1932 422 Christo,et
1964 366 2003 419 Α
2096 360 2211 416 XII.
2262 364 2440 431 Atque
2468 363 2584 418 lucc
2624 365 2726 420 luit
2765 367 2930 423 facies
2958 369 3248 440 Cyresti'cze
3284 373 3595 442 provinciae,

351 441 552 496 divinae
582 442 983 496 incarnationis
1007 442 1253 514 mysterii
1289 443 1600 513 explanatio
1632 460 1770 514 pene
1795 446 1930 500 sub-

342 536 487 602 jecta
526 534 806 588 sensibus.
845 533 1227 588 Adhibebatur
1266 536 1414 589 enim
1460 535 1699 591 hominis
1747 552 1930 591 exem-

346 623 522 690 plum,
571 624 719 691 quod
773 623 877 677 sibi
924 625 1158 693 quisque
1188 624 1365 689 daret,
1398 626 1553 695 quasi
1586 626 1823 681 Verbum
1874 627 1929 681 id

343 724 495 767 esset
528 715 586 767 in
613 713 857 778 Christo,
894 715 1041 784 quod
1091 715 1143 768 in
1178 716 1339 769 nobis
1377 718 1624 772 animus:
1651 733 1719 772 ex
1741 734 1850 788 quo
1875 728 1931 772 et

348 804 466 871 ipsa
520 805 691 858 etiam
746 806 904 874 plebs
950 805 1242 860 videbatur
1285 807 1391 861 sibi
1452 809 1756 878 intelligere
1811 816 1928 863 stu-

341 894 590 961 pendum
619 896 964 966 mysterium,
992 913 1104 965 quo
1138 896 1357 951 Verbum
1393 915 1516 951 caro
1548 899 1746 967 factum
1781 908 1925 952 est“.

414 985 549 1038 Erat
606 1002 771 1055 porro
811 987 1222 1055 Apollinariana
1268 989 1492 1043 hazresis
1528 990 1745 1045 Arianae
1794 1006 1927 1059 pro-

339 1090 506 1144 pago,
534 1093 648 1130 non
695 1080 839 1147 quod
874 1078 1113 1132 Verbum
1160 1080 1306 1133 Patri
1357 1090 1581 1150 negaret
1626 1082 1925 1151 ὁμοούσιον,

339 1166 439 1218 sed
463 1166 614 1234 quod
650 1168 830 1236 ipsum
863 1179 1137 1223 assereret
1166 1170 1220 1222 in
1243 1169 1463 1225 Christo
1491 1171 1659 1225 fuisse
1689 1187 1787 1241 pro
1810 1171 1929 1225 ani-

336 1271 453 1317 ma,
490 1272 602 1309 non
637 1272 704 1311 ea
739 1258 957 1326 quidem
989 1274 1110 1326 qnse
1141 1260 1327 1323 sentit,
1366 1268 1428 1313 ut
1458 1260 1675 1314 Arianis
1702 1260 1927 1315 videba-

342 1354 455 1411 tur,
489 1346 589 1400 sed
637 1363 763 1416 quae
797 1348 1069 1418 intelligit,
1107 1355 1163 1402 et
1196 1364 1351 1403 mens
1385 1350 1603 1404 dicitur.
1640 1350 1788 1404 Nihil
1825 1351 1928 1405 hac

341 1438 607 1506 opinione
650 1438 706 1491 in
753 1439 993 1508 speciem
1033 1439 1373 1508 probabilius
1423 1439 1692 1510 imperitae
1743 1442 1925 1510 plebi,

340 1526 484 1580 nihil
504 1530 876 1597 opportunius
905 1528 970 1581 ad
999 1529 1403 1598 exponendum,
1446 1530 1591 1598 quod
1622 1531 1797 1585 credit
1822 1531 1922 1586 Ec-

336 1618 514 1673 clesia
559 1618 629 1672 de
671 1632 779 1671 una
831 1617 1066 1672 duarum
1121 1627 1444 1673 naturarum
1501 1619 1812 1690 hypostasi,
1857 1621 1926 1675 de

333 1711 515 1766 Maria
551 1712 804 1782 Deipara,
835 1712 980 1765 etde
1014 1712 1125 1766 Deo
1156 1713 1209 1766 in
1231 1727 1392 1767 carne
1432 1728 1611 1781 passo.

412 1801 662 1855 Pervidit
711 1801 1087 1870 intelligentiae
1122 1801 1174 1855 vi
1209 1801 1589 1857 Theodoretus
1634 1802 1925 1859 imminens

332 1889 477 1944 inde
507 1889 633 1945 ﬁdei
655 1890 987 1960 periculum,
1019 1892 1167 1961 quod
1202 1900 1263 1945 ut
1298 1892 1623 1947 amoliretur
1673 1908 1923 1963 magnam

330 1989 591 2035 mentem
625 1980 825 2036 acriter
853 1982 927 2036 ita
964 1980 1251 2037 contendit
1280 1982 1385 2037 hoc
1416 1982 1472 2036 in
1510 1982 1808 2053 obiectum,
1850 1984 1924 2038 ita

330 2072 589 2126 versavit
620 2072 805 2127 animo
845 2082 1029 2143 partes
1058 2088 1251 2128 omnes
1295 2074 1645 2145 argutiasque
1678 2075 1922 2141 haeresis,

330 2178 510 2232 quam
544 2164 781 2233 pessime
805 2163 1019 2239 oderat,
1054 2172 1114 2218 ut
1142 2164 1198 2218 id
1225 2180 1419 2233 passus
1440 2167 1532 2230 sit,
1565 2167 1711 2236 quod
1746 2167 1925 2221 solent

331 2254 492 2308 oeuli
522 2254 884 2309 vehementer
913 2255 1094 2310 aﬂ‘eeti
1124 2272 1138 2308 :
1179 2255 1331 2310 visus
1354 2266 1439 2310 est
1476 2272 1674 2326 nempe
1708 2256 1812 2311 sibi
1842 2257 1923 2311 vi-

329 2343 476 2399 dere
508 2352 681 2398 totam
715 2344 892 2415 reipsa
913 2346 1187 2412 haeresim,
1222 2347 1536 2418 ubicunque
1575 2348 1661 2403 vel
1696 2348 1923 2403 minima

326 2436 564 2507 species
583 2437 888 2506 umbraque
922 2447 1257 2493 occurreret.

410 2528 484 2582 X.
527 2527 745 2583 Interea
791 2528 1021 2599 contigit
1059 2529 1355 2601 Cyrensem
1398 2531 1699 2588 Ecclesiam
1737 2533 1923 2590 orbari

328 2626 595 2688 pastore.
646 2619 961 2676 Theodotus
994 2620 1236 2677 Orientis
1272 2624 1502 2680 antistes
1546 2625 1924 2697 (successerat

328 2710 441 2763 ille
486 2710 828 2783 Alexandro)
868 2721 929 2767 ut
966 2712 1144 2768 viduae
1200 2714 1553 2783 provideret,
1594 2732 1704 2773 non
1750 2717 1920 2772 alium

326 2799 758 2870 praeficiendum
793 2803 1004 2872 putavit
1032 2820 1195 2873 quam
1228 2804 1637 2861 Theodoretum
1658 2847 1673 2872 ,
1717 2808 1921 2880 quippe

332 2904 521 2942 unum
564 2889 676 2944 fere
717 2907 904 2959 parem
951 2891 1300 2963 proﬂigandis
1328 2893 1622 2961 hareticis,
1657 2897 1752 2966 qui
1790 2913 1921 2967 pro-

2032 468 2157 506 cum
2202 453 2583 510 Theodoretus
2626 458 2844 513 advenit
2881 477 2893 512 :
2933 477 3243 531 quanquam
3283 466 3596 520 venientem

2032 543 2331 609 solabatur,
2358 546 2503 615 quod
2534 563 2596 601 ea
2633 556 2958 618 tempestate
2995 552 3051 605 in
3080 553 3315 607 desertis
3352 553 3597 611 Orientis

2029 632 2166 686 locis
2202 633 2461 703 frequens
2485 646 2632 691 esset
2671 640 3127 695 anachoretarum
3171 644 3331 712 plane
3360 645 3598 701 admira-

2030 722 2221 777 bilium
2248 741 2357 780 non
2405 728 2698 783 mediocris
2735 731 3050 785 multitudo.
3081 732 3374 803 Cyrensem
3422 738 3600 808 regio-

2028 832 2154 869 nem
2187 818 2573 885 nobilitabant,
2613 829 2673 874 ut
2722 834 2910 877 narrat
2940 823 3056 893 ipse
3094 824 3158 891 ⁸⁸,
3206 827 3389 890 Maris.
3440 830 3599 884 Jaco-

2027 910 2164 973 bus,
2237 910 2560 980 Lymnwus,
2635 913 2903 977 Joannes,
2959 916 3201 987 Moyses,
3254 920 3594 984 Antiochus,

2026 1001 2337 1066 Antonius,
2416 1004 2847 1074 Polychronius,
2901 1008 3225 1073 Damianus,
3277 1012 3592 1081 Asclepius,

2026 1099 2083 1145 et
2145 1091 2235 1144 alii
2286 1093 2472 1161 plures
2521 1095 2929 1150 exercitationis
2993 1097 3261 1167 religiosae
3319 1114 3429 1152 non
3484 1107 3594 1153 tam

2026 1185 2295 1253 exempla,
2328 1201 2490 1253 quam
2523 1193 2795 1254 portenta.

2095 1274 2206 1329 Hos
2239 1277 2501 1330 mortales
2530 1279 2750 1347 angelos
2780 1277 3050 1333 invisebat
3089 1294 3252 1349 smpe,
3298 1289 3354 1335 et
3386 1281 3462 1335 illi
3505 1297 3595 1336 ve-

2025 1365 2268 1420 nientem
2291 1368 2640 1437 excipiebant
2669 1370 2957 1438 prmsulem
2998 1370 3307 1426 incredibili
3342 1387 3595 1427 reveren-

2024 1456 2099 1510 tia
2126 1465 2180 1510 et
2203 1472 2409 1511 amore.
2447 1457 2530 1511 Ab
2572 1473 2638 1512 eo
2680 1475 2873 1529 magna
2900 1475 3024 1514 eum
3060 1460 3255 1515 ﬁducia
3301 1462 3592 1531 petebant,

2027 1562 2147 1616 quae
2193 1548 2307 1601 suis
2341 1548 2601 1617 precibus
2643 1549 2729 1601 vel
2781 1560 3051 1615 emerent,
3087 1550 3168 1604 vel
3208 1550 3594 1619 rependerent,

2027 1638 2336 1707 spiritualia
2374 1639 2527 1708 plura
2554 1639 2840 1694 beneﬁcia.
2869 1640 2991 1695 Haec
3025 1641 3167 1695 inter
3190 1642 3397 1695 eminet
3433 1641 3597 1695 Maris

1956 1708 1996 1762 Β
2026 1729 2351 1798 postulatio,
2397 1746 2559 1799 quam
2590 1738 2815 1800 pr0pter
2844 1730 2969 1785 facti
3006 1732 3352 1785 insolentiam
3389 1730 3596 1785 referre

2018 1820 2207 1890 juvat,
2250 1829 2306 1874 et
2339 1821 2559 1891 quidem
2599 1823 2733 1891 ipsis
2780 1822 3110 1876 Theodoreti
3147 1822 3331 1876 verbis
3366 1839 3379 1874 :
3430 1841 3448 1874 ι
3481 1822 3593 1875 Νο-

2024 1917 2243 1983 naginta
2289 1922 2450 1969 natus
2502 1930 2675 1969 annos
2721 1914 2959 1969 cilicinis
3009 1914 3258 1969 vestibus
3298 1912 3590 1973 utebatur,

2021 2018 2161 2072 pane
2192 2018 2256 2057 ac
2288 2004 2400 2057 sale
2448 2004 2666 2059 modico
2693 2005 2858 2058 vitam
2885 2010 3218 2057 sustentans.
3247 2001 3382 2056 Cum
3410 2008 3591 2055 autem

2022 2092 2330 2162 spiritualis
2368 2092 2694 2163 mysticique
2739 2092 2995 2147 sacriﬁcii
3046 2089 3270 2144 videndi
3317 2088 3593 2143 desiderio

2022 2183 2285 2239 diuturno
2327 2194 2631 2253 teneretur,
2682 2191 2967 2255 rogaverat
2999 2193 3061 2237 ut
3101 2180 3214 2235 illic
3259 2179 3431 2234 divini
3462 2178 3592 2232 doni

2022 2273 2178 2329 ﬁeret
2223 2276 2450 2331 oblatio.
2500 2277 2614 2346 Ego
2658 2291 2793 2329 vero
2823 2275 3059 2329 libenter
3106 2270 3504 2341 obtemperavi,
3537 2277 3594 2323 et

2022 2382 2177 2422 sacra
2216 2383 2345 2422 vasa
2384 2367 2572 2422 aﬂerri
2615 2368 2798 2437 jussi:
2841 2380 2946 2420 nec
2988 2364 3136 2419 enim
3182 2361 3375 2433 procul
3401 2360 3595 2414 aberat

2020 2457 2210 2524 locus;
2262 2459 2731 2530 diaconorumque
2770 2456 3026 2512 manibus
3070 2462 3233 2509 utens
3270 2467 3371 2522 pro
3409 2450 3590 2512 altari,

2020 2550 2311 2620 mysticum
2351 2560 2408 2605 et
2448 2551 2696 2605 divinum
2749 2564 2813 2603 ac
2851 2547 3090 2602 salutare
3125 2542 3457 2599 sacriﬁcium
3490 2541 3591 2596 ob-

2021 2641 2144 2696 tuli.
2200 2642 2296 2697 llle
2331 2650 2514 2697 autem
2554 2640 2830 2711 spirituali
2876 2638 3115 2693 refectus
3154 2637 3456 2707 voluptate,
3481 2647 3591 2689 cm-

2019 2732 2134 2789 lum
2169 2734 2348 2804 ipsum
2368 2735 2558 2790 videre
2584 2750 2642 2789 se
2664 2731 3035 2789 existimabat.
3073 2748 3091 2781 ι

2093 2824 2230 2881 XIII.
2266 2825 2348 2881 Ad
2375 2826 2676 2881 Ecclesiam
2696 2840 2764 2880 eo
2800 2822 2855 2878 in
2893 2830 3037 2877 statu
3076 2820 3311 2891 positam
3337 2815 3591 2871 Theodo-

2021 2924 2173 2971 retus
2206 2917 2439 2972 accessit
2470 2932 2615 2971 anno
2654 2914 2857 2970 Christi
2884 2908 3423 2983 quadringentesimo
3446 2906 3592 2960 vice-

330 2986 471 3047 pter
509 2979 704 3034 Isidori
745 2983 996 3050 praesulis
1020 2991 1177 3038 aetate
1219 2984 1403 3054 gravis
1432 2985 1725 3051 incuriam,
1758 2987 1919 3041 multi
1948 3032 1988 3086 ϐ
2022 3006 2191 3071 Simo;
2239 3022 2349 3075 quo
2392 3013 2640 3075 tempore
2681 2979 2981 3059 Romani"):
3038 2979 3340 3055 Ecclesiam
3374 2996 3591 3050 Bonifa-

331 3068 599 3139 variiqne
641 3071 940 3127 Eeclesiam
988 3072 1129 3128 hanc
1179 3074 1380 3130 misere
1425 3077 1715 3132 vexabant.
1756 3078 1921 3133 Relu—

334 3167 590 3214 ctantem
624 3160 810 3232 igitur,
847 3173 901 3218 et
936 3164 1046 3233 apti
1073 3164 1139 3219 ad
1172 3164 1351 3220 studia
1386 3166 1484 3221 otii
1518 3178 1792 3223 amantem
1823 3184 1921 3225 or-

335 3248 525 3311 dinat,
559 3249 835 3321 mittitque
879 3250 1101 3323 Cyrum,
1139 3262 1198 3307 ut
1235 3270 1422 3324 agrum
1456 3257 1763 3319 excoleret,
1797 3273 1922 3315 scn-

338 3339 523 3403 tibus,
549 3342 565 3359 ‘
592 3342 741 3410 quod
780 3343 894 3412 ipse
917 3344 1014 3408 ait,
1046 3344 1284 3416 lolioque
1310 3345 1698 3403 foedissimum.

418 3427 512 3482 XI.
563 3429 743 3484 Posita
790 3440 875 3486 est
924 3432 1096 3504 Cyrus
1143 3434 1198 3488 in
1229 3450 1291 3489 ea
1331 3445 1485 3504 parte
1522 3436 1777 3507 Augustae
1809 3437 1921 3493 Eu-

337 3517 668 3588 phratesiae,
706 3537 829 3591 quae
869 3524 1046 3593 vergit
1090 3525 1157 3579 ad
1203 3526 1567 3593 occidentem,
1606 3537 1662 3582 et
1690 3530 1917 3600 propius

338 3606 567 3661 accedit
612 3607 681 3663 ad
716 3625 887 3665 mare.
928 3610 1147 3666 Nomini
1184 3612 1330 3682 quod
1375 3628 1405 3667 a
1446 3612 1587 3683 Cyro
1630 3611 1918 3670 fundatore

338 3698 631 3768 accepisse
666 3699 858 3766 fertur,
896 3716 997 3756 nec
1039 3701 1330 3757 celebritas
1376 3702 1560 3768 urbis,
1585 3717 1689 3756 nec
1728 3701 1922 3772 ampli-

336 3788 489 3844 tudo
512 3790 820 3859 respondet.
847 3791 949 3858 Qui
986 3792 1133 3846 enim
1172 3802 1379 3863 posset,
1410 3794 1750 3863 importuosa
1788 3807 1919 3848 cum

336 3880 432 3934 sit
475 3890 744 3950 caputque
779 3883 1017 3952 regionis
1049 3898 1189 3953 quze,
1232 3893 1595 3954 praeterquam
1638 3884 1783 3956 quod
1827 3884 1920 3940 vix

342 3970 697 4038 longitudine
739 3973 1054 4029 milliarium
1097 3974 1487 4047 quadraginta,
1526 3992 1633 4032 nec
1678 3977 1917 4047 plurium

340 4059 643 4116 latitudine
659 4071 821 4131 patet,
844 4064 1008 4119 habet
1030 4084 1047 4116 ε
1070 4076 1281 4122 montes
1304 4067 1506 4121 multos
1523 4075 1579 4121 et
1606 4083 1830 4137 magnos
1852 4069 1915 4132 ¹⁶,

341 4151 558 4219 partim
575 4152 749 4207 nudos
765 4155 1005 4221 omnino,
1022 4158 1223 4226 partim
1245 4158 1537 4213 arboribus
1564 4158 1919 4213 infructuosis

342 4242 668 4296 consitos?»
697 4243 1169 4314 Complectebatur
1189 4258 1368 4303 tamen
1394 4248 1693 4319 Cyrestica,
1714 4248 1918 4302 mirum

345 4330 533 4396 dictu,
568 4333 717 4387 vicos
754 4336 1089 4405 octingentos
1118 4356 1131 4391 :
1161 4337 1295 4393 adeo
1323 4340 1540 4394 miseris
1564 4354 1663 4394 sua
1701 4354 1917 4409 quoque
1950 4367 1994 4421 υ

348 4422 538 4490 patria
564 4423 824 4494 diligitur.
862 4426 966 4481 Tot
1014 4438 1160 4484 certe
1191 4430 1561 4485 Ecclesiarum
1607 4431 1919 4486 Theodore-

350 4520 448 4565 tus
500 4516 825 4581 pastoralem
870 4532 1053 4572 curam
1106 4519 1213 4574 sibi
1247 4520 1537 4576 obvenisse
1578 4521 1749 4576 Leoni
1804 4520 1916 4575 Ma-

346 4618 465 4673 gno
487 4605 680 4659 scribit
710 4608 772 4662 ".
810 4607 941 4680 Syra
982 4609 1096 4666 fere
1132 4611 1318 4683 lingua
1355 4614 1649 4669 utebantur
1688 4628 1915 4678 omnes;

350 4693 522 4761 pauci
552 4696 639 4749 vel
676 4697 733 4752 in
757 4699 891 4754 urbe
922 4699 1131 4755 Graecas
1181 4702 1406 4758 delicias
1443 4711 1729 4759 noverant.
1758 4703 1919 4758 Vicos

353 4783 549 4849 plures
580 4789 913 4856 occupabant
955 4790 1107 4862 143
1137 4791 1378 4848 haeretici
1411 4794 1729 4863 multiplicis
1756 4808 1921 4863 gene-

354 4870 473 4935 ris,
521 4874 614 4928 sed
654 4876 982 4935 Marcionita:
1024 4882 1313 4937 maximam
1359 4893 1589 4952 partem.
1648 4882 1714 4937 ili
1764 4898 1918 4937 suam

357 4961 718 5028 impietatem,
750 4981 857 5035 qua
877 4978 1180 5039 serpentem
1207 4988 1417 5027 :eneum
1450 4973 1723 5038 colebant,
1745 4972 1921 5027 deviis

362 5049 635 5104 montium
653 5052 869 5110 latebris
900 5058 1171 5127 tegebant,
1194 5062 1311 5116 solo
1336 5060 1633 5116 Christiani
1664 5062 1908 5127 nomine,

360 5146 575 5194 caetera
608 5145 804 5203 similes
839 5151 1142 5219 gentilibus.
1186 5153 1296 5208 Hos
1345 5153 1586 5224 regionis
1628 5154 1913 5224 asperitas,

361 5239 649 5300 pastorum
666 5239 1002 5311 negligentia,
1029 5251 1304 5314 etegestas
1329 5260 1423 5300 sua
1452 5245 1757 5299 inaccessos
1779 5244 1913 5298 hae-

359 5330 534 5379 tenus
557 5326 767 5383 fecerat.

435 5428 465 5456 ⁸
492 5415 645 5472 Joan.
677 5435 715 5485 ι,
757 5421 819 5475 14

2020 3093 2140 3147 cius
2187 3093 2442 3163 regebat;
2491 3092 2917 3147 Alexandrinam
2974 3088 3241 3160 Cyrillus;
3294 3085 3589 3140 Antioche-

2018 3197 2144 3235 nam
2186 3181 2525 3245 Theodotus,
2562 3179 2892 3234 Theodoreti
2922 3179 3238 3242 ordinator;
3274 3175 3589 3230 Constanti-

2018 3274 2389 3342 nopolitanam
2420 3272 2656 3336 Atticus,
2682 3272 2771 3326 cui
2795 3270 3069 3326 Sisinnius
3091 3268 3374 3332 successit,
3395 3268 3588 3322 Nesto-

2018 3366 2085 3420 rii
2125 3380 2454 3435 praecessor;
2511 3363 3062 3435 Hicrosolymitanam
3114 3361 3385 3431 Praylius,
3424 3359 3588 3414 Joan-

2017 3457 2107 3510 nis
2147 3471 2453 3511 successor.
2504 3454 2798 3524 Nunquam
2840 3453 2956 3507 l‘ere
2998 3461 3080 3506 tot
3126 3450 3289 3506 simul
3340 3450 3585 3504 illustres

2016 3547 2291 3601 antistites
2351 3545 2603 3600 maximis
2649 3545 2873 3601 sedibus
2931 3543 3285 3615 praefuerunt.
3348 3540 3585 3611 Cyrillus

2017 3648 2188 3703 certe,
2220 3647 2282 3691 ut
2321 3636 2390 3691 de
2421 3636 2601 3691 tribus
2623 3637 2747 3690 aliis
2772 3635 2963 3690 sileam
2998 3633 3052 3687 in
3076 3632 3320 3687 Ecclesia
3343 3630 3585 3686 celeber-

2017 3729 2192 3793 rimis,
2227 3727 2397 3782 totius
2415 3727 2698 3782 orientalis
2728 3725 2944 3796 imperii
2970 3724 3322 3779 doctissimus
3354 3738 3416 3778 ea
3444 3730 3580 3777 tem-

2017 3828 2230 3890 pestate
2283 3818 2560 3882 audiebat,
2612 3832 2832 3887 suaeque
2876 3816 3020 3871 sedis
3048 3855 3063 3880 ,
3117 3829 3284 3884 quam
3328 3821 3583 3868 octavum

2012 3912 2124 3983 jam
2150 3926 2355 3965 annum
2387 3909 2626 3973 tenebat,
2666 3907 2987 3978 dignitatem
3015 3921 3080 3960 ac
3109 3906 3410 3975 primatum
3444 3904 3587 3959 fama

2019 4001 2244 4073 propria
2269 4007 2327 4055 et
2354 3999 2567 4055 meritis
2590 3996 2954 4053 sustentabat.

2563 4129 2723 4202 ιω,
2753 4128 2902 4184 CAP.
2948 4127 3040 4183 Ill.

2018 4241 2059 4295 Ι.
2098 4239 2228 4295 Vita’
2283 4240 2936 4319 forma-inlepiscg‘pqtu.
2989 4237 3054 4319 II:
3097 4236 3180 4319 {in
3209 4235 3589 4319 innitunor'di-

2091 4305 2293 4386 n_at_us.'
2328 4310 2417 4386 III.
2460 4305 2657 4379 Implet
2713 4305 3145 4386 ofﬁciq_pe:fecti
3202 4305 3583 4386 epislcopt'ulV.

2092 4380 2305 4432 Eximit:
2336 4380 2448 4448 ejus
2485 4376 2852 4447 temperantia.
2880 4376 2942 4431 V.
2987 4376 3265 4448 Oppugnat
3296 4376 3583 4434 haereticos,

2132 4444 2387 4503 ra’sertim
2417 4444 2779 4509 Marcionitas,
2797 4448 2998 4514 ingenti
3032 4444 3209 4514 labore
3238 4450 3291 4514 et
3311 4450 3581 4514 proventu.

2141 4518 2183 4571 Ι.
2232 4519 2530 4586 Adjuvatur
2566 4510 2884 4586 sanctornni
2912 4530 3008 4586 ope
3053 4511 3193 4582 apud
3470 4510 3583 4564 VII.

2094 4578 2368 4662 Residen'di
2391 4586 2640 4662 studium.
2677 4585 2813 4662 VIII.
2841 4578 3018 4639 Etiam
3044 4578 3356 4662 te'mpo‘raljg
3385 4578 3585 4649 Cyren-

2087 4658 2227 4731 sibtts
2258 4657 2511 4731 previdet.
2556 4656 2645 4709 IX.
2680 4654 2793 4708 Ima
2837 4661 2885 4706 et
2920 4648 3166 4731 externis.
3200 4648 3443 4731 X.A.Viros
3477 4664 3592 4700 ean-

2097 4727 2226 4781 mios
2257 4723 2398 4800 enim
2425 4733 2726 4800 prosecutus
2777 4732 2873 4800 est,
2923 4723 3012 4778 sed
3062 4723 3355 4800 praesciam
3402 4733 3588 4800 mone-

2094 4799 2232 4851 chos.
2284 4794 2375 4849 XI.
2425 4787 2636 4850 'Amicos
2690 4794 3013 4848 consolatur.
3062 4787 3176 4845 XII.
3223 4787 3355 4844 Cum
3404 4787 3587 4840 vicinis

2087 4866 2337 4948 episcopis
2363 4882 2543 4948 pacem
2561 4872 2754 4948 servat.
2784 4859 3271 4919 Xlll.C0ncionibus
3298 4864 3347 4911 et
3377 4856 3586 4927 scriptis

2091 4937 2358 4991 hwreticos
2396 4937 2705 5006 insequitur.

2415 5042 2491 5092 Ab
2514 5054 2639 5091 anno
2659 5038 2834 5091 Christi
2858 5037 2941 5085 ιιι
3002 5035 3061 5085 ad
3080 5034 3189 5082 427.

2089 5149 2130 5203 1.
2158 5147 2332 5214 Quam
2363 5146 2486 5201 vita:
2524 5144 2754 5199 formam
2794 5139 2993 5221 praesul
3026 5137 3286 5203 tenuerit,
3312 5147 3589 5207 quamque

2021 5240 2135 5294 suis
2179 5238 2395 5294 clericis
2424 5235 2747 5294 servandam
2780 5233 3088 5291 tradiderit.
3135 5238 3322 5285 narrat
3358 5229 3412 5281 in
3441 5228 3587 5281 litte-

2023 5332 2100 5384 ris
2131 5331 2199 5385 ad
2233 5331 2489 5385 Nonum.
2533 5347 2550 5380 ι
2591 5326 2728 5382 Cum
2752 5325 2975 5390 invitus,
3007 5324 3186 5393 inquit
3214 5324 3278 5387 ¹⁹,
3302 5318 3588 5373 ordinatus

1694 5492 2005 5549 SCIIULZII
2042 5490 2267 5546 NOTxE.

435 5600 481 5679 ξ’
509 5601 726 5679 δίθηιεε,
766 5614 880 5679 etet.
911 5606 1055 5679 _Vid.
1086 5608 1245 5677 epist.
1280 5610 1363 5665 42.
1444 5611 1484 5643 ¹⁷
1515 5607 1629 5665 Scr.
1663 5609 1779 5665 Vid.
1807 5607 1922 5679 epis

2032 5607 2114 5661 15.
2208 5607 2247 5637 ¹⁸
2278 5606 2416 5679 Ipse.
2454 5604 2574 5661 Vid.
2610 5603 2862 5679 Philcth.,
2893 5613 3011 5667 cap.
3044 5594 3111 5649 ΞΟ
3135 5604 3194 5650 et
3233 5607 3345 5661 seq.
3425 5589 3466 5619 ¹¹⁵
3498 5584 3590 5638 1η-

359 5672 499 5743 qm't.
532 5671 652 5725 Vid.
699 5674 854 5743 epist.
908 5675 991 5730 81.

916 5882 952 5931 \
