4054 6138
495 236 562 298 99
1605 232 1985 292 GARNERII
2021 230 2521 292 DISSERTATIO
2557 232 2608 294 Ι.

3641 229 3732 298 100

493 358 696 408 essem,
725 357 899 397 annos
925 342 1117 413 viginti
1142 342 1384 410 quinque
1423 339 1498 394 ita
1538 339 1670 405 vixi,
1698 349 1759 394 ut
1807 355 1986 409 neque
2017 338 2071 392 in
2104 348 2143 400 Α
2174 340 2440 410 episcopi,
2495 354 2660 410 quam
2720 337 3012 407 Apostolus
3070 336 3362 392 Timotheo
3403 337 3432 377 δ
3478 346 3537 394 et
3563 338 3683 396 Tito
3709 352 3728 382 ο

498 435 584 505 ius
613 441 840 487 vocatus
867 431 969 487 sim
994 447 1026 486 a
1049 444 1348 500 quoquam,
1377 445 1557 498 neque
1591 430 1707 499 ipse
1740 445 2070 500 quemquam

497 522 823 579 accusarim.
884 521 1079 576 Nullus
1133 519 1668 588 religiosissimorum
1720 520 2068 583 clericorum,

497 615 594 683 qui
628 613 731 668 sub
759 627 846 667 me
878 606 1118 675 fuerunt,
1166 610 1462 664 tribunalia
1504 618 1584 665 tot
1624 611 1783 666 annis
1815 610 2074 679 frequen-

500 704 655 759 tavit.
689 704 810 759 Non
839 701 1084 763 obolum,
1115 715 1225 754 non
1248 711 1458 755 vestem
1489 717 1519 755 a
1547 717 1822 771 quoquam
1846 703 2068 771 accepi;

498 810 697 866 panem
736 807 904 847 unum
940 793 1025 845 vel
1050 807 1214 846 ovum
1253 793 1438 846 nullus
1465 793 1894 848 domesticorum
1918 809 2072 848 meo-

501 903 623 942 rum
653 885 868 954 accepit
923 899 1162 954 unquam
1197 901 1210 937 :
1243 893 1442 954 praeter
1491 886 1834 955 panniculos,
1871 886 2074 957 quibus

499 981 734 1033 amictus
759 994 904 1041 sum,
929 978 1069 1031 nihil
1102 977 1249 1030 volui
1284 977 1588 1047 possidere.
1628 997 1646 1031 ι

568 1070 634 1123 ll.
659 1068 816 1134 Quod
851 1084 908 1123 se
941 1069 1175 1123 invitum
1211 1068 1528 1122 ordinatum
1564 1084 1684 1123 esse
1711 1069 1921 1133 scribit,
1954 1084 2074 1124 cre-

499 1161 736 1215 diderim
763 1176 864 1230 ego
891 1161 1114 1230 quidem
1133 1160 1310 1222 facile,
1344 1169 1568 1230 propter
1589 1161 1688 1214 viri
1711 1160 2031 1214 modestiam
2056 1177 2068 1213 :

507 1253 604 1307 sed
635 1252 970 1322 suspieaeior
995 1251 1133 1305 alter
1162 1251 1347 1304 forsan
1381 1250 1509 1304 inde
1543 1251 1890 1304 occasionem
1928 1251 2071 1304 arri-

506 1343 688 1412 puerit
736 1342 1016 1412 quzerendi
1071 1342 1203 1410 quid
1249 1342 1321 1395 sit
1371 1341 1505 1394 illud
1557 1340 1776 1394 tandem
1820 1341 1967 1410 quod
2015 1341 2072 1396 in

505 1433 822 1502 episcopatu
847 1431 1075 1503 Cyrensi
1094 1431 1475 1486 'l‘heodoretus
1492 1430 1791 1501 refugerit?
1819 1431 1901 1485 Au
1925 1431 2071 1500 quod

501 1525 796 1593 epise0pus
839 1523 1019 1578 foret?
1072 1523 1152 1578 An
1199 1523 1346 1591 quod
1397 1522 1688 1592 Cyrensis?
1733 1522 2072 1576 Dubitationi

501 1615 648 1670 favet
673 1657 688 1676 ,
738 1615 884 1684 quod
918 1615 1216 1669 identidem
1257 1613 1524 1684 glorietur
1561 1631 1619 1669 se
1658 1615 1882 1685 majoris
1925 1615 2074 1669 sedis

2171 431 2498 502 praescribit,
2537 431 2687 486 omni
2719 430 2945 499 quidem
2969 445 3036 484 ex
3067 440 3224 499 parte
3255 430 3614 500 expressisse,
3645 434 3730 488 sed

2169 537 2233 576 ea
2254 537 2366 590 prae
2387 520 2623 585 caeteris,
2645 535 2752 590 qua
2778 519 3038 574 Ecclesiae
3052 520 3342 589 praesulem
3369 527 3517 574 vetat
3541 521 3733 578 Paulus

2169 627 2290 667 esse
2317 612 2639 682 litigiosum,
2677 611 2963 680 turpisque
2989 611 3128 665 lucri
3159 611 3444 679 cupidum,
3475 620 3532 666 et
3559 627 3733 667 aman-

2172 712 2280 758 tem
2303 704 2571 773 pecun'iae,
2621 703 2717 758 sed
2751 703 3022 767 sobrium,
3057 701 3317 771 pudicum
3350 708 3408 756 et
3435 702 3730 768 doctorem,

2170 794 2458 849 veritatem
2517 793 2718 848 docere
2763 792 2998 865 populos
3043 791 3149 846 sibi
3195 792 3458 857 creditos,
3509 793 3734 864 benigno

2169 887 2473 941 errantium
2521 886 2810 951 misereri,
2859 899 2984 940 cum
3047 883 3308 938 omnibus
3362 899 3553 954 pacem
3623 899 3735 940 ser-

2171 993 2321 1032 vare.

2240 1069 2329 1124 IV.
2369 1068 2644 1135 Quantum
2692 1067 3052 1123 abhorruerit
3081 1065 3352 1130 alitibus,
3405 1065 3657 1135 lucrique
3685 1076 3738 1122 et

2172 1176 2339 1232 opum
2369 1161 2694 1232 cupiditate,
2743 1161 2856 1230 jam
2892 1169 3173 1214 ostensum
3215 1167 3330 1224 est;
3381 1173 3490 1228 qua
3536 1157 3739 1213 sobrie-

2173 1262 2283 1308 tate
2310 1253 2533 1317 vixerit,
2583 1267 2801 1322 quaque
2839 1251 3112 1315 castitate,
3142 1265 3263 1320 quae
3295 1249 3614 1304 sobrietatis
3648 1265 3738 1304 co-

2173 1360 2310 1410 mes,
2341 1345 2446 1399 etsi
2471 1353 2658 1414 aperte
2689 1343 2874 1398 dicere
2902 1342 3126 1413 fugerit,
3171 1356 3240 1395 eo
3274 1349 3456 1396 tamen
3486 1341 3621 1396 satis
3657 1342 3740 1395 in-

2172 1440 2296 1494 nuit
2353 1439 2522 1508 quod,
2555 1453 2681 1492 cum
2726 1436 3052 1490 Abraamem
3084 1433 3413 1503 scripsisset,
3455 1440 3738 1502 postquam

2173 1547 2241 1587 ex
2265 1531 2598 1585 anachoreta
2616 1529 2797 1584 factus
2819 1535 2904 1582 est
2923 1525 3210 1581 Carrensis
3240 1525 3499 1579 Ecclesia:
3522 1524 3738 1594 pra-sul,

2175 1622 2311 1676 nihil
2370 1621 2439 1676 de
2498 1621 2679 1690 rigore
2743 1618 2996 1673 asceticae
3050 1617 3358 1686 disciplinae
3417 1615 3738 1671 remisisse:

501 1682 805 1775 cupiditate
837 1723 944 1760 non
981 1706 1175 1759 ardere
1215 1722 1226 1757 :
1263 1682 1315 1758 id
1345 1706 1493 1758 enim
1532 1682 1873 1775 gloriationis
1901 1721 2072 1775 genus
2106 1682 2144 1736 Β
2182 1731 2201 1763 ‹
2237 1713 2370 1782 Ego,
2421 1682 2600 1780 inquit
2644 1712 2710 1775 ²¹,
2747 1710 2801 1764 id
2835 1709 3162 1774 admiratus,
3194 1682 3358 1778 quod
3389 1715 3598 1762 mutato
3625 1708 3743 1762 vitae

501 1801 652 1854 credi
693 1801 831 1854 solet
861 1800 1083 1853 latentis
1124 1799 1241 1853 vitii
1275 1807 1370 1852 aut
1409 1799 1655 1854 studiosa
1684 1799 2070 1863 dissimulatio,

501 1899 597 1944 aut
647 1899 836 1959 aperta
870 1890 1036 1944 etiam
1089 1891 1363 1944 confessio
1399 1907 1412 1943 :
1459 1905 1584 1944 nam
1621 1898 1682 1943 ut
1716 1904 1899 1943 mores
1945 1897 2075 1944 sunt

500 1981 812 2046 hominum,
850 1984 866 2001 '
901 1989 1067 2050 prout
1096 1981 1330 2052 quisque
1373 1982 1580 2050 majore
1619 1981 1987 2036 mendacitate
2018 1990 2075 2035 et

499 2071 802 2125 ambitione
845 2071 1080 2135 laborat,
1126 2087 1248 2125 cum
1284 2071 1508 2126 minime
1553 2073 1800 2125 omnium
1851 2071 2070 2135 debeat,

501 2163 575 2215 ita
625 2177 682 2215 se
731 2164 909 2232 jactat
961 2162 1330 2231 importunius
1383 2162 1634 2217 veritatis
1688 2172 1961 2218 amantem
2016 2170 2074 2217 et

499 2261 933 2321 contemptorem
956 2252 1159 2321 glorias.
1192 2252 1336 2318 Quin
1358 2253 1523 2306 etiam
1560 2251 1911 2321 interpretari
1943 2267 2071 2321 pos-

500 2351 587 2396 set
620 2343 823 2411 aliquis
858 2344 1170 2412 sequiorem
1202 2345 1256 2397 in
1307 2353 1552 2414 partem,
1613 2344 1761 2413 quod
1817 2345 2070 2400 docuisse

499 2446 560 2487 se
587 2442 772 2486 narrat
814 2432 1121 2487 Antiochiae
1157 2448 1252 2487 sex
1285 2449 1459 2488 annos
1489 2433 1592 2488 sub
1627 2433 1931 2498 Theodoto,
1968 2434 2070 2488 sub

499 2519 714 2578 Joanne
747 2521 1035 2584 tredecim,
1067 2530 1277 2590 septem
1299 2523 1403 2576 sub
1427 2523 1657 2576 Domno.
1701 2523 1896 2578 Annon
1921 2523 2070 2578 enim

499 2610 626 2666 inde
657 2618 842 2679 posset
863 2627 962 2666 sua
988 2610 1334 2666 confessione
1376 2612 1554 2666 teneri
1600 2627 1748 2675 reus,
1783 2623 1877 2667 aut
1915 2629 2069 2668 men-

499 2699 838 2764 daciunculi,
886 2699 1033 2768 quod
1061 2700 1146 2753 vix
1177 2699 1514 2768 putandum;
1563 2709 1658 2754 aut
1702 2701 2066 2766 ambitiosius,

497 2805 662 2860 quam
699 2791 1021 2860 episc0pum
1056 2806 1168 2845 suae
1211 2791 1360 2846 sedis
1401 2792 1706 2846 studiosum
1735 2793 1946 2856 deceat,
1978 2810 2072 2848 ex-

497 2881 680 2950 petita:
717 2880 1189 2934 Autiochenorum
1224 2881 1556 2936 audientiac?
1582 2882 1640 2935 ld
1687 2899 1818 2938 vero
1851 2893 2066 2953 postre-

2175 1804 2428 1859 instituto
2456 1805 2626 1858 vitam
2648 1817 2757 1856 uua
2789 1817 2899 1854 non
2941 1801 3189 1864 mutarit,
3219 1815 3398 1868 neque
3439 1799 3740 1852 molliorem

2173 1898 2351 1951 victus
2373 1896 2642 1950 rationem
2672 1895 2728 1948 in
2750 1893 3072 1964 episcopatu
3096 1900 3322 1947 secutus
3345 1891 3436 1955 sit,
3464 1891 3560 1945 sed
3587 1905 3740 1945 asce-

2176 1992 2314 2047 ticos
2367 1991 2584 2044 labores
2641 1987 2978 2060 adjunxerit,
3032 1985 3088 2040 in
3140 1985 3535 2040 monachorum
3590 1983 3741 2038 illum

2173 2081 2402 2136 historia
2435 2080 2711 2144 recensui,
2757 2078 2915 2133 etab
2955 2077 3173 2142 ordine,
3225 2091 3390 2146 quem
3439 2074 3738 2138 adamarat,

2171 2189 2282 2228 non
2317 2173 2564 2244 sejunxi,
2605 2178 2666 2225 ut
2709 2169 2804 2240 qui
2846 2171 2987 2224 hanc
3036 2183 3256 2238 quoque
3303 2166 3742 2222 benedictionem

2171 2272 2446 2333 expetam.
2481 2281 2498 2314 ι
2532 2260 2745 2328 Quibus
2776 2261 2958 2315 verbis
2991 2259 3322 2314 imitatorem
3358 2272 3416 2313 se
3456 2255 3742 2312 Abraamis

2171 2355 2434 2426 prodidit.

2241 2449 2310 2503 Et
2355 2463 2488 2503 vero
2527 2463 2652 2502 cum
2698 2447 2994 2516 aliquando
3023 2446 3264 2501 venisset
3309 2443 3378 2499 ad
3423 2451 3740 2500 sanctorum

2171 2547 2478 2595 ascetarum
2515 2547 2740 2604 castum,
2775 2539 2913 2593 nihil
2945 2539 3046 2609 ipsi
3073 2537 3384 2608 appositum
3423 2545 3526 2599 est,
3554 2550 3738 2605 quam,

2171 2648 2280 2704 quo
2305 2633 2384 2686 uti
2437 2633 2661 2688 solitum
2689 2634 2913 2696 scirent,
2940 2632 3059 2688 lens
3099 2647 3301 2700 nempe
3331 2627 3636 2684 madefacta
3674 2627 3742 2682 ad

2168 2727 2438 2790 edulium,
2485 2734 2541 2780 et
2589 2741 2729 2795 aqua
2762 2724 2828 2778 ad
2867 2727 3081 2794 petum.
3119 2722 3273 2778 Adde
3311 2720 3457 2790 quod
3484 2727 3740 2789 paternas

2171 2837 2305 2891 opes
2327 2835 2455 2874 sane
2478 2817 2843 2886 amplissimas
2868 2815 3206 2886 pauperibus
3228 2813 3456 2882 largitus
3483 2811 3574 2874 sit,
3593 2810 3739 2879 quod

2171 2911 2477 2984 panniculis
2507 2909 2678 2979 magis
2705 2923 2868 2978 quam
2900 2907 3150 2962 vestibus
3195 2905 3512 2959 amiciretur
3532 2943 3545 2966 ,
3594 2901 3740 2972 quod

497 2984 648 3022 mum
693 2969 1212 3073 chredmm‘"s’.5i‘ic
1263 2970 1321 3073 id‘
1362 2971 1557 3073 {eccm
1611 2974 1803 3073 pf‘lriw
1861 2975 2064 3073 SW1“):
2095 3015 2137 3073 ο
2171 2969 2227 3057 in
2259 3002 2462 3056 sanctis
2487 2969 2902 3069 despicie-ntiam
2937 3012 3122 3052 rerum
3154 2995 3220 3050 ad
3252 3010 3451 3065 corpus
3491 2969 3743 3064 spectan-

496 3075 661 3128 quam
705 3059 1024 3128 frequenter
1065 3061 1328 3115 inviseret
1359 3063 1596 3116 duorum
1633 3064 1898 3118 duntaxat
1945 3064 2064 3120 die-

496 3165 620 3204 rum
652 3149 850 3204 itinere
879 3150 1174 3206 distantem
1215 3151 1358 3222 Cyro
1386 3170 1399 3205 :
1429 3153 1542 3207 sive
1575 3153 1873 3208 Ecclesiam
1911 3170 2065 3210 suam

495 3255 607 3296 non
655 3240 1053 3295 nobilissimam
1091 3241 1382 3305 fastidiret,
1416 3243 1472 3296 in
1511 3259 1618 3312 qua
1645 3245 1834 3312 paucis
1864 3244 2067 3301 Graeca:

495 3332 708 3388 delicias.
747 3339 1037 3402 saperent;
1090 3331 1206 3384 sive
1254 3333 1472 3386 tandem
1509 3334 1734 3402 plausus
1763 3335 2064 3389 alienarum

496 3424 718 3476 urbium
744 3429 979 3490 optaret.
1002 3420 1136 3474 Nam
1157 3419 1281 3488 quis
1304 3430 1568 3488 praestans
1587 3432 1773 3476 orator
1793 3439 1901 3477 non
1921 3433 2067 3480 amet

495 3513 728 3566 famam?
777 3521 873 3566 aut
916 3527 1038 3580 qua:
1080 3510 1436 3586 existimatio,
1469 3511 1514 3564 si
1552 3511 1869 3566 continetur
1908 3515 2064 3585 145

494 3602 664 3666 domi,
699 3610 974 3656 mereatur
999 3601 1153 3656 fama:
1177 3601 1415 3656 nomen?
1437 3601 1598 3656 Certe
1629 3619 1738 3657 non
1765 3604 2065 3661 Antiochia:

495 3702 732 3758 tantum,
770 3693 866 3748 sed
912 3693 1078 3747 etiam
1123 3693 1330 3747 Hermae
1377 3693 1638 3763 frequens
1683 3694 1807 3758 fuit,
1852 3711 2062 3752 sermo-

495 3800 703 3854 nesque
727 3785 942 3850 habuit,
967 3800 1107 3854 quos
1138 3793 1193 3839 et
1223 3799 1419 3854 magna
1450 3785 1730 3854 voluptate
1755 3788 1942 3843 clerici
1967 3804 2062 3844 au-

495 3876 702 3940 dirent,
729 3885 786 3933 et
811 3878 926 3946 ipse
951 3877 1286 3946 perlibenter
1316 3877 1625 3933 effunderet
1654 3897 1667 3932 :
1701 3879 1776 3945 id,
1807 3896 1929 3950 qua:
1961 3882 2063 3936 bu-

495 3983 669 4021 mana:
689 3968 888 4022 mentis
913 3968 1154 4033 vanitas,
1186 3968 1254 4022 de
1283 3967 1668 4025 Berceensibus
1692 3979 1946 4027 testatum
1971 3988 2060 4028 re-

495 4060 674 4128 liquit.
729 4058 865 4114 Cum
911 4059 1058 4112 enim
1104 4069 1344 4130 quatuor
1389 4075 1582 4115 causas
1631 4062 1927 4127 attulisset,
1959 4080 2058 4118 cur

495 4159 721 4204 mutuus
769 4150 914 4203 inter
943 4165 1002 4204 se
1043 4158 1100 4204 et
1146 4151 1466 4206 Bermenses
1523 4167 1676 4205 amor
1726 4154 2060 4210 exsisteret?

502 4260 522 4294 ι
551 4241 607 4296 Si
636 4241 822 4304 vultis,
867 4241 1046 4310 inquit
1092 4241 1158 4306 ὀ,
1190 4242 1445 4310 quintum
1475 4241 1676 4306 dicam,
1715 4258 1835 4312 quae
1863 4243 2059 4315 linguae

2175 3093 2310 3148 tium
2341 3090 2693 3145 continenter
2723 3096 2778 3142 et
2808 3102 2949 3157 pene
2979 3086 3294 3155 importune
3327 3083 3597 3148 laudaret,
3632 3097 3742 3152 quo

2173 3185 2313 3240 facto
2349 3183 2522 3238 videri
2568 3188 2770 3252 potest,
2814 3195 2882 3234 ex
2924 3179 3117 3244 animi,
3150 3188 3210 3233 ut
3241 3178 3319 3242 ﬁt,
3350 3176 3636 3230 affectione
3663 3175 3743 3228 lo-

2172 3285 2353 3338 cutus,
2385 3283 2439 3329 et
2463 3290 2520 3329 se
2556 3274 2790 3328 aliorum
2816 3272 2974 3341 quasi
3003 3269 3280 3326 coloribus
3301 3268 3632 3337 depinxisse.

2241 3367 2304 3422 ν.
2336 3365 2437 3421 Ubi
2468 3365 2706 3434 primum
2737 3362 2969 3417 accessit
2991 3361 3059 3414 ad
3092 3359 3300 3422 sedem,
3328 3356 3602 3412 indefesso
3627 3365 3744 3411 stu-

2171 3457 2263 3510 dio
2294 3456 2544 3511 incubuit
2589 3455 2642 3508 in
2677 3453 2836 3524 15,6
2866 3452 3182 3521 parochiam
3209 3450 3277 3504 ab
3312 3448 3585 3503 haereticis
3614 3463 3739 3516 pur-

2171 3548 2399 3619 gandam
2423 3565 2437 3613 ;
2469 3546 2670 3616 quibus
2700 3560 2830 3598 vero
2858 3543 3143 3598 laboribus
3175 3551 3231 3596 et
3255 3555 3366 3610 quo
3395 3540 3601 3601 fructu,
3628 3537 3740 3592 No-

2171 3654 2259 3692 mo
2279 3639 2323 3669 "
2355 3636 2623 3707 exponit.
2661 3653 2680 3687 ‹
2717 3633 2900 3697 Vicos,
2936 3632 3118 3702 inquit
3163 3633 3232 3694 ”,
3275 3639 3400 3685 octo
3447 3627 3742 3683 Marcionis

2169 3726 2362 3781 haeresi
2395 3731 2702 3794 corruptos,
2737 3737 2844 3778 una
2884 3736 3008 3776 cum
3058 3719 3256 3774 vicinis
3301 3718 3458 3782 locis,
3488 3717 3555 3771 ad
3585 3715 3737 3770 veri-

2168 3828 2333 3874 tatem
2380 3816 2633 3870 nolentes
2659 3813 2890 3884 perduxi
2916 3831 2928 3866 :
2954 3811 3136 3866 vicum
3173 3812 3340 3866 alium
3377 3808 3740 3864 Eunomianis

2167 3907 2452 3970 refertum,
2480 3913 2536 3960 et
2563 3903 2727 3958 alium
2751 3903 2989 3967 Arianis,
3017 3901 3216 3958 divina:
3249 3901 3578 3972 cognitionis
3614 3900 3739 3955 luce

2169 3997 2472 4061 illustravi;
2501 3996 2823 4064 nullumque
2849 3993 2994 4063 apud
3018 4009 3141 4057 nos,
3172 3993 3269 4048 Dei
3295 3991 3586 4055 beneflcio,
3617 3990 3736 4046 ba!-

2168 4087 2308 4141 resis
2334 4084 2524 4141 lolium
2558 4085 2811 4140 relictum
2851 4093 2954 4138 est.
2997 4083 3185 4153 Neque
3215 4099 3346 4138 vero
3371 4083 3471 4136 ista
3495 4081 3613 4136 sine
3643 4095 3740 4151 pe-

2167 4178 2356 4233 riculis
2381 4177 2640 4248 praestiti;
2685 4176 2782 4231 sed
2822 4176 2945 4231 fuso
2973 4175 3299 4246 plerumque
3337 4171 3621 4244 sanguine,
3652 4173 3738 4226 la-

2166 4269 2388 4339 pidatus
2422 4267 2491 4322 ab
2529 4267 2610 4320 eis
2647 4281 2912 4336 persaepe,
2960 4273 3017 4319 et
3059 4264 3126 4318 ad
3180 4264 3327 4333 ipsas
3377 4261 3493 4316 orci
3548 4269 3737 4331 portas

484 4332 564 4387 ad
591 4347 758 4386 aures
787 4340 872 4386 est
897 4331 1213 4402 conjunctio
1242 4349 1254 4384 :
1285 4332 1377 4386 illa
1405 4332 1606 4403 quippe
1636 4333 1802 4387 verba
1829 4335 2058 4404 profert,

2169 4358 2454 4426 impulsus.
2509 4351 2534 4408 ι’
2582 4357 2779 4410 Decem
2810 4354 3256 4409 Marcionitarum
3286 4351 3454 4407 millia
3491 4367 3520 4405 a
3553 4366 3612 4405 se
3633 4350 3736 4404 ba-

485 4423 579 4479 .be
607 4438 741 4478 vero
783 4423 1068 4492 excipiunt
1093 4440 1106 4475 :
1134 4422 1380 4477 eamdem
1415 4431 1472 4476 et
1514 4438 1616 4478 nos
1658 4423 1928 4480 habemus
1959 4443 2058 4481 vo-

492 4516 734 4583 hiscum;
760 4532 857 4570 vos
873 4515 1077 4570 etenim
1101 4530 1226 4570 cum
1245 4516 1524 4586 voluptate
1543 4531 1824 4571 sermones
1840 4530 2060 4575 nostros

488 4606 714 4668 auditis.
765 4613 822 4660 et
871 4620 972 4676 ego
1016 4606 1267 4676 exiguam
1305 4605 1448 4660 banc
1479 4605 1676 4660 stillam
1723 4609 2060 4677 perlibenter

490 4699 547 4756 in
572 4714 670 4752 vos
701 4696 950 4753 eﬂundo.
982 4717 1000 4750 ι

560 4787 648 4843 lll.
678 4787 878 4842 Verum
919 4788 1036 4843 haec.
1064 4788 1421 4844 humanitatis
1458 4791 1642 4859 potius
1669 4806 1829 4859 quam
1859 4794 2056 4848 volun-

489 4879 618 4933 tatis
646 4889 889 4948 peccata,
920 4889 980 4933 ut
1007 4879 1164 4935 facile
1191 4882 1326 4935 viris
1351 4881 1567 4935 eximiis
1597 4882 1892 4938 condonari
1926 4901 2056 4956 pos—

485 4970 618 5030 sint,
658 4971 785 5040 quia
817 4971 973 5026 facile
1015 4972 1159 5026 inter
1188 4972 1412 5041 plausus
1456 4972 1792 5043 subrepunt;
1837 4977 1911 5030 ita
1946 4993 2056 5032 non

493 5061 882 5127 obstiterunt,
929 5062 1226 5132 quominus
1302 5076 1401 5130 pro
1457 5061 1718 5133 dignitate
1766 5083 2054 5136 personam

493 5154 744 5223 prtesulis
773 5152 1118 5208 sustinuerit.
1152 5153 1384 5208 Videtur
1428 5155 1574 5209 enim
1623 5157 1678 5211 in
1727 5173 1786 5213 se
1825 5159 2052 5217 formam

553 5325 629 5380 ιι
671 5329 811 5382 Tim.
853 5328 1005 5392 "1,5.
1085 5337 1107 5366 ο
1143 5327 1251 5385 Tit.
1277 5344 1314 5392 ι,
1349 5329 1461 5382 7-9.

2167 4447 2370 4518 ptismo
2397 4446 2565 4498 tincta
2598 4444 2705 4499 alio
2743 4444 2796 4498 in
2819 4445 2940 4498 loco
2968 4444 3135 4498 refert
3158 4443 3204 4475 ’⁸
3237 4462 3248 4496 :
3281 4450 3427 4496 tanta
3461 4442 3562 4495 fuit
3583 4441 3740 4496 labo-

2169 4541 2245 4594 ris
2277 4555 2489 4594 merces
2511 4578 2525 4603 ,
2576 4545 2726 4591 tanta
2760 4536 3055 4607 pugnantis
3097 4549 3268 4604 usque
3308 4533 3375 4588 ad
3409 4532 3734 4603 sanguinem

2166 4647 2563 4771 cavsalieque
2597 4699 2797 4753 mirum
2838 4713 2906 4754 eo
2940 4705 3210 4768 proventu
3257 4694 3437 4764 colligi
3488 4693 3732 4749 fructum

2164 4793 2457 4863 potuissea
2492 4795 2717 4844 strenuo
2743 4788 2974 4851 cultore,
3002 4786 3092 4841 cui
3137 4785 3309 4840 sancti
3349 4782 3731 4854 prodigiorum

2158 4883 2466 4944 effectores,
2518 4879 2734 4950 ipsique
2772 4879 3003 4942 emlites,
3039 4887 3096 4932 et
3138 4876 3445 4947 praesertim
3482 4874 3730 4944 Baptista

2156 4976 2396 5030 Joannes
2445 4972 2867 5027 collaborarent.
2924 4970 3058 5025 Rem
3104 4970 3220 5038 ipse
3270 4974 3476 5030 narrat,
3529 4965 3625 5019 ubi
3657 4965 3729 5018 de

2154 5064 2362 5120 Jaeobo
2394 5063 2802 5131 Thaumaturgo
2825 5061 3034 5114 scribit.
3068 5079 3085 5111 ‹
3111 5059 3388 5130 Rogabam
3417 5058 3616 5128 ipsum,
3637 5056 3728 5110 in-

2157 5157 2277 5228 quit
2301 5157 2370 5220 ",
2393 5155 2630 5219 enixius,
2655 5160 2716 5208 ut
2745 5155 2915 5210 Deum
2943 5153 3327 5208 universorum
3355 5159 3557 5214 oraret,
3587 5146 3725 5202 mihi

1808 5428 2118 5486 SCHULZII
2155 5430 2384 5488 ΝΟΤίΕ.

480 5513 826 5641 “ﬁgitﬁgit;
859 5537 1432 5641 ᾛςλίξρῑξξςλεσηξ
1454 5543 1986 5641 ρήξςοεξὲιοει-ρλη.
2018 5549 2312 5641 "’Nglmo.
2353 5548 2453 5605 Ed.
2497 5546 2651 5618 prior
2678 5545 2916 5603 habebat
2954 5546 3271 5605 Eutreebio.
3351 5551 3394 5584 κ
3422 5548 3596 5621 Epist.
3623 5547 3720 5604 si.

540 5608 697 5682 Epist
727 5608 844 5662 N5.
897 5606 1078 5678 (Aodf
1110 5608 1272 5678 epist.
1325 5609 1469 5682 “3.)
1545 5615 1591 5647 "
1618 5606 1754 5669 Hist.
1795 5606 1966 5687 relig.,
2015 5633 2134 5688 cap.
2165 5619 2253 5673 21.
