4054 6138
376 283 470 351 101

1531 278 1897 338 HISTORIA
1933 279 2443 342 THEODORETI.

3518 286 3621 351 102

374 406 435 447 ut
478 398 723 460 segetem
770 389 915 443 loliis
957 400 1185 440 vacuam
1229 383 1503 447 redderet,
1554 383 1893 453 liberamque
1918 400 1949 439 a
1978 386 2022 443 A
2051 395 2245 437 nactus
2287 399 2486 451 essem,
2538 383 2921 455 aquaeductum
2969 389 3213 457 condidi,
3252 398 3307 446 et
3343 403 3618 449 carentem

374 480 681 537 seminibus
716 477 1128 533 haereticorum.
1175 475 1425 545 Angebat
1470 473 1617 527 enim
1662 489 1748 527 me
1781 475 1948 528 vehe-

370 583 590 628 menter
628 569 956 625 exsecrandi
980 568 1272 623 Marcionis
1294 582 1473 632 error,
1506 567 1595 635 qui
1624 581 1948 635 magnopere

370 662 696 718 invaluerat.
754 660 849 713 llle
896 668 1081 712 autem
1128 654 1426 710 obtestanti
1470 654 1604 707 mihi
1648 672 1660 707 :
1702 654 1803 707 Nec
1847 671 1944 720 me,

368 754 569 822 inquit,
612 768 704 805 nec
745 750 852 804 alio
884 749 1027 819 apud
1069 748 1238 801 Deum
1272 748 1363 800 tibi
1415 763 1543 816 apus
1596 754 1671 799 est
1699 748 1825 799 inte’
1847 763 1949 799 ces-

363 861 523 908 scre;
560 859 831 896 summum
862 841 1017 893 habes
1047 839 1336 902 Joannem,
1396 837 1548 892 Verbi
1596 854 1789 900 vocem,
1844 837 1945 891 Ωο-

364 936 499 988 mini
556 947 958 1002 prrerursorem,
1017 932 1109 999 qui
1139 932 1232 981 hoc
1261 944 1355 997 pro
1386 936 1435 981 te
1462 927 1776 997 deprecatur
1818 930 1943 981 ἰεδί-

363 1034 489 1077 due.
524 1043 542 1073 ι

433 1115 650 1179 Quanta
692 1113 777 1165 vis
805 1111 950 1165 foret
977 1109 1244 1180 ejusmodi
1274 1125 1497 1178 precum
1528 1110 1595 1165 ad
1635 1115 1651 1130 '
1682 1126 1939 1165 coercen-

357 1204 494 1259 dum
527 1204 857 1266 daemonem,
892 1216 960 1255 ne
991 1216 1105 1269 pra:
1144 1200 1373 1264 invidia,
1407 1214 1515 1269 qua
1558 1201 1938 1269 rumpebatur,

356 1293 638 1347 laboranti
684 1290 1015 1354 obsisteret,
1062 1297 1284 1345 ostento
1338 1289 1484 1343 Deus
1533 1288 1939 1343 Theodoretum

357 1383 670 1437 admonuit.
727 1401 745 1431 σ
787 1380 950 1436 Venit
1000 1380 1320 1449 aliquando,
1371 1380 1557 1448 inquit
1576 1380 1643 1445 ’°,
1677 1380 1746 1435 de
1780 1390 1939 1435 nocte

358 1476 601 1528 exitialis
642 1474 865 1542 quidam
924 1472 1160 1532 daemon,
1209 1479 1267 1524 et
1301 1471 1437 1542 Syra
1480 1473 1713 1541 loquens
1758 1489 1933 1527 voce:

355 1566 499 1630 Quid
542 1565 683 1617 heus
712 1573 767 1616 tu
791 1563 995 1617 bellum
1021 1562 1167 1631 geris
1193 1577 1318 1615 eum
1343 1562 1615 1617 Mareione
1635 1564 1657 1615 ?
1680 1563 1791 1617 Cur
1817 1574 1926 1619 tan-

355 1655 485 1708 dem
540 1670 666 1707 eum
719 1653 811 1706 illo
851 1652 991 1705 hanc
1035 1666 1269 1720 pugnam
1305 1651 1638 1719 suscepisti?
1668 1650 1806 1716 Quid
1845 1652 1935 1706 ille

358 1746 464 1797 tibi
520 1742 782 1797 molestiae
837 1741 1075 1795 creavit?
1108 1740 1315 1794 Bcllare
1356 1740 1580 1804 desine,
1616 1741 1932 1796 inimicitias

355 1832 596 1901 depone,
642 1842 736 1884 aut
789 1830 1130 1900 experientia
1169 1830 1368 1894 disces,
1413 1840 1678 1900 quantum
1724 1833 1928 1899 bonum

354 1923 433 1975 sit
475 1924 647 1991 quies.
684 1922 835 1975 Scito
894 1920 1042 1973 enim
1091 1920 1237 1989 quod
1269 1930 1318 1976 te
1349 1923 1456 1991 jam
1498 1923 1711 1991 pridem
1739 1924 1929 1978 confo-

348 2017 595 2077 dissem,
648 2015 754 2067 nisi
816 2024 1114 2084 martyrum
1172 2014 1402 2068 chorum
1446 2031 1569 2069 cum
1620 2017 1826 2071 Iacobo
1875 2028 1929 2073 te

348 2107 763 2162 custodientem
792 2107 1069 2162 vidissem.
1112 2106 1236 2161 Haac
1255 2124 1355 2178 ego
1387 2108 1592 2172 audivi,
1621 2119 1677 2163 et
1713 2110 1929 2164 cuidam

342 2215 378 2252 e
436 2199 820 2262 familiaribus,
859 2199 952 2268 qui
987 2202 1140 2268 juxta
1192 2200 1517 2265 dormiebat,
1550 2201 1800 2265 Audisne,
1843 2209 1928 2256 in-

343 2304 543 2356 quam,
592 2304 710 2357 qua:
763 2288 1052 2341 dicuntur?
1081 2289 1148 2342 Et
1181 2289 1272 2343 ille
1304 2308 1320 2342 ε
1354 2289 1565 2355 Omnia,
1595 2291 1793 2360 inquit,
1829 2310 1928 2346 au-

341 2379 494 2439 divi;
548 2387 597 2429 et
651 2395 770 2431 cum
819 2394 1033 2447 surgere
1077 2376 1278 2442 liberet,
1328 2388 1385 2431 ut
1418 2380 1725 2450 dispicerem
1755 2391 1803 2435 et
1841 2399 1929 2435 co~

339 2486 659 2539 gnoscerem
705 2472 818 2540 quis
868 2469 1192 2540 loqueretur,
1236 2478 1329 2524 tua
1361 2489 1523 2525 causa
1562 2474 1756 2537 destiti,
1791 2476 1930 2545 quod

341 2573 399 2612 re
454 2560 688 2614 dormire
744 2560 1071 2615 arbitrabar.
1116 2560 1415 2631 Surgentes
1448 2562 1615 2631 igitur
1661 2564 1841 2630 ambo,
1874 2573 1931 2619 et

338 2651 886 2720 circumspicientes,
941 2667 1044 2706 nec
1093 2661 1302 2706 motum
1356 2652 1540 2716 ullius,
1591 2670 1693 2709 nec
1740 2671 1928 2709 vocem

339 2742 688 2796 :n‘livimus.
736 2742 916 2797 Verba
962 2758 1126 2812 porro
1166 2742 1255 2795 illa
1302 2743 1593 2797 nobiscum
1643 2745 1931 2800 audierant

333 2834 447 2886 alii
500 2848 722 2901 quoque
776 2832 1083 2887 domestici.
1144 2832 1394 2887 Intellexi
1454 2848 1583 2902 ergo
1631 2844 1929 2905 martyrum

337 2925 585 2979 chorum
619 2925 688 2979 ab
716 2942 783 2980 eo
816 2926 923 2980 dici
955 2927 1233 2997 lecythum
1276 2927 1403 2990 olei,
1442 2928 1535 2997 qui
1582 2930 1862 2983 collectam
1898 2945 1929 2983 a

2051 472 2209 539 aquis
2240 472 2517 527 civitatem
2546 474 2704 543 aquis
2741 475 2968 543 replevi.
3013 496 3032 528 ι

2122 550 2265 624 Qitin
2306 562 2473 615 etiam
2519 562 2586 616 de
2642 564 2889 618 levandis
2933 566 3197 622 oneribus
3232 583 3355 623 cum
3384 570 3615 627 Pulche-

2046 650 2128 704 ria
2156 651 2397 721 Augusta
2424 654 2535 723 egit
2569 670 2667 723 per
2698 656 2932 719 litteras,
2980 658 3348 714 miserabilem
3381 662 3618 718 civitatis

2047 747 2248 794 statum
2291 740 2550 796 ﬂebiliter
2588 759 2868 812 exponens
2919 746 2986 810 ³⁸,
3036 747 3123 800 cui
3174 764 3372 818 nempe
3431 770 3451 801 ι
3503 761 3612 806 tam

2044 844 2216 899 grave
2244 846 2386 887 onus
2410 834 2785 900 incumbebat,
2820 846 2880 889 ut
2911 845 2966 891 et
2989 839 3189 907 praedia
3214 842 3382 894 multa
3409 844 3619 899 colonis

2044 921 2303 977 destituta
2331 933 2535 988 essent,
2562 926 2733 978 multa
2768 927 2931 979 etiam
2963 943 2993 980 a
3019 932 3432 997 possessoribus
3464 936 3619 1003 peni-

2045 1019 2133 1066 tus
2173 1012 2389 1067 deserta
2425 1031 2439 1066 :
2486 1023 2543 1068 et
2593 1031 2693 1084 pro
2739 1016 2826 1070 his
2869 1018 3226 1074 nihilominus
3260 1022 3615 1091 exigerentur

2043 1102 2411 1157 infelicissimi
2439 1103 2788 1171 decuriones,
2814 1108 2930 1176 qui,
2962 1112 3305 1164 exactionem
3340 1112 3483 1167 ferre
3502 1130 3613 1169 non

2040 1193 2306 1258 valentes,
2337 1194 2537 1262 partim
2574 1197 2975 1264 mendicarent,
3004 1201 3201 1267 partim
3232 1200 3359 1271 fuga
3387 1217 3447 1257 se
3485 1204 3617 1259 sub-

2042 1285 2328 1339 ducerent.
2366 1305 2384 1337 ›
2837 1292 2845 1307 ‘

2110 1375 2252 1442 Quid
2289 1378 2435 1446 quod
2476 1377 2747 1433 laboranti
2789 1380 2997 1434 civitati
3042 1382 3341 1448 medicum,
3383 1401 3490 1453 quo
3520 1401 3611 1440 ea-

2039 1468 2216 1533 rebat,
2266 1469 2483 1537 aliaque
2541 1470 2810 1539 ejusmodi
2864 1473 3053 1541 plura,
3109 1488 3232 1542 quae
3272 1475 3491 1544 longum
3529 1490 3614 1529 re-

2036 1563 2199 1628 ferre,
2259 1566 2611 1633 procuravit.
2662 1568 2847 1619 animo
2893 1568 3299 1625 admirabiliter
3357 1571 3606 1638 liberali,

2036 1665 2205 1720 egens
2230 1651 2368 1720 ipse,
2404 1660 2465 1705 ut
2490 1652 2582 1706 alii
2614 1654 2976 1710 abundarent.

2102 1742 2193 1795 1X.
2248 1743 2434 1811 Neque
2492 1760 2624 1798 vero
2675 1746 3007 1801 Theodoreti
3064 1748 3425 1805 beneﬁcentia
3474 1766 3609 1805 con-

2034 1838 2179 1886 tenta
2205 1831 2309 1886 fuit
2352 1832 2642 1903 Cyrestica:
2684 1836 2902 1901 finibus,
2950 1846 3007 1892 et
3038 1854 3259 1892 suarum
3291 1841 3606 1896 facultatum

2029 1924 2192 1977 modo
2219 1942 2231 1976 :
2263 1925 2357 1979 sed
2381 1927 2625 1980 extendit
2648 1943 2706 1981 se
2732 1929 2916 1992 latius,
2958 1930 3299 2000 aliarumque
3323 1933 3605 2002 regionum

2029 2024 2272 2083 egentes,
2309 2031 2449 2085 quos
2487 2018 2603 2071 suis
2641 2034 2751 2072 non
2795 2028 3028 2088 poterat,
3070 2022 3373 2076 amicorum
3407 2025 3607 2092 opibus

2024 2106 2214 2175 juvit:
2266 2115 2432 2162 testes
2490 2108 2754 2177 epistolaa,
2803 2111 3006 2179 quibus
3054 2112 3275 2167 divitias
3307 2114 3423 2168 sive
3468 2131 3605 2183 quas

2030 2208 2315 2267 acceperat
2345 2215 2373 2252 a
2400 2200 2721 2269 parentibus
2765 2202 3150 2271 amplissimas,
3193 2205 3307 2257 sive
3341 2221 3477 2275 quas
3498 2206 3603 2276 Cy-

2029 2290 2205 2343 rensis
2237 2291 2478 2346 Ecclesia
2522 2307 2632 2346 non
2680 2292 2985 2348 mediocres
3028 2294 3365 2362 possidebat.
3397 2312 3603 2365 paupe-

2029 2381 2182 2436 ribus
2230 2398 2288 2437 se
2330 2384 2586 2453 largitum
2624 2384 2783 2439 fateri
2820 2385 3114 2454 aliquando
3140 2395 3363 2441 coactus
3393 2396 3509 2451 est,
3547 2397 3603 2443 et

2029 2479 2252 2539 amicos,
2282 2488 2341 2531 ut
2366 2480 2507 2533 idem
2528 2479 2791 2542 facerent,
2812 2480 3010 2533 litteris
3036 2480 3392 2536 vehementer
3414 2482 3603 2537 incen-

2028 2568 2138 2630 dit;
2166 2569 2310 2636 quod
2338 2584 2437 2622 suo
2462 2578 2707 2638 tempore
2736 2570 3105 2625 narrabimus.

2016 2696 2019 2699 »
2100 2656 2168 2709 Χ.
2200 2656 2565 2711 Fueruntista
2590 2657 2717 2712 boni
2747 2658 2851 2711 viri
2897 2657 3105 2723 olllcia,
3150 2660 3266 2715 hzee
3307 2662 3594 2729 prudentis

2028 2746 2190 2800 simul
2218 2757 2273 2800 et
2293 2748 2617 2803 charitatem
2646 2749 2931 2803 sectantis.
2955 2750 3024 2804 Ut
3046 2766 3318 2821 quemque
3351 2762 3598 2817 noverat,

2028 2835 2112 2888 vel
2132 2836 2434 2890 sanctitatis
2458 2836 2598 2891 fama
2619 2838 2915 2900 celebrem.
2951 2840 3034 2892 vel
3064 2840 3313 2894 doctrina
3340 2842 3597 2905 nobilem,

2028 2926 2111 2979 vel
2137 2928 2463 2983 auctoritate
2494 2928 2787 2996 pollentem
2809 2969 2823 2993 ,
2854 2930 2927 2983 ita
2960 2930 3131 2999 ipsius
3178 2933 3474 2985 amicitiam
3511 2950 3602 2988 ca-

337 3016 545 3071 multis
594 3016 923 3088 martyribus
971 3017 1409 3072 benedictionem
1470 3019 1758 3072 continens
1781 3059 1795 3083 ,
1858 3020 1923 3073 ad
1955 3050 1995 3105 ε
2029 3015 2216 3083 plabat
2254 3034 2266 3067 :
2306 3016 2439 3085 quid
2473 3018 2620 3070 enim
2652 3018 2842 3071 utilius
2866 3018 2918 3070 in
2944 3035 3161 3073 omnem
3198 3020 3322 3073 vitae
3353 3024 3601 3089 partem?

336 3109 559 3163 lectum
594 3124 778 3163 meum
821 3124 1122 3178 suspensus
1172 3116 1291 3163 erat
1322 3127 1333 3161 :
1367 3108 1470 3162 sub
1516 3110 1695 3178 capite
1742 3118 1923 3163 autem

338 3216 478 3255 meo
519 3201 701 3269 magni
728 3201 917 3255 Jacobi
950 3212 1109 3255 vetus
1157 3200 1261 3254 fuit
1303 3201 1551 3270 pallium,
1599 3200 1746 3270 quod
1790 3202 1925 3255 mihi

338 3293 591 3347 validius
614 3302 735 3347 erat
757 3292 901 3347 vallo
925 3292 1164 3362 quodam
1196 3291 1569 3346 adamantino.
1620 3312 1637 3343 ι

426 3405 585 3475 147
622 3405 733 3459 Vll.
777 3405 913 3459 Dum
941 3406 1015 3459 ita
1066 3406 1210 3460 Deus
1242 3406 1438 3474 emptis
1471 3404 1696 3469 faveret,
1744 3405 1929 3459 Theo-

337 3494 581 3547 dorelus
632 3493 875 3547 vicissim
929 3494 1127 3547 divina:
1191 3494 1328 3563 legis
1386 3509 1598 3547 memor
1646 3494 1923 3548 assiduam

340 3585 700 3654 przeseutiam
748 3585 1023 3655 parochias
1068 3585 1381 3640 exhibebat.
1426 3586 1562 3639 Nam
1600 3584 1703 3639 etsi
1730 3585 1925 3639 Antio-

340 3675 492 3728 chiae
539 3675 776 3729 subinde
826 3676 1062 3730 haberet
1113 3676 1429 3739 conciones,
1469 3676 1688 3744 quoties
1729 3691 1925 3744 nempe

336 3765 663 3829 adveniret,
690 3781 747 3820 se
780 3774 961 3819 tamen
996 3774 1157 3837 negat
1188 3782 1428 3836 unquam
1458 3766 1766 3829 advenisse,
1792 3768 1926 3837 quin

342 3855 620 3909 tractoria
666 3864 961 3909 vocaretur
994 3856 1061 3909 ad
1093 3856 1351 3927 synodos,
1400 3871 1429 3908 a
1478 3856 1681 3925 quibus
1735 3857 1926 3910 abesse

333 3945 508 3999 nefas
573 3956 737 4000 esset.
784 3964 802 3997 ε
863 3946 1091 4001 Noverit
1124 3946 1444 4017 magnitudo
1501 3956 1592 4001 tua
1667 3946 1922 4017 (Nomum

334 4037 649 4106 alloquitur
691 4036 779 4107 ²⁷),
825 4052 915 4091 me
950 4051 1052 4091 nec
1081 4047 1329 4107 tempore
1362 4037 1670 4092 beatissimi
1718 4038 1925 4092 sancti-

332 4144 461 4197 que
516 4128 814 4191 Theodoti,
870 4142 974 4183 nec
1007 4128 1108 4182 sub
1146 4128 1316 4184 beata:
1355 4128 1634 4183 memoria
1672 4128 1879 4183 Joanne
1909 4170 1923 4194 ,

337 4234 455 4274 nec
523 4220 628 4274 sub
695 4220 1041 4274 sanctissimo
1106 4219 1366 4289 episcOpo
1432 4219 1657 4274 domino
1714 4219 1926 4274 Domno

336 4322 547 4381 Sponte
601 4325 721 4365 mea
764 4311 1000 4365 intrasse
1047 4309 1431 4374 Antiochiam,
1481 4308 1577 4363 sed
1636 4307 1927 4377 quinquies

338 4416 415 4454 ac
489 4402 672 4455 sexies
754 4411 1006 4455 vocatum
1108 4401 1200 4454 vix

341 4496 569 4552 autem,
618 4497 684 4543 ut
751 4490 1126 4546 ecclesiastico
1183 4489 1380 4544 canoni
1423 4488 1779 4558 obsequerer,
1828 4489 1922 4559 qui

340 4598 503 4639 reum
571 4581 763 4635 haberi
809 4581 968 4651 jubet
1014 4595 1177 4645 eum,
1228 4579 1324 4649 qui
1377 4579 1445 4633 ad
1489 4580 1755 4650 synodum
1824 4595 1921 4634 vo—

340 4682 505 4728 catus
548 4673 740 4727 adesse
782 4672 1039 4727 noluerit.
1089 4691 1107 4724 ι
1138 4671 1341 4727 Verum
1391 4671 1490 4725 ista
1526 4671 1736 4735 videre,
1782 4686 1922 4740 quo-

343 4764 515 4816 modo
556 4778 683 4816 eum
721 4762 1103 4832 superioribus
1153 4771 1317 4831 atque
1360 4762 1524 4816 etiam
1567 4762 1925 4830 sequentibus

342 4862 474 4922 apte
499 4854 835 4916 cohaereant,
861 4868 969 4907 non
1015 4861 1099 4907 est
1127 4854 1367 4907 hominis
1390 4861 1670 4922 utcunque
1696 4855 1919 4908 oculati.

424 4966 561 5019 Vlll.
625 4966 751 5020 Suis
796 4965 1130 5037 Cyrensibus
1180 4965 1323 5019 bona
1381 4965 1546 5019 etiam
1600 4966 1922 5035 temporalia

351 5055 615 5123 providit.
658 5074 675 5106 ‹
719 5056 973 5110 Publieas
1013 5056 1278 5126 porticus,
1316 5054 1495 5123 inquit
1530 5055 1596 5117 ⁸⁸,
1632 5071 1697 5109 ex
1728 5055 1921 5110 rediti-

352 5146 467 5198 bus
498 5146 879 5201 ecclesiasticis
921 5146 1092 5209 erexi,
1119 5154 1316 5215 pontes
1358 5145 1496 5199 duos
1524 5146 1788 5199 maximos
1825 5162 1921 5199 ex-

348 5235 552 5296 struxi,
597 5235 918 5290 balnearum
962 5235 1312 5305 publicarum
1365 5250 1551 5289 curam
1598 5236 1761 5304 gessi,
1795 5251 1918 5289 cum

347 5342 419 5380 ex
462 5326 699 5379 alluente
740 5326 962 5380 ﬂumine
1022 5343 1188 5396 aquas
1242 5326 1585 5381 haurientem
1641 5325 1918 5380 civitatem

2097 3125 2280 3179 Coluit
2329 3127 2383 3180 in
2418 3127 2639 3196 primis,
2690 3137 2750 3181 ut
2777 3136 2986 3197 patrem
3010 3170 3023 3193 ,
3060 3130 3316 3184 Acacium
3348 3132 3604 3190 Bcroeen-

1976 3278 1979 3281 _
2026 3230 2163 3281 sem,
2199 3231 2433 3284 eumque
2467 3233 2575 3270 non
2618 3217 2861 3271 laudavit
2909 3227 3117 3272 tantum
3162 3222 3313 3274 velut
3342 3225 3603 3292 apostoli-

2026 3321 2150 3360 cum
2172 3307 2370 3367 virum,
2407 3307 2503 3361 sed
2525 3308 2687 3361 etiam
2719 3308 2925 3377 pressis
2969 3309 3129 3380 148
3163 3312 3406 3381 vestigiis
3444 3330 3605 3368 secu-

2029 3405 2115 3450 tus
2146 3405 2228 3450 est
2260 3406 2515 3477 tanquam
2553 3397 2678 3451 vita:
2717 3398 2933 3450 ducem.
2963 3396 3141 3452 Coluit
3183 3400 3391 3468 pariter
3426 3402 3603 3456 Joan-

2027 3503 2153 3540 nem
2184 3487 2607 3551 Antiochenum,
2628 3496 2682 3541 et
2702 3496 2922 3557 preptcr
2939 3488 3227 3551 cathedrte,
3245 3490 3330 3543 cui
3356 3491 3598 3556 suberat,

2027 3576 2368 3645 dignitatem,
2408 3586 2463 3629 et
2494 3584 2553 3630 ut
2586 3586 2856 3631 amantem
2886 3578 3215 3639 redamarct,
3245 3580 3601 3635 etimmensis

2026 3666 2111 3719 sui
2152 3666 2406 3719 laudibus
2461 3666 2668 3719 cultum
2726 3667 3073 3735 rependeret.
3123 3668 3306 3724 Coluit
3344 3670 3601 3725 similiter

2018 3758 2291 3813 Andream
2335 3757 2773 3819 Samosatenum,
2808 3759 2987 3812 virum
3039 3766 3152 3813 toto
3192 3758 3414 3815 Oriente
3464 3763 3600 3816 cele-

2026 3850 2181 3904 brem
2214 3890 2227 3911 ,
2279 3849 2371 3917 qui
2424 3849 2685 3902 adversus
2736 3849 2971 3917 capitula
3010 3848 3195 3919 Cyrilli
3239 3849 3597 3906 Orientalium

2024 3941 2246 3995 nomine
2299 3942 2635 4013 objectiones
2667 3945 2908 4015 scripsit.
2944 3946 3086 4010 Quin
3126 3954 3181 3999 et
3210 3945 3597 4002 Constantino-

2024 4033 2132 4101 poli
2157 4033 2452 4087 multorum
2479 4036 2769 4089 amicitiam
2811 4038 3036 4105 appetiit
3062 4078 3074 4097 .
3104 4037 3265 4090 etiam
3289 4046 3596 4106 potentum,

2025 4124 2120 4177 sed
2149 4139 2337 4178 eorum
2381 4127 2633 4191 maxime,
2679 4129 2771 4197 qui
2812 4129 3063 4182 Nestorio
3106 4128 3373 4194 faverent,
3417 4132 3599 4200 cujus-

2026 4212 2172 4266 modi
2248 4214 2550 4271 Antiochus
2611 4218 2900 4286 praefectus
2951 4218 3208 4288 praetorio
3261 4228 3316 4274 et
3369 4221 3599 4287 consul,

2024 4299 2263 4356 lrenaeus
2283 4317 2487 4367 eomes,
2511 4306 2713 4374 aliique
2744 4308 2947 4375 plures.

1303 4400 1574 4469 paruisse.
1656 4376 1922 4455 rarebam
1954 4376 2002 4435 Β
2096 4391 2203 4446 Sed
2246 4394 2419 4447 voluit
2456 4395 2511 4448 in
2560 4396 2754 4464 primis
2794 4397 2968 4450 videri
3012 4399 3417 4453 necessitudine
3461 4414 3596 4453 con-

2024 4483 2249 4553 junctus
2268 4500 2389 4537 cum
2408 4486 2765 4540 sanctissimis
2781 4486 3089 4555 quibusque
3112 4489 3413 4553 monachis,
3434 4504 3597 4558 quam

2030 4581 2090 4626 ut
2118 4581 2452 4639 ostentaret,
2493 4590 2601 4627 non
2649 4574 3034 4629 defunctorum
3061 4577 3242 4638 modo.
3268 4580 3597 4648 quibuscum

2028 4661 2372 4718 familiariter
2405 4666 2634 4735 egisset,
2671 4667 2767 4721 sed
2806 4666 3112 4721 viventium
3161 4684 3377 4739 quoque
3418 4670 3597 4724 admi-

2031 4751 2233 4805 randos
2260 4768 2464 4821 agones
2492 4756 2771 4810 memoriae
2803 4757 3083 4813 mandavit
3118 4776 3129 4811 :
3163 4767 3327 4827 atque
3359 4759 3473 4814 lucc
3514 4769 3597 4815 est

2031 4842 2296 4913 Religiosa
2352 4845 2595 4900 Historia
2628 4890 2643 4913 ,
2693 4848 2783 4902 cui
2836 4848 3111 4905 Philol/reo
3172 4866 3373 4905 nomen
3419 4852 3597 4922 impo-

2027 4933 2154 4988 suit.

2100 5051 2415 5106 Absentiam
2454 5056 2773 5120 amicorum,
2804 5071 2941 5126 quos
2972 5058 3274 5113 Antiochia:
3309 5058 3600 5115 discedens

2029 5143 2353 5212 reliquerat,
2390 5146 2667 5200 solabatur
2696 5148 2904 5203 crebris
2940 5165 3037 5218 per
3064 5150 3278 5205 litteras
3310 5152 3594 5205 salutatio—

2029 5233 2214 5297 nibus,
2249 5234 2413 5304 idque
2438 5236 2735 5304 prmsertim
2775 5251 2926 5292 more
2959 5240 3136 5308 gentis
3170 5249 3292 5310 post
3326 5242 3598 5295 solemnes

2027 5323 2163 5390 dies,
2196 5325 2311 5379 sive
2339 5330 2352 5345 '
2372 5328 2666 5393 nascentis,
2696 5328 2811 5383 sive
2846 5331 3181 5401 resurgentis
3211 5329 3595 5387 Christi.llinc

1698 5472 1893 5529 SCHUI
1909 5472 2008 5527 .le
2048 5471 2273 5527 NOTAE.

425 5632 469 5665 "
496 5631 639 5687 Hist.
676 5632 853 5704 relig.,
892 5648 1008 5700 cap.
1031 5633 1121 5685 2i.
1196 5632 1242 5662 "
1269 5631 1441 5700 Epist.
1469 5632 1557 5685 8-1.
1634 5631 1678 5662 ’⁸
1706 5629 1843 5684 Ibid.

1920 5630 1962 5660 ”
1994 5628 2170 5692 Epist.
2198 5627 2289 5683 45.
