  <div class='ocr_page' id='page_1' title='image "/cluster/home/n/w/nwhite01/storage/ocr_20150623/84/hvd.32044073502213/061.png"; bbox 0 0 4032 6172; ppageno 0'>
   <div class='ocr_carea' id='block_1_1' title="bbox 402 291 502 355">
    <p class='ocr_par' dir='ltr' id='par_1_1' title="bbox 402 291 502 355">
     <span class='ocr_line' id='line_1_1' title="bbox 402 291 502 355; baseline 0 -1"><span class='ocrx_word' id='word_1_1' title='bbox 402 291 502 355; x_wconf 83' lang='grc'><strong>103</strong></span> 
     </span>
    </p>
   </div>
   <div class='ocr_carea' id='block_1_2' title="bbox 1452 285 2449 349">
    <p class='ocr_par' dir='ltr' id='par_1_2' title="bbox 1452 285 2449 349">
     <span class='ocr_line' id='line_1_2' title="bbox 1452 285 2449 349; baseline -0.003 -3"><span class='ocrx_word' id='word_1_2' title='bbox 1452 287 1828 349; x_wconf 84' lang='lat' dir='ltr'><strong>GARNERII</strong></span> <span class='ocrx_word' id='word_1_3' title='bbox 1865 285 2361 347; x_wconf 82' lang='lat' dir='ltr'><strong>DISSER&#39;I‘ATIO</strong></span> <span class='ocrx_word' id='word_1_4' title='bbox 2401 285 2449 343; x_wconf 84' lang='grc' dir='ltr'><strong>Ι.</strong></span> 
     </span>
    </p>
   </div>
   <div class='ocr_carea' id='block_1_3' title="bbox 3514 285 3655 350">
    <p class='ocr_par' dir='ltr' id='par_1_3' title="bbox 3514 285 3655 350">
     <span class='ocr_line' id='line_1_3' title="bbox 3514 285 3655 350; baseline -0.014 0"><span class='ocrx_word' id='word_1_5' title='bbox 3514 301 3515 304; x_wconf 77' lang='lat'>‘</span> <span class='ocrx_word' id='word_1_6' title='bbox 3555 285 3655 350; x_wconf 69' lang='grc'><strong>104</strong></span> 
     </span>
    </p>
   </div>
   <div class='ocr_carea' id='block_1_4' title="bbox 400 389 3654 470">
    <p class='ocr_par' dir='ltr' id='par_1_4' title="bbox 400 389 3654 470">
     <span class='ocr_line' id='line_1_4' title="bbox 400 389 3654 470; baseline -0.001 -12"><span class='ocrx_word' id='word_1_7' title='bbox 400 413 482 458; x_wconf 91' lang='lat' dir='ltr'><strong>tot</strong></span> <span class='ocrx_word' id='word_1_8' title='bbox 500 399 841 456; x_wconf 79' lang='lat' dir='ltr'><strong>heortasticae</strong></span> <span class='ocrx_word' id='word_1_9' title='bbox 873 399 1117 470; x_wconf 64' lang='lat' dir='ltr'><strong>epistolae</strong></span> <span class='ocrx_word' id='word_1_10' title='bbox 1147 397 1451 452; x_wconf 86' lang='lat' dir='ltr'><strong>etiamnum</strong></span> <span class='ocrx_word' id='word_1_11' title='bbox 1495 396 1807 462; x_wconf 89' lang='lat' dir='ltr'><strong>habentur,</strong></span> <span class='ocrx_word' id='word_1_12' title='bbox 1849 395 1976 467; x_wconf 89' lang='lat' dir='ltr'><strong>qui-</strong></span> <span class='ocrx_word' id='word_1_13' title='bbox 2006 405 2051 462; x_wconf 70' lang='grc' dir='ltr'>Α</span> <span class='ocrx_word' id='word_1_14' title='bbox 2079 411 2199 461; x_wconf 89' lang='lat' dir='ltr'><strong>nos,</strong></span> <span class='ocrx_word' id='word_1_15' title='bbox 2235 394 2332 466; x_wconf 86' lang='lat' dir='ltr'><strong>qui</strong></span> <span class='ocrx_word' id='word_1_16' title='bbox 2367 402 2423 448; x_wconf 90' lang='lat' dir='ltr'><strong>et</strong></span> <span class='ocrx_word' id='word_1_17' title='bbox 2466 392 2716 448; x_wconf 71' lang='lat' dir='ltr'><strong>Anommi</strong></span> <span class='ocrx_word' id='word_1_18' title='bbox 2757 391 3121 461; x_wconf 75' lang='lat' dir='ltr'><strong>dicebantur;</strong></span> <span class='ocrx_word' id='word_1_19' title='bbox 3147 393 3524 454; x_wconf 73' lang='lat' dir='ltr'><strong>Macedonium</strong></span> <span class='ocrx_word' id='word_1_20' title='bbox 3553 389 3654 454; x_wconf 81' lang='lat' dir='ltr'><strong>tri-</strong></span> 
     </span>
    </p>
   </div>
   <div class='ocr_carea' id='block_1_5' title="bbox 400 484 1973 556">
    <p class='ocr_par' dir='ltr' id='par_1_5' title="bbox 400 484 1973 556">
     <span class='ocr_line' id='line_1_5' title="bbox 400 484 1973 556; baseline -0.005 -9"><span class='ocrx_word' id='word_1_21' title='bbox 400 494 522 556; x_wconf 85' lang='lat' dir='ltr'><strong>bus.</strong></span> <span class='ocrx_word' id='word_1_22' title='bbox 559 491 666 546; x_wconf 92' lang='lat' dir='ltr'><strong>ctsi</strong></span> <span class='ocrx_word' id='word_1_23' title='bbox 704 489 1044 544; x_wconf 66' lang='lat' dir='ltr'><strong>brevissimae</strong></span> <span class='ocrx_word' id='word_1_24' title='bbox 1100 488 1232 551; x_wconf 83' lang='lat' dir='ltr'><strong>sint,</strong></span> <span class='ocrx_word' id='word_1_25' title='bbox 1280 493 1341 540; x_wconf 85' lang='lat' dir='ltr'><strong>ut</strong></span> <span class='ocrx_word' id='word_1_26' title='bbox 1400 484 1757 540; x_wconf 72' lang='lat' dir='ltr'><strong>salutationes</strong></span> <span class='ocrx_word' id='word_1_27' title='bbox 1797 485 1973 548; x_wconf 87' lang='lat' dir='ltr'><strong>decet,</strong></span> 
     </span>
    </p>
   </div>
   <div class='ocr_carea' id='block_1_6' title="bbox 398 567 1973 647">
    <p class='ocr_par' dir='ltr' id='par_1_6' title="bbox 398 567 1973 647">
     <span class='ocr_line' id='line_1_6' title="bbox 398 567 1973 647; baseline -0.004 -10"><span class='ocrx_word' id='word_1_28' title='bbox 398 583 535 637; x_wconf 86' lang='lat' dir='ltr'><strong>nihil</strong></span> <span class='ocrx_word' id='word_1_29' title='bbox 557 590 651 635; x_wconf 86' lang='lat' dir='ltr'><strong>aut</strong></span> <span class='ocrx_word' id='word_1_30' title='bbox 679 579 950 635; x_wconf 86' lang='lat' dir='ltr'><strong>urbanius</strong></span> <span class='ocrx_word' id='word_1_31' title='bbox 983 576 1222 632; x_wconf 81' lang='lat' dir='ltr'><strong>inveniri</strong></span> <span class='ocrx_word' id='word_1_32' title='bbox 1251 583 1458 646; x_wconf 87' lang='lat' dir='ltr'><strong>potest,</strong></span> <span class='ocrx_word' id='word_1_33' title='bbox 1498 583 1595 630; x_wconf 90' lang='lat' dir='ltr'><strong>aut</strong></span> <span class='ocrx_word' id='word_1_34' title='bbox 1633 567 1973 647; x_wconf 74' lang='lat' dir='ltr'><strong>elegantius,</strong></span> 
     </span>
    </p>
   </div>
   <div class='ocr_carea' id='block_1_7' title="bbox 398 669 1088 739">
    <p class='ocr_par' dir='ltr' id='par_1_7' title="bbox 398 669 1088 739">
     <span class='ocr_line' id='line_1_7' title="bbox 398 669 1088 739; baseline -0.009 -12"><span class='ocrx_word' id='word_1_35' title='bbox 398 683 492 728; x_wconf 89' lang='lat' dir='ltr'><strong>aut</strong></span> <span class='ocrx_word' id='word_1_36' title='bbox 517 672 684 738; x_wconf 88' lang='lat' dir='ltr'><strong>etiam</strong></span> <span class='ocrx_word' id='word_1_37' title='bbox 715 669 887 739; x_wconf 87' lang='lat' dir='ltr'><strong>magis</strong></span> <span class='ocrx_word' id='word_1_38' title='bbox 918 669 1088 738; x_wconf 89' lang='lat' dir='ltr'><strong>pium.</strong></span> 
     </span>
    </p>
   </div>
   <div class='ocr_carea' id='block_1_8' title="bbox 465 755 1974 819">
    <p class='ocr_par' dir='ltr' id='par_1_8' title="bbox 465 755 1974 819">
     <span class='ocr_line' id='line_1_8' title="bbox 465 755 1974 819; baseline -0.007 0"><span class='ocrx_word' id='word_1_39' title='bbox 465 765 557 819; x_wconf 82' lang='lat' dir='ltr'><strong>XI.</strong></span> <span class='ocrx_word' id='word_1_40' title='bbox 599 762 932 818; x_wconf 88' lang='lat' dir='ltr'><strong>Eorumdem</strong></span> <span class='ocrx_word' id='word_1_41' title='bbox 991 758 1293 814; x_wconf 87' lang='lat' dir='ltr'><strong>amicorum</strong></span> <span class='ocrx_word' id='word_1_42' title='bbox 1342 757 1564 812; x_wconf 85' lang='lat' dir='ltr'><strong>casibus</strong></span> <span class='ocrx_word' id='word_1_43' title='bbox 1604 755 1974 819; x_wconf 73' lang='lat' dir='ltr'><strong>adiciebatur,</strong></span> 
     </span>
    </p>
   </div>
   <div class='ocr_carea' id='block_1_9' title="bbox 397 848 1977 926">
    <p class='ocr_par' dir='ltr' id='par_1_9' title="bbox 397 848 1977 926">
     <span class='ocr_line' id='line_1_9' title="bbox 397 848 1977 926; baseline -0.006 -15"><span class='ocrx_word' id='word_1_44' title='bbox 397 856 626 926; x_wconf 84' lang='lat' dir='ltr'><strong>perinde</strong></span> <span class='ocrx_word' id='word_1_45' title='bbox 649 869 712 908; x_wconf 88' lang='lat' dir='ltr'><strong>ac</strong></span> <span class='ocrx_word' id='word_1_46' title='bbox 735 851 869 916; x_wconf 88' lang='lat' dir='ltr'><strong>suis,</strong></span> <span class='ocrx_word' id='word_1_47' title='bbox 901 850 1050 921; x_wconf 92' lang='lat' dir='ltr'><strong>quod</strong></span> <span class='ocrx_word' id='word_1_48' title='bbox 1073 850 1315 905; x_wconf 87' lang='lat' dir='ltr'><strong>hominis</strong></span> <span class='ocrx_word' id='word_1_49' title='bbox 1335 849 1534 904; x_wconf 81' lang='lat' dir='ltr'><strong>eximie</strong></span> <span class='ocrx_word' id='word_1_50' title='bbox 1568 848 1794 919; x_wconf 83' lang='lat' dir='ltr'><strong>benigni</strong></span> <span class='ocrx_word' id='word_1_51' title='bbox 1819 866 1833 902; x_wconf 91' lang='lat'>:</span> <span class='ocrx_word' id='word_1_52' title='bbox 1859 848 1977 903; x_wconf 67' lang='lat' dir='ltr'><strong>haec</strong></span> 
     </span>
    </p>
   </div>
   <div class='ocr_carea' id='block_1_10' title="bbox 398 939 1980 1010">
    <p class='ocr_par' dir='ltr' id='par_1_10' title="bbox 398 939 1980 1010">
     <span class='ocr_line' id='line_1_10' title="bbox 398 939 1980 1010; baseline -0.004 -8"><span class='ocrx_word' id='word_1_53' title='bbox 398 963 563 1002; x_wconf 87' lang='lat' dir='ltr'><strong>causa</strong></span> <span class='ocrx_word' id='word_1_54' title='bbox 606 945 727 1008; x_wconf 90' lang='lat' dir='ltr'><strong>fuit,</strong></span> <span class='ocrx_word' id='word_1_55' title='bbox 752 960 852 999; x_wconf 92' lang='lat' dir='ltr'><strong>cur</strong></span> <span class='ocrx_word' id='word_1_56' title='bbox 878 942 1278 999; x_wconf 82' lang='lat' dir='ltr'><strong>consolatorias</strong></span> <span class='ocrx_word' id='word_1_57' title='bbox 1310 941 1525 996; x_wconf 85' lang='lat' dir='ltr'><strong>litteras</strong></span> <span class='ocrx_word' id='word_1_58' title='bbox 1559 939 1820 1010; x_wconf 84' lang='lat' dir='ltr'><strong>frequens</strong></span> <span class='ocrx_word' id='word_1_59' title='bbox 1844 940 1980 995; x_wconf 86' lang='lat' dir='ltr'><strong>scri-</strong></span> 
     </span>
    </p>
   </div>
   <div class='ocr_carea' id='block_1_11' title="bbox 399 1032 1978 1106">
    <p class='ocr_par' dir='ltr' id='par_1_11' title="bbox 399 1032 1978 1106">
     <span class='ocr_line' id='line_1_11' title="bbox 399 1032 1978 1106; baseline -0.003 -14"><span class='ocrx_word' id='word_1_60' title='bbox 399 1039 575 1098; x_wconf 84' lang='lat' dir='ltr'><strong>beret,</strong></span> <span class='ocrx_word' id='word_1_61' title='bbox 598 1036 860 1106; x_wconf 89' lang='lat' dir='ltr'><strong>episc0po</strong></span> <span class='ocrx_word' id='word_1_62' title='bbox 880 1034 1106 1104; x_wconf 90' lang='lat' dir='ltr'><strong>quidem</strong></span> <span class='ocrx_word' id='word_1_63' title='bbox 1138 1032 1355 1103; x_wconf 87' lang='lat' dir='ltr'><strong>dignas,</strong></span> <span class='ocrx_word' id='word_1_64' title='bbox 1405 1032 1501 1088; x_wconf 90' lang='lat' dir='ltr'><strong>sed</strong></span> <span class='ocrx_word' id='word_1_65' title='bbox 1533 1032 1761 1087; x_wconf 83' lang='lat' dir='ltr'><strong>humani</strong></span> <span class='ocrx_word' id='word_1_66' title='bbox 1795 1041 1978 1087; x_wconf 87' lang='lat' dir='ltr'><strong>tamen</strong></span> 
     </span>
    </p>
   </div>
   <div class='ocr_carea' id='block_1_12' title="bbox 399 1120 1976 1188">
    <p class='ocr_par' dir='ltr' id='par_1_12' title="bbox 399 1120 1976 1188">
     <span class='ocr_line' id='line_1_12' title="bbox 399 1120 1976 1188; baseline -0.003 -9"><span class='ocrx_word' id='word_1_67' title='bbox 399 1141 595 1181; x_wconf 80' lang='lat' dir='ltr'><strong>sensus</strong></span> <span class='ocrx_word' id='word_1_68' title='bbox 631 1139 741 1179; x_wconf 87' lang='lat' dir='ltr'><strong>non</strong></span> <span class='ocrx_word' id='word_1_69' title='bbox 770 1123 982 1178; x_wconf 89' lang='lat' dir='ltr'><strong>inanes.</strong></span> <span class='ocrx_word' id='word_1_70' title='bbox 1015 1121 1159 1188; x_wconf 85' lang='lat' dir='ltr'><strong>Quid</strong></span> <span class='ocrx_word' id='word_1_71' title='bbox 1193 1122 1493 1176; x_wconf 85' lang='lat' dir='ltr'><strong>humanius</strong></span> <span class='ocrx_word' id='word_1_72' title='bbox 1525 1122 1612 1176; x_wconf 88' lang='lat' dir='ltr'><strong>his</strong></span> <span class='ocrx_word' id='word_1_73' title='bbox 1649 1120 1717 1174; x_wconf 91' lang='lat' dir='ltr'><strong>ad</strong></span> <span class='ocrx_word' id='word_1_74' title='bbox 1741 1121 1976 1175; x_wconf 75' lang='lat' dir='ltr'><strong>Alexan-</strong></span> 
     </span>
    </p>
   </div>
   <div class='ocr_carea' id='block_1_13' title="bbox 397 1213 1978 1281">
    <p class='ocr_par' dir='ltr' id='par_1_13' title="bbox 397 1213 1978 1281">
     <span class='ocr_line' id='line_1_13' title="bbox 397 1213 1978 1281; baseline -0.003 -11"><span class='ocrx_word' id='word_1_75' title='bbox 397 1218 554 1271; x_wconf 89' lang='lat' dir='ltr'><strong>dram</strong></span> <span class='ocrx_word' id='word_1_76' title='bbox 567 1215 964 1270; x_wconf 85' lang='lat' dir='ltr'><strong>nobilissimam</strong></span> <span class='ocrx_word' id='word_1_77' title='bbox 981 1215 1239 1269; x_wconf 80' lang='lat' dir='ltr'><strong>feminam</strong></span> <span class='ocrx_word' id='word_1_78' title='bbox 1256 1214 1442 1268; x_wconf 81' lang='lat' dir='ltr'><strong>verbis</strong></span> <span class='ocrx_word' id='word_1_79' title='bbox 1454 1213 1534 1266; x_wconf 70' lang='grc' dir='ltr'><strong>ὀἳ</strong></span> <span class='ocrx_word' id='word_1_80' title='bbox 1560 1232 1578 1264; x_wconf 75' lang='grc' dir='ltr'><strong><em>ι</em></strong></span> <span class='ocrx_word' id='word_1_81' title='bbox 1607 1213 1664 1267; x_wconf 93' lang='lat' dir='ltr'><strong>Si</strong></span> <span class='ocrx_word' id='word_1_82' title='bbox 1677 1227 1856 1276; x_wconf 87' lang='lat' dir='ltr'><strong>casus,</strong></span> <span class='ocrx_word' id='word_1_83' title='bbox 1882 1213 1978 1281; x_wconf 91' lang='lat' dir='ltr'><strong>qui</strong></span> 
     </span>
    </p>
   </div>
   <div class='ocr_carea' id='block_1_14' title="bbox 401 1304 1979 1372">
    <p class='ocr_par' dir='ltr' id='par_1_14' title="bbox 401 1304 1979 1372">
     <span class='ocr_line' id='line_1_14' title="bbox 401 1304 1979 1372; baseline -0.004 -9"><span class='ocrx_word' id='word_1_84' title='bbox 401 1307 501 1362; x_wconf 89' lang='lat' dir='ltr'><strong>tibi</strong></span> <span class='ocrx_word' id='word_1_85' title='bbox 536 1307 758 1372; x_wconf 90' lang='lat' dir='ltr'><strong>accidit,</strong></span> <span class='ocrx_word' id='word_1_86' title='bbox 794 1307 964 1361; x_wconf 91' lang='lat' dir='ltr'><strong>solam</strong></span> <span class='ocrx_word' id='word_1_87' title='bbox 994 1312 1249 1360; x_wconf 88' lang='lat' dir='ltr'><strong>naturam</strong></span> <span class='ocrx_word' id='word_1_88' title='bbox 1288 1304 1698 1359; x_wconf 90' lang='lat' dir='ltr'><strong>considerarem</strong></span> <span class='ocrx_word' id='word_1_89' title='bbox 1719 1341 1733 1366; x_wconf 89' lang='lat'><strong>,</strong></span> <span class='ocrx_word' id='word_1_90' title='bbox 1760 1317 1979 1372; x_wconf 81' lang='lat' dir='ltr'><strong>egerem</strong></span> 
     </span>
    </p>
   </div>
   <div class='ocr_carea' id='block_1_15' title="bbox 398 1393 1979 1469">
    <p class='ocr_par' dir='ltr' id='par_1_15' title="bbox 398 1393 1979 1469">
     <span class='ocr_line' id='line_1_15' title="bbox 398 1393 1979 1469; baseline -0.001 -17"><span class='ocrx_word' id='word_1_91' title='bbox 398 1406 457 1453; x_wconf 88' lang='lat' dir='ltr'><strong>et</strong></span> <span class='ocrx_word' id='word_1_92' title='bbox 499 1413 602 1469; x_wconf 91' lang='lat' dir='ltr'><strong>ego</strong></span> <span class='ocrx_word' id='word_1_93' title='bbox 641 1397 758 1468; x_wconf 88' lang='lat' dir='ltr'><strong>ipse</strong></span> <span class='ocrx_word' id='word_1_94' title='bbox 791 1396 1261 1460; x_wconf 89' lang='lat' dir='ltr'><strong>consolatoribus,</strong></span> <span class='ocrx_word' id='word_1_95' title='bbox 1301 1410 1414 1450; x_wconf 88' lang='lat' dir='ltr'><strong>non</strong></span> <span class='ocrx_word' id='word_1_96' title='bbox 1459 1394 1636 1449; x_wconf 89' lang='lat' dir='ltr'><strong>solum</strong></span> <span class='ocrx_word' id='word_1_97' title='bbox 1667 1393 1816 1464; x_wconf 91' lang='lat' dir='ltr'><strong>quod</strong></span> <span class='ocrx_word' id='word_1_98' title='bbox 1857 1410 1979 1450; x_wconf 89' lang='lat' dir='ltr'><strong>mea</strong></span> 
     </span>
    </p>
   </div>
   <div class='ocr_carea' id='block_1_16' title="bbox 399 1484 1979 1559">
    <p class='ocr_par' dir='ltr' id='par_1_16' title="bbox 399 1484 1979 1559">
     <span class='ocr_line' id='line_1_16' title="bbox 399 1484 1979 1559; baseline -0.003 -14"><span class='ocrx_word' id='word_1_99' title='bbox 399 1503 522 1544; x_wconf 88' lang='lat' dir='ltr'><strong>esse</strong></span> <span class='ocrx_word' id='word_1_100' title='bbox 556 1488 780 1554; x_wconf 87' lang='lat' dir='ltr'><strong>ducam,</strong></span> <span class='ocrx_word' id='word_1_101' title='bbox 823 1504 945 1559; x_wconf 72' lang='lat' dir='ltr'><strong>qua:</strong></span> <span class='ocrx_word' id='word_1_102' title='bbox 988 1496 1082 1542; x_wconf 91' lang='lat' dir='ltr'><strong>tua</strong></span> <span class='ocrx_word' id='word_1_103' title='bbox 1129 1495 1290 1550; x_wconf 89' lang='lat' dir='ltr'><strong>sunt,</strong></span> <span class='ocrx_word' id='word_1_104' title='bbox 1334 1493 1450 1539; x_wconf 93' lang='lat' dir='ltr'><strong>tum</strong></span> <span class='ocrx_word' id='word_1_105' title='bbox 1493 1484 1652 1547; x_wconf 66' lang='lat' dir='ltr'><strong>laeta,</strong></span> <span class='ocrx_word' id='word_1_106' title='bbox 1713 1493 1827 1540; x_wconf 90' lang='lat' dir='ltr'><strong>tum</strong></span> <span class='ocrx_word' id='word_1_107' title='bbox 1872 1486 1979 1540; x_wconf 91' lang='lat' dir='ltr'><strong>alia</strong></span> 
     </span>
    </p>
   </div>
   <div class='ocr_carea' id='block_1_17' title="bbox 401 1577 1979 1651">
    <p class='ocr_par' dir='ltr' id='par_1_17' title="bbox 401 1577 1979 1651">
     <span class='ocr_line' id='line_1_17' title="bbox 401 1577 1979 1651; baseline -0.003 -15"><span class='ocrx_word' id='word_1_108' title='bbox 401 1596 774 1651; x_wconf 71' lang='lat' dir='ltr'><strong>quaecunque;</strong></span> <span class='ocrx_word' id='word_1_109' title='bbox 815 1595 1009 1636; x_wconf 91' lang='lat' dir='ltr'><strong>verum</strong></span> <span class='ocrx_word' id='word_1_110' title='bbox 1040 1579 1205 1633; x_wconf 89' lang='lat' dir='ltr'><strong>etiam</strong></span> <span class='ocrx_word' id='word_1_111' title='bbox 1229 1577 1376 1648; x_wconf 90' lang='lat' dir='ltr'><strong>quod</strong></span> <span class='ocrx_word' id='word_1_112' title='bbox 1400 1577 1784 1632; x_wconf 89' lang='lat' dir='ltr'><strong>admirandum</strong></span> <span class='ocrx_word' id='word_1_113' title='bbox 1824 1578 1979 1632; x_wconf 91' lang='lat' dir='ltr'><strong>illum</strong></span> 
     </span>
    </p>
   </div>
   <div class='ocr_carea' id='block_1_18' title="bbox 401 1669 1972 1744">
    <p class='ocr_par' dir='ltr' id='par_1_18' title="bbox 401 1669 1972 1744">
     <span class='ocr_line' id='line_1_18' title="bbox 401 1669 1972 1744; baseline -0.003 -17"><span class='ocrx_word' id='word_1_114' title='bbox 401 1689 467 1729; x_wconf 84' lang='lat' dir='ltr'><strong>ac</strong></span> <span class='ocrx_word' id='word_1_115' title='bbox 505 1675 630 1744; x_wconf 85' lang='lat' dir='ltr'><strong>jure</strong></span> <span class='ocrx_word' id='word_1_116' title='bbox 669 1672 1001 1728; x_wconf 86' lang='lat' dir='ltr'><strong>laudandum</strong></span> <span class='ocrx_word' id='word_1_117' title='bbox 1042 1671 1224 1724; x_wconf 91' lang='lat' dir='ltr'><strong>virum</strong></span> <span class='ocrx_word' id='word_1_118' title='bbox 1270 1670 1435 1725; x_wconf 88' lang='lat' dir='ltr'><strong>unice</strong></span> <span class='ocrx_word' id='word_1_119' title='bbox 1475 1669 1784 1732; x_wconf 80' lang='lat' dir='ltr'><strong>dilexerim,</strong></span> <span class='ocrx_word' id='word_1_120' title='bbox 1811 1677 1919 1724; x_wconf 88' lang='lat' dir='ltr'><strong>etc.</strong></span> <span class='ocrx_word' id='word_1_121' title='bbox 1954 1689 1972 1721; x_wconf 72' lang='grc' dir='ltr'><strong><em>ι</em></strong></span> 
     </span>
    </p>
   </div>
   <div class='ocr_carea' id='block_1_19' title="bbox 2081 483 3123 554">
    <p class='ocr_par' dir='ltr' id='par_1_19' title="bbox 2081 483 3123 554">
     <span class='ocr_line' id='line_1_19' title="bbox 2081 483 3123 554; baseline -0.002 -14"><span class='ocrx_word' id='word_1_122' title='bbox 2081 485 2206 550; x_wconf 90' lang='lat' dir='ltr'><strong>bus,</strong></span> <span class='ocrx_word' id='word_1_123' title='bbox 2233 485 2453 540; x_wconf 92' lang='lat' dir='ltr'><strong>duobus</strong></span> <span class='ocrx_word' id='word_1_124' title='bbox 2478 483 2880 554; x_wconf 75' lang='lat' dir='ltr'><strong>Apollinarium</strong></span> <span class='ocrx_word' id='word_1_125' title='bbox 2904 483 3123 540; x_wconf 82' lang='lat' dir='ltr'><strong>refellit.</strong></span> 
     </span>
    </p>
   </div>
   <div class='ocr_carea' id='block_1_20' title="bbox 2141 574 3656 646">
    <p class='ocr_par' dir='ltr' id='par_1_20' title="bbox 2141 574 3656 646">
     <span class='ocr_line' id='line_1_20' title="bbox 2141 574 3656 646; baseline 0.002 -14"><span class='ocrx_word' id='word_1_126' title='bbox 2141 575 2375 646; x_wconf 87' lang='lat' dir='ltr'><strong>Scripsit</strong></span> <span class='ocrx_word' id='word_1_127' title='bbox 2397 575 2565 631; x_wconf 89' lang='lat' dir='ltr'><strong>etiam</strong></span> <span class='ocrx_word' id='word_1_128' title='bbox 2596 574 3022 630; x_wconf 86' lang='lat' dir='ltr'><strong>commentarios</strong></span> <span class='ocrx_word' id='word_1_129' title='bbox 3065 576 3124 632; x_wconf 92' lang='lat' dir='ltr'><strong>in</strong></span> <span class='ocrx_word' id='word_1_130' title='bbox 3154 576 3381 634; x_wconf 87' lang='lat' dir='ltr'><strong>Cantica</strong></span> <span class='ocrx_word' id='word_1_131' title='bbox 3411 579 3656 636; x_wconf 81' lang='lat' dir='ltr'><strong>cantico-</strong></span> 
     </span>
    </p>
   </div>
   <div class='ocr_carea' id='block_1_21' title="bbox 2086 665 3655 737">
    <p class='ocr_par' dir='ltr' id='par_1_21' title="bbox 2086 665 3655 737">
     <span class='ocr_line' id='line_1_21' title="bbox 2086 665 3655 737; baseline 0.002 -14"><span class='ocrx_word' id='word_1_132' title='bbox 2086 684 2232 734; x_wconf 88' lang='lat' dir='ltr'><strong>rum,</strong></span> <span class='ocrx_word' id='word_1_133' title='bbox 2263 683 2375 723; x_wconf 93' lang='lat' dir='ltr'><strong>non</strong></span> <span class='ocrx_word' id='word_1_134' title='bbox 2407 666 2503 737; x_wconf 88' lang='lat' dir='ltr'><strong>qui</strong></span> <span class='ocrx_word' id='word_1_135' title='bbox 2542 665 2820 721; x_wconf 89' lang='lat' dir='ltr'><strong>habentur</strong></span> <span class='ocrx_word' id='word_1_136' title='bbox 2853 665 2911 720; x_wconf 92' lang='lat' dir='ltr'><strong>in</strong></span> <span class='ocrx_word' id='word_1_137' title='bbox 2936 666 3095 722; x_wconf 84' lang='lat' dir='ltr'><strong>libris</strong></span> <span class='ocrx_word' id='word_1_138' title='bbox 3114 668 3279 724; x_wconf 86' lang='lat' dir='ltr'><strong>editis</strong></span> <span class='ocrx_word' id='word_1_139' title='bbox 3305 686 3318 722; x_wconf 92' lang='lat'><strong>:</strong></span> <span class='ocrx_word' id='word_1_140' title='bbox 3350 678 3480 726; x_wconf 88' lang='lat' dir='ltr'><strong>sunt</strong></span> <span class='ocrx_word' id='word_1_141' title='bbox 3508 672 3655 726; x_wconf 82' lang='lat' dir='ltr'><strong>enim</strong></span> 
     </span>
    </p>
   </div>
   <div class='ocr_carea' id='block_1_22' title="bbox 2079 753 3658 829">
    <p class='ocr_par' dir='ltr' id='par_1_22' title="bbox 2079 753 3658 829">
     <span class='ocr_line' id='line_1_22' title="bbox 2079 753 3658 829; baseline 0.001 -15"><span class='ocrx_word' id='word_1_142' title='bbox 2079 757 2352 829; x_wconf 87' lang='lat' dir='ltr'><strong>suppositi</strong></span> <span class='ocrx_word' id='word_1_143' title='bbox 2397 757 2441 788; x_wconf 78' lang='grc'><strong>³¹</strong></span> <span class='ocrx_word' id='word_1_144' title='bbox 2484 775 2497 810; x_wconf 90' lang='lat'>:</span> <span class='ocrx_word' id='word_1_145' title='bbox 2543 755 2638 812; x_wconf 92' lang='lat' dir='ltr'><strong>sed</strong></span> <span class='ocrx_word' id='word_1_146' title='bbox 2675 753 2802 821; x_wconf 90' lang='lat' dir='ltr'><strong>alii,</strong></span> <span class='ocrx_word' id='word_1_147' title='bbox 2835 771 2976 826; x_wconf 90' lang='lat' dir='ltr'><strong>quos</strong></span> <span class='ocrx_word' id='word_1_148' title='bbox 3013 756 3291 812; x_wconf 87' lang='lat' dir='ltr'><strong>interiisse</strong></span> <span class='ocrx_word' id='word_1_149' title='bbox 3332 757 3388 812; x_wconf 91' lang='lat' dir='ltr'><strong>in</strong></span> <span class='ocrx_word' id='word_1_150' title='bbox 3424 774 3658 816; x_wconf 83' lang='lat' dir='ltr'><strong>censura</strong></span> 
     </span>
    </p>
   </div>
   <div class='ocr_carea' id='block_1_23' title="bbox 2073 846 3658 920">
    <p class='ocr_par' dir='ltr' id='par_1_23' title="bbox 2073 846 3658 920">
     <span class='ocr_line' id='line_1_23' title="bbox 2073 846 3658 920; baseline 0.001 -15"><span class='ocrx_word' id='word_1_151' title='bbox 2073 850 2455 906; x_wconf 87' lang='lat' dir='ltr'><strong>ostendemus.</strong></span> <span class='ocrx_word' id='word_1_152' title='bbox 2501 847 2738 919; x_wconf 87' lang='lat' dir='ltr'><strong>Scripsit</strong></span> <span class='ocrx_word' id='word_1_153' title='bbox 2779 848 2988 919; x_wconf 85' lang='lat' dir='ltr'><strong>pariter</strong></span> <span class='ocrx_word' id='word_1_154' title='bbox 3044 846 3100 902; x_wconf 90' lang='lat' dir='ltr'><strong>in</strong></span> <span class='ocrx_word' id='word_1_155' title='bbox 3155 847 3436 905; x_wconf 87' lang='lat' dir='ltr'><strong>Danielem</strong></span> <span class='ocrx_word' id='word_1_156' title='bbox 3493 860 3658 920; x_wconf 87' lang='lat' dir='ltr'><strong>atque</strong></span> 
     </span>
    </p>
   </div>
   <div class='ocr_carea' id='block_1_24' title="bbox 2076 933 3656 1010">
    <p class='ocr_par' dir='ltr' id='par_1_24' title="bbox 2076 933 3656 1010">
     <span class='ocr_line' id='line_1_24' title="bbox 2076 933 3656 1010; baseline 0.002 -19"><span class='ocrx_word' id='word_1_157' title='bbox 2076 936 2214 992; x_wconf 86' lang='lat' dir='ltr'><strong>alios</strong></span> <span class='ocrx_word' id='word_1_158' title='bbox 2237 937 2556 1008; x_wconf 85' lang='lat' dir='ltr'><strong>prephetas,</strong></span> <span class='ocrx_word' id='word_1_159' title='bbox 2585 935 2704 992; x_wconf 85' lang='lat' dir='ltr'><strong>sive</strong></span> <span class='ocrx_word' id='word_1_160' title='bbox 2729 935 2828 1008; x_wconf 85' lang='lat' dir='ltr'><strong>qui</strong></span> <span class='ocrx_word' id='word_1_161' title='bbox 2847 933 3084 1005; x_wconf 79' lang='lat' dir='ltr'><strong>majores</strong></span> <span class='ocrx_word' id='word_1_162' title='bbox 3113 935 3394 1003; x_wconf 89' lang='lat' dir='ltr'><strong>dicuntur,</strong></span> <span class='ocrx_word' id='word_1_163' title='bbox 3412 937 3528 994; x_wconf 89' lang='lat' dir='ltr'><strong>sive</strong></span> <span class='ocrx_word' id='word_1_164' title='bbox 3559 941 3656 1010; x_wconf 90' lang='lat' dir='ltr'><strong>qui</strong></span> 
     </span>
    </p>
   </div>
   <div class='ocr_carea' id='block_1_25' title="bbox 2075 1028 2341 1085">
    <p class='ocr_par' dir='ltr' id='par_1_25' title="bbox 2075 1028 2341 1085">
     <span class='ocr_line' id='line_1_25' title="bbox 2075 1028 2341 1085; baseline 0.004 -3"><span class='ocrx_word' id='word_1_165' title='bbox 2075 1028 2341 1085; x_wconf 88' lang='lat' dir='ltr'><strong>minores.</strong></span> 
     </span>
    </p>
   </div>
   <div class='ocr_carea' id='block_1_26' title="bbox 2147 1119 3657 1192">
    <p class='ocr_par' dir='ltr' id='par_1_26' title="bbox 2147 1119 3657 1192">
     <span class='ocr_line' id='line_1_26' title="bbox 2147 1119 3657 1192; baseline 0 -16"><span class='ocrx_word' id='word_1_166' title='bbox 2147 1121 2324 1191; x_wconf 82' lang='lat' dir='ltr'><strong>Atque</strong></span> <span class='ocrx_word' id='word_1_167' title='bbox 2376 1121 2511 1176; x_wconf 87' lang='lat' dir='ltr'><strong>illud</strong></span> <span class='ocrx_word' id='word_1_168' title='bbox 2561 1120 2667 1177; x_wconf 90' lang='lat' dir='ltr'><strong>fuit</strong></span> <span class='ocrx_word' id='word_1_169' title='bbox 2712 1119 3031 1177; x_wconf 87' lang='lat' dir='ltr'><strong>tirocinium</strong></span> <span class='ocrx_word' id='word_1_170' title='bbox 3074 1120 3341 1186; x_wconf 86' lang='lat' dir='ltr'><strong>auctoris,</strong></span> <span class='ocrx_word' id='word_1_171' title='bbox 3365 1136 3478 1192; x_wconf 92' lang='lat' dir='ltr'><strong>quo</strong></span> <span class='ocrx_word' id='word_1_172' title='bbox 3495 1137 3657 1178; x_wconf 90' lang='lat' dir='ltr'><strong>nemo</strong></span> 
     </span>
    </p>
   </div>
   <div class='ocr_carea' id='block_1_27' title="bbox 2076 1209 3659 1281">
    <p class='ocr_par' dir='ltr' id='par_1_27' title="bbox 2076 1209 3659 1281">
     <span class='ocr_line' id='line_1_27' title="bbox 2076 1209 3659 1281; baseline 0.001 -16"><span class='ocrx_word' id='word_1_173' title='bbox 2076 1211 2236 1281; x_wconf 89' lang='lat' dir='ltr'><strong>plura</strong></span> <span class='ocrx_word' id='word_1_174' title='bbox 2287 1209 2558 1266; x_wconf 89' lang='lat' dir='ltr'><strong>dicendus</strong></span> <span class='ocrx_word' id='word_1_175' title='bbox 2604 1219 2689 1265; x_wconf 92' lang='lat' dir='ltr'><strong>est</strong></span> <span class='ocrx_word' id='word_1_176' title='bbox 2733 1209 2974 1266; x_wconf 87' lang='lat' dir='ltr'><strong>edidisse</strong></span> <span class='ocrx_word' id='word_1_177' title='bbox 3003 1210 3148 1265; x_wconf 89' lang='lat' dir='ltr'><strong>inter</strong></span> <span class='ocrx_word' id='word_1_178' title='bbox 3185 1209 3426 1270; x_wconf 65' lang='lat' dir='ltr'><strong>Gracos.</strong></span> <span class='ocrx_word' id='word_1_179' title='bbox 3460 1218 3659 1280; x_wconf 60' lang='lat' dir='ltr'><strong>praeter</strong></span> 
     </span>
    </p>
   </div>
   <div class='ocr_carea' id='block_1_28' title="bbox 2075 1301 3655 1374">
    <p class='ocr_par' dir='ltr' id='par_1_28' title="bbox 2075 1301 3655 1374">
     <span class='ocr_line' id='line_1_28' title="bbox 2075 1301 3655 1374; baseline 0.001 -17"><span class='ocrx_word' id='word_1_180' title='bbox 2075 1301 2534 1374; x_wconf 83' lang='lat' dir='ltr'><strong>Chrysostomum</strong></span> <span class='ocrx_word' id='word_1_181' title='bbox 2571 1310 2631 1356; x_wconf 89' lang='lat' dir='ltr'><strong>et</strong></span> <span class='ocrx_word' id='word_1_182' title='bbox 2659 1301 2947 1372; x_wconf 84' lang='lat' dir='ltr'><strong>Cyrillum,</strong></span> <span class='ocrx_word' id='word_1_183' title='bbox 2999 1301 3047 1356; x_wconf 92' lang='lat' dir='ltr'><strong>si</strong></span> <span class='ocrx_word' id='word_1_184' title='bbox 3084 1301 3250 1357; x_wconf 90' lang='lat' dir='ltr'><strong>modo</strong></span> <span class='ocrx_word' id='word_1_185' title='bbox 3277 1301 3548 1372; x_wconf 85' lang='lat' dir='ltr'><strong>judicium</strong></span> <span class='ocrx_word' id='word_1_186' title='bbox 3571 1301 3655 1358; x_wconf 88' lang='lat' dir='ltr'><strong>fe-</strong></span> 
     </span>
    </p>
   </div>
   <div class='ocr_carea' id='block_1_29' title="bbox 2077 1391 3653 1464">
    <p class='ocr_par' dir='ltr' id='par_1_29' title="bbox 2077 1391 3653 1464">
     <span class='ocr_line' id='line_1_29' title="bbox 2077 1391 3653 1464; baseline -0.001 -16"><span class='ocrx_word' id='word_1_187' title='bbox 2077 1391 2312 1449; x_wconf 88' lang='lat' dir='ltr'><strong>rendum</strong></span> <span class='ocrx_word' id='word_1_188' title='bbox 2345 1393 2422 1448; x_wconf 85' lang='lat' dir='ltr'><strong>sit</strong></span> <span class='ocrx_word' id='word_1_189' title='bbox 2449 1407 2521 1448; x_wconf 84' lang='lat' dir='ltr'><strong>ex</strong></span> <span class='ocrx_word' id='word_1_190' title='bbox 2554 1392 2838 1463; x_wconf 86' lang='lat' dir='ltr'><strong>operibus,</strong></span> <span class='ocrx_word' id='word_1_191' title='bbox 2876 1408 2999 1463; x_wconf 67' lang='lat' dir='ltr'><strong>qua:</strong></span> <span class='ocrx_word' id='word_1_192' title='bbox 3031 1392 3102 1448; x_wconf 88' lang='lat' dir='ltr'><strong>ad</strong></span> <span class='ocrx_word' id='word_1_193' title='bbox 3131 1407 3234 1448; x_wconf 89' lang='lat' dir='ltr'><strong>nos</strong></span> <span class='ocrx_word' id='word_1_194' title='bbox 3261 1403 3653 1464; x_wconf 82' lang='lat' dir='ltr'><strong>pervenerunt.</strong></span> 
     </span>
    </p>
   </div>
   <div class='ocr_carea' id='block_1_30' title="bbox 2147 1483 3660 1555">
    <p class='ocr_par' dir='ltr' id='par_1_30' title="bbox 2147 1483 3660 1555">
     <span class='ocr_line' id='line_1_30' title="bbox 2147 1483 3660 1555; baseline -0.001 -15"><span class='ocrx_word' id='word_1_195' title='bbox 2147 1484 2357 1540; x_wconf 79' lang='lat' dir='ltr'><strong>Verum</strong></span> <span class='ocrx_word' id='word_1_196' title='bbox 2396 1484 2805 1540; x_wconf 86' lang='lat' dir='ltr'><strong>laudatissimus</strong></span> <span class='ocrx_word' id='word_1_197' title='bbox 2853 1483 2945 1540; x_wconf 92' lang='lat' dir='ltr'><strong>ille</strong></span> <span class='ocrx_word' id='word_1_198' title='bbox 2995 1491 3162 1555; x_wconf 87' lang='lat' dir='ltr'><strong>atque</strong></span> <span class='ocrx_word' id='word_1_199' title='bbox 3207 1483 3534 1539; x_wconf 88' lang='lat' dir='ltr'><strong>utilissimus</strong></span> <span class='ocrx_word' id='word_1_200' title='bbox 3561 1484 3660 1539; x_wconf 81' lang='lat' dir='ltr'><strong>ad-</strong></span> 
     </span>
    </p>
   </div>
   <div class='ocr_carea' id='block_1_31' title="bbox 2077 1575 3660 1646">
    <p class='ocr_par' dir='ltr' id='par_1_31' title="bbox 2077 1575 3660 1646">
     <span class='ocr_line' id='line_1_31' title="bbox 2077 1575 3660 1646; baseline -0.001 -15"><span class='ocrx_word' id='word_1_201' title='bbox 2077 1591 2273 1631; x_wconf 90' lang='lat' dir='ltr'><strong>versus</strong></span> <span class='ocrx_word' id='word_1_202' title='bbox 2309 1576 2606 1631; x_wconf 73' lang='lat' dir='ltr'><strong>haereticos</strong></span> <span class='ocrx_word' id='word_1_203' title='bbox 2660 1575 2895 1632; x_wconf 83' lang='lat' dir='ltr'><strong>Arianos</strong></span> <span class='ocrx_word' id='word_1_204' title='bbox 2933 1585 2995 1632; x_wconf 87' lang='lat' dir='ltr'><strong>et</strong></span> <span class='ocrx_word' id='word_1_205' title='bbox 3035 1575 3452 1646; x_wconf 85' lang='lat' dir='ltr'><strong>Apollinaristas</strong></span> <span class='ocrx_word' id='word_1_206' title='bbox 3500 1575 3660 1631; x_wconf 82' lang='lat' dir='ltr'><strong>labor</strong></span> 
     </span>
    </p>
   </div>
   <div class='ocr_carea' id='block_1_32' title="bbox 2079 1665 3658 1738">
    <p class='ocr_par' dir='ltr' id='par_1_32' title="bbox 2079 1665 3658 1738">
     <span class='ocr_line' id='line_1_32' title="bbox 2079 1665 3658 1738; baseline -0.001 -16"><span class='ocrx_word' id='word_1_207' title='bbox 2079 1667 2272 1723; x_wconf 90' lang='lat' dir='ltr'><strong>nocuit</strong></span> <span class='ocrx_word' id='word_1_208' title='bbox 2308 1669 2521 1724; x_wconf 87' lang='lat' dir='ltr'><strong>auctori</strong></span> <span class='ocrx_word' id='word_1_209' title='bbox 2542 1708 2557 1733; x_wconf 88' lang='lat'><strong>,</strong></span> <span class='ocrx_word' id='word_1_210' title='bbox 2607 1668 2818 1738; x_wconf 87' lang='lat' dir='ltr'><strong>totique</strong></span> <span class='ocrx_word' id='word_1_211' title='bbox 2845 1667 3125 1732; x_wconf 61' lang='lat' dir='ltr'><strong>Ecclesia,</strong></span> <span class='ocrx_word' id='word_1_212' title='bbox 3148 1681 3260 1722; x_wconf 88' lang='lat' dir='ltr'><strong>non</strong></span> <span class='ocrx_word' id='word_1_213' title='bbox 3283 1681 3383 1737; x_wconf 83' lang='lat' dir='ltr'><strong>per</strong></span> <span class='ocrx_word' id='word_1_214' title='bbox 3406 1681 3488 1732; x_wconf 90' lang='lat' dir='ltr'><strong>se,</strong></span> <span class='ocrx_word' id='word_1_215' title='bbox 3521 1665 3658 1736; x_wconf 88' lang='lat' dir='ltr'><strong>quid</strong></span> 
     </span>
    </p>
   </div>
   <div class='ocr_carea' id='block_1_33' title="bbox 473 1758 3656 1832">
    <p class='ocr_par' dir='ltr' id='par_1_33' title="bbox 473 1758 3656 1832">
     <span class='ocr_line' id='line_1_33' title="bbox 473 1758 3656 1832; baseline -0.001 -16"><span class='ocrx_word' id='word_1_216' title='bbox 473 1761 590 1816; x_wconf 84' lang='lat' dir='ltr'><strong>XII.</strong></span> <span class='ocrx_word' id='word_1_217' title='bbox 633 1761 771 1817; x_wconf 88' lang='lat' dir='ltr'><strong>Cum</strong></span> <span class='ocrx_word' id='word_1_218' title='bbox 815 1760 1014 1816; x_wconf 84' lang='lat' dir='ltr'><strong>vicinis</strong></span> <span class='ocrx_word' id='word_1_219' title='bbox 1037 1761 1296 1816; x_wconf 89' lang='lat' dir='ltr'><strong>omnibus</strong></span> <span class='ocrx_word' id='word_1_220' title='bbox 1340 1761 1614 1832; x_wconf 88' lang='lat' dir='ltr'><strong>episcopis</strong></span> <span class='ocrx_word' id='word_1_221' title='bbox 1651 1777 1762 1816; x_wconf 89' lang='lat' dir='ltr'><strong>non</strong></span> <span class='ocrx_word' id='word_1_222' title='bbox 1786 1761 1980 1816; x_wconf 89' lang='lat' dir='ltr'><strong>huma—</strong></span> <span class='ocrx_word' id='word_1_223' title='bbox 2012 1772 2051 1826; x_wconf 80' lang='grc' dir='ltr'><strong>Β</strong></span> <span class='ocrx_word' id='word_1_224' title='bbox 2079 1760 2226 1816; x_wconf 91' lang='lat' dir='ltr'><strong>enim</strong></span> <span class='ocrx_word' id='word_1_225' title='bbox 2281 1760 2632 1816; x_wconf 81' lang='lat' dir='ltr'><strong>consultius?</strong></span> <span class='ocrx_word' id='word_1_226' title='bbox 2687 1759 2783 1815; x_wconf 88' lang='lat' dir='ltr'><strong>sed</strong></span> <span class='ocrx_word' id='word_1_227' title='bbox 2821 1759 3027 1816; x_wconf 75' lang='lat' dir='ltr'><strong>infelici</strong></span> <span class='ocrx_word' id='word_1_228' title='bbox 3067 1758 3304 1830; x_wconf 85' lang='lat' dir='ltr'><strong>quadam</strong></span> <span class='ocrx_word' id='word_1_229' title='bbox 3345 1759 3656 1815; x_wconf 81' lang='lat' dir='ltr'><strong>occasione.</strong></span> 
     </span>
    </p>
   </div>
   <div class='ocr_carea' id='block_1_34' title="bbox 402 1849 1980 1922">
    <p class='ocr_par' dir='ltr' id='par_1_34' title="bbox 402 1849 1980 1922">
     <span class='ocr_line' id='line_1_34' title="bbox 402 1849 1980 1922; baseline -0.001 -13"><span class='ocrx_word' id='word_1_230' title='bbox 402 1870 527 1909; x_wconf 87' lang='lat' dir='ltr'><strong>nam</strong></span> <span class='ocrx_word' id='word_1_231' title='bbox 549 1853 712 1908; x_wconf 90' lang='lat' dir='ltr'><strong>modo</strong></span> <span class='ocrx_word' id='word_1_232' title='bbox 742 1852 1039 1907; x_wconf 87' lang='lat' dir='ltr'><strong>amicitiam</strong></span> <span class='ocrx_word' id='word_1_233' title='bbox 1076 1853 1266 1917; x_wconf 90' lang='lat' dir='ltr'><strong>coluit,</strong></span> <span class='ocrx_word' id='word_1_234' title='bbox 1313 1852 1408 1907; x_wconf 92' lang='lat' dir='ltr'><strong>sed</strong></span> <span class='ocrx_word' id='word_1_235' title='bbox 1444 1849 1980 1922; x_wconf 31' lang='lat' dir='ltr'><strong>Christianam‘quo-</strong></span> 
     </span>
    </p>
   </div>
   <div class='ocr_carea' id='block_1_35' title="bbox 402 1943 1979 2016">
    <p class='ocr_par' dir='ltr' id='par_1_35' title="bbox 402 1943 1979 2016">
     <span class='ocr_line' id='line_1_35' title="bbox 402 1943 1979 2016; baseline 0 -17"><span class='ocrx_word' id='word_1_236' title='bbox 402 1960 508 2013; x_wconf 88' lang='lat' dir='ltr'><strong>que</strong></span> <span class='ocrx_word' id='word_1_237' title='bbox 556 1944 900 1998; x_wconf 78' lang='lat' dir='ltr'><strong>cltaritatem.</strong></span> <span class='ocrx_word' id='word_1_238' title='bbox 950 1943 1013 1998; x_wconf 89' lang='lat' dir='ltr'><strong>In</strong></span> <span class='ocrx_word' id='word_1_239' title='bbox 1065 1943 1430 2014; x_wconf 79' lang='lat' dir='ltr'><strong>Euphratesia</strong></span> <span class='ocrx_word' id='word_1_240' title='bbox 1473 1944 1778 2014; x_wconf 77' lang='lat' dir='ltr'><strong>provincia,</strong></span> <span class='ocrx_word' id='word_1_241' title='bbox 1821 1945 1979 2016; x_wconf 85' lang='lat' dir='ltr'><strong>cujus</strong></span> 
     </span>
    </p>
   </div>
   <div class='ocr_carea' id='block_1_36' title="bbox 402 2033 1977 2107">
    <p class='ocr_par' dir='ltr' id='par_1_36' title="bbox 402 2033 1977 2107">
     <span class='ocr_line' id='line_1_36' title="bbox 402 2033 1977 2107; baseline -0.001 -15"><span class='ocrx_word' id='word_1_242' title='bbox 402 2051 530 2106; x_wconf 87' lang='lat' dir='ltr'><strong>pars</strong></span> <span class='ocrx_word' id='word_1_243' title='bbox 557 2042 642 2091; x_wconf 89' lang='lat' dir='ltr'><strong>est</strong></span> <span class='ocrx_word' id='word_1_244' title='bbox 673 2033 974 2107; x_wconf 83' lang='lat' dir='ltr'><strong>Cyrestica,</strong></span> <span class='ocrx_word' id='word_1_245' title='bbox 1012 2033 1241 2088; x_wconf 92' lang='lat' dir='ltr'><strong>fuerunt</strong></span> <span class='ocrx_word' id='word_1_246' title='bbox 1271 2050 1337 2090; x_wconf 87' lang='lat' dir='ltr'><strong>ea</strong></span> <span class='ocrx_word' id='word_1_247' title='bbox 1367 2041 1547 2099; x_wconf 70' lang='lat' dir='ltr'><strong>aetate,</strong></span> <span class='ocrx_word' id='word_1_248' title='bbox 1584 2035 1732 2104; x_wconf 91' lang='lat' dir='ltr'><strong>quod</strong></span> <span class='ocrx_word' id='word_1_249' title='bbox 1754 2035 1977 2104; x_wconf 90' lang='lat' dir='ltr'><strong>quidem</strong></span> 
     </span>
    </p>
   </div>
   <div class='ocr_carea' id='block_1_37' title="bbox 403 2124 1981 2196">
    <p class='ocr_par' dir='ltr' id='par_1_37' title="bbox 403 2124 1981 2196">
     <span class='ocr_line' id='line_1_37' title="bbox 403 2124 1981 2196; baseline 0.001 -17"><span class='ocrx_word' id='word_1_250' title='bbox 403 2126 594 2190; x_wconf 86' lang='lat' dir='ltr'><strong>sciam,</strong></span> <span class='ocrx_word' id='word_1_251' title='bbox 626 2136 826 2195; x_wconf 64' lang='lat' dir='ltr'><strong>praeter</strong></span> <span class='ocrx_word' id='word_1_252' title='bbox 858 2124 1060 2194; x_wconf 87' lang='lat' dir='ltr'><strong>Cyrum</strong></span> <span class='ocrx_word' id='word_1_253' title='bbox 1096 2124 1387 2179; x_wconf 90' lang='lat' dir='ltr'><strong>duodecim</strong></span> <span class='ocrx_word' id='word_1_254' title='bbox 1432 2126 1718 2191; x_wconf 85' lang='lat' dir='ltr'><strong>civitates;</strong></span> <span class='ocrx_word' id='word_1_255' title='bbox 1763 2126 1981 2196; x_wconf 65' lang='lat' dir='ltr'><strong>scriptas</strong></span> 
     </span>
    </p>
   </div>
   <div class='ocr_carea' id='block_1_38' title="bbox 405 2211 1978 2282">
    <p class='ocr_par' dir='ltr' id='par_1_38' title="bbox 405 2211 1978 2282">
     <span class='ocr_line' id='line_1_38' title="bbox 405 2211 1978 2282; baseline 0.002 -16"><span class='ocrx_word' id='word_1_256' title='bbox 405 2211 473 2266; x_wconf 91' lang='lat' dir='ltr'><strong>ad</strong></span> <span class='ocrx_word' id='word_1_257' title='bbox 523 2211 762 2282; x_wconf 82' lang='lat' dir='ltr'><strong>plurium</strong></span> <span class='ocrx_word' id='word_1_258' title='bbox 825 2211 1106 2267; x_wconf 87' lang='lat' dir='ltr'><strong>antistites</strong></span> <span class='ocrx_word' id='word_1_259' title='bbox 1163 2213 1408 2282; x_wconf 76' lang='lat' dir='ltr'><strong>epistolae</strong></span> <span class='ocrx_word' id='word_1_260' title='bbox 1459 2229 1608 2269; x_wconf 90' lang='lat' dir='ltr'><strong>nunc</strong></span> <span class='ocrx_word' id='word_1_261' title='bbox 1673 2214 1978 2280; x_wconf 81' lang='lat' dir='ltr'><strong>habentur,</strong></span> 
     </span>
    </p>
   </div>
   <div class='ocr_carea' id='block_1_39' title="bbox 405 2301 1975 2375">
    <p class='ocr_par' dir='ltr' id='par_1_39' title="bbox 405 2301 1975 2375">
     <span class='ocr_line' id='line_1_39' title="bbox 405 2301 1975 2375; baseline 0.003 -19"><span class='ocrx_word' id='word_1_262' title='bbox 405 2304 593 2357; x_wconf 74' lang='lat' dir='ltr'><strong>amicae</strong></span> <span class='ocrx_word' id='word_1_263' title='bbox 637 2317 828 2357; x_wconf 87' lang='lat' dir='ltr'><strong>omnes</strong></span> <span class='ocrx_word' id='word_1_264' title='bbox 861 2311 916 2357; x_wconf 91' lang='lat' dir='ltr'><strong>et</strong></span> <span class='ocrx_word' id='word_1_265' title='bbox 943 2301 1227 2359; x_wconf 89' lang='lat' dir='ltr'><strong>cbaritatis</strong></span> <span class='ocrx_word' id='word_1_266' title='bbox 1260 2318 1424 2359; x_wconf 87' lang='lat' dir='ltr'><strong>sensu</strong></span> <span class='ocrx_word' id='word_1_267' title='bbox 1460 2305 1656 2375; x_wconf 64' lang='lat' dir='ltr'><strong>plena.</strong></span> <span class='ocrx_word' id='word_1_268' title='bbox 1692 2305 1975 2361; x_wconf 85' lang='lat' dir='ltr'><strong>Habentur</strong></span> 
     </span>
    </p>
   </div>
   <div class='ocr_carea' id='block_1_40' title="bbox 406 2393 1980 2467">
    <p class='ocr_par' dir='ltr' id='par_1_40' title="bbox 406 2393 1980 2467">
     <span class='ocr_line' id='line_1_40' title="bbox 406 2393 1980 2467; baseline 0.004 -19"><span class='ocrx_word' id='word_1_269' title='bbox 406 2408 539 2448; x_wconf 85' lang='lat' dir='ltr'><strong>sane</strong></span> <span class='ocrx_word' id='word_1_270' title='bbox 577 2393 645 2448; x_wconf 88' lang='lat' dir='ltr'><strong>ad</strong></span> <span class='ocrx_word' id='word_1_271' title='bbox 675 2393 1043 2450; x_wconf 79' lang='lat' dir='ltr'><strong>Alexandrum</strong></span> <span class='ocrx_word' id='word_1_272' title='bbox 1063 2394 1531 2465; x_wconf 84' lang='lat' dir='ltr'><strong>Hierapolitanum</strong></span> <span class='ocrx_word' id='word_1_273' title='bbox 1567 2397 1877 2467; x_wconf 89' lang='lat' dir='ltr'><strong>primatem,</strong></span> <span class='ocrx_word' id='word_1_274' title='bbox 1911 2398 1980 2454; x_wconf 90' lang='lat' dir='ltr'><strong>ad</strong></span> 
     </span>
    </p>
   </div>
   <div class='ocr_carea' id='block_1_41' title="bbox 392 2485 1978 2557">
    <p class='ocr_par' dir='ltr' id='par_1_41' title="bbox 392 2485 1978 2557">
     <span class='ocr_line' id='line_1_41' title="bbox 392 2485 1978 2557; baseline 0.001 -14"><span class='ocrx_word' id='word_1_275' title='bbox 392 2486 685 2543; x_wconf 77' lang='lat' dir='ltr'><strong>Andream</strong></span> <span class='ocrx_word' id='word_1_276' title='bbox 707 2485 1146 2552; x_wconf 88' lang='lat' dir='ltr'><strong>Samosatenum,</strong></span> <span class='ocrx_word' id='word_1_277' title='bbox 1171 2486 1436 2543; x_wconf 78' lang='lat' dir='ltr'><strong>Joannem</strong></span> <span class='ocrx_word' id='word_1_278' title='bbox 1456 2486 1978 2557; x_wconf 86' lang='lat' dir='ltr'><strong>Germaniciensem,</strong></span> 
     </span>
    </p>
   </div>
   <div class='ocr_carea' id='block_1_42' title="bbox 408 2575 1982 2646">
    <p class='ocr_par' dir='ltr' id='par_1_42' title="bbox 408 2575 1982 2646">
     <span class='ocr_line' id='line_1_42' title="bbox 408 2575 1982 2646; baseline 0.004 -18"><span class='ocrx_word' id='word_1_279' title='bbox 408 2575 817 2630; x_wconf 84' lang='lat' dir='ltr'><strong>Theodoretum</strong></span> <span class='ocrx_word' id='word_1_280' title='bbox 851 2575 1686 2646; x_wconf 79' lang='lat' dir='ltr'><strong>Zeugmatensem,Sabinianum</strong></span> <span class='ocrx_word' id='word_1_281' title='bbox 1704 2579 1982 2635; x_wconf 85' lang='lat' dir='ltr'><strong>Perrbcn-</strong></span> 
     </span>
    </p>
   </div>
   <div class='ocr_carea' id='block_1_43' title="bbox 408 2663 1980 2737">
    <p class='ocr_par' dir='ltr' id='par_1_43' title="bbox 408 2663 1980 2737">
     <span class='ocr_line' id='line_1_43' title="bbox 408 2663 1980 2737; baseline 0.002 -16"><span class='ocrx_word' id='word_1_282' title='bbox 408 2682 567 2734; x_wconf 87' lang='lat' dir='ltr'><strong>sem;</strong></span> <span class='ocrx_word' id='word_1_283' title='bbox 628 2681 733 2722; x_wconf 83' lang='lat' dir='ltr'><strong>nec</strong></span> <span class='ocrx_word' id='word_1_284' title='bbox 788 2663 1016 2722; x_wconf 89' lang='lat' dir='ltr'><strong>dubium</strong></span> <span class='ocrx_word' id='word_1_285' title='bbox 1053 2667 1188 2737; x_wconf 90' lang='lat' dir='ltr'><strong>quin</strong></span> <span class='ocrx_word' id='word_1_286' title='bbox 1228 2667 1298 2722; x_wconf 89' lang='lat' dir='ltr'><strong>ad</strong></span> <span class='ocrx_word' id='word_1_287' title='bbox 1329 2666 1486 2732; x_wconf 89' lang='lat' dir='ltr'><strong>alios,</strong></span> <span class='ocrx_word' id='word_1_288' title='bbox 1523 2668 1675 2724; x_wconf 91' lang='lat' dir='ltr'><strong>velut</strong></span> <span class='ocrx_word' id='word_1_289' title='bbox 1725 2667 1980 2736; x_wconf 86' lang='lat' dir='ltr'><strong>Dolichii,</strong></span> 
     </span>
    </p>
   </div>
   <div class='ocr_carea' id='block_1_44' title="bbox 410 2755 1983 2829">
    <p class='ocr_par' dir='ltr' id='par_1_44' title="bbox 410 2755 1983 2829">
     <span class='ocr_line' id='line_1_44' title="bbox 410 2755 1983 2829; baseline 0.004 -19"><span class='ocrx_word' id='word_1_290' title='bbox 410 2756 638 2826; x_wconf 89' lang='lat' dir='ltr'><strong>Europi,</strong></span> <span class='ocrx_word' id='word_1_291' title='bbox 664 2755 1003 2821; x_wconf 85' lang='lat' dir='ltr'><strong>Urimorum,</strong></span> <span class='ocrx_word' id='word_1_292' title='bbox 1026 2755 1415 2822; x_wconf 61' lang='lat' dir='ltr'><strong>Neocaesarea,</strong></span> <span class='ocrx_word' id='word_1_293' title='bbox 1437 2756 1791 2829; x_wconf 87' lang='lat' dir='ltr'><strong>Sergiopolis,</strong></span> <span class='ocrx_word' id='word_1_294' title='bbox 1827 2757 1983 2816; x_wconf 65' lang='lat' dir='ltr'><strong>Sura</strong></span> 
     </span>
    </p>
   </div>
   <div class='ocr_carea' id='block_1_45' title="bbox 409 2847 1984 2918">
    <p class='ocr_par' dir='ltr' id='par_1_45' title="bbox 409 2847 1984 2918">
     <span class='ocr_line' id='line_1_45' title="bbox 409 2847 1984 2918; baseline 0.003 -14"><span class='ocrx_word' id='word_1_295' title='bbox 409 2859 468 2904; x_wconf 91' lang='lat' dir='ltr'><strong>et</strong></span> <span class='ocrx_word' id='word_1_296' title='bbox 504 2847 921 2918; x_wconf 77' lang='lat' dir='ltr'><strong>Macrianopolis</strong></span> <span class='ocrx_word' id='word_1_297' title='bbox 955 2848 1217 2918; x_wconf 72' lang='lat' dir='ltr'><strong>praesides</strong></span> <span class='ocrx_word' id='word_1_298' title='bbox 1252 2868 1265 2903; x_wconf 92' lang='lat'><strong>:</strong></span> <span class='ocrx_word' id='word_1_299' title='bbox 1299 2864 1426 2904; x_wconf 88' lang='lat' dir='ltr'><strong>nam</strong></span> <span class='ocrx_word' id='word_1_300' title='bbox 1459 2850 1646 2906; x_wconf 60' lang='lat' dir='ltr'><strong>multat</strong></span> <span class='ocrx_word' id='word_1_301' title='bbox 1686 2859 1834 2918; x_wconf 90' lang='lat' dir='ltr'><strong>sunt,</strong></span> <span class='ocrx_word' id='word_1_302' title='bbox 1869 2867 1984 2909; x_wconf 87' lang='lat' dir='ltr'><strong>non</strong></span> 
     </span>
    </p>
   </div>
   <div class='ocr_carea' id='block_1_46' title="bbox 407 2936 1980 3014">
    <p class='ocr_par' dir='ltr' id='par_1_46' title="bbox 407 2936 1980 3014">
     <span class='ocr_line' id='line_1_46' title="bbox 407 2936 1980 3014; baseline 0.004 -21"><span class='ocrx_word' id='word_1_303' title='bbox 407 2936 688 3009; x_wconf 68' lang='lat' dir='ltr'><strong>inscriptae</strong></span> <span class='ocrx_word' id='word_1_304' title='bbox 727 2937 950 2995; x_wconf 89' lang='lat' dir='ltr'><strong>nomine</strong></span> <span class='ocrx_word' id='word_1_305' title='bbox 1008 2938 1243 2996; x_wconf 87' lang='lat' dir='ltr'><strong>civitatis</strong></span> <span class='ocrx_word' id='word_1_306' title='bbox 1267 2979 1283 3006; x_wconf 95' lang='lat'><strong>,</strong></span> <span class='ocrx_word' id='word_1_307' title='bbox 1333 2941 1494 3013; x_wconf 83' lang='lat' dir='ltr'><strong>cujus</strong></span> <span class='ocrx_word' id='word_1_308' title='bbox 1539 2940 1608 2996; x_wconf 86' lang='lat' dir='ltr'><strong>ad</strong></span> <span class='ocrx_word' id='word_1_309' title='bbox 1663 2942 1980 3014; x_wconf 88' lang='lat' dir='ltr'><strong>episcopum</strong></span> 
     </span>
    </p>
   </div>
   <div class='ocr_carea' id='block_1_47' title="bbox 409 3029 788 3085">
    <p class='ocr_par' dir='ltr' id='par_1_47' title="bbox 409 3029 788 3085">
     <span class='ocr_line' id='line_1_47' title="bbox 409 3029 788 3085; baseline 0 -1"><span class='ocrx_word' id='word_1_310' title='bbox 409 3029 788 3085; x_wconf 86' lang='lat' dir='ltr'><strong>mittebantur.</strong></span> 
     </span>
    </p>
   </div>
   <div class='ocr_carea' id='block_1_48' title="bbox 2084 1849 3657 1923">
    <p class='ocr_par' dir='ltr' id='par_1_48' title="bbox 2084 1849 3657 1923">
     <span class='ocr_line' id='line_1_48' title="bbox 2084 1849 3657 1923; baseline -0.001 -16"><span class='ocrx_word' id='word_1_311' title='bbox 2084 1853 2222 1907; x_wconf 90' lang='lat' dir='ltr'><strong>Nam</strong></span> <span class='ocrx_word' id='word_1_312' title='bbox 2250 1867 2378 1908; x_wconf 91' lang='lat' dir='ltr'><strong>cum</strong></span> <span class='ocrx_word' id='word_1_313' title='bbox 2409 1851 2796 1908; x_wconf 90' lang='lat' dir='ltr'><strong>Theodoretus</strong></span> <span class='ocrx_word' id='word_1_314' title='bbox 2833 1851 3139 1923; x_wconf 66' lang='lat' dir='ltr'><strong>praestigias</strong></span> <span class='ocrx_word' id='word_1_315' title='bbox 3181 1849 3406 1922; x_wconf 76' lang='lat' dir='ltr'><strong>triginta</strong></span> <span class='ocrx_word' id='word_1_316' title='bbox 3447 1851 3657 1922; x_wconf 83' lang='lat' dir='ltr'><strong>Apolli-</strong></span> 
     </span>
    </p>
   </div>
   <div class='ocr_carea' id='block_1_49' title="bbox 2083 1943 3660 2016">
    <p class='ocr_par' dir='ltr' id='par_1_49' title="bbox 2083 1943 3660 2016">
     <span class='ocr_line' id='line_1_49' title="bbox 2083 1943 3660 2016; baseline -0.001 -18"><span class='ocrx_word' id='word_1_317' title='bbox 2083 1944 2257 2009; x_wconf 88' lang='lat' dir='ltr'><strong>narii,</strong></span> <span class='ocrx_word' id='word_1_318' title='bbox 2295 1952 2663 2016; x_wconf 86' lang='lat' dir='ltr'><strong>cognatasque</strong></span> <span class='ocrx_word' id='word_1_319' title='bbox 2715 1943 2947 1998; x_wconf 88' lang='lat' dir='ltr'><strong>aliorum</strong></span> <span class='ocrx_word' id='word_1_320' title='bbox 2992 1943 3376 2000; x_wconf 72' lang='lat' dir='ltr'><strong>haereticorum</strong></span> <span class='ocrx_word' id='word_1_321' title='bbox 3419 1943 3660 2014; x_wconf 78' lang='lat' dir='ltr'><strong>argutias</strong></span> 
     </span>
    </p>
   </div>
   <div class='ocr_carea' id='block_1_50' title="bbox 2085 2035 3657 2106">
    <p class='ocr_par' dir='ltr' id='par_1_50' title="bbox 2085 2035 3657 2106">
     <span class='ocr_line' id='line_1_50' title="bbox 2085 2035 3657 2106; baseline -0.002 -13"><span class='ocrx_word' id='word_1_322' title='bbox 2085 2037 2434 2101; x_wconf 86' lang='lat' dir='ltr'><strong>dissolveret,</strong></span> <span class='ocrx_word' id='word_1_323' title='bbox 2491 2051 2690 2106; x_wconf 79' lang='lat' dir='ltr'><strong>passus</strong></span> <span class='ocrx_word' id='word_1_324' title='bbox 2749 2043 2853 2101; x_wconf 87' lang='lat' dir='ltr'><strong>est,</strong></span> <span class='ocrx_word' id='word_1_325' title='bbox 2907 2035 3054 2106; x_wconf 89' lang='lat' dir='ltr'><strong>quod</strong></span> <span class='ocrx_word' id='word_1_326' title='bbox 3095 2036 3452 2092; x_wconf 85' lang='lat' dir='ltr'><strong>vehementer</strong></span> <span class='ocrx_word' id='word_1_327' title='bbox 3477 2035 3657 2090; x_wconf 75' lang='lat' dir='ltr'><strong>aﬁ‘ecti</strong></span> 
     </span>
    </p>
   </div>
   <div class='ocr_carea' id='block_1_51' title="bbox 2085 2125 3663 2196">
    <p class='ocr_par' dir='ltr' id='par_1_51' title="bbox 2085 2125 3663 2196">
     <span class='ocr_line' id='line_1_51' title="bbox 2085 2125 3663 2196; baseline -0.002 -14"><span class='ocrx_word' id='word_1_328' title='bbox 2085 2127 2266 2182; x_wconf 88' lang='lat' dir='ltr'><strong>solent</strong></span> <span class='ocrx_word' id='word_1_329' title='bbox 2301 2144 2315 2179; x_wconf 91' lang='lat'><strong>:</strong></span> <span class='ocrx_word' id='word_1_330' title='bbox 2353 2125 2553 2181; x_wconf 87' lang='lat' dir='ltr'><strong>formas</strong></span> <span class='ocrx_word' id='word_1_331' title='bbox 2579 2126 2810 2196; x_wconf 86' lang='lat' dir='ltr'><strong>hujusce</strong></span> <span class='ocrx_word' id='word_1_332' title='bbox 2841 2125 3068 2181; x_wconf 60' lang='lat' dir='ltr'><strong>haeresis</strong></span> <span class='ocrx_word' id='word_1_333' title='bbox 3091 2125 3267 2191; x_wconf 80' lang='lat' dir='ltr'><strong>ﬁnxit,</strong></span> <span class='ocrx_word' id='word_1_334' title='bbox 3307 2141 3375 2180; x_wconf 89' lang='lat' dir='ltr'><strong>eo</strong></span> <span class='ocrx_word' id='word_1_335' title='bbox 3418 2125 3663 2180; x_wconf 86' lang='lat' dir='ltr'><strong>fallacio-</strong></span> 
     </span>
    </p>
   </div>
   <div class='ocr_carea' id='block_1_52' title="bbox 2085 2216 3659 2290">
    <p class='ocr_par' dir='ltr' id='par_1_52' title="bbox 2085 2216 3659 2290">
     <span class='ocr_line' id='line_1_52' title="bbox 2085 2216 3659 2290; baseline -0.001 -16"><span class='ocrx_word' id='word_1_336' title='bbox 2085 2234 2198 2283; x_wconf 89' lang='lat' dir='ltr'><strong>res,</strong></span> <span class='ocrx_word' id='word_1_337' title='bbox 2236 2232 2348 2288; x_wconf 92' lang='lat' dir='ltr'><strong>quo</strong></span> <span class='ocrx_word' id='word_1_338' title='bbox 2384 2216 2704 2282; x_wconf 89' lang='lat' dir='ltr'><strong>invidiores,</strong></span> <span class='ocrx_word' id='word_1_339' title='bbox 2751 2231 2974 2287; x_wconf 89' lang='lat' dir='ltr'><strong>easque,</strong></span> <span class='ocrx_word' id='word_1_340' title='bbox 3022 2232 3209 2273; x_wconf 91' lang='lat' dir='ltr'><strong>amore</strong></span> <span class='ocrx_word' id='word_1_341' title='bbox 3249 2216 3376 2272; x_wconf 83' lang='lat' dir='ltr'><strong>fldei</strong></span> <span class='ocrx_word' id='word_1_342' title='bbox 3420 2216 3659 2290; x_wconf 68' lang='lat' dir='ltr'><strong>odioque</strong></span> 
     </span>
    </p>
   </div>
   <div class='ocr_carea' id='block_1_53' title="bbox 2085 2307 3661 2380">
    <p class='ocr_par' dir='ltr' id='par_1_53' title="bbox 2085 2307 3661 2380">
     <span class='ocr_line' id='line_1_53' title="bbox 2085 2307 3661 2380; baseline 0 -16"><span class='ocrx_word' id='word_1_343' title='bbox 2085 2309 2292 2364; x_wconf 89' lang='lat' dir='ltr'><strong>erroris</strong></span> <span class='ocrx_word' id='word_1_344' title='bbox 2312 2309 2618 2374; x_wconf 88' lang='lat' dir='ltr'><strong>annitente,</strong></span> <span class='ocrx_word' id='word_1_345' title='bbox 2645 2309 2752 2363; x_wconf 89' lang='lat' dir='ltr'><strong>alte</strong></span> <span class='ocrx_word' id='word_1_346' title='bbox 2777 2309 2962 2364; x_wconf 91' lang='lat' dir='ltr'><strong>animo</strong></span> <span class='ocrx_word' id='word_1_347' title='bbox 3008 2310 3091 2366; x_wconf 89' lang='lat' dir='ltr'><strong>sic</strong></span> <span class='ocrx_word' id='word_1_348' title='bbox 3120 2307 3418 2380; x_wconf 89' lang='lat' dir='ltr'><strong>impressit,</strong></span> <span class='ocrx_word' id='word_1_349' title='bbox 3451 2318 3513 2363; x_wconf 92' lang='lat' dir='ltr'><strong>ut</strong></span> <span class='ocrx_word' id='word_1_350' title='bbox 3543 2309 3661 2364; x_wconf 64' lang='lat' dir='ltr'><strong>hae-</strong></span> 
     </span>
    </p>
   </div>
   <div class='ocr_carea' id='block_1_54' title="bbox 2086 2400 3658 2471">
    <p class='ocr_par' dir='ltr' id='par_1_54' title="bbox 2086 2400 3658 2471">
     <span class='ocr_line' id='line_1_54' title="bbox 2086 2400 3658 2471; baseline -0.001 -16"><span class='ocrx_word' id='word_1_351' title='bbox 2086 2400 2235 2455; x_wconf 89' lang='lat' dir='ltr'><strong>resin</strong></span> <span class='ocrx_word' id='word_1_352' title='bbox 2263 2408 2454 2471; x_wconf 86' lang='lat' dir='ltr'><strong>postea</strong></span> <span class='ocrx_word' id='word_1_353' title='bbox 2489 2400 2594 2456; x_wconf 90' lang='lat' dir='ltr'><strong>sibi</strong></span> <span class='ocrx_word' id='word_1_354' title='bbox 2644 2401 2958 2471; x_wconf 87' lang='lat' dir='ltr'><strong>perspicere</strong></span> <span class='ocrx_word' id='word_1_355' title='bbox 3007 2401 3310 2466; x_wconf 87' lang='lat' dir='ltr'><strong>videretur,</strong></span> <span class='ocrx_word' id='word_1_356' title='bbox 3346 2401 3401 2455; x_wconf 90' lang='lat' dir='ltr'><strong>in</strong></span> <span class='ocrx_word' id='word_1_357' title='bbox 3426 2400 3658 2471; x_wconf 91' lang='lat' dir='ltr'><strong>quibus-</strong></span> 
     </span>
    </p>
   </div>
   <div class='ocr_carea' id='block_1_55' title="bbox 2086 2490 3657 2562">
    <p class='ocr_par' dir='ltr' id='par_1_55' title="bbox 2086 2490 3657 2562">
     <span class='ocr_line' id='line_1_55' title="bbox 2086 2490 3657 2562; baseline -0.002 -16"><span class='ocrx_word' id='word_1_358' title='bbox 2086 2506 2305 2562; x_wconf 87' lang='lat' dir='ltr'><strong>cunque</strong></span> <span class='ocrx_word' id='word_1_359' title='bbox 2347 2492 2508 2548; x_wconf 84' lang='lat' dir='ltr'><strong>libris</strong></span> <span class='ocrx_word' id='word_1_360' title='bbox 2557 2499 2912 2548; x_wconf 89' lang='lat' dir='ltr'><strong>occurrerent</strong></span> <span class='ocrx_word' id='word_1_361' title='bbox 2965 2492 3135 2549; x_wconf 88' lang='lat' dir='ltr'><strong>verba</strong></span> <span class='ocrx_word' id='word_1_362' title='bbox 3188 2491 3334 2548; x_wconf 81' lang='lat' dir='ltr'><strong>flecti</strong></span> <span class='ocrx_word' id='word_1_363' title='bbox 3386 2491 3566 2546; x_wconf 87' lang='lat' dir='ltr'><strong>facilia</strong></span> <span class='ocrx_word' id='word_1_364' title='bbox 3601 2490 3657 2544; x_wconf 86' lang='lat' dir='ltr'><strong>in</strong></span> 
     </span>
    </p>
   </div>
   <div class='ocr_carea' id='block_1_56' title="bbox 2087 2581 3660 2655">
    <p class='ocr_par' dir='ltr' id='par_1_56' title="bbox 2087 2581 3660 2655">
     <span class='ocr_line' id='line_1_56' title="bbox 2087 2581 3660 2655; baseline -0.001 -16"><span class='ocrx_word' id='word_1_365' title='bbox 2087 2585 2504 2655; x_wconf 68' lang='lat' dir='ltr'><strong>praeiudicatum</strong></span> <span class='ocrx_word' id='word_1_366' title='bbox 2539 2599 2783 2640; x_wconf 90' lang='lat' dir='ltr'><strong>sensum.</strong></span> <span class='ocrx_word' id='word_1_367' title='bbox 2816 2583 2942 2640; x_wconf 62' lang='lat' dir='ltr'><strong>Haec</strong></span> <span class='ocrx_word' id='word_1_368' title='bbox 2966 2600 2997 2638; x_wconf 88' lang='lat' dir='ltr'><strong>a</strong></span> <span class='ocrx_word' id='word_1_369' title='bbox 3025 2584 3192 2639; x_wconf 91' lang='lat' dir='ltr'><strong>nobis</strong></span> <span class='ocrx_word' id='word_1_370' title='bbox 3215 2592 3277 2638; x_wconf 93' lang='lat' dir='ltr'><strong>ut</strong></span> <span class='ocrx_word' id='word_1_371' title='bbox 3302 2583 3544 2647; x_wconf 87' lang='lat' dir='ltr'><strong>brevius,</strong></span> <span class='ocrx_word' id='word_1_372' title='bbox 3582 2581 3660 2638; x_wconf 74' lang='lat' dir='ltr'><strong>ita</strong></span> 
     </span>
    </p>
   </div>
   <div class='ocr_carea' id='block_1_57' title="bbox 2085 2673 3660 2746">
    <p class='ocr_par' dir='ltr' id='par_1_57' title="bbox 2085 2673 3660 2746">
     <span class='ocr_line' id='line_1_57' title="bbox 2085 2673 3660 2746; baseline 0 -17"><span class='ocrx_word' id='word_1_373' title='bbox 2085 2673 2273 2730; x_wconf 87' lang='lat' dir='ltr'><strong>forsan</strong></span> <span class='ocrx_word' id='word_1_374' title='bbox 2306 2673 2601 2730; x_wconf 89' lang='lat' dir='ltr'><strong>obscurius</strong></span> <span class='ocrx_word' id='word_1_375' title='bbox 2628 2675 2797 2742; x_wconf 86' lang='lat' dir='ltr'><strong>dicta,</strong></span> <span class='ocrx_word' id='word_1_376' title='bbox 2827 2689 3174 2746; x_wconf 88' lang='lat' dir='ltr'><strong>consequens</strong></span> <span class='ocrx_word' id='word_1_377' title='bbox 3216 2690 3400 2731; x_wconf 90' lang='lat' dir='ltr'><strong>rerum</strong></span> <span class='ocrx_word' id='word_1_378' title='bbox 3427 2682 3660 2730; x_wconf 80' lang='lat' dir='ltr'><strong>eventus</strong></span> 
     </span>
    </p>
   </div>
   <div class='ocr_carea' id='block_1_58' title="bbox 2087 2764 2406 2821">
    <p class='ocr_par' dir='ltr' id='par_1_58' title="bbox 2087 2764 2406 2821">
     <span class='ocr_line' id='line_1_58' title="bbox 2087 2764 2406 2821; baseline -0.003 -1"><span class='ocrx_word' id='word_1_379' title='bbox 2087 2764 2406 2821; x_wconf 85' lang='lat' dir='ltr'><strong>declarabit.</strong></span> 
     </span>
    </p>
   </div>
   <div class='ocr_carea' id='block_1_59' title="bbox 2636 2879 3116 2951">
    <p class='ocr_par' dir='ltr' id='par_1_59' title="bbox 2636 2879 3116 2951">
     <span class='ocr_line' id='line_1_59' title="bbox 2636 2879 3116 2951; baseline -0.004 -15"><span class='ocrx_word' id='word_1_380' title='bbox 2636 2879 2794 2951; x_wconf 81' lang='lat'><strong>150</strong></span> <span class='ocrx_word' id='word_1_381' title='bbox 2825 2879 2976 2936; x_wconf 83' lang='lat' dir='ltr'><strong>CAP.</strong></span> <span class='ocrx_word' id='word_1_382' title='bbox 3025 2879 3116 2935; x_wconf 85' lang='lat' dir='ltr'><strong>1v.</strong></span> 
     </span>
    </p>
   </div>
   <div class='ocr_carea' id='block_1_60' title="bbox 2087 2992 3656 3065">
    <p class='ocr_par' dir='ltr' id='par_1_60' title="bbox 2087 2992 3656 3065">
     <span class='ocr_line' id='line_1_60' title="bbox 2087 2992 3656 3065; baseline -0.001 -15"><span class='ocrx_word' id='word_1_383' title='bbox 2087 2993 2130 3050; x_wconf 93' lang='lat' dir='ltr'><strong>I.</strong></span> <span class='ocrx_word' id='word_1_384' title='bbox 2153 2992 2762 3065; x_wconf 68' lang='lat' dir='ltr'><strong>Constantinopolitanw</strong></span> <span class='ocrx_word' id='word_1_385' title='bbox 2779 2992 3352 3065; x_wconf 9' lang='lat' dir='ltr'><strong>Ecclesiwgprwﬁcitur</strong></span> <span class='ocrx_word' id='word_1_386' title='bbox 3367 2992 3656 3048; x_wconf 64' lang='lat' dir='ltr'><strong>Nevtorius.</strong></span> 
     </span>
    </p>
   </div>
   <div class='ocr_carea' id='block_1_61' title="bbox 2153 3062 3658 3130">
    <p class='ocr_par' dir='ltr' id='par_1_61' title="bbox 2153 3062 3658 3130">
     <span class='ocr_line' id='line_1_61' title="bbox 2153 3062 3658 3130; baseline -0.001 -12"><span class='ocrx_word' id='word_1_387' title='bbox 2153 3063 2217 3118; x_wconf 94' lang='lat' dir='ltr'><strong>II.</strong></span> <span class='ocrx_word' id='word_1_388' title='bbox 2255 3062 2557 3118; x_wconf 72' lang='lat' dir='ltr'><strong>Theodoreti</strong></span> <span class='ocrx_word' id='word_1_389' title='bbox 2580 3064 2800 3118; x_wconf 80' lang='lat' dir='ltr'><strong>amicus.</strong></span> <span class='ocrx_word' id='word_1_390' title='bbox 2829 3063 2973 3118; x_wconf 81' lang='lat' dir='ltr'><strong>III.A</strong></span> <span class='ocrx_word' id='word_1_391' title='bbox 3007 3062 3270 3118; x_wconf 82' lang='lat' dir='ltr'><strong>Theodoro</strong></span> <span class='ocrx_word' id='word_1_392' title='bbox 3296 3062 3658 3130; x_wconf 79' lang='lat' dir='ltr'><strong>Mopsuesteno</strong></span> 
     </span>
    </p>
   </div>
   <div class='ocr_carea' id='block_1_62' title="bbox 478 3118 3662 3192">
    <p class='ocr_par' dir='ltr' id='par_1_62' title="bbox 478 3118 3662 3192">
     <span class='ocr_line' id='line_1_62' title="bbox 478 3118 3662 3192; baseline 0.004 -19"><span class='ocrx_word' id='word_1_393' title='bbox 478 3118 668 3189; x_wconf 86' lang='lat' dir='ltr'><strong>Neque</strong></span> <span class='ocrx_word' id='word_1_394' title='bbox 702 3134 834 3175; x_wconf 92' lang='lat' dir='ltr'><strong>vero</strong></span> <span class='ocrx_word' id='word_1_395' title='bbox 885 3134 996 3176; x_wconf 78' lang='lat' dir='ltr'><strong>suae</strong></span> <span class='ocrx_word' id='word_1_396' title='bbox 1045 3121 1342 3191; x_wconf 65' lang='lat' dir='ltr'><strong>provinciae</strong></span> <span class='ocrx_word' id='word_1_397' title='bbox 1388 3121 1590 3180; x_wconf 82' lang='lat' dir='ltr'><strong>ﬁnibus</strong></span> <span class='ocrx_word' id='word_1_398' title='bbox 1625 3139 1779 3180; x_wconf 88' lang='lat' dir='ltr'><strong>suam</strong></span> <span class='ocrx_word' id='word_1_399' title='bbox 1802 3123 1989 3180; x_wconf 89' lang='lat' dir='ltr'><strong>amici-</strong></span> <span class='ocrx_word' id='word_1_400' title='bbox 2014 3123 2058 3183; x_wconf 71' lang='grc' dir='ltr'><strong>(Ξ</strong></span> <span class='ocrx_word' id='word_1_401' title='bbox 2158 3132 2416 3187; x_wconf 80' lang='lat' dir='ltr'><strong>didicerat</strong></span> <span class='ocrx_word' id='word_1_402' title='bbox 2465 3135 2708 3192; x_wconf 67' lang='lat' dir='ltr'><strong>haeresim</strong></span> <span class='ocrx_word' id='word_1_403' title='bbox 2760 3135 2842 3187; x_wconf 87' lang='lat' dir='ltr'><strong>cui</strong></span> <span class='ocrx_word' id='word_1_404' title='bbox 2900 3149 3090 3187; x_wconf 81' lang='lat' dir='ltr'><strong>nomen</strong></span> <span class='ocrx_word' id='word_1_405' title='bbox 3139 3133 3299 3187; x_wconf 80' lang='lat' dir='ltr'><strong>dedit.</strong></span> <span class='ocrx_word' id='word_1_406' title='bbox 3363 3118 3449 3186; x_wconf 62' lang='lat' dir='ltr'><strong>iV,</strong></span> <span class='ocrx_word' id='word_1_407' title='bbox 3510 3133 3662 3187; x_wconf 85' lang='lat' dir='ltr'><strong>Hanc</strong></span> 
     </span>
    </p>
   </div>
   <div class='ocr_carea' id='block_1_63' title="bbox 391 3207 1985 3283">
    <p class='ocr_par' dir='ltr' id='par_1_63' title="bbox 391 3207 1985 3283">
     <span class='ocr_line' id='line_1_63' title="bbox 391 3207 1985 3283; baseline 0.004 -22"><span class='ocrx_word' id='word_1_408' title='bbox 391 3207 542 3283; x_wconf 24' lang='lat' dir='ltr'><strong>.tiam</strong></span> <span class='ocrx_word' id='word_1_409' title='bbox 600 3208 892 3274; x_wconf 88' lang='lat' dir='ltr'><strong>continuit,</strong></span> <span class='ocrx_word' id='word_1_410' title='bbox 935 3208 1031 3264; x_wconf 88' lang='lat' dir='ltr'><strong>sed</strong></span> <span class='ocrx_word' id='word_1_411' title='bbox 1088 3209 1156 3264; x_wconf 88' lang='lat' dir='ltr'><strong>ad</strong></span> <span class='ocrx_word' id='word_1_412' title='bbox 1209 3210 1420 3267; x_wconf 88' lang='lat' dir='ltr'><strong>vicinas</strong></span> <span class='ocrx_word' id='word_1_413' title='bbox 1465 3227 1686 3283; x_wconf 91' lang='lat' dir='ltr'><strong>quoque</strong></span> <span class='ocrx_word' id='word_1_414' title='bbox 1719 3213 1985 3268; x_wconf 82' lang='lat' dir='ltr'><strong>extendit.</strong></span> 
     </span>
    </p>
   </div>
   <div class='ocr_carea' id='block_1_64' title="bbox 488 3298 1990 3372">
    <p class='ocr_par' dir='ltr' id='par_1_64' title="bbox 488 3298 1990 3372">
     <span class='ocr_line' id='line_1_64' title="bbox 488 3298 1990 3372; baseline 0.005 -20"><span class='ocrx_word' id='word_1_415' title='bbox 488 3298 648 3372; x_wconf 59' lang='lat'><strong>149</strong></span> <span class='ocrx_word' id='word_1_416' title='bbox 689 3301 1106 3371; x_wconf 88' lang='lat' dir='ltr'><strong>Euphratesiam</strong></span> <span class='ocrx_word' id='word_1_417' title='bbox 1159 3301 1459 3372; x_wconf 78' lang='lat' dir='ltr'><strong>Augustam</strong></span> <span class='ocrx_word' id='word_1_418' title='bbox 1516 3303 1754 3360; x_wconf 89' lang='lat' dir='ltr'><strong>attinent</strong></span> <span class='ocrx_word' id='word_1_419' title='bbox 1806 3304 1878 3359; x_wconf 85' lang='lat' dir='ltr'><strong>ab</strong></span> <span class='ocrx_word' id='word_1_420' title='bbox 1923 3318 1990 3359; x_wconf 82' lang='lat' dir='ltr'><strong>o-</strong></span> 
     </span>
    </p>
   </div>
   <div class='ocr_carea' id='block_1_65' title="bbox 411 3390 1991 3457">
    <p class='ocr_par' dir='ltr' id='par_1_65' title="bbox 411 3390 1991 3457">
     <span class='ocr_line' id='line_1_65' title="bbox 411 3390 1991 3457; baseline 0.002 -11"><span class='ocrx_word' id='word_1_421' title='bbox 411 3393 588 3448; x_wconf 90' lang='lat' dir='ltr'><strong>riente</strong></span> <span class='ocrx_word' id='word_1_422' title='bbox 624 3390 941 3457; x_wconf 87' lang='lat' dir='ltr'><strong>Osrhoena;</strong></span> <span class='ocrx_word' id='word_1_423' title='bbox 983 3407 1015 3445; x_wconf 88' lang='lat' dir='ltr'><strong>a</strong></span> <span class='ocrx_word' id='word_1_424' title='bbox 1067 3391 1299 3446; x_wconf 85' lang='lat' dir='ltr'><strong>meridie</strong></span> <span class='ocrx_word' id='word_1_425' title='bbox 1351 3392 1631 3448; x_wconf 78' lang='lat' dir='ltr'><strong>Phcenicia</strong></span> <span class='ocrx_word' id='word_1_426' title='bbox 1681 3393 1879 3449; x_wconf 81' lang='lat' dir='ltr'><strong>Libani</strong></span> <span class='ocrx_word' id='word_1_427' title='bbox 1931 3402 1991 3449; x_wconf 90' lang='lat' dir='ltr'><strong>et</strong></span> 
     </span>
    </p>
   </div>
   <div class='ocr_carea' id='block_1_66' title="bbox 413 3480 1990 3552">
    <p class='ocr_par' dir='ltr' id='par_1_66' title="bbox 413 3480 1990 3552">
     <span class='ocr_line' id='line_1_66' title="bbox 413 3480 1990 3552; baseline 0.003 -16"><span class='ocrx_word' id='word_1_428' title='bbox 413 3481 570 3552; x_wconf 84' lang='lat' dir='ltr'><strong>Syria</strong></span> <span class='ocrx_word' id='word_1_429' title='bbox 594 3480 807 3551; x_wconf 90' lang='lat' dir='ltr'><strong>prima;</strong></span> <span class='ocrx_word' id='word_1_430' title='bbox 835 3480 904 3535; x_wconf 88' lang='lat' dir='ltr'><strong>ab</strong></span> <span class='ocrx_word' id='word_1_431' title='bbox 958 3480 1242 3535; x_wconf 87' lang='lat' dir='ltr'><strong>occidente</strong></span> <span class='ocrx_word' id='word_1_432' title='bbox 1275 3480 1466 3537; x_wconf 88' lang='lat' dir='ltr'><strong>Cilicia</strong></span> <span class='ocrx_word' id='word_1_433' title='bbox 1509 3484 1790 3551; x_wconf 89' lang='lat' dir='ltr'><strong>secunda;</strong></span> <span class='ocrx_word' id='word_1_434' title='bbox 1839 3499 1871 3539; x_wconf 91' lang='lat' dir='ltr'><strong>a</strong></span> <span class='ocrx_word' id='word_1_435' title='bbox 1903 3499 1990 3540; x_wconf 84' lang='lat' dir='ltr'><strong>se-</strong></span> 
     </span>
    </p>
   </div>
   <div class='ocr_carea' id='block_1_67' title="bbox 411 3570 1983 3642">
    <p class='ocr_par' dir='ltr' id='par_1_67' title="bbox 411 3570 1983 3642">
     <span class='ocr_line' id='line_1_67' title="bbox 411 3570 1983 3642; baseline 0.002 -16"><span class='ocrx_word' id='word_1_436' title='bbox 411 3573 722 3642; x_wconf 88' lang='lat' dir='ltr'><strong>ptentrione</strong></span> <span class='ocrx_word' id='word_1_437' title='bbox 757 3571 1031 3626; x_wconf 86' lang='lat' dir='ltr'><strong>Armenia.</strong></span> <span class='ocrx_word' id='word_1_438' title='bbox 1070 3570 1367 3627; x_wconf 71' lang='lat' dir='ltr'><strong>Osrhoenaa</strong></span> <span class='ocrx_word' id='word_1_439' title='bbox 1401 3582 1566 3642; x_wconf 89' lang='lat' dir='ltr'><strong>caput</strong></span> <span class='ocrx_word' id='word_1_440' title='bbox 1599 3572 1704 3628; x_wconf 89' lang='lat' dir='ltr'><strong>fuit</strong></span> <span class='ocrx_word' id='word_1_441' title='bbox 1735 3574 1939 3629; x_wconf 86' lang='lat' dir='ltr'><strong>Edessa</strong></span> <span class='ocrx_word' id='word_1_442' title='bbox 1969 3593 1983 3642; x_wconf 90' lang='lat'><strong>;</strong></span> 
     </span>
    </p>
   </div>
   <div class='ocr_carea' id='block_1_68' title="bbox 414 3661 1983 3732">
    <p class='ocr_par' dir='ltr' id='par_1_68' title="bbox 414 3661 1983 3732">
     <span class='ocr_line' id='line_1_68' title="bbox 414 3661 1983 3732; baseline 0.004 -17"><span class='ocrx_word' id='word_1_443' title='bbox 414 3661 584 3731; x_wconf 72' lang='lat' dir='ltr'><strong>Syria:</strong></span> <span class='ocrx_word' id='word_1_444' title='bbox 618 3661 808 3730; x_wconf 65' lang='lat' dir='ltr'><strong>prima:</strong></span> <span class='ocrx_word' id='word_1_445' title='bbox 832 3661 1108 3731; x_wconf 90' lang='lat' dir='ltr'><strong>totiusque</strong></span> <span class='ocrx_word' id='word_1_446' title='bbox 1132 3661 1395 3729; x_wconf 90' lang='lat' dir='ltr'><strong>Orientis,</strong></span> <span class='ocrx_word' id='word_1_447' title='bbox 1420 3662 1738 3731; x_wconf 82' lang='lat' dir='ltr'><strong>Antiochia;</strong></span> <span class='ocrx_word' id='word_1_448' title='bbox 1759 3665 1983 3732; x_wconf 70' lang='lat' dir='ltr'><strong>Ciliciae,</strong></span> 
     </span>
    </p>
   </div>
   <div class='ocr_carea' id='block_1_69' title="bbox 413 3752 1988 3823">
    <p class='ocr_par' dir='ltr' id='par_1_69' title="bbox 413 3752 1988 3823">
     <span class='ocr_line' id='line_1_69' title="bbox 413 3752 1988 3823; baseline 0.005 -18"><span class='ocrx_word' id='word_1_449' title='bbox 413 3752 731 3807; x_wconf 83' lang='lat' dir='ltr'><strong>Anazarbus</strong></span> <span class='ocrx_word' id='word_1_450' title='bbox 755 3769 770 3818; x_wconf 86' lang='lat'><strong>;</strong></span> <span class='ocrx_word' id='word_1_451' title='bbox 801 3752 1073 3808; x_wconf 71' lang='lat' dir='ltr'><strong>Armenia:</strong></span> <span class='ocrx_word' id='word_1_452' title='bbox 1097 3753 1374 3819; x_wconf 61' lang='lat' dir='ltr'><strong>secundm,</strong></span> <span class='ocrx_word' id='word_1_453' title='bbox 1403 3754 1685 3823; x_wconf 85' lang='lat' dir='ltr'><strong>Melitene;</strong></span> <span class='ocrx_word' id='word_1_454' title='bbox 1714 3756 1988 3813; x_wconf 72' lang='lat' dir='ltr'><strong>Armenia:</strong></span> 
     </span>
    </p>
   </div>
   <div class='ocr_carea' id='block_1_70' title="bbox 413 3841 1987 3915">
    <p class='ocr_par' dir='ltr' id='par_1_70' title="bbox 413 3841 1987 3915">
     <span class='ocr_line' id='line_1_70' title="bbox 413 3841 1987 3915; baseline 0.006 -19"><span class='ocrx_word' id='word_1_455' title='bbox 413 3842 621 3912; x_wconf 68' lang='lat' dir='ltr'><strong>primae,</strong></span> <span class='ocrx_word' id='word_1_456' title='bbox 649 3841 894 3899; x_wconf 87' lang='lat' dir='ltr'><strong>Sebaste.</strong></span> <span class='ocrx_word' id='word_1_457' title='bbox 925 3843 1008 3898; x_wconf 90' lang='lat' dir='ltr'><strong>Ad</strong></span> <span class='ocrx_word' id='word_1_458' title='bbox 1034 3843 1371 3915; x_wconf 89' lang='lat' dir='ltr'><strong>singularum</strong></span> <span class='ocrx_word' id='word_1_459' title='bbox 1397 3845 1685 3915; x_wconf 91' lang='lat' dir='ltr'><strong>episcopos</strong></span> <span class='ocrx_word' id='word_1_460' title='bbox 1711 3847 1987 3906; x_wconf 87' lang='lat' dir='ltr'><strong>scribebat</strong></span> 
     </span>
    </p>
   </div>
   <div class='ocr_carea' id='block_1_71' title="bbox 412 3933 1984 4005">
    <p class='ocr_par' dir='ltr' id='par_1_71' title="bbox 412 3933 1984 4005">
     <span class='ocr_line' id='line_1_71' title="bbox 412 3933 1984 4005; baseline 0.004 -18"><span class='ocrx_word' id='word_1_461' title='bbox 412 3933 694 4003; x_wconf 84' lang='lat' dir='ltr'><strong>frequens,</strong></span> <span class='ocrx_word' id='word_1_462' title='bbox 731 3941 1054 4005; x_wconf 86' lang='lat' dir='ltr'><strong>tantumque</strong></span> <span class='ocrx_word' id='word_1_463' title='bbox 1087 3950 1187 4005; x_wconf 91' lang='lat' dir='ltr'><strong>per</strong></span> <span class='ocrx_word' id='word_1_464' title='bbox 1218 3935 1430 3990; x_wconf 89' lang='lat' dir='ltr'><strong>litteras</strong></span> <span class='ocrx_word' id='word_1_465' title='bbox 1466 3936 1698 3992; x_wconf 89' lang='lat' dir='ltr'><strong>faciebat</strong></span> <span class='ocrx_word' id='word_1_466' title='bbox 1731 3937 1984 3994; x_wconf 89' lang='lat' dir='ltr'><strong>omnibus</strong></span> 
     </span>
    </p>
   </div>
   <div class='ocr_carea' id='block_1_72' title="bbox 413 4023 1984 4096">
    <p class='ocr_par' dir='ltr' id='par_1_72' title="bbox 413 4023 1984 4096">
     <span class='ocr_line' id='line_1_72' title="bbox 413 4023 1984 4096; baseline 0.004 -19"><span class='ocrx_word' id='word_1_467' title='bbox 413 4023 499 4078; x_wconf 91' lang='lat' dir='ltr'><strong>sui</strong></span> <span class='ocrx_word' id='word_1_468' title='bbox 550 4038 813 4090; x_wconf 88' lang='lat' dir='ltr'><strong>amorem,</strong></span> <span class='ocrx_word' id='word_1_469' title='bbox 851 4033 913 4079; x_wconf 93' lang='lat' dir='ltr'><strong>ut</strong></span> <span class='ocrx_word' id='word_1_470' title='bbox 945 4023 1072 4080; x_wconf 90' lang='lat' dir='ltr'><strong>inde</strong></span> <span class='ocrx_word' id='word_1_471' title='bbox 1100 4027 1448 4096; x_wconf 89' lang='lat' dir='ltr'><strong>postmodum</strong></span> <span class='ocrx_word' id='word_1_472' title='bbox 1471 4034 1592 4081; x_wconf 84' lang='lat' dir='ltr'><strong>orta</strong></span> <span class='ocrx_word' id='word_1_473' title='bbox 1623 4027 1695 4082; x_wconf 89' lang='lat' dir='ltr'><strong>sit</strong></span> <span class='ocrx_word' id='word_1_474' title='bbox 1727 4028 1984 4084; x_wconf 90' lang='lat' dir='ltr'><strong>crimina-</strong></span> 
     </span>
    </p>
   </div>
   <div class='ocr_carea' id='block_1_73' title="bbox 414 4115 1982 4185">
    <p class='ocr_par' dir='ltr' id='par_1_73' title="bbox 414 4115 1982 4185">
     <span class='ocr_line' id='line_1_73' title="bbox 414 4115 1982 4185; baseline 0.005 -17"><span class='ocrx_word' id='word_1_475' title='bbox 414 4115 647 4179; x_wconf 90' lang='lat' dir='ltr'><strong>tionum,</strong></span> <span class='ocrx_word' id='word_1_476' title='bbox 687 4130 824 4184; x_wconf 89' lang='lat' dir='ltr'><strong>quas</strong></span> <span class='ocrx_word' id='word_1_477' title='bbox 855 4131 1049 4185; x_wconf 88' lang='lat' dir='ltr'><strong>passus</strong></span> <span class='ocrx_word' id='word_1_478' title='bbox 1092 4125 1197 4182; x_wconf 91' lang='lat' dir='ltr'><strong>est,</strong></span> <span class='ocrx_word' id='word_1_479' title='bbox 1239 4117 1286 4172; x_wconf 90' lang='lat' dir='ltr'><strong>si</strong></span> <span class='ocrx_word' id='word_1_480' title='bbox 1315 4132 1427 4172; x_wconf 89' lang='lat' dir='ltr'><strong>non</strong></span> <span class='ocrx_word' id='word_1_481' title='bbox 1454 4129 1638 4183; x_wconf 84' lang='lat' dir='ltr'><strong>causa,</strong></span> <span class='ocrx_word' id='word_1_482' title='bbox 1672 4118 1864 4174; x_wconf 90' lang='lat' dir='ltr'><strong>saltem</strong></span> <span class='ocrx_word' id='word_1_483' title='bbox 1886 4134 1982 4176; x_wconf 82' lang='lat' dir='ltr'><strong>oc-</strong></span> 
     </span>
    </p>
   </div>
   <div class='ocr_carea' id='block_1_74' title="bbox 413 4207 582 4261">
    <p class='ocr_par' dir='ltr' id='par_1_74' title="bbox 413 4207 582 4261">
     <span class='ocr_line' id='line_1_74' title="bbox 413 4207 582 4261; baseline -0.006 0"><span class='ocrx_word' id='word_1_484' title='bbox 413 4207 582 4261; x_wconf 88' lang='lat' dir='ltr'><strong>casio.</strong></span> 
     </span>
    </p>
   </div>
   <div class='ocr_carea' id='block_1_75' title="bbox 405 4293 1980 4370">
    <p class='ocr_par' dir='ltr' id='par_1_75' title="bbox 405 4293 1980 4370">
     <span class='ocr_line' id='line_1_75' title="bbox 405 4293 1980 4370; baseline 0.004 -20"><span class='ocrx_word' id='word_1_485' title='bbox 405 4293 408 4296; x_wconf 75' lang='grc'><strong>’</strong></span> <span class='ocrx_word' id='word_1_486' title='bbox 483 4294 624 4352; x_wconf 81' lang='lat' dir='ltr'><strong>XIII.</strong></span> <span class='ocrx_word' id='word_1_487' title='bbox 652 4296 769 4351; x_wconf 87' lang='lat' dir='ltr'><strong>Jam</strong></span> <span class='ocrx_word' id='word_1_488' title='bbox 796 4294 925 4351; x_wconf 90' lang='lat' dir='ltr'><strong>inde</strong></span> <span class='ocrx_word' id='word_1_489' title='bbox 952 4311 982 4350; x_wconf 90' lang='lat' dir='ltr'><strong>a</strong></span> <span class='ocrx_word' id='word_1_490' title='bbox 1007 4295 1198 4366; x_wconf 91' lang='lat' dir='ltr'><strong>primis</strong></span> <span class='ocrx_word' id='word_1_491' title='bbox 1222 4296 1572 4368; x_wconf 87' lang='lat' dir='ltr'><strong>episcopatus</strong></span> <span class='ocrx_word' id='word_1_492' title='bbox 1587 4299 1746 4354; x_wconf 89' lang='lat' dir='ltr'><strong>annis</strong></span> <span class='ocrx_word' id='word_1_493' title='bbox 1774 4294 1980 4370; x_wconf 83' lang='lat' dir='ltr'><strong>aliquid</strong></span> 
     </span>
    </p>
   </div>
   <div class='ocr_carea' id='block_1_76' title="bbox 409 4385 1978 4468">
    <p class='ocr_par' dir='ltr' id='par_1_76' title="bbox 409 4385 1978 4468">
     <span class='ocr_line' id='line_1_76' title="bbox 409 4385 1978 4468; baseline 0.003 -28"><span class='ocrx_word' id='word_1_494' title='bbox 409 4386 695 4457; x_wconf 88' lang='lat' dir='ltr'><strong>scripsisse</strong></span> <span class='ocrx_word' id='word_1_495' title='bbox 730 4385 1173 4468; x_wconf 87' lang='lat' dir='ltr'><strong>suadereposset</strong></span> <span class='ocrx_word' id='word_1_496' title='bbox 1205 4387 1440 4444; x_wconf 87' lang='lat' dir='ltr'><strong>hominis</strong></span> <span class='ocrx_word' id='word_1_497' title='bbox 1471 4389 1709 4445; x_wconf 90' lang='lat' dir='ltr'><strong>eruditio</strong></span> <span class='ocrx_word' id='word_1_498' title='bbox 1738 4391 1978 4461; x_wconf 87' lang='lat' dir='ltr'><strong>singula-</strong></span> 
     </span>
    </p>
   </div>
   <div class='ocr_carea' id='block_1_77' title="bbox 2163 3200 3660 3328">
    <p class='ocr_par' dir='ltr' id='par_1_77' title="bbox 2163 3200 3660 3328">
     <span class='ocr_line' id='line_1_77' title="bbox 2165 3200 3660 3274; baseline 0 -17"><span class='ocrx_word' id='word_1_499' title='bbox 2165 3219 2414 3273; x_wconf 82' lang='lat' dir='ltr'><strong>spargere</strong></span> <span class='ocrx_word' id='word_1_500' title='bbox 2441 3204 2630 3270; x_wconf 84' lang='lat' dir='ltr'><strong>ubique</strong></span> <span class='ocrx_word' id='word_1_501' title='bbox 2654 3204 2861 3259; x_wconf 78' lang='lat' dir='ltr'><strong>nititur.</strong></span> <span class='ocrx_word' id='word_1_502' title='bbox 2907 3203 2973 3259; x_wconf 68' lang='grc' dir='ltr'><strong>ν.</strong></span> <span class='ocrx_word' id='word_1_503' title='bbox 3011 3202 3222 3258; x_wconf 78' lang='lat' dir='ltr'><strong>Obsistit</strong></span> <span class='ocrx_word' id='word_1_504' title='bbox 3251 3212 3462 3256; x_wconf 77' lang='lat' dir='ltr'><strong>sanctus</strong></span> <span class='ocrx_word' id='word_1_505' title='bbox 3481 3200 3660 3274; x_wconf 84' lang='lat' dir='ltr'><strong>Cyril-</strong></span> 
     </span>
     <span class='ocr_line' id='line_1_78' title="bbox 2163 3271 3660 3328; baseline 0.002 -4"><span class='ocrx_word' id='word_1_506' title='bbox 2163 3271 2264 3326; x_wconf 80' lang='lat' dir='ltr'><strong>lus.</strong></span> <span class='ocrx_word' id='word_1_507' title='bbox 2296 3273 2384 3328; x_wconf 83' lang='lat' dir='ltr'><strong>VI.</strong></span> <span class='ocrx_word' id='word_1_508' title='bbox 2417 3271 2474 3328; x_wconf 90' lang='lat' dir='ltr'><strong>S.</strong></span> <span class='ocrx_word' id='word_1_509' title='bbox 2511 3272 2818 3328; x_wconf 68' lang='lat' dir='ltr'><strong>Caelestinus</strong></span> <span class='ocrx_word' id='word_1_510' title='bbox 2865 3289 2981 3327; x_wconf 89' lang='lat' dir='ltr'><strong>eam</strong></span> <span class='ocrx_word' id='word_1_511' title='bbox 3017 3290 3134 3327; x_wconf 85' lang='lat' dir='ltr'><strong>cum</strong></span> <span class='ocrx_word' id='word_1_512' title='bbox 3187 3282 3396 3326; x_wconf 88' lang='lat' dir='ltr'><strong>auctore</strong></span> <span class='ocrx_word' id='word_1_513' title='bbox 3438 3273 3660 3327; x_wconf 82' lang='lat' dir='ltr'><strong>damnat</strong></span> 
     </span>
    </p>
   </div>
   <div class='ocr_carea' id='block_1_78' title="bbox 2165 3341 3660 3412">
    <p class='ocr_par' dir='ltr' id='par_1_78' title="bbox 2165 3341 3660 3412">
     <span class='ocr_line' id='line_1_79' title="bbox 2165 3341 3660 3412; baseline 0 -16"><span class='ocrx_word' id='word_1_514' title='bbox 2165 3341 2416 3412; x_wconf 70' lang='lat' dir='ltr'><strong>Romwin</strong></span> <span class='ocrx_word' id='word_1_515' title='bbox 2445 3342 2662 3397; x_wconf 84' lang='lat' dir='ltr'><strong>concilio</strong></span> <span class='ocrx_word' id='word_1_516' title='bbox 2691 3341 3003 3398; x_wconf 75' lang='lat' dir='ltr'><strong>Occidentis.</strong></span> <span class='ocrx_word' id='word_1_517' title='bbox 3023 3342 3135 3398; x_wconf 78' lang='lat' dir='ltr'><strong>VII.</strong></span> <span class='ocrx_word' id='word_1_518' title='bbox 3163 3341 3390 3412; x_wconf 79' lang='lat' dir='ltr'><strong>Cyrillus</strong></span> <span class='ocrx_word' id='word_1_519' title='bbox 3411 3342 3462 3395; x_wconf 87' lang='lat' dir='ltr'><strong>in</strong></span> <span class='ocrx_word' id='word_1_520' title='bbox 3484 3343 3660 3396; x_wconf 87' lang='lat' dir='ltr'><strong>conci-</strong></span> 
     </span>
    </p>
   </div>
   <div class='ocr_carea' id='block_1_79' title="bbox 2146 3411 3662 3484">
    <p class='ocr_par' dir='ltr' id='par_1_79' title="bbox 2146 3411 3662 3484">
     <span class='ocr_line' id='line_1_80' title="bbox 2146 3411 3662 3484; baseline 0 -18"><span class='ocrx_word' id='word_1_521' title='bbox 2146 3412 2234 3466; x_wconf 82' lang='lat' dir='ltr'><strong>lio</strong></span> <span class='ocrx_word' id='word_1_522' title='bbox 2270 3411 2508 3484; x_wconf 67' lang='lat' dir='ltr'><strong>JEgupti,</strong></span> <span class='ocrx_word' id='word_1_523' title='bbox 2548 3413 2688 3466; x_wconf 84' lang='lat' dir='ltr'><strong>unde</strong></span> <span class='ocrx_word' id='word_1_524' title='bbox 2738 3414 2896 3467; x_wconf 82' lang='lat' dir='ltr'><strong>mittit</strong></span> <span class='ocrx_word' id='word_1_525' title='bbox 2939 3413 3009 3466; x_wconf 82' lang='lat' dir='ltr'><strong>ad</strong></span> <span class='ocrx_word' id='word_1_526' title='bbox 3039 3411 3342 3484; x_wconf 65' lang='lat' dir='ltr'><strong>Nestorium</strong></span> <span class='ocrx_word' id='word_1_527' title='bbox 3389 3412 3662 3484; x_wconf 78' lang='lat' dir='ltr'><strong>duodecim</strong></span> 
     </span>
    </p>
   </div>
   <div class='ocr_carea' id='block_1_80' title="bbox 2158 3481 3659 3553">
    <p class='ocr_par' dir='ltr' id='par_1_80' title="bbox 2158 3481 3659 3553">
     <span class='ocr_line' id='line_1_81' title="bbox 2158 3481 3659 3553; baseline 0.001 -19"><span class='ocrx_word' id='word_1_528' title='bbox 2158 3481 2649 3553; x_wconf 57' lang='lat' dir='ltr'><strong>anathematismos,</strong></span> <span class='ocrx_word' id='word_1_529' title='bbox 2697 3499 2816 3536; x_wconf 84' lang='lat' dir='ltr'><strong>cum</strong></span> <span class='ocrx_word' id='word_1_530' title='bbox 2860 3484 2966 3537; x_wconf 80' lang='lat' dir='ltr'><strong>suis</strong></span> <span class='ocrx_word' id='word_1_531' title='bbox 3006 3490 3063 3553; x_wconf 63' lang='lat' dir='ltr'><strong>et</strong></span> <span class='ocrx_word' id='word_1_532' title='bbox 3110 3481 3407 3553; x_wconf 79' lang='lat' dir='ltr'><strong>apostolicis</strong></span> <span class='ocrx_word' id='word_1_533' title='bbox 3451 3481 3659 3553; x_wconf 77' lang='lat' dir='ltr'><strong>litteris.</strong></span> 
     </span>
    </p>
   </div>
   <div class='ocr_carea' id='block_1_81' title="bbox 2164 3550 3662 3622">
    <p class='ocr_par' dir='ltr' id='par_1_81' title="bbox 2164 3550 3662 3622">
     <span class='ocr_line' id='line_1_82' title="bbox 2164 3550 3662 3622; baseline -0.001 -16"><span class='ocrx_word' id='word_1_534' title='bbox 2164 3550 2300 3606; x_wconf 79' lang='lat' dir='ltr'><strong>VIII.</strong></span> <span class='ocrx_word' id='word_1_535' title='bbox 2363 3551 2719 3622; x_wconf 18' lang='lat' dir='ltr'><strong>Theodoretusi</strong></span> <span class='ocrx_word' id='word_1_536' title='bbox 2771 3559 2959 3622; x_wconf 83' lang='lat' dir='ltr'><strong>rogatu</strong></span> <span class='ocrx_word' id='word_1_537' title='bbox 3014 3550 3240 3607; x_wconf 81' lang='lat' dir='ltr'><strong>Nestorii</strong></span> <span class='ocrx_word' id='word_1_538' title='bbox 3304 3552 3662 3622; x_wconf 64' lang='lat' dir='ltr'><strong>anathemati-</strong></span> 
     </span>
    </p>
   </div>
   <div class='ocr_carea' id='block_1_82' title="bbox 2161 3619 3660 3689">
    <p class='ocr_par' dir='ltr' id='par_1_82' title="bbox 2161 3619 3660 3689">
     <span class='ocr_line' id='line_1_83' title="bbox 2161 3619 3660 3689; baseline 0.001 -16"><span class='ocrx_word' id='word_1_539' title='bbox 2161 3636 2305 3674; x_wconf 80' lang='lat' dir='ltr'><strong>smos</strong></span> <span class='ocrx_word' id='word_1_540' title='bbox 2335 3623 2530 3689; x_wconf 76' lang='lat' dir='ltr'><strong>arguit.</strong></span> <span class='ocrx_word' id='word_1_541' title='bbox 2573 3621 2661 3675; x_wconf 81' lang='lat' dir='ltr'><strong>IX.</strong></span> <span class='ocrx_word' id='word_1_542' title='bbox 2690 3619 2911 3675; x_wconf 75' lang='lat' dir='ltr'><strong>Labitur</strong></span> <span class='ocrx_word' id='word_1_543' title='bbox 2957 3623 3013 3676; x_wconf 89' lang='lat' dir='ltr'><strong>in</strong></span> <span class='ocrx_word' id='word_1_544' title='bbox 3067 3624 3308 3676; x_wconf 75' lang='lat' dir='ltr'><strong>hwresin.</strong></span> <span class='ocrx_word' id='word_1_545' title='bbox 3353 3619 3420 3674; x_wconf 78' lang='grc' dir='ltr'><strong>Χ.</strong></span> <span class='ocrx_word' id='word_1_546' title='bbox 3457 3621 3660 3689; x_wconf 71' lang='lat' dir='ltr'><strong>Lapsus</strong></span> 
     </span>
    </p>
   </div>
   <div class='ocr_carea' id='block_1_83' title="bbox 2158 3679 3662 3760">
    <p class='ocr_par' dir='ltr' id='par_1_83' title="bbox 2158 3679 3662 3760">
     <span class='ocr_line' id='line_1_84' title="bbox 2158 3679 3662 3760; baseline -0.001 -17"><span class='ocrx_word' id='word_1_547' title='bbox 2158 3679 2491 3760; x_wconf 26' lang='lat' dir='ltr'><strong>causwLXI.</strong></span> <span class='ocrx_word' id='word_1_548' title='bbox 2528 3690 2770 3759; x_wconf 77' lang='lat' dir='ltr'><strong>Epistola</strong></span> <span class='ocrx_word' id='word_1_549' title='bbox 2805 3691 2876 3744; x_wconf 88' lang='lat' dir='ltr'><strong>ad</strong></span> <span class='ocrx_word' id='word_1_550' title='bbox 2915 3693 3236 3745; x_wconf 80' lang='lat' dir='ltr'><strong>monasteria</strong></span> <span class='ocrx_word' id='word_1_551' title='bbox 3283 3689 3481 3759; x_wconf 77' lang='lat' dir='ltr'><strong>Cyrillo</strong></span> <span class='ocrx_word' id='word_1_552' title='bbox 3512 3679 3662 3760; x_wconf 73' lang='lat' dir='ltr'><strong>inju-</strong></span> 
     </span>
    </p>
   </div>
   <div class='ocr_carea' id='block_1_84' title="bbox 2153 3759 3663 3881">
    <p class='ocr_par' dir='ltr' id='par_1_84' title="bbox 2153 3759 3663 3881">
     <span class='ocr_line' id='line_1_85' title="bbox 2153 3759 3663 3881; baseline 0.001 -69"><span class='ocrx_word' id='word_1_553' title='bbox 2153 3760 2317 3881; x_wconf 56' lang='lat' dir='ltr'><strong>r5083:</strong></span> <span class='ocrx_word' id='word_1_554' title='bbox 2353 3759 2469 3815; x_wconf 82' lang='lat' dir='ltr'><strong>XII.</strong></span> <span class='ocrx_word' id='word_1_555' title='bbox 2498 3760 2798 3817; x_wconf 79' lang='lat' dir='ltr'><strong>Gennadius</strong></span> <span class='ocrx_word' id='word_1_556' title='bbox 2825 3760 2946 3814; x_wconf 86' lang='lat' dir='ltr'><strong>inde</strong></span> <span class='ocrx_word' id='word_1_557' title='bbox 2979 3762 3228 3815; x_wconf 83' lang='lat' dir='ltr'><strong>adversus</strong></span> <span class='ocrx_word' id='word_1_558' title='bbox 3269 3759 3527 3832; x_wconf 82' lang='lat' dir='ltr'><strong>Cyrillum</strong></span> <span class='ocrx_word' id='word_1_559' title='bbox 3572 3777 3663 3813; x_wconf 82' lang='lat' dir='ltr'><strong>ac-</strong></span> 
     </span>
     <span class='ocr_line' id='line_1_86' title="bbox 2162 3839 2422 3881; baseline 0 0"><span class='ocrx_word' id='word_1_560' title='bbox 2162 3844 2254 3881; x_wconf 88' lang='lat' dir='ltr'><strong>cen</strong></span> <span class='ocrx_word' id='word_1_561' title='bbox 2293 3839 2422 3881; x_wconf 75' lang='lat' dir='ltr'><strong>itur.</strong></span> 
     </span>
    </p>
   </div>
   <div class='ocr_carea' id='block_1_85' title="bbox 2162 3831 2422 3883">
    <p class='ocr_par' dir='ltr' id='par_1_85' title="bbox 2162 3831 2422 3883">
     <span class='ocr_line' id='line_1_87' title="bbox 2162 3831 2422 3883; baseline 0.004 -1"><span class='ocrx_word' id='word_1_562' title='bbox 2162 3831 2422 3883; x_wconf 86' lang='lat' dir='ltr'><strong>cenditur.</strong></span> 
     </span>
    </p>
   </div>
   <div class='ocr_carea' id='block_1_86' title="bbox 2467 3939 3283 3994">
    <p class='ocr_par' dir='ltr' id='par_1_86' title="bbox 2467 3939 3283 3994">
     <span class='ocr_line' id='line_1_88' title="bbox 2467 3939 3283 3994; baseline 0.001 -2"><span class='ocrx_word' id='word_1_563' title='bbox 2467 3939 2484 3960; x_wconf 83' lang='lat'><strong>‘</strong></span> <span class='ocrx_word' id='word_1_564' title='bbox 2508 3941 2584 3992; x_wconf 82' lang='lat' dir='ltr'><strong>Ab</strong></span> <span class='ocrx_word' id='word_1_565' title='bbox 2603 3954 2733 3992; x_wconf 89' lang='lat' dir='ltr'><strong>anno</strong></span> <span class='ocrx_word' id='word_1_566' title='bbox 2755 3941 2935 3994; x_wconf 90' lang='lat' dir='ltr'><strong>Christi</strong></span> <span class='ocrx_word' id='word_1_567' title='bbox 2957 3942 3050 3992; x_wconf 63' lang='lat'><strong>428</strong></span> <span class='ocrx_word' id='word_1_568' title='bbox 3083 3945 3143 3994; x_wconf 87' lang='lat' dir='ltr'><strong>ad</strong></span> <span class='ocrx_word' id='word_1_569' title='bbox 3178 3945 3283 3993; x_wconf 63' lang='lat' dir='ltr'><strong>45L</strong></span> 
     </span>
    </p>
   </div>
   <div class='ocr_carea' id='block_1_87' title="bbox 2159 4041 3660 4118">
    <p class='ocr_par' dir='ltr' id='par_1_87' title="bbox 2159 4041 3660 4118">
     <span class='ocr_line' id='line_1_89' title="bbox 2159 4041 3660 4118; baseline 0.003 -20"><span class='ocrx_word' id='word_1_570' title='bbox 2159 4043 2200 4098; x_wconf 94' lang='lat' dir='ltr'><strong>I.</strong></span> <span class='ocrx_word' id='word_1_571' title='bbox 2222 4043 2411 4099; x_wconf 84' lang='lat' dir='ltr'><strong>Annos</strong></span> <span class='ocrx_word' id='word_1_572' title='bbox 2427 4041 2542 4099; x_wconf 87' lang='lat' dir='ltr'><strong>fere</strong></span> <span class='ocrx_word' id='word_1_573' title='bbox 2574 4053 2696 4099; x_wconf 90' lang='lat' dir='ltr'><strong>octo</strong></span> <span class='ocrx_word' id='word_1_574' title='bbox 2720 4045 2776 4100; x_wconf 90' lang='lat' dir='ltr'><strong>in</strong></span> <span class='ocrx_word' id='word_1_575' title='bbox 2811 4045 3124 4115; x_wconf 87' lang='lat' dir='ltr'><strong>episcopatu</strong></span> <span class='ocrx_word' id='word_1_576' title='bbox 3147 4046 3522 4102; x_wconf 81' lang='lat' dir='ltr'><strong>Theodoretus</strong></span> <span class='ocrx_word' id='word_1_577' title='bbox 3547 4049 3660 4118; x_wconf 86' lang='lat' dir='ltr'><strong>jam</strong></span> 
     </span>
    </p>
   </div>
   <div class='ocr_carea' id='block_1_88' title="bbox 2087 4133 3659 4208">
    <p class='ocr_par' dir='ltr' id='par_1_88' title="bbox 2087 4133 3659 4208">
     <span class='ocr_line' id='line_1_90' title="bbox 2087 4133 3659 4208; baseline 0.004 -22"><span class='ocrx_word' id='word_1_578' title='bbox 2087 4141 2312 4201; x_wconf 88' lang='lat' dir='ltr'><strong>egerat,</strong></span> <span class='ocrx_word' id='word_1_579' title='bbox 2371 4148 2498 4188; x_wconf 88' lang='lat' dir='ltr'><strong>cum</strong></span> <span class='ocrx_word' id='word_1_580' title='bbox 2539 4133 2800 4190; x_wconf 88' lang='lat' dir='ltr'><strong>defuncto</strong></span> <span class='ocrx_word' id='word_1_581' title='bbox 2853 4135 3097 4193; x_wconf 90' lang='lat' dir='ltr'><strong>Sisinnio</strong></span> <span class='ocrx_word' id='word_1_582' title='bbox 3135 4138 3300 4208; x_wconf 70' lang='lat' dir='ltr'><strong>regite</strong></span> <span class='ocrx_word' id='word_1_583' title='bbox 3343 4138 3495 4192; x_wconf 80' lang='lat' dir='ltr'><strong>urbis</strong></span> <span class='ocrx_word' id='word_1_584' title='bbox 3538 4139 3659 4208; x_wconf 87' lang='lat' dir='ltr'><strong>epi-</strong></span> 
     </span>
    </p>
   </div>
   <div class='ocr_carea' id='block_1_89' title="bbox 2087 4221 3659 4293">
    <p class='ocr_par' dir='ltr' id='par_1_89' title="bbox 2087 4221 3659 4293">
     <span class='ocr_line' id='line_1_91' title="bbox 2087 4221 3659 4293; baseline 0.004 -20"><span class='ocrx_word' id='word_1_585' title='bbox 2087 4233 2276 4290; x_wconf 88' lang='lat' dir='ltr'><strong>scopo,</strong></span> <span class='ocrx_word' id='word_1_586' title='bbox 2315 4221 2594 4290; x_wconf 90' lang='lat' dir='ltr'><strong>cleroque,</strong></span> <span class='ocrx_word' id='word_1_587' title='bbox 2635 4221 2780 4278; x_wconf 90' lang='lat' dir='ltr'><strong>inter</strong></span> <span class='ocrx_word' id='word_1_588' title='bbox 2817 4224 3090 4293; x_wconf 84' lang='lat' dir='ltr'><strong>agendum</strong></span> <span class='ocrx_word' id='word_1_589' title='bbox 3121 4223 3190 4280; x_wconf 91' lang='lat' dir='ltr'><strong>de</strong></span> <span class='ocrx_word' id='word_1_590' title='bbox 3227 4241 3568 4288; x_wconf 87' lang='lat' dir='ltr'><strong>successore,</strong></span> <span class='ocrx_word' id='word_1_591' title='bbox 3604 4227 3659 4280; x_wconf 85' lang='lat' dir='ltr'><strong>in</strong></span> 
     </span>
    </p>
   </div>
   <div class='ocr_carea' id='block_1_90' title="bbox 2086 4308 3657 4386">
    <p class='ocr_par' dir='ltr' id='par_1_90' title="bbox 2086 4308 3657 4386">
     <span class='ocr_line' id='line_1_92' title="bbox 2086 4308 3657 4386; baseline 0.006 -24"><span class='ocrx_word' id='word_1_592' title='bbox 2086 4316 2271 4378; x_wconf 88' lang='lat' dir='ltr'><strong>partes</strong></span> <span class='ocrx_word' id='word_1_593' title='bbox 2326 4308 2520 4373; x_wconf 84' lang='lat' dir='ltr'><strong>diviso,</strong></span> <span class='ocrx_word' id='word_1_594' title='bbox 2577 4309 2875 4379; x_wconf 87' lang='lat' dir='ltr'><strong>imperator</strong></span> <span class='ocrx_word' id='word_1_595' title='bbox 2931 4313 3291 4381; x_wconf 85' lang='lat' dir='ltr'><strong>Theodosius,</strong></span> <span class='ocrx_word' id='word_1_596' title='bbox 3345 4332 3457 4386; x_wconf 90' lang='lat' dir='ltr'><strong>quo</strong></span> <span class='ocrx_word' id='word_1_597' title='bbox 3507 4317 3657 4372; x_wconf 86' lang='lat' dir='ltr'><strong>litem</strong></span> 
     </span>
    </p>
   </div>
   <div class='ocr_carea' id='block_1_91' title="bbox 2088 4399 3659 4466">
    <p class='ocr_par' dir='ltr' id='par_1_91' title="bbox 2088 4399 3659 4466">
     <span class='ocr_line' id='line_1_93' title="bbox 2088 4399 3659 4466; baseline 0.007 -14"><span class='ocrx_word' id='word_1_598' title='bbox 2088 4407 2473 4466; x_wconf 87' lang='lat' dir='ltr'><strong>componeret,</strong></span> <span class='ocrx_word' id='word_1_599' title='bbox 2539 4399 2833 4457; x_wconf 82' lang='lat' dir='ltr'><strong>Antiochia</strong></span> <span class='ocrx_word' id='word_1_600' title='bbox 2897 4403 3214 4460; x_wconf 88' lang='lat' dir='ltr'><strong>Nestorium</strong></span> <span class='ocrx_word' id='word_1_601' title='bbox 3267 4407 3659 4462; x_wconf 88' lang='lat' dir='ltr'><strong>accersendum</strong></span> 
     </span>
    </p>
   </div>
   <div class='ocr_carea' id='block_1_92' title="bbox 410 4475 3660 4569">
    <p class='ocr_par' dir='ltr' id='par_1_92' title="bbox 410 4475 3660 4569">
     <span class='ocr_line' id='line_1_94' title="bbox 410 4475 3660 4569; baseline 0.008 -39"><span class='ocrx_word' id='word_1_602' title='bbox 410 4475 514 4569; x_wconf 74' lang='lat' dir='ltr'><strong>ris.</strong></span> <span class='ocrx_word' id='word_1_603' title='bbox 551 4483 607 4530; x_wconf 87' lang='lat' dir='ltr'><strong>et</strong></span> <span class='ocrx_word' id='word_1_604' title='bbox 645 4475 924 4569; x_wconf 83' lang='lat' dir='ltr'><strong>ingenium</strong></span> <span class='ocrx_word' id='word_1_605' title='bbox 963 4485 1292 4533; x_wconf 89' lang='lat' dir='ltr'><strong>actuosum:</strong></span> <span class='ocrx_word' id='word_1_606' title='bbox 1331 4479 1427 4534; x_wconf 88' lang='lat' dir='ltr'><strong>sed</strong></span> <span class='ocrx_word' id='word_1_607' title='bbox 1475 4479 1528 4534; x_wconf 93' lang='lat' dir='ltr'><strong>id</strong></span> <span class='ocrx_word' id='word_1_608' title='bbox 1579 4479 1800 4550; x_wconf 87' lang='lat' dir='ltr'><strong>opinari</strong></span> <span class='ocrx_word' id='word_1_609' title='bbox 1833 4488 1982 4537; x_wconf 88' lang='lat' dir='ltr'><strong>vetat</strong></span> <span class='ocrx_word' id='word_1_610' title='bbox 2015 4479 2058 4533; x_wconf 77' lang='grc' dir='ltr'><strong>Β</strong></span> <span class='ocrx_word' id='word_1_611' title='bbox 2085 4487 2358 4548; x_wconf 91' lang='lat' dir='ltr'><strong>credidit.</strong></span> <span class='ocrx_word' id='word_1_612' title='bbox 2419 4489 2784 4562; x_wconf 82' lang='lat' dir='ltr'><strong>Ecclesiaeque</strong></span> <span class='ocrx_word' id='word_1_613' title='bbox 2847 4492 3457 4566; x_wconf 45' lang='lat' dir='ltr'><strong>Constantinopolitanae</strong></span> <span class='ocrx_word' id='word_1_614' title='bbox 3523 4515 3660 4569; x_wconf 70' lang='lat' dir='ltr'><strong>prae-</strong></span> 
     </span>
    </p>
   </div>
   <div class='ocr_carea' id='block_1_93' title="bbox 411 4567 1980 4641">
    <p class='ocr_par' dir='ltr' id='par_1_93' title="bbox 411 4567 1980 4641">
     <span class='ocr_line' id='line_1_95' title="bbox 411 4567 1980 4641; baseline 0.007 -22"><span class='ocrx_word' id='word_1_615' title='bbox 411 4567 555 4621; x_wconf 89' lang='lat' dir='ltr'><strong>ratio</strong></span> <span class='ocrx_word' id='word_1_616' title='bbox 607 4568 906 4632; x_wconf 86' lang='lat' dir='ltr'><strong>temporis;</strong></span> <span class='ocrx_word' id='word_1_617' title='bbox 962 4583 1090 4622; x_wconf 89' lang='lat' dir='ltr'><strong>nam</strong></span> <span class='ocrx_word' id='word_1_618' title='bbox 1143 4570 1378 4638; x_wconf 90' lang='lat' dir='ltr'><strong>primum</strong></span> <span class='ocrx_word' id='word_1_619' title='bbox 1419 4586 1558 4641; x_wconf 91' lang='lat' dir='ltr'><strong>opus</strong></span> <span class='ocrx_word' id='word_1_620' title='bbox 1600 4573 1746 4628; x_wconf 87' lang='lat' dir='ltr'><strong>circa</strong></span> <span class='ocrx_word' id='word_1_621' title='bbox 1775 4589 1980 4631; x_wconf 90' lang='lat' dir='ltr'><strong>annum</strong></span> 
     </span>
    </p>
   </div>
   <div class='ocr_carea' id='block_1_94' title="bbox 409 4655 1982 4733">
    <p class='ocr_par' dir='ltr' id='par_1_94' title="bbox 409 4655 1982 4733">
     <span class='ocr_line' id='line_1_96' title="bbox 409 4655 1982 4733; baseline 0.006 -23"><span class='ocrx_word' id='word_1_622' title='bbox 409 4655 516 4710; x_wconf 63' lang='lat'><strong>£25</strong></span> <span class='ocrx_word' id='word_1_623' title='bbox 538 4655 731 4710; x_wconf 91' lang='lat' dir='ltr'><strong>edidit.</strong></span> <span class='ocrx_word' id='word_1_624' title='bbox 763 4656 940 4722; x_wconf 86' lang='lat' dir='ltr'><strong>Quare</strong></span> <span class='ocrx_word' id='word_1_625' title='bbox 973 4656 1218 4726; x_wconf 86' lang='lat' dir='ltr'><strong>quinque</strong></span> <span class='ocrx_word' id='word_1_626' title='bbox 1241 4657 1458 4728; x_wconf 87' lang='lat' dir='ltr'><strong>priores</strong></span> <span class='ocrx_word' id='word_1_627' title='bbox 1490 4675 1662 4717; x_wconf 89' lang='lat' dir='ltr'><strong>annos</strong></span> <span class='ocrx_word' id='word_1_628' title='bbox 1702 4663 1886 4733; x_wconf 91' lang='lat' dir='ltr'><strong>posuit</strong></span> <span class='ocrx_word' id='word_1_629' title='bbox 1925 4664 1982 4720; x_wconf 88' lang='lat' dir='ltr'><strong>in</strong></span> 
     </span>
    </p>
   </div>
   <div class='ocr_carea' id='block_1_95' title="bbox 409 4745 1982 4824">
    <p class='ocr_par' dir='ltr' id='par_1_95' title="bbox 409 4745 1982 4824">
     <span class='ocr_line' id='line_1_97' title="bbox 409 4745 1982 4824; baseline 0.007 -25"><span class='ocrx_word' id='word_1_630' title='bbox 409 4746 526 4800; x_wconf 88' lang='lat' dir='ltr'><strong>suis</strong></span> <span class='ocrx_word' id='word_1_631' title='bbox 557 4745 892 4818; x_wconf 79' lang='lat' dir='ltr'><strong>Cyrensibus</strong></span> <span class='ocrx_word' id='word_1_632' title='bbox 915 4746 983 4801; x_wconf 90' lang='lat' dir='ltr'><strong>ad</strong></span> <span class='ocrx_word' id='word_1_633' title='bbox 1018 4762 1200 4802; x_wconf 88' lang='lat' dir='ltr'><strong>veram</strong></span> <span class='ocrx_word' id='word_1_634' title='bbox 1223 4747 1485 4818; x_wconf 90' lang='lat' dir='ltr'><strong>pietatem</strong></span> <span class='ocrx_word' id='word_1_635' title='bbox 1520 4753 1836 4809; x_wconf 79' lang='lat' dir='ltr'><strong>excolendis</strong></span> <span class='ocrx_word' id='word_1_636' title='bbox 1852 4770 1982 4824; x_wconf 90' lang='lat' dir='ltr'><strong>pro—</strong></span> 
     </span>
    </p>
   </div>
   <div class='ocr_carea' id='block_1_96' title="bbox 409 4835 1978 4911">
    <p class='ocr_par' dir='ltr' id='par_1_96' title="bbox 409 4835 1978 4911">
     <span class='ocr_line' id='line_1_98' title="bbox 409 4835 1978 4911; baseline 0.008 -22"><span class='ocrx_word' id='word_1_637' title='bbox 409 4835 766 4907; x_wconf 80' lang='lat' dir='ltr'><strong>fligandisque</strong></span> <span class='ocrx_word' id='word_1_638' title='bbox 813 4837 1224 4908; x_wconf 81' lang='lat' dir='ltr'><strong>haereticis,qui</strong></span> <span class='ocrx_word' id='word_1_639' title='bbox 1265 4847 1396 4896; x_wconf 90' lang='lat' dir='ltr'><strong>tunc</strong></span> <span class='ocrx_word' id='word_1_640' title='bbox 1425 4842 1700 4903; x_wconf 70' lang='lat' dir='ltr'><strong>vigebant.</strong></span> <span class='ocrx_word' id='word_1_641' title='bbox 1738 4844 1978 4911; x_wconf 90' lang='lat' dir='ltr'><strong>Arianis,</strong></span> 
     </span>
    </p>
   </div>
   <div class='ocr_carea' id='block_1_97' title="bbox 409 4927 1983 4999">
    <p class='ocr_par' dir='ltr' id='par_1_97' title="bbox 409 4927 1983 4999">
     <span class='ocr_line' id='line_1_99' title="bbox 409 4927 1983 4999; baseline 0.009 -18"><span class='ocrx_word' id='word_1_642' title='bbox 409 4927 831 4992; x_wconf 81' lang='lat' dir='ltr'><strong>Macedonianis,</strong></span> <span class='ocrx_word' id='word_1_643' title='bbox 853 4935 1017 4997; x_wconf 89' lang='lat' dir='ltr'><strong>atque</strong></span> <span class='ocrx_word' id='word_1_644' title='bbox 1037 4929 1459 4999; x_wconf 80' lang='lat' dir='ltr'><strong>Apollinaristis.</strong></span> <span class='ocrx_word' id='word_1_645' title='bbox 1485 4933 1596 4988; x_wconf 89' lang='lat' dir='ltr'><strong>llos</strong></span> <span class='ocrx_word' id='word_1_646' title='bbox 1625 4937 1983 4996; x_wconf 87' lang='lat' dir='ltr'><strong>concionibus</strong></span> 
     </span>
    </p>
   </div>
   <div class='ocr_carea' id='block_1_98' title="bbox 411 5018 1982 5094">
    <p class='ocr_par' dir='ltr' id='par_1_98' title="bbox 411 5018 1982 5094">
     <span class='ocr_line' id='line_1_100' title="bbox 411 5018 1982 5094; baseline 0.01 -24"><span class='ocrx_word' id='word_1_647' title='bbox 411 5018 645 5086; x_wconf 87' lang='lat' dir='ltr'><strong>primum</strong></span> <span class='ocrx_word' id='word_1_648' title='bbox 681 5019 1038 5090; x_wconf 79' lang='lat' dir='ltr'><strong>oppugnavit,</strong></span> <span class='ocrx_word' id='word_1_649' title='bbox 1075 5034 1201 5075; x_wconf 79' lang='lat' dir='ltr'><strong>mox</strong></span> <span class='ocrx_word' id='word_1_650' title='bbox 1224 5021 1402 5087; x_wconf 90' lang='lat' dir='ltr'><strong>libris,</strong></span> <span class='ocrx_word' id='word_1_651' title='bbox 1427 5040 1586 5094; x_wconf 89' lang='lat' dir='ltr'><strong>quos,</strong></span> <span class='ocrx_word' id='word_1_652' title='bbox 1613 5035 1675 5080; x_wconf 92' lang='lat' dir='ltr'><strong>ut</strong></span> <span class='ocrx_word' id='word_1_653' title='bbox 1701 5028 1770 5082; x_wconf 93' lang='lat' dir='ltr'><strong>ab</strong></span> <span class='ocrx_word' id='word_1_654' title='bbox 1799 5032 1982 5085; x_wconf 89' lang='lat' dir='ltr'><strong>omni-</strong></span> 
     </span>
    </p>
   </div>
   <div class='ocr_carea' id='block_1_99' title="bbox 413 5108 1982 5190">
    <p class='ocr_par' dir='ltr' id='par_1_99' title="bbox 413 5108 1982 5190">
     <span class='ocr_line' id='line_1_101' title="bbox 413 5108 1982 5190; baseline 0.01 -29"><span class='ocrx_word' id='word_1_655' title='bbox 413 5109 516 5163; x_wconf 87' lang='lat' dir='ltr'><strong>bus</strong></span> <span class='ocrx_word' id='word_1_656' title='bbox 562 5108 775 5165; x_wconf 87' lang='lat' dir='ltr'><strong>facilius</strong></span> <span class='ocrx_word' id='word_1_657' title='bbox 825 5110 1157 5181; x_wconf 86' lang='lat' dir='ltr'><strong>legerentur,</strong></span> <span class='ocrx_word' id='word_1_658' title='bbox 1185 5112 1525 5186; x_wconf 77' lang='lat' dir='ltr'><strong>dialogorum</strong></span> <span class='ocrx_word' id='word_1_659' title='bbox 1561 5132 1716 5172; x_wconf 90' lang='lat' dir='ltr'><strong>more</strong></span> <span class='ocrx_word' id='word_1_660' title='bbox 1760 5134 1982 5190; x_wconf 91' lang='lat' dir='ltr'><strong>compo-</strong></span> 
     </span>
    </p>
   </div>
   <div class='ocr_carea' id='block_1_100' title="bbox 415 5195 1980 5277">
    <p class='ocr_par' dir='ltr' id='par_1_100' title="bbox 415 5195 1980 5277">
     <span class='ocr_line' id='line_1_102' title="bbox 415 5195 1980 5277; baseline 0.009 -24"><span class='ocrx_word' id='word_1_661' title='bbox 415 5195 522 5253; x_wconf 72' lang='lat' dir='ltr'><strong>suit</strong></span> <span class='ocrx_word' id='word_1_662' title='bbox 557 5213 573 5254; x_wconf 88' lang='lat'><strong>:</strong></span> <span class='ocrx_word' id='word_1_663' title='bbox 608 5199 824 5256; x_wconf 90' lang='lat' dir='ltr'><strong>duobus</strong></span> <span class='ocrx_word' id='word_1_664' title='bbox 850 5200 1014 5274; x_wconf 87' lang='lat' dir='ltr'><strong>igitur</strong></span> <span class='ocrx_word' id='word_1_665' title='bbox 1045 5202 1293 5266; x_wconf 84' lang='lat' dir='ltr'><strong>Arianos.</strong></span> <span class='ocrx_word' id='word_1_666' title='bbox 1334 5221 1430 5261; x_wconf 90' lang='lat' dir='ltr'><strong>seu</strong></span> <span class='ocrx_word' id='word_1_667' title='bbox 1463 5207 1646 5277; x_wconf 88' lang='lat' dir='ltr'><strong>potius</strong></span> <span class='ocrx_word' id='word_1_668' title='bbox 1682 5209 1980 5268; x_wconf 88' lang='lat' dir='ltr'><strong>Eunomia-</strong></span> 
     </span>
    </p>
   </div>
   <div class='ocr_carea' id='block_1_101' title="bbox 2092 4580 2406 4636">
    <p class='ocr_par' dir='ltr' id='par_1_101' title="bbox 2092 4580 2406 4636">
     <span class='ocr_line' id='line_1_103' title="bbox 2092 4580 2406 4636; baseline 0.006 -2"><span class='ocrx_word' id='word_1_669' title='bbox 2092 4580 2406 4636; x_wconf 76' lang='lat' dir='ltr'><strong>ﬁciendum.</strong></span> 
     </span>
    </p>
   </div>
   <div class='ocr_carea' id='block_1_102' title="bbox 2159 4673 3657 4748">
    <p class='ocr_par' dir='ltr' id='par_1_102' title="bbox 2159 4673 3657 4748">
     <span class='ocr_line' id='line_1_104' title="bbox 2159 4673 3657 4748; baseline 0.007 -20"><span class='ocrx_word' id='word_1_670' title='bbox 2159 4673 2226 4728; x_wconf 92' lang='lat' dir='ltr'><strong>lI.</strong></span> <span class='ocrx_word' id='word_1_671' title='bbox 2254 4673 2388 4729; x_wconf 86' lang='lat' dir='ltr'><strong>Erat</strong></span> <span class='ocrx_word' id='word_1_672' title='bbox 2419 4675 2510 4731; x_wconf 92' lang='lat' dir='ltr'><strong>ille</strong></span> <span class='ocrx_word' id='word_1_673' title='bbox 2543 4677 2859 4748; x_wconf 85' lang='lat' dir='ltr'><strong>eloquentia</strong></span> <span class='ocrx_word' id='word_1_674' title='bbox 2888 4687 2944 4735; x_wconf 89' lang='lat' dir='ltr'><strong>et</strong></span> <span class='ocrx_word' id='word_1_675' title='bbox 2981 4680 3102 4736; x_wconf 63' lang='lat' dir='ltr'><strong>vita:</strong></span> <span class='ocrx_word' id='word_1_676' title='bbox 3126 4681 3378 4736; x_wconf 88' lang='lat' dir='ltr'><strong>instituto</strong></span> <span class='ocrx_word' id='word_1_677' title='bbox 3402 4681 3657 4744; x_wconf 89' lang='lat' dir='ltr'><strong>celebris,</strong></span> 
     </span>
    </p>
   </div>
   <div class='ocr_carea' id='block_1_103' title="bbox 2088 4761 3658 4840">
    <p class='ocr_par' dir='ltr' id='par_1_103' title="bbox 2088 4761 3658 4840">
     <span class='ocr_line' id='line_1_105' title="bbox 2088 4761 3658 4840; baseline 0.006 -24"><span class='ocrx_word' id='word_1_678' title='bbox 2088 4761 2486 4834; x_wconf 88' lang='lat' dir='ltr'><strong>videbaturque</strong></span> <span class='ocrx_word' id='word_1_679' title='bbox 2531 4765 2704 4836; x_wconf 89' lang='lat' dir='ltr'><strong>ipsius</strong></span> <span class='ocrx_word' id='word_1_680' title='bbox 2743 4769 2908 4823; x_wconf 87' lang='lat' dir='ltr'><strong>etiam</strong></span> <span class='ocrx_word' id='word_1_681' title='bbox 2933 4769 3326 4840; x_wconf 85' lang='lat' dir='ltr'><strong>Chrysostomi,</strong></span> <span class='ocrx_word' id='word_1_682' title='bbox 3370 4772 3658 4827; x_wconf 86' lang='lat' dir='ltr'><strong>Antiochia</strong></span> 
     </span>
    </p>
   </div>
   <div class='ocr_carea' id='block_1_104' title="bbox 2088 4853 3656 4933">
    <p class='ocr_par' dir='ltr' id='par_1_104' title="bbox 2088 4853 3656 4933">
     <span class='ocr_line' id='line_1_106' title="bbox 2088 4853 3656 4933; baseline 0.007 -26"><span class='ocrx_word' id='word_1_683' title='bbox 2088 4853 2220 4908; x_wconf 88' lang='lat' dir='ltr'><strong>olim</strong></span> <span class='ocrx_word' id='word_1_684' title='bbox 2276 4857 2508 4922; x_wconf 87' lang='lat' dir='ltr'><strong>evocati,</strong></span> <span class='ocrx_word' id='word_1_685' title='bbox 2557 4874 2668 4914; x_wconf 92' lang='lat' dir='ltr'><strong>non</strong></span> <span class='ocrx_word' id='word_1_686' title='bbox 2716 4859 2981 4916; x_wconf 85' lang='lat' dir='ltr'><strong>absimilis</strong></span> <span class='ocrx_word' id='word_1_687' title='bbox 3023 4861 3279 4917; x_wconf 87' lang='lat' dir='ltr'><strong>futurus:</strong></span> <span class='ocrx_word' id='word_1_688' title='bbox 3313 4879 3485 4933; x_wconf 88' lang='lat' dir='ltr'><strong>quare</strong></span> <span class='ocrx_word' id='word_1_689' title='bbox 3537 4878 3656 4918; x_wconf 90' lang='lat' dir='ltr'><strong>om-</strong></span> 
     </span>
    </p>
   </div>
   <div class='ocr_carea' id='block_1_105' title="bbox 2087 4944 3658 5026">
    <p class='ocr_par' dir='ltr' id='par_1_105' title="bbox 2087 4944 3658 5026">
     <span class='ocr_line' id='line_1_107' title="bbox 2087 4944 3658 5026; baseline 0.009 -30"><span class='ocrx_word' id='word_1_690' title='bbox 2087 4944 2278 5010; x_wconf 90' lang='lat' dir='ltr'><strong>nium,</strong></span> <span class='ocrx_word' id='word_1_691' title='bbox 2350 4957 2710 5018; x_wconf 62' lang='lat' dir='ltr'><strong>prmterquam</strong></span> <span class='ocrx_word' id='word_1_692' title='bbox 2760 4951 3087 5006; x_wconf 91' lang='lat' dir='ltr'><strong>clericorum</strong></span> <span class='ocrx_word' id='word_1_693' title='bbox 3158 4957 3658 5026; x_wconf 88' lang='lat' dir='ltr'><strong>monachorumque</strong></span> 
     </span>
    </p>
   </div>
   <div class='ocr_carea' id='block_1_106' title="bbox 2089 5037 3656 5114">
    <p class='ocr_par' dir='ltr' id='par_1_106' title="bbox 2089 5037 3656 5114">
     <span class='ocr_line' id='line_1_108' title="bbox 2089 5037 3656 5114; baseline 0.01 -24"><span class='ocrx_word' id='word_1_694' title='bbox 2089 5037 2232 5091; x_wconf 86' lang='lat' dir='ltr'><strong>votis</strong></span> <span class='ocrx_word' id='word_1_695' title='bbox 2271 5048 2547 5106; x_wconf 63' lang='lat' dir='ltr'><strong>expetitus</strong></span> <span class='ocrx_word' id='word_1_696' title='bbox 2581 5040 3109 5114; x_wconf 88' lang='lat' dir='ltr'><strong>Constantinopolim</strong></span> <span class='ocrx_word' id='word_1_697' title='bbox 3143 5047 3312 5112; x_wconf 87' lang='lat' dir='ltr'><strong>venit,</strong></span> <span class='ocrx_word' id='word_1_698' title='bbox 3341 5049 3656 5105; x_wconf 88' lang='lat' dir='ltr'><strong>ordinatus-</strong></span> 
     </span>
    </p>
   </div>
   <div class='ocr_carea' id='block_1_107' title="bbox 2087 5128 3232 5215">
    <p class='ocr_par' dir='ltr' id='par_1_107' title="bbox 2087 5128 3232 5215">
     <span class='ocr_line' id='line_1_109' title="bbox 2087 5128 3232 5215; baseline 0.012 -38"><span class='ocrx_word' id='word_1_699' title='bbox 2087 5141 2195 5196; x_wconf 91' lang='lat' dir='ltr'><strong>que</strong></span> <span class='ocrx_word' id='word_1_700' title='bbox 2222 5135 2308 5182; x_wconf 62' lang='grc' dir='ltr'><strong>εει</strong></span> <span class='ocrx_word' id='word_1_701' title='bbox 2340 5128 2429 5184; x_wconf 91' lang='lat' dir='ltr'><strong>die</strong></span> <span class='ocrx_word' id='word_1_702' title='bbox 2461 5130 2671 5186; x_wconf 89' lang='lat' dir='ltr'><strong>decima</strong></span> <span class='ocrx_word' id='word_1_703' title='bbox 2709 5132 2911 5202; x_wconf 85' lang='lat' dir='ltr'><strong>Aprilis</strong></span> <span class='ocrx_word' id='word_1_704' title='bbox 2942 5135 3071 5215; x_wconf 80' lang='lat' dir='ltr'><strong>anni</strong></span> <span class='ocrx_word' id='word_1_705' title='bbox 3105 5136 3232 5192; x_wconf 72' lang='grc'><strong>428.</strong></span> 
     </span>
    </p>
   </div>
   <div class='ocr_carea' id='block_1_108' title="bbox 2161 5218 3653 5292">
    <p class='ocr_par' dir='ltr' id='par_1_108' title="bbox 2161 5218 3653 5292">
     <span class='ocr_line' id='line_1_110' title="bbox 2161 5218 3653 5292; baseline 0.012 -21"><span class='ocrx_word' id='word_1_706' title='bbox 2161 5218 2252 5272; x_wconf 92' lang='lat' dir='ltr'><strong>Ill.</strong></span> <span class='ocrx_word' id='word_1_707' title='bbox 2289 5219 2512 5274; x_wconf 65' lang='lat' dir='ltr'><strong>Viaerat</strong></span> <span class='ocrx_word' id='word_1_708' title='bbox 2557 5222 2744 5292; x_wconf 89' lang='lat' dir='ltr'><strong>plures</strong></span> <span class='ocrx_word' id='word_1_709' title='bbox 2799 5238 2975 5280; x_wconf 88' lang='lat' dir='ltr'><strong>annos</strong></span> <span class='ocrx_word' id='word_1_710' title='bbox 3029 5241 3155 5282; x_wconf 88' lang='lat' dir='ltr'><strong>cum</strong></span> <span class='ocrx_word' id='word_1_711' title='bbox 3201 5229 3547 5288; x_wconf 88' lang='lat' dir='ltr'><strong>Theodoreto</strong></span> <span class='ocrx_word' id='word_1_712' title='bbox 3598 5231 3653 5287; x_wconf 91' lang='lat' dir='ltr'><strong>in</strong></span> 
     </span>
    </p>
   </div>
   <div class='ocr_carea' id='block_1_109' title="bbox 1755 5387 2331 5449">
    <p class='ocr_par' dir='ltr' id='par_1_109' title="bbox 1755 5387 2331 5449">
     <span class='ocr_line' id='line_1_111' title="bbox 1755 5387 2331 5449; baseline 0.005 -3"><span class='ocrx_word' id='word_1_713' title='bbox 1755 5387 2066 5448; x_wconf 86' lang='lat' dir='ltr'><strong>SCIIULZII</strong></span> <span class='ocrx_word' id='word_1_714' title='bbox 2105 5390 2331 5449; x_wconf 68' lang='grc' dir='ltr'><strong>ΝΟΤΕ.</strong></span> 
     </span>
    </p>
   </div>
   <div class='ocr_carea' id='block_1_110' title="bbox 488 5547 856 5620">
    <p class='ocr_par' dir='ltr' id='par_1_110' title="bbox 488 5547 856 5620">
     <span class='ocr_line' id='line_1_112' title="bbox 488 5547 856 5620; baseline 0.014 -16"><span class='ocrx_word' id='word_1_715' title='bbox 488 5547 533 5580; x_wconf 63' lang='grc' dir='ltr'><strong>ιθ</strong></span> <span class='ocrx_word' id='word_1_716' title='bbox 559 5548 730 5620; x_wconf 71' lang='lat' dir='ltr'><strong>Epist.</strong></span> <span class='ocrx_word' id='word_1_717' title='bbox 770 5553 856 5608; x_wconf 78' lang='lat' dir='ltr'><strong>M.</strong></span> 
     </span>
    </p>
   </div>
   <div class='ocr_carea' id='block_1_111' title="bbox 968 5553 3653 5650">
    <p class='ocr_par' dir='ltr' id='par_1_111' title="bbox 968 5553 3653 5650">
     <span class='ocr_line' id='line_1_113' title="bbox 968 5553 3653 5650; baseline 0.014 -42"><span class='ocrx_word' id='word_1_718' title='bbox 968 5553 1647 5650; x_wconf 27' lang='lat' dir='ltr'><strong>“sani-535133339515.</strong></span> <span class='ocrx_word' id='word_1_719' title='bbox 1669 5567 1865 5650; x_wconf 42' lang='lat' dir='ltr'><strong>.Multis</strong></span> <span class='ocrx_word' id='word_1_720' title='bbox 1900 5570 2487 5650; x_wconf 64' lang='lat' dir='ltr'><strong>quidemst-gumentis</strong></span> <span class='ocrx_word' id='word_1_721' title='bbox 2519 5577 2659 5632; x_wconf 86' lang='lat' dir='ltr'><strong>hanc</strong></span> <span class='ocrx_word' id='word_1_722' title='bbox 2685 5577 3012 5650; x_wconf 75' lang='lat' dir='ltr'><strong>hypothesin</strong></span> <span class='ocrx_word' id='word_1_723' title='bbox 3040 5600 3306 5643; x_wconf 83' lang='lat' dir='ltr'><strong>exornare</strong></span> <span class='ocrx_word' id='word_1_724' title='bbox 3344 5588 3554 5644; x_wconf 89' lang='lat' dir='ltr'><strong>studuit</strong></span> <span class='ocrx_word' id='word_1_725' title='bbox 3596 5591 3653 5645; x_wconf 90' lang='lat' dir='ltr'><strong>in</strong></span> 
     </span>
    </p>
   </div>
   <div class='ocr_carea' id='block_1_112' title="bbox 409 5613 2983 5728">
    <p class='ocr_par' dir='ltr' id='par_1_112' title="bbox 409 5613 2983 5724">
     <span class='ocr_line' id='line_1_114' title="bbox 409 5613 2983 5724; baseline 0.015 -54"><span class='ocrx_word' id='word_1_726' title='bbox 409 5613 539 5672; x_wconf 84' lang='lat' dir='ltr'><strong>:Iiss.</strong></span> <span class='ocrx_word' id='word_1_727' title='bbox 562 5613 622 5685; x_wconf 68' lang='grc' dir='ltr'><strong>εξ</strong></span> <span class='ocrx_word' id='word_1_728' title='bbox 643 5635 684 5675; x_wconf 90' lang='lat' dir='ltr'><strong>c.</strong></span> <span class='ocrx_word' id='word_1_729' title='bbox 719 5621 772 5690; x_wconf 77' lang='lat'><strong>3,</strong></span> <span class='ocrx_word' id='word_1_730' title='bbox 809 5621 925 5694; x_wconf 61' lang='grc' dir='ltr'><strong>εἴη</strong></span> <span class='ocrx_word' id='word_1_731' title='bbox 959 5623 1054 5680; x_wconf 86' lang='lat' dir='ltr'><strong>sed</strong></span> <span class='ocrx_word' id='word_1_732' title='bbox 1083 5640 1276 5695; x_wconf 89' lang='lat' dir='ltr'><strong>parum</strong></span> <span class='ocrx_word' id='word_1_733' title='bbox 1315 5613 1647 5710; x_wconf 55' lang='lat' dir='ltr'><strong>mhi-cilia,</strong></span> <span class='ocrx_word' id='word_1_734' title='bbox 1665 5613 1867 5704; x_wconf 56' lang='lat' dir='ltr'><strong>i356</strong></span> <span class='ocrx_word' id='word_1_735' title='bbox 1895 5613 2983 5724; x_wconf 64' lang='grc' dir='ltr'><strong>ὶίἇῖεὲὶὶίῖἑξ</strong></span> 
     </span>
    </p>
   </div>
  </div>
