  <div class='ocr_page' id='page_1' title='image "/cluster/home/n/w/nwhite01/storage/ocr_20150623/84/hvd.32044073502213/063.png"; bbox 0 0 4060 6180; ppageno 0'>
   <div class='ocr_carea' id='block_1_1' title="bbox 437 233 534 301">
    <p class='ocr_par' dir='ltr' id='par_1_1' title="bbox 437 233 534 301">
     <span class='ocr_line' id='line_1_1' title="bbox 437 233 534 301; baseline 0 0"><span class='ocrx_word' id='word_1_1' title='bbox 437 233 534 301; x_wconf 72' lang='lat' dir='ltr'><strong>m7</strong></span> 
     </span>
    </p>
   </div>
   <div class='ocr_carea' id='block_1_2' title="bbox 1587 225 2585 301">
    <p class='ocr_par' dir='ltr' id='par_1_2' title="bbox 1587 225 2585 301">
     <span class='ocr_line' id='line_1_2' title="bbox 1587 225 2585 301; baseline 0 -15"><span class='ocrx_word' id='word_1_2' title='bbox 1587 226 1960 286; x_wconf 66' lang='lat' dir='ltr'><strong>CARNERII</strong></span> <span class='ocrx_word' id='word_1_3' title='bbox 2002 225 2498 301; x_wconf 71' lang='lat' dir='ltr'><strong>DISSERTATIO</strong></span> <span class='ocrx_word' id='word_1_4' title='bbox 2539 229 2585 287; x_wconf 85' lang='grc' dir='ltr'><strong>Ι.</strong></span> 
     </span>
    </p>
   </div>
   <div class='ocr_carea' id='block_1_3' title="bbox 3576 223 3679 291">
    <p class='ocr_par' dir='ltr' id='par_1_3' title="bbox 3576 223 3679 291">
     <span class='ocr_line' id='line_1_3' title="bbox 3576 223 3679 291; baseline 0.039 -5"><span class='ocrx_word' id='word_1_5' title='bbox 3576 223 3679 291; x_wconf 75' lang='grc'><strong>108</strong></span> 
     </span>
    </p>
   </div>
   <div class='ocr_carea' id='block_1_4' title="bbox 435 338 3673 410">
    <p class='ocr_par' dir='ltr' id='par_1_4' title="bbox 435 338 3673 410">
     <span class='ocr_line' id='line_1_4' title="bbox 435 338 3673 410; baseline -0.001 -14"><span class='ocrx_word' id='word_1_6' title='bbox 435 347 606 406; x_wconf 85' lang='lat' dir='ltr'><strong>alteri,</strong></span> <span class='ocrx_word' id='word_1_7' title='bbox 667 344 718 394; x_wconf 88' lang='lat' dir='ltr'><strong>in</strong></span> <span class='ocrx_word' id='word_1_8' title='bbox 754 357 858 410; x_wconf 84' lang='lat' dir='ltr'><strong>qua</strong></span> <span class='ocrx_word' id='word_1_9' title='bbox 904 341 1043 391; x_wconf 75' lang='lat' dir='ltr'><strong>idrm</strong></span> <span class='ocrx_word' id='word_1_10' title='bbox 1094 341 1205 393; x_wconf 84' lang='lat' dir='ltr'><strong>fere</strong></span> <span class='ocrx_word' id='word_1_11' title='bbox 1255 351 1633 409; x_wconf 74' lang='lat' dir='ltr'><strong>argumentum</strong></span> <span class='ocrx_word' id='word_1_12' title='bbox 1676 339 1742 392; x_wconf 88' lang='lat' dir='ltr'><strong>de</strong></span> <span class='ocrx_word' id='word_1_13' title='bbox 1789 339 2004 408; x_wconf 80' lang='lat' dir='ltr'><strong>Virgine</strong></span> <span class='ocrx_word' id='word_1_14' title='bbox 2037 346 2073 397; x_wconf 69' lang='grc' dir='ltr'>Α</span> <span class='ocrx_word' id='word_1_15' title='bbox 2109 338 2270 393; x_wconf 91' lang='lat' dir='ltr'><strong>modo</strong></span> <span class='ocrx_word' id='word_1_16' title='bbox 2315 341 2427 393; x_wconf 91' lang='lat' dir='ltr'><strong>sola</strong></span> <span class='ocrx_word' id='word_1_17' title='bbox 2474 341 2613 393; x_wconf 83' lang='lat' dir='ltr'><strong>ratio</strong></span> <span class='ocrx_word' id='word_1_18' title='bbox 2653 339 2948 394; x_wconf 73' lang='lat' dir='ltr'><strong>haberetur</strong></span> <span class='ocrx_word' id='word_1_19' title='bbox 2987 339 3376 409; x_wconf 78' lang='lat' dir='ltr'><strong>objectionum,</strong></span> <span class='ocrx_word' id='word_1_20' title='bbox 3410 352 3545 406; x_wconf 84' lang='lat' dir='ltr'><strong>quas</strong></span> <span class='ocrx_word' id='word_1_21' title='bbox 3576 355 3673 393; x_wconf 85' lang='lat' dir='ltr'><strong>no-</strong></span> 
     </span>
    </p>
   </div>
   <div class='ocr_carea' id='block_1_5' title="bbox 431 431 2000 504">
    <p class='ocr_par' dir='ltr' id='par_1_5' title="bbox 431 431 2000 504">
     <span class='ocr_line' id='line_1_5' title="bbox 431 431 2000 504; baseline -0.004 -13"><span class='ocrx_word' id='word_1_22' title='bbox 431 435 659 504; x_wconf 85' lang='lat' dir='ltr'><strong>Deipara</strong></span> <span class='ocrx_word' id='word_1_23' title='bbox 701 441 983 492; x_wconf 78' lang='lat' dir='ltr'><strong>tractatur,</strong></span> <span class='ocrx_word' id='word_1_24' title='bbox 1037 441 1092 485; x_wconf 91' lang='lat' dir='ltr'><strong>et</strong></span> <span class='ocrx_word' id='word_1_25' title='bbox 1129 433 1382 486; x_wconf 90' lang='lat' dir='ltr'><strong>eumdem</strong></span> <span class='ocrx_word' id='word_1_26' title='bbox 1419 431 1636 485; x_wconf 82' lang='lat' dir='ltr'><strong>videtur</strong></span> <span class='ocrx_word' id='word_1_27' title='bbox 1669 431 1870 484; x_wconf 88' lang='lat' dir='ltr'><strong>habere</strong></span> <span class='ocrx_word' id='word_1_28' title='bbox 1900 446 2000 484; x_wconf 88' lang='lat' dir='ltr'><strong>au-</strong></span> 
     </span>
    </p>
   </div>
   <div class='ocr_carea' id='block_1_6' title="bbox 431 522 2001 592">
    <p class='ocr_par' dir='ltr' id='par_1_6' title="bbox 431 522 2001 592">
     <span class='ocr_line' id='line_1_6' title="bbox 431 522 2001 592; baseline -0.003 -12"><span class='ocrx_word' id='word_1_29' title='bbox 431 537 658 588; x_wconf 87' lang='lat' dir='ltr'><strong>ctorem,</strong></span> <span class='ocrx_word' id='word_1_30' title='bbox 711 539 873 592; x_wconf 87' lang='lat' dir='ltr'><strong>quem</strong></span> <span class='ocrx_word' id='word_1_31' title='bbox 920 524 1037 576; x_wconf 59' lang='lat' dir='ltr'><strong>alia:</strong></span> <span class='ocrx_word' id='word_1_32' title='bbox 1090 523 1200 577; x_wconf 89' lang='lat' dir='ltr'><strong>fere</strong></span> <span class='ocrx_word' id='word_1_33' title='bbox 1246 539 1441 577; x_wconf 89' lang='lat' dir='ltr'><strong>omnes</strong></span> <span class='ocrx_word' id='word_1_34' title='bbox 1489 523 1542 576; x_wconf 90' lang='lat' dir='ltr'><strong>in</strong></span> <span class='ocrx_word' id='word_1_35' title='bbox 1576 522 1817 577; x_wconf 86' lang='lat' dir='ltr'><strong>secunda</strong></span> <span class='ocrx_word' id='word_1_36' title='bbox 1848 529 2001 592; x_wconf 90' lang='lat' dir='ltr'><strong>parte</strong></span> 
     </span>
    </p>
   </div>
   <div class='ocr_carea' id='block_1_7' title="bbox 431 613 2001 685">
    <p class='ocr_par' dir='ltr' id='par_1_7' title="bbox 431 613 2001 685">
     <span class='ocr_line' id='line_1_7' title="bbox 431 613 2001 685; baseline -0.006 -13"><span class='ocrx_word' id='word_1_37' title='bbox 431 616 648 672; x_wconf 86' lang='lat' dir='ltr'><strong>concilii</strong></span> <span class='ocrx_word' id='word_1_38' title='bbox 698 613 954 685; x_wconf 83' lang='lat' dir='ltr'><strong>Ephesini</strong></span> <span class='ocrx_word' id='word_1_39' title='bbox 1007 621 1298 678; x_wconf 62' lang='lat' dir='ltr'><strong>contentas,</strong></span> <span class='ocrx_word' id='word_1_40' title='bbox 1343 628 1576 682; x_wconf 89' lang='lat' dir='ltr'><strong>quarum</strong></span> <span class='ocrx_word' id='word_1_41' title='bbox 1624 623 1803 667; x_wconf 90' lang='lat' dir='ltr'><strong>tamen</strong></span> <span class='ocrx_word' id='word_1_42' title='bbox 1859 627 2001 664; x_wconf 89' lang='lat' dir='ltr'><strong>non-</strong></span> 
     </span>
    </p>
   </div>
   <div class='ocr_carea' id='block_1_8' title="bbox 430 705 1539 775">
    <p class='ocr_par' dir='ltr' id='par_1_8' title="bbox 430 705 1539 775">
     <span class='ocr_line' id='line_1_8' title="bbox 430 705 1539 775; baseline -0.004 -13"><span class='ocrx_word' id='word_1_43' title='bbox 430 709 593 762; x_wconf 71' lang='lat' dir='ltr'><strong>nulla:</strong></span> <span class='ocrx_word' id='word_1_44' title='bbox 608 724 637 760; x_wconf 67' lang='grc' dir='ltr'>τι</span> <span class='ocrx_word' id='word_1_45' title='bbox 663 706 1010 760; x_wconf 86' lang='lat' dir='ltr'><strong>Theodoreto</strong></span> <span class='ocrx_word' id='word_1_46' title='bbox 1029 706 1245 775; x_wconf 73' lang='lat' dir='ltr'><strong>scripta:</strong></span> <span class='ocrx_word' id='word_1_47' title='bbox 1267 705 1539 759; x_wconf 88' lang='lat' dir='ltr'><strong>sciuntur.</strong></span> 
     </span>
    </p>
   </div>
   <div class='ocr_carea' id='block_1_9' title="bbox 503 795 2004 866">
    <p class='ocr_par' dir='ltr' id='par_1_9' title="bbox 503 795 2004 866">
     <span class='ocr_line' id='line_1_9' title="bbox 503 795 2004 866; baseline -0.002 -14"><span class='ocrx_word' id='word_1_48' title='bbox 503 800 637 853; x_wconf 74' lang='lat' dir='ltr'>VIII.</span> <span class='ocrx_word' id='word_1_49' title='bbox 669 798 974 861; x_wconf 82' lang='lat' dir='ltr'><strong>Nestorius,</strong></span> <span class='ocrx_word' id='word_1_50' title='bbox 1011 805 1069 852; x_wconf 91' lang='lat' dir='ltr'><strong>ut</strong></span> <span class='ocrx_word' id='word_1_51' title='bbox 1097 805 1218 851; x_wconf 91' lang='lat' dir='ltr'><strong>erat</strong></span> <span class='ocrx_word' id='word_1_52' title='bbox 1257 813 1366 866; x_wconf 89' lang='lat' dir='ltr'><strong>pr:e</strong></span> <span class='ocrx_word' id='word_1_53' title='bbox 1407 796 1664 866; x_wconf 81' lang='lat' dir='ltr'><strong>superbia</strong></span> <span class='ocrx_word' id='word_1_54' title='bbox 1713 795 2004 864; x_wconf 90' lang='lat' dir='ltr'><strong>impatiens</strong></span> 
     </span>
    </p>
   </div>
   <div class='ocr_carea' id='block_1_10' title="bbox 429 883 2003 960">
    <p class='ocr_par' dir='ltr' id='par_1_10' title="bbox 429 883 2003 960">
     <span class='ocr_line' id='line_1_10' title="bbox 429 883 2003 960; baseline -0.004 -18"><span class='ocrx_word' id='word_1_55' title='bbox 429 889 786 960; x_wconf 69' lang='lat' dir='ltr'><strong>pcenitentiw,</strong></span> <span class='ocrx_word' id='word_1_56' title='bbox 811 896 972 956; x_wconf 87' lang='lat' dir='ltr'><strong>atque</strong></span> <span class='ocrx_word' id='word_1_57' title='bbox 989 887 1152 940; x_wconf 90' lang='lat' dir='ltr'><strong>etiam</strong></span> <span class='ocrx_word' id='word_1_58' title='bbox 1174 884 1584 950; x_wconf 89' lang='lat' dir='ltr'><strong>admonitionis,</strong></span> <span class='ocrx_word' id='word_1_59' title='bbox 1608 883 1815 956; x_wconf 92' lang='lat' dir='ltr'><strong>sprevit</strong></span> <span class='ocrx_word' id='word_1_60' title='bbox 1830 885 2003 938; x_wconf 87' lang='lat' dir='ltr'><strong>amica</strong></span> 
     </span>
    </p>
   </div>
   <div class='ocr_carea' id='block_1_11' title="bbox 430 974 2004 1046">
    <p class='ocr_par' dir='ltr' id='par_1_11' title="bbox 430 974 2004 1046">
     <span class='ocr_line' id='line_1_11' title="bbox 430 974 2004 1046; baseline -0.003 -13"><span class='ocrx_word' id='word_1_61' title='bbox 430 977 790 1034; x_wconf 77' lang='lat' dir='ltr'><strong>Orientalium</strong></span> <span class='ocrx_word' id='word_1_62' title='bbox 842 977 1096 1040; x_wconf 86' lang='lat' dir='ltr'><strong>consilia,</strong></span> <span class='ocrx_word' id='word_1_63' title='bbox 1147 977 1355 1045; x_wconf 90' lang='lat' dir='ltr'><strong>sprevit</strong></span> <span class='ocrx_word' id='word_1_64' title='bbox 1403 985 1461 1031; x_wconf 87' lang='lat' dir='ltr'><strong>et</strong></span> <span class='ocrx_word' id='word_1_65' title='bbox 1514 975 1805 1046; x_wconf 90' lang='lat' dir='ltr'><strong>imperium</strong></span> <span class='ocrx_word' id='word_1_66' title='bbox 1858 974 2004 1029; x_wconf 83' lang='lat' dir='ltr'><strong>sedis</strong></span> 
     </span>
    </p>
   </div>
   <div class='ocr_carea' id='block_1_12' title="bbox 430 1063 2002 1138">
    <p class='ocr_par' dir='ltr' id='par_1_12' title="bbox 430 1063 2002 1138">
     <span class='ocr_line' id='line_1_12' title="bbox 430 1063 2002 1138; baseline -0.005 -15"><span class='ocrx_word' id='word_1_67' title='bbox 430 1068 762 1138; x_wconf 67' lang='lat' dir='ltr'><strong>apostolicae,</strong></span> <span class='ocrx_word' id='word_1_68' title='bbox 813 1067 959 1136; x_wconf 86' lang='lat' dir='ltr'><strong>quod</strong></span> <span class='ocrx_word' id='word_1_69' title='bbox 1007 1067 1168 1136; x_wconf 89' lang='lat' dir='ltr'><strong>legati</strong></span> <span class='ocrx_word' id='word_1_70' title='bbox 1217 1065 1450 1137; x_wconf 64' lang='lat' dir='ltr'><strong>Egyptii</strong></span> <span class='ocrx_word' id='word_1_71' title='bbox 1474 1063 2002 1132; x_wconf 85' lang='lat' dir='ltr'><strong>Constantinopolim</strong></span> 
     </span>
    </p>
   </div>
   <div class='ocr_carea' id='block_1_13' title="bbox 429 1154 2003 1231">
    <p class='ocr_par' dir='ltr' id='par_1_13' title="bbox 429 1154 2003 1231">
     <span class='ocr_line' id='line_1_13' title="bbox 429 1154 2003 1231; baseline -0.006 -17"><span class='ocrx_word' id='word_1_72' title='bbox 429 1160 643 1231; x_wconf 80' lang='lat' dir='ltr'><strong>appulsi</strong></span> <span class='ocrx_word' id='word_1_73' title='bbox 700 1159 1014 1212; x_wconf 87' lang='lat' dir='ltr'><strong>detulerant</strong></span> <span class='ocrx_word' id='word_1_74' title='bbox 1048 1175 1060 1209; x_wconf 92' lang='lat'><strong>:</strong></span> <span class='ocrx_word' id='word_1_75' title='bbox 1113 1166 1426 1211; x_wconf 78' lang='lat' dir='ltr'><strong>contentam</strong></span> <span class='ocrx_word' id='word_1_76' title='bbox 1460 1155 1606 1209; x_wconf 89' lang='lat' dir='ltr'><strong>enim</strong></span> <span class='ocrx_word' id='word_1_77' title='bbox 1633 1154 1852 1218; x_wconf 89' lang='lat' dir='ltr'><strong>litteris,</strong></span> <span class='ocrx_word' id='word_1_78' title='bbox 1887 1162 2003 1207; x_wconf 90' lang='lat' dir='ltr'><strong>tum</strong></span> 
     </span>
    </p>
   </div>
   <div class='ocr_carea' id='block_1_14' title="bbox 429 1244 2004 1318">
    <p class='ocr_par' dir='ltr' id='par_1_14' title="bbox 429 1244 2004 1318">
     <span class='ocr_line' id='line_1_14' title="bbox 429 1244 2004 1318; baseline -0.007 -10"><span class='ocrx_word' id='word_1_79' title='bbox 429 1251 714 1308; x_wconf 64' lang='lat' dir='ltr'><strong>Calestini</strong></span> <span class='ocrx_word' id='word_1_80' title='bbox 747 1250 945 1304; x_wconf 90' lang='lat' dir='ltr'><strong>summi</strong></span> <span class='ocrx_word' id='word_1_81' title='bbox 974 1248 1269 1318; x_wconf 88' lang='lat' dir='ltr'><strong>pontificis,</strong></span> <span class='ocrx_word' id='word_1_82' title='bbox 1305 1257 1419 1302; x_wconf 92' lang='lat' dir='ltr'><strong>tum</strong></span> <span class='ocrx_word' id='word_1_83' title='bbox 1447 1247 1631 1318; x_wconf 87' lang='lat' dir='ltr'><strong>Cyrilli</strong></span> <span class='ocrx_word' id='word_1_84' title='bbox 1652 1244 2004 1301; x_wconf 84' lang='lat' dir='ltr'><strong>Alexandrini</strong></span> 
     </span>
    </p>
   </div>
   <div class='ocr_carea' id='block_1_15' title="bbox 421 1337 2002 1414">
    <p class='ocr_par' dir='ltr' id='par_1_15' title="bbox 421 1337 2002 1414">
     <span class='ocr_line' id='line_1_15' title="bbox 421 1337 2002 1414; baseline -0.006 -16"><span class='ocrx_word' id='word_1_85' title='bbox 421 1343 696 1414; x_wconf 80' lang='lat' dir='ltr'><strong>episcopi,</strong></span> <span class='ocrx_word' id='word_1_86' title='bbox 716 1342 1210 1404; x_wconf 90' lang='lat' dir='ltr'><strong>denuntiationem,</strong></span> <span class='ocrx_word' id='word_1_87' title='bbox 1229 1340 1423 1394; x_wconf 84' lang='lat' dir='ltr'><strong>callide</strong></span> <span class='ocrx_word' id='word_1_88' title='bbox 1443 1340 1651 1393; x_wconf 86' lang='lat' dir='ltr'><strong>irritam</strong></span> <span class='ocrx_word' id='word_1_89' title='bbox 1669 1337 2002 1392; x_wconf 85' lang='lat' dir='ltr'><strong>reddiderat.</strong></span> 
     </span>
    </p>
   </div>
   <div class='ocr_carea' id='block_1_16' title="bbox 417 1429 2004 1498">
    <p class='ocr_par' dir='ltr' id='par_1_16' title="bbox 417 1429 2004 1498">
     <span class='ocr_line' id='line_1_16' title="bbox 417 1429 2004 1498; baseline -0.006 -7"><span class='ocrx_word' id='word_1_90' title='bbox 417 1435 703 1491; x_wconf 73' lang='lat' dir='ltr'><strong>=Etl‘ecerat</strong></span> <span class='ocrx_word' id='word_1_91' title='bbox 739 1433 888 1488; x_wconf 90' lang='lat' dir='ltr'><strong>enim</strong></span> <span class='ocrx_word' id='word_1_92' title='bbox 932 1433 1046 1486; x_wconf 92' lang='lat' dir='ltr'><strong>suis</strong></span> <span class='ocrx_word' id='word_1_93' title='bbox 1087 1432 1318 1493; x_wconf 91' lang='lat' dir='ltr'><strong>artibus,</strong></span> <span class='ocrx_word' id='word_1_94' title='bbox 1357 1440 1417 1485; x_wconf 92' lang='lat' dir='ltr'><strong>ut</strong></span> <span class='ocrx_word' id='word_1_95' title='bbox 1452 1430 1798 1484; x_wconf 88' lang='lat' dir='ltr'><strong>Theodosius</strong></span> <span class='ocrx_word' id='word_1_96' title='bbox 1827 1429 2004 1498; x_wconf 89' lang='lat' dir='ltr'><strong>impe-</strong></span> 
     </span>
    </p>
   </div>
   <div class='ocr_carea' id='block_1_17' title="bbox 435 1519 2009 1596">
    <p class='ocr_par' dir='ltr' id='par_1_17' title="bbox 435 1519 2009 1596">
     <span class='ocr_line' id='line_1_17' title="bbox 435 1519 2009 1596; baseline -0.004 -16"><span class='ocrx_word' id='word_1_97' title='bbox 435 1535 588 1580; x_wconf 89' lang='lat' dir='ltr'><strong>rator</strong></span> <span class='ocrx_word' id='word_1_98' title='bbox 620 1525 929 1596; x_wconf 77' lang='lat' dir='ltr'><strong>generalem</strong></span> <span class='ocrx_word' id='word_1_99' title='bbox 963 1522 1230 1594; x_wconf 88' lang='lat' dir='ltr'><strong>synodum</strong></span> <span class='ocrx_word' id='word_1_100' title='bbox 1264 1522 1464 1591; x_wconf 85' lang='lat' dir='ltr'><strong>Ephesi</strong></span> <span class='ocrx_word' id='word_1_101' title='bbox 1516 1521 1820 1575; x_wconf 78' lang='lat' dir='ltr'><strong>habendam</strong></span> <span class='ocrx_word' id='word_1_102' title='bbox 1867 1519 2009 1574; x_wconf 87' lang='lat' dir='ltr'><strong>indi-</strong></span> 
     </span>
    </p>
   </div>
   <div class='ocr_carea' id='block_1_18' title="bbox 433 1611 2009 1680">
    <p class='ocr_par' dir='ltr' id='par_1_18' title="bbox 433 1611 2009 1680">
     <span class='ocr_line' id='line_1_18' title="bbox 433 1611 2009 1680; baseline -0.004 -10"><span class='ocrx_word' id='word_1_103' title='bbox 433 1625 606 1680; x_wconf 85' lang='lat' dir='ltr'><strong>ceret,</strong></span> <span class='ocrx_word' id='word_1_104' title='bbox 635 1624 692 1670; x_wconf 92' lang='lat' dir='ltr'><strong>et</strong></span> <span class='ocrx_word' id='word_1_105' title='bbox 723 1615 1032 1670; x_wconf 90' lang='lat' dir='ltr'><strong>evocatoria</strong></span> <span class='ocrx_word' id='word_1_106' title='bbox 1062 1613 1342 1668; x_wconf 83' lang='lat' dir='ltr'><strong>sanctione</strong></span> <span class='ocrx_word' id='word_1_107' title='bbox 1371 1621 1607 1676; x_wconf 79' lang='lat' dir='ltr'><strong>caveret,</strong></span> <span class='ocrx_word' id='word_1_108' title='bbox 1649 1628 1716 1665; x_wconf 91' lang='lat' dir='ltr'><strong>ne</strong></span> <span class='ocrx_word' id='word_1_109' title='bbox 1755 1611 1883 1680; x_wconf 89' lang='lat' dir='ltr'><strong>quid</strong></span> <span class='ocrx_word' id='word_1_110' title='bbox 1926 1611 2009 1664; x_wconf 87' lang='lat' dir='ltr'><strong>in-</strong></span> 
     </span>
    </p>
   </div>
   <div class='ocr_carea' id='block_1_19' title="bbox 2109 429 3678 499">
    <p class='ocr_par' dir='ltr' id='par_1_19' title="bbox 2109 429 3678 499">
     <span class='ocr_line' id='line_1_19' title="bbox 2109 429 3678 499; baseline -0.001 -18"><span class='ocrx_word' id='word_1_111' title='bbox 2109 430 2254 484; x_wconf 87' lang='lat' dir='ltr'><strong>tuine</strong></span> <span class='ocrx_word' id='word_1_112' title='bbox 2287 429 2646 486; x_wconf 82' lang='lat' dir='ltr'><strong>Orientalium</strong></span> <span class='ocrx_word' id='word_1_113' title='bbox 2674 441 2862 485; x_wconf 90' lang='lat' dir='ltr'><strong>contra</strong></span> <span class='ocrx_word' id='word_1_114' title='bbox 2883 430 3120 499; x_wconf 89' lang='lat' dir='ltr'><strong>capitula</strong></span> <span class='ocrx_word' id='word_1_115' title='bbox 3145 429 3450 498; x_wconf 81' lang='lat' dir='ltr'><strong>proposuit.</strong></span> <span class='ocrx_word' id='word_1_116' title='bbox 3476 429 3678 482; x_wconf 76' lang='lat' dir='ltr'><strong>Verum</strong></span> 
     </span>
    </p>
   </div>
   <div class='ocr_carea' id='block_1_20' title="bbox 2107 516 3676 588">
    <p class='ocr_par' dir='ltr' id='par_1_20' title="bbox 2107 516 3676 588">
     <span class='ocr_line' id='line_1_20' title="bbox 2107 516 3676 588; baseline -0.004 -13"><span class='ocrx_word' id='word_1_117' title='bbox 2107 520 2154 575; x_wconf 92' lang='lat' dir='ltr'><strong>si</strong></span> <span class='ocrx_word' id='word_1_118' title='bbox 2179 520 2455 574; x_wconf 89' lang='lat' dir='ltr'><strong>credimus</strong></span> <span class='ocrx_word' id='word_1_119' title='bbox 2479 521 2767 574; x_wconf 81' lang='lat' dir='ltr'><strong>Anastasio</strong></span> <span class='ocrx_word' id='word_1_120' title='bbox 2795 520 3037 584; x_wconf 66' lang='lat' dir='ltr'><strong>Sinaitae,</strong></span> <span class='ocrx_word' id='word_1_121' title='bbox 3064 517 3414 588; x_wconf 90' lang='lat' dir='ltr'><strong>postmodum</strong></span> <span class='ocrx_word' id='word_1_122' title='bbox 3431 516 3676 570; x_wconf 76' lang='lat' dir='ltr'><strong>accendit</strong></span> 
     </span>
    </p>
   </div>
   <div class='ocr_carea' id='block_1_21' title="bbox 2111 609 3680 682">
    <p class='ocr_par' dir='ltr' id='par_1_21' title="bbox 2111 609 3680 682">
     <span class='ocr_line' id='line_1_21' title="bbox 2111 609 3680 682; baseline -0.003 -16"><span class='ocrx_word' id='word_1_123' title='bbox 2111 613 2348 667; x_wconf 89' lang='lat' dir='ltr'><strong>hominis</strong></span> <span class='ocrx_word' id='word_1_124' title='bbox 2382 613 2570 676; x_wconf 87' lang='lat' dir='ltr'><strong>bilem,</strong></span> <span class='ocrx_word' id='word_1_125' title='bbox 2609 611 2837 682; x_wconf 82' lang='lat' dir='ltr'><strong>negotii,</strong></span> <span class='ocrx_word' id='word_1_126' title='bbox 2872 627 2982 681; x_wconf 91' lang='lat' dir='ltr'><strong>quo</strong></span> <span class='ocrx_word' id='word_1_127' title='bbox 3009 611 3170 664; x_wconf 91' lang='lat' dir='ltr'><strong>amici</strong></span> <span class='ocrx_word' id='word_1_128' title='bbox 3201 609 3680 679; x_wconf 86' lang='lat' dir='ltr'><strong>periclitabantur,</strong></span> 
     </span>
    </p>
   </div>
   <div class='ocr_carea' id='block_1_22' title="bbox 2109 700 3683 774">
    <p class='ocr_par' dir='ltr' id='par_1_22' title="bbox 2109 700 3683 774">
     <span class='ocr_line' id='line_1_22' title="bbox 2109 700 3683 774; baseline -0.004 -15"><span class='ocrx_word' id='word_1_129' title='bbox 2109 705 2482 760; x_wconf 88' lang='lat' dir='ltr'><strong>diuturnitas:</strong></span> <span class='ocrx_word' id='word_1_130' title='bbox 2525 719 2696 774; x_wconf 88' lang='lat' dir='ltr'><strong>quare</strong></span> <span class='ocrx_word' id='word_1_131' title='bbox 2727 711 2783 758; x_wconf 93' lang='lat' dir='ltr'><strong>et</strong></span> <span class='ocrx_word' id='word_1_132' title='bbox 2809 703 3216 758; x_wconf 88' lang='lat' dir='ltr'><strong>Theodorctum</strong></span> <span class='ocrx_word' id='word_1_133' title='bbox 3243 700 3480 762; x_wconf 89' lang='lat' dir='ltr'><strong>ulturus,</strong></span> <span class='ocrx_word' id='word_1_134' title='bbox 3514 715 3683 768; x_wconf 82' lang='lat' dir='ltr'><strong>quem</strong></span> 
     </span>
    </p>
   </div>
   <div class='ocr_carea' id='block_1_23' title="bbox 2109 791 3686 869">
    <p class='ocr_par' dir='ltr' id='par_1_23' title="bbox 2109 791 3686 869">
     <span class='ocr_line' id='line_1_23' title="bbox 2109 791 3686 869; baseline -0.005 -16"><span class='ocrx_word' id='word_1_135' title='bbox 2109 813 2138 853; x_wconf 90' lang='lat' dir='ltr'><strong>a</strong></span> <span class='ocrx_word' id='word_1_136' title='bbox 2169 798 2373 869; x_wconf 87' lang='lat' dir='ltr'><strong>Cyrillo</strong></span> <span class='ocrx_word' id='word_1_137' title='bbox 2401 797 2586 851; x_wconf 70' lang='lat' dir='ltr'><strong>lazsum</strong></span> <span class='ocrx_word' id='word_1_138' title='bbox 2609 805 2845 867; x_wconf 88' lang='lat' dir='ltr'><strong>putaret,</strong></span> <span class='ocrx_word' id='word_1_139' title='bbox 2872 803 2927 849; x_wconf 86' lang='lat' dir='ltr'><strong>et</strong></span> <span class='ocrx_word' id='word_1_140' title='bbox 2953 794 3165 864; x_wconf 89' lang='lat' dir='ltr'><strong>priores</strong></span> <span class='ocrx_word' id='word_1_141' title='bbox 3190 807 3318 847; x_wconf 89' lang='lat' dir='ltr'><strong>suas</strong></span> <span class='ocrx_word' id='word_1_142' title='bbox 3341 791 3686 862; x_wconf 71' lang='lat' dir='ltr'><strong>objectiones</strong></span> 
     </span>
    </p>
   </div>
   <div class='ocr_carea' id='block_1_24' title="bbox 2110 880 3688 954">
    <p class='ocr_par' dir='ltr' id='par_1_24' title="bbox 2110 880 3688 954">
     <span class='ocr_line' id='line_1_24' title="bbox 2110 880 3688 954; baseline -0.006 -10"><span class='ocrx_word' id='word_1_143' title='bbox 2110 889 2459 952; x_wconf 80' lang='lat' dir='ltr'><strong>defensurus,</strong></span> <span class='ocrx_word' id='word_1_144' title='bbox 2503 891 2518 909; x_wconf 82' lang='grc'>⁶</span> <span class='ocrx_word' id='word_1_145' title='bbox 2559 888 2858 943; x_wconf 89' lang='lat' dir='ltr'><strong>virulentas</strong></span> <span class='ocrx_word' id='word_1_146' title='bbox 2913 885 3136 954; x_wconf 86' lang='lat' dir='ltr'><strong>scripsit</strong></span> <span class='ocrx_word' id='word_1_147' title='bbox 3182 883 3444 938; x_wconf 86' lang='lat' dir='ltr'><strong>adversus</strong></span> <span class='ocrx_word' id='word_1_148' title='bbox 3490 880 3688 952; x_wconf 80' lang='lat' dir='ltr'><strong>Cyrilli</strong></span> 
     </span>
    </p>
   </div>
   <div class='ocr_carea' id='block_1_25' title="bbox 2111 973 3686 1052">
    <p class='ocr_par' dir='ltr' id='par_1_25' title="bbox 2111 973 3686 1052">
     <span class='ocr_line' id='line_1_25' title="bbox 2111 973 3686 1052; baseline -0.006 -16"><span class='ocrx_word' id='word_1_149' title='bbox 2111 983 2526 1052; x_wconf 89' lang='lat' dir='ltr'><strong>responsionem</strong></span> <span class='ocrx_word' id='word_1_150' title='bbox 2552 978 3029 1049; x_wconf 86' lang='lat' dir='ltr'><strong>reprehensiones,</strong></span> <span class='ocrx_word' id='word_1_151' title='bbox 3051 990 3285 1046; x_wconf 90' lang='lat' dir='ltr'><strong>quarum</strong></span> <span class='ocrx_word' id='word_1_152' title='bbox 3317 973 3686 1045; x_wconf 74' lang='lat' dir='ltr'><strong>fragmentum</strong></span> 
     </span>
    </p>
   </div>
   <div class='ocr_carea' id='block_1_26' title="bbox 2111 1065 3683 1137">
    <p class='ocr_par' dir='ltr' id='par_1_26' title="bbox 2111 1065 3683 1137">
     <span class='ocr_line' id='line_1_26' title="bbox 2111 1065 3683 1137; baseline -0.007 -8"><span class='ocrx_word' id='word_1_153' title='bbox 2111 1074 2348 1129; x_wconf 80' lang='lat' dir='ltr'><strong>refertur</strong></span> <span class='ocrx_word' id='word_1_154' title='bbox 2378 1073 2435 1126; x_wconf 91' lang='lat' dir='ltr'><strong>in</strong></span> <span class='ocrx_word' id='word_1_155' title='bbox 2466 1072 2611 1126; x_wconf 91' lang='lat' dir='ltr'><strong>libro</strong></span> <span class='ocrx_word' id='word_1_156' title='bbox 2639 1068 2910 1126; x_wconf 82' lang='lat' dir='ltr'><strong>Anastasii</strong></span> <span class='ocrx_word' id='word_1_157' title='bbox 2948 1068 3012 1132; x_wconf 79' lang='lat'><strong>&quot;,</strong></span> <span class='ocrx_word' id='word_1_158' title='bbox 3054 1067 3147 1137; x_wconf 89' lang='lat' dir='ltr'><strong>qui</strong></span> <span class='ocrx_word' id='word_1_159' title='bbox 3180 1065 3302 1120; x_wconf 69' lang='lat' dir='ltr'><strong>Dux</strong></span> <span class='ocrx_word' id='word_1_160' title='bbox 3337 1067 3435 1120; x_wconf 70' lang='lat' dir='ltr'><strong>via:</strong></span> <span class='ocrx_word' id='word_1_161' title='bbox 3460 1065 3683 1120; x_wconf 79' lang='lat' dir='ltr'><strong>dicitur.</strong></span> 
     </span>
    </p>
   </div>
   <div class='ocr_carea' id='block_1_27' title="bbox 2182 1157 3687 1232">
    <p class='ocr_par' dir='ltr' id='par_1_27' title="bbox 2182 1157 3687 1232">
     <span class='ocr_line' id='line_1_27' title="bbox 2182 1157 3687 1232; baseline -0.004 -14"><span class='ocrx_word' id='word_1_162' title='bbox 2182 1164 2272 1218; x_wconf 82' lang='lat' dir='ltr'><strong>IX.</strong></span> <span class='ocrx_word' id='word_1_163' title='bbox 2296 1163 2474 1232; x_wconf 85' lang='lat' dir='ltr'><strong>Atque</strong></span> <span class='ocrx_word' id='word_1_164' title='bbox 2496 1163 2587 1216; x_wconf 88' lang='lat' dir='ltr'><strong>hic</strong></span> <span class='ocrx_word' id='word_1_165' title='bbox 2607 1162 2816 1232; x_wconf 89' lang='lat' dir='ltr'><strong>primus</strong></span> <span class='ocrx_word' id='word_1_166' title='bbox 2848 1159 2950 1213; x_wconf 88' lang='lat' dir='ltr'><strong>fuit</strong></span> <span class='ocrx_word' id='word_1_167' title='bbox 2979 1157 3310 1212; x_wconf 90' lang='lat' dir='ltr'><strong>Theodoreti</strong></span> <span class='ocrx_word' id='word_1_168' title='bbox 3337 1173 3495 1212; x_wconf 91' lang='lat' dir='ltr'><strong>casus</strong></span> <span class='ocrx_word' id='word_1_169' title='bbox 3519 1175 3530 1210; x_wconf 95' lang='lat'><strong>:</strong></span> <span class='ocrx_word' id='word_1_170' title='bbox 3556 1160 3687 1212; x_wconf 79' lang='lat' dir='ltr'><strong>cum</strong></span> 
     </span>
    </p>
   </div>
   <div class='ocr_carea' id='block_1_28' title="bbox 2110 1247 3690 1322">
    <p class='ocr_par' dir='ltr' id='par_1_28' title="bbox 2110 1247 3690 1322">
     <span class='ocr_line' id='line_1_28' title="bbox 2110 1247 3690 1322; baseline -0.004 -13"><span class='ocrx_word' id='word_1_171' title='bbox 2110 1256 2257 1310; x_wconf 90' lang='lat' dir='ltr'><strong>enim</strong></span> <span class='ocrx_word' id='word_1_172' title='bbox 2279 1254 2543 1308; x_wconf 89' lang='lat' dir='ltr'><strong>scriberet</strong></span> <span class='ocrx_word' id='word_1_173' title='bbox 2583 1248 2688 1322; x_wconf 80' lang='lat' dir='ltr'><strong>pro&#39;</strong></span> <span class='ocrx_word' id='word_1_174' title='bbox 2725 1251 2884 1305; x_wconf 88' lang='lat' dir='ltr'><strong>amici</strong></span> <span class='ocrx_word' id='word_1_175' title='bbox 2922 1265 3106 1313; x_wconf 90' lang='lat' dir='ltr'><strong>causa,</strong></span> <span class='ocrx_word' id='word_1_176' title='bbox 3146 1263 3256 1302; x_wconf 90' lang='lat' dir='ltr'><strong>non</strong></span> <span class='ocrx_word' id='word_1_177' title='bbox 3301 1247 3460 1320; x_wconf 65' lang='grc'><strong>154</strong></span> <span class='ocrx_word' id='word_1_178' title='bbox 3497 1262 3690 1317; x_wconf 86' lang='lat' dir='ltr'><strong>repre-</strong></span> 
     </span>
    </p>
   </div>
   <div class='ocr_carea' id='block_1_29' title="bbox 2115 1338 3689 1414">
    <p class='ocr_par' dir='ltr' id='par_1_29' title="bbox 2115 1338 3689 1414">
     <span class='ocr_line' id='line_1_29' title="bbox 2115 1338 3689 1414; baseline -0.006 -13"><span class='ocrx_word' id='word_1_179' title='bbox 2115 1347 2305 1402; x_wconf 90' lang='lat' dir='ltr'><strong>hendit</strong></span> <span class='ocrx_word' id='word_1_180' title='bbox 2337 1353 2545 1400; x_wconf 90' lang='lat' dir='ltr'><strong>tantum</strong></span> <span class='ocrx_word' id='word_1_181' title='bbox 2576 1342 2763 1414; x_wconf 90' lang='lat' dir='ltr'><strong>Cyrilli</strong></span> <span class='ocrx_word' id='word_1_182' title='bbox 2791 1341 2991 1412; x_wconf 91' lang='lat' dir='ltr'><strong>capita,</strong></span> <span class='ocrx_word' id='word_1_183' title='bbox 3014 1346 3240 1410; x_wconf 87' lang='lat' dir='ltr'><strong>propter</strong></span> <span class='ocrx_word' id='word_1_184' title='bbox 3261 1339 3500 1409; x_wconf 87' lang='lat' dir='ltr'><strong>speciem</strong></span> <span class='ocrx_word' id='word_1_185' title='bbox 3521 1338 3689 1408; x_wconf 86' lang='lat' dir='ltr'><strong>Apol-</strong></span> 
     </span>
    </p>
   </div>
   <div class='ocr_carea' id='block_1_30' title="bbox 2112 1428 3684 1503">
    <p class='ocr_par' dir='ltr' id='par_1_30' title="bbox 2112 1428 3684 1503">
     <span class='ocr_line' id='line_1_30' title="bbox 2112 1428 3684 1503; baseline -0.006 -11"><span class='ocrx_word' id='word_1_186' title='bbox 2112 1436 2367 1492; x_wconf 89' lang='lat' dir='ltr'><strong>linariani</strong></span> <span class='ocrx_word' id='word_1_187' title='bbox 2402 1434 2628 1497; x_wconf 90' lang='lat' dir='ltr'><strong>erroris,</strong></span> <span class='ocrx_word' id='word_1_188' title='bbox 2657 1431 2803 1503; x_wconf 89' lang='lat' dir='ltr'><strong>quod</strong></span> <span class='ocrx_word' id='word_1_189' title='bbox 2832 1431 2957 1485; x_wconf 90' lang='lat' dir='ltr'><strong>aliis</strong></span> <span class='ocrx_word' id='word_1_190' title='bbox 2980 1444 3200 1500; x_wconf 90' lang='lat' dir='ltr'><strong>quoque</strong></span> <span class='ocrx_word' id='word_1_191' title='bbox 3229 1428 3391 1483; x_wconf 92' lang='lat' dir='ltr'><strong>bonis</strong></span> <span class='ocrx_word' id='word_1_192' title='bbox 3411 1428 3684 1498; x_wconf 72' lang='lat' dir='ltr'><strong>contigit;</strong></span> 
     </span>
    </p>
   </div>
   <div class='ocr_carea' id='block_1_31' title="bbox 2113 1519 3689 1595">
    <p class='ocr_par' dir='ltr' id='par_1_31' title="bbox 2113 1519 3689 1595">
     <span class='ocr_line' id='line_1_31' title="bbox 2113 1519 3689 1595; baseline -0.006 -13"><span class='ocrx_word' id='word_1_193' title='bbox 2113 1527 2210 1582; x_wconf 91' lang='lat' dir='ltr'><strong>sed</strong></span> <span class='ocrx_word' id='word_1_194' title='bbox 2259 1541 2406 1582; x_wconf 63' lang='lat' dir='ltr'><strong>caeco</strong></span> <span class='ocrx_word' id='word_1_195' title='bbox 2446 1524 2652 1595; x_wconf 91' lang='lat' dir='ltr'><strong>impetu</strong></span> <span class='ocrx_word' id='word_1_196' title='bbox 2691 1524 2745 1577; x_wconf 92' lang='lat' dir='ltr'><strong>in</strong></span> <span class='ocrx_word' id='word_1_197' title='bbox 2772 1537 2993 1577; x_wconf 90' lang='lat' dir='ltr'><strong>errores</strong></span> <span class='ocrx_word' id='word_1_198' title='bbox 3017 1527 3253 1590; x_wconf 90' lang='lat' dir='ltr'><strong>quatuor</strong></span> <span class='ocrx_word' id='word_1_199' title='bbox 3277 1519 3392 1588; x_wconf 91' lang='lat' dir='ltr'><strong>ipse</strong></span> <span class='ocrx_word' id='word_1_200' title='bbox 3421 1519 3689 1587; x_wconf 79' lang='lat' dir='ltr'><strong>abreptus</strong></span> 
     </span>
    </p>
   </div>
   <div class='ocr_carea' id='block_1_32' title="bbox 2114 1611 3683 1686">
    <p class='ocr_par' dir='ltr' id='par_1_32' title="bbox 2114 1611 3683 1686">
     <span class='ocr_line' id='line_1_32' title="bbox 2114 1611 3683 1686; baseline -0.005 -15"><span class='ocrx_word' id='word_1_201' title='bbox 2114 1625 2220 1679; x_wconf 88' lang='lat' dir='ltr'><strong>est,</strong></span> <span class='ocrx_word' id='word_1_202' title='bbox 2269 1626 2493 1686; x_wconf 80' lang='lat' dir='ltr'><strong>propter</strong></span> <span class='ocrx_word' id='word_1_203' title='bbox 2534 1629 2673 1685; x_wconf 93' lang='lat' dir='ltr'><strong>quos</strong></span> <span class='ocrx_word' id='word_1_204' title='bbox 2723 1629 2754 1666; x_wconf 89' lang='lat' dir='ltr'><strong>a</strong></span> <span class='ocrx_word' id='word_1_205' title='bbox 2780 1613 2972 1682; x_wconf 90' lang='lat' dir='ltr'><strong>quinta</strong></span> <span class='ocrx_word' id='word_1_206' title='bbox 3003 1611 3212 1683; x_wconf 86' lang='lat' dir='ltr'><strong>synodo</strong></span> <span class='ocrx_word' id='word_1_207' title='bbox 3258 1611 3550 1665; x_wconf 87' lang='lat' dir='ltr'><strong>damnatus</strong></span> <span class='ocrx_word' id='word_1_208' title='bbox 3577 1620 3683 1664; x_wconf 91' lang='lat' dir='ltr'><strong>est.</strong></span> 
     </span>
    </p>
   </div>
   <div class='ocr_carea' id='block_1_33' title="bbox 419 1696 3686 1776">
    <p class='ocr_par' dir='ltr' id='par_1_33' title="bbox 419 1696 3686 1776">
     <span class='ocr_line' id='line_1_33' title="bbox 419 1696 3686 1776; baseline -0.002 -16"><span class='ocrx_word' id='word_1_209' title='bbox 419 1708 594 1761; x_wconf 70' lang='lat' dir='ltr'><strong>.terim</strong></span> <span class='ocrx_word' id='word_1_210' title='bbox 626 1708 680 1760; x_wconf 93' lang='lat' dir='ltr'><strong>in</strong></span> <span class='ocrx_word' id='word_1_211' title='bbox 706 1707 1028 1761; x_wconf 89' lang='lat' dir='ltr'><strong>alterutram</strong></span> <span class='ocrx_word' id='word_1_212' title='bbox 1067 1713 1276 1774; x_wconf 90' lang='lat' dir='ltr'><strong>partem</strong></span> <span class='ocrx_word' id='word_1_213' title='bbox 1324 1713 1628 1757; x_wconf 88' lang='lat' dir='ltr'><strong>tentaretur</strong></span> <span class='ocrx_word' id='word_1_214' title='bbox 1655 1720 1669 1767; x_wconf 90' lang='lat'><strong>;</strong></span> <span class='ocrx_word' id='word_1_215' title='bbox 1707 1703 1800 1756; x_wconf 91' lang='lat' dir='ltr'><strong>scd</strong></span> <span class='ocrx_word' id='word_1_216' title='bbox 1844 1717 2007 1756; x_wconf 90' lang='lat' dir='ltr'><strong>causa</strong></span> <span class='ocrx_word' id='word_1_217' title='bbox 2042 1696 2081 1750; x_wconf 80' lang='grc' dir='ltr'><strong>Β</strong></span> <span class='ocrx_word' id='word_1_218' title='bbox 2109 1708 2243 1763; x_wconf 87' lang='lat' dir='ltr'><strong>Nam</strong></span> <span class='ocrx_word' id='word_1_219' title='bbox 2279 1722 2404 1761; x_wconf 90' lang='lat' dir='ltr'><strong>cum</strong></span> <span class='ocrx_word' id='word_1_220' title='bbox 2427 1705 2664 1776; x_wconf 90' lang='lat' dir='ltr'><strong>primum</strong></span> <span class='ocrx_word' id='word_1_221' title='bbox 2689 1701 3206 1757; x_wconf 88' lang='lat' dir='ltr'><strong>anathematismum</strong></span> <span class='ocrx_word' id='word_1_222' title='bbox 3232 1699 3686 1770; x_wconf 87' lang='lat' dir='ltr'><strong>reprehenderet,</strong></span> 
     </span>
    </p>
   </div>
   <div class='ocr_carea' id='block_1_34' title="bbox 416 1793 2004 1867">
    <p class='ocr_par' dir='ltr' id='par_1_34' title="bbox 416 1793 2004 1867">
     <span class='ocr_line' id='line_1_34' title="bbox 416 1793 2004 1867; baseline -0.004 -16"><span class='ocrx_word' id='word_1_223' title='bbox 416 1798 645 1867; x_wconf 53' lang='lat' dir='ltr'><strong>integra</strong></span> <span class='ocrx_word' id='word_1_224' title='bbox 687 1796 996 1850; x_wconf 88' lang='lat' dir='ltr'><strong>deferretur</strong></span> <span class='ocrx_word' id='word_1_225' title='bbox 1043 1795 1112 1849; x_wconf 89' lang='lat' dir='ltr'><strong>ad</strong></span> <span class='ocrx_word' id='word_1_226' title='bbox 1151 1795 1441 1864; x_wconf 86' lang='lat' dir='ltr'><strong>episcopos</strong></span> <span class='ocrx_word' id='word_1_227' title='bbox 1486 1793 1588 1846; x_wconf 89' lang='lat' dir='ltr'><strong>rite</strong></span> <span class='ocrx_word' id='word_1_228' title='bbox 1629 1802 2004 1863; x_wconf 84' lang='lat' dir='ltr'><strong>congregatos.</strong></span> 
     </span>
    </p>
   </div>
   <div class='ocr_carea' id='block_1_35' title="bbox 507 1883 2006 1956">
    <p class='ocr_par' dir='ltr' id='par_1_35' title="bbox 507 1883 2006 1956">
     <span class='ocr_line' id='line_1_35' title="bbox 507 1883 2006 1956; baseline -0.004 -15"><span class='ocrx_word' id='word_1_229' title='bbox 507 1887 662 1956; x_wconf 74' lang='lat'><strong>153</strong></span> <span class='ocrx_word' id='word_1_230' title='bbox 682 1886 1030 1941; x_wconf 89' lang='lat' dir='ltr'><strong>Sanctionem</strong></span> <span class='ocrx_word' id='word_1_231' title='bbox 1049 1883 1202 1938; x_wconf 90' lang='lat' dir='ltr'><strong>vafer</strong></span> <span class='ocrx_word' id='word_1_232' title='bbox 1225 1883 1532 1945; x_wconf 67' lang='lat' dir='ltr'><strong>hmreticus,</strong></span> <span class='ocrx_word' id='word_1_233' title='bbox 1558 1883 1877 1952; x_wconf 83' lang='lat' dir='ltr'><strong>priusquam</strong></span> <span class='ocrx_word' id='word_1_234' title='bbox 1899 1897 2006 1946; x_wconf 90' lang='lat' dir='ltr'><strong>res,</strong></span> 
     </span>
    </p>
   </div>
   <div class='ocr_carea' id='block_1_36' title="bbox 417 1971 2009 2044">
    <p class='ocr_par' dir='ltr' id='par_1_36' title="bbox 417 1971 2009 2044">
     <span class='ocr_line' id='line_1_36' title="bbox 417 1971 2009 2044; baseline -0.003 -16"><span class='ocrx_word' id='word_1_235' title='bbox 417 1975 502 2030; x_wconf 59' lang='lat' dir='ltr'><strong>de</strong></span> <span class='ocrx_word' id='word_1_236' title='bbox 543 1992 650 2044; x_wconf 91' lang='lat' dir='ltr'><strong>qua</strong></span> <span class='ocrx_word' id='word_1_237' title='bbox 703 1975 900 2030; x_wconf 89' lang='lat' dir='ltr'><strong>litteris</strong></span> <span class='ocrx_word' id='word_1_238' title='bbox 935 1991 966 2029; x_wconf 86' lang='lat' dir='ltr'><strong>a</strong></span> <span class='ocrx_word' id='word_1_239' title='bbox 1003 1975 1210 2030; x_wconf 85' lang='lat' dir='ltr'><strong>Joanne</strong></span> <span class='ocrx_word' id='word_1_240' title='bbox 1260 1973 1550 2038; x_wconf 87' lang='lat' dir='ltr'><strong>didicerat,</strong></span> <span class='ocrx_word' id='word_1_241' title='bbox 1588 1974 1642 2026; x_wconf 93' lang='lat' dir='ltr'><strong>in</strong></span> <span class='ocrx_word' id='word_1_242' title='bbox 1687 1973 1823 2026; x_wconf 89' lang='lat' dir='ltr'><strong>urbe</strong></span> <span class='ocrx_word' id='word_1_243' title='bbox 1864 1971 2009 2042; x_wconf 88' lang='lat' dir='ltr'><strong>regia</strong></span> 
     </span>
    </p>
   </div>
   <div class='ocr_carea' id='block_1_37' title="bbox 424 2067 2008 2137">
    <p class='ocr_par' dir='ltr' id='par_1_37' title="bbox 424 2067 2008 2137">
     <span class='ocr_line' id='line_1_37' title="bbox 424 2067 2008 2137; baseline -0.003 -15"><span class='ocrx_word' id='word_1_244' title='bbox 424 2068 824 2132; x_wconf 68' lang='lat' dir='ltr'><strong>innotesceret,</strong></span> <span class='ocrx_word' id='word_1_245' title='bbox 860 2067 1166 2122; x_wconf 89' lang='lat' dir='ltr'><strong>aulicorum</strong></span> <span class='ocrx_word' id='word_1_246' title='bbox 1197 2083 1299 2137; x_wconf 91' lang='lat' dir='ltr'><strong>ope</strong></span> <span class='ocrx_word' id='word_1_247' title='bbox 1331 2083 1466 2120; x_wconf 88' lang='lat' dir='ltr'><strong>auro</strong></span> <span class='ocrx_word' id='word_1_248' title='bbox 1499 2080 1599 2120; x_wconf 93' lang='lat' dir='ltr'><strong>suo</strong></span> <span class='ocrx_word' id='word_1_249' title='bbox 1623 2075 2008 2134; x_wconf 88' lang='lat' dir='ltr'><strong>corruptorum</strong></span> 
     </span>
    </p>
   </div>
   <div class='ocr_carea' id='block_1_38' title="bbox 439 2155 2013 2228">
    <p class='ocr_par' dir='ltr' id='par_1_38' title="bbox 439 2155 2013 2228">
     <span class='ocr_line' id='line_1_38' title="bbox 439 2155 2013 2228; baseline -0.003 -16"><span class='ocrx_word' id='word_1_250' title='bbox 439 2159 807 2228; x_wconf 83' lang='lat' dir='ltr'><strong>subripuerat.</strong></span> <span class='ocrx_word' id='word_1_251' title='bbox 849 2173 1024 2227; x_wconf 88' lang='lat' dir='ltr'><strong>eaque</strong></span> <span class='ocrx_word' id='word_1_252' title='bbox 1058 2167 1173 2212; x_wconf 89' lang='lat' dir='ltr'><strong>arte</strong></span> <span class='ocrx_word' id='word_1_253' title='bbox 1221 2157 1420 2211; x_wconf 90' lang='lat' dir='ltr'><strong>summi</strong></span> <span class='ocrx_word' id='word_1_254' title='bbox 1474 2155 1751 2226; x_wconf 83' lang='lat' dir='ltr'><strong>pontiﬁcis</strong></span> <span class='ocrx_word' id='word_1_255' title='bbox 1794 2163 2013 2210; x_wconf 87' lang='lat' dir='ltr'><strong>sentcn-</strong></span> 
     </span>
    </p>
   </div>
   <div class='ocr_carea' id='block_1_39' title="bbox 431 2247 2015 2318">
    <p class='ocr_par' dir='ltr' id='par_1_39' title="bbox 431 2247 2015 2318">
     <span class='ocr_line' id='line_1_39' title="bbox 431 2247 2015 2318; baseline -0.001 -17"><span class='ocrx_word' id='word_1_256' title='bbox 431 2249 571 2302; x_wconf 65' lang='lat' dir='ltr'><strong>~tiam</strong></span> <span class='ocrx_word' id='word_1_257' title='bbox 617 2249 1043 2318; x_wconf 88' lang='lat' dir='ltr'><strong>synodicamque</strong></span> <span class='ocrx_word' id='word_1_258' title='bbox 1088 2248 1276 2318; x_wconf 87' lang='lat' dir='ltr'><strong>Cyrilli</strong></span> <span class='ocrx_word' id='word_1_259' title='bbox 1312 2263 1436 2302; x_wconf 92' lang='lat' dir='ltr'><strong>cum</strong></span> <span class='ocrx_word' id='word_1_260' title='bbox 1466 2248 1580 2302; x_wconf 92' lang='lat' dir='ltr'><strong>suis</strong></span> <span class='ocrx_word' id='word_1_261' title='bbox 1614 2247 1902 2302; x_wconf 84' lang='lat' dir='ltr'><strong>duodecim</strong></span> <span class='ocrx_word' id='word_1_262' title='bbox 1926 2263 2015 2301; x_wconf 84' lang='lat' dir='ltr'><strong>ca-</strong></span> 
     </span>
    </p>
   </div>
   <div class='ocr_carea' id='block_1_40' title="bbox 432 2336 2014 2408">
    <p class='ocr_par' dir='ltr' id='par_1_40' title="bbox 432 2336 2014 2408">
     <span class='ocr_line' id='line_1_40' title="bbox 432 2336 2014 2408; baseline -0.001 -17"><span class='ocrx_word' id='word_1_263' title='bbox 432 2339 630 2408; x_wconf 72' lang='lat' dir='ltr'><strong>pitulis</strong></span> <span class='ocrx_word' id='word_1_264' title='bbox 659 2337 1056 2392; x_wconf 84' lang='lat' dir='ltr'><strong>ludificaverat.</strong></span> <span class='ocrx_word' id='word_1_265' title='bbox 1089 2338 1148 2393; x_wconf 89' lang='lat' dir='ltr'><strong>Id</strong></span> <span class='ocrx_word' id='word_1_266' title='bbox 1183 2353 1350 2393; x_wconf 90' lang='lat' dir='ltr'><strong>ausus</strong></span> <span class='ocrx_word' id='word_1_267' title='bbox 1373 2348 1477 2400; x_wconf 90' lang='lat' dir='ltr'><strong>est,</strong></span> <span class='ocrx_word' id='word_1_268' title='bbox 1506 2353 1626 2406; x_wconf 68' lang='lat' dir='ltr'><strong>qua:</strong></span> <span class='ocrx_word' id='word_1_269' title='bbox 1650 2337 1750 2391; x_wconf 87' lang='lat' dir='ltr'><strong>fuit</strong></span> <span class='ocrx_word' id='word_1_270' title='bbox 1777 2336 2014 2391; x_wconf 87' lang='lat' dir='ltr'><strong>hominis</strong></span> 
     </span>
    </p>
   </div>
   <div class='ocr_carea' id='block_1_41' title="bbox 444 2425 2012 2497">
    <p class='ocr_par' dir='ltr' id='par_1_41' title="bbox 444 2425 2012 2497">
     <span class='ocr_line' id='line_1_41' title="bbox 444 2425 2012 2497; baseline -0.003 -15"><span class='ocrx_word' id='word_1_271' title='bbox 444 2429 800 2497; x_wconf 82' lang='lat' dir='ltr'><strong>impudentia,</strong></span> <span class='ocrx_word' id='word_1_272' title='bbox 849 2427 990 2482; x_wconf 91' lang='lat' dir='ltr'><strong>datis</strong></span> <span class='ocrx_word' id='word_1_273' title='bbox 1025 2428 1091 2482; x_wconf 89' lang='lat' dir='ltr'><strong>ad</strong></span> <span class='ocrx_word' id='word_1_274' title='bbox 1121 2436 1369 2482; x_wconf 88' lang='lat' dir='ltr'><strong>sanctum</strong></span> <span class='ocrx_word' id='word_1_275' title='bbox 1403 2426 1760 2489; x_wconf 72' lang='lat' dir='ltr'><strong>leestinum</strong></span> <span class='ocrx_word' id='word_1_276' title='bbox 1794 2425 2012 2488; x_wconf 88' lang='lat' dir='ltr'><strong>litteris,</strong></span> 
     </span>
    </p>
   </div>
   <div class='ocr_carea' id='block_1_42' title="bbox 441 2517 2014 2587">
    <p class='ocr_par' dir='ltr' id='par_1_42' title="bbox 441 2517 2014 2587">
     <span class='ocr_line' id='line_1_42' title="bbox 441 2517 2014 2587; baseline -0.003 -13"><span class='ocrx_word' id='word_1_277' title='bbox 441 2534 553 2574; x_wconf 79' lang='lat' dir='ltr'><strong>non</strong></span> <span class='ocrx_word' id='word_1_278' title='bbox 582 2519 823 2572; x_wconf 81' lang='lat' dir='ltr'><strong>obscure</strong></span> <span class='ocrx_word' id='word_1_279' title='bbox 863 2517 1113 2573; x_wconf 89' lang='lat' dir='ltr'><strong>innuerc.</strong></span> <span class='ocrx_word' id='word_1_280' title='bbox 1168 2538 1185 2569; x_wconf 77' lang='grc' dir='ltr'><strong>ι</strong></span> <span class='ocrx_word' id='word_1_281' title='bbox 1221 2519 1507 2582; x_wconf 82' lang='lat' dir='ltr'><strong>Piissimis,</strong></span> <span class='ocrx_word' id='word_1_282' title='bbox 1550 2519 1726 2587; x_wconf 90' lang='lat' dir='ltr'><strong>inquit</strong></span> <span class='ocrx_word' id='word_1_283' title='bbox 1748 2518 1812 2582; x_wconf 79' lang='grc'><strong>³⁸,</strong></span> <span class='ocrx_word' id='word_1_284' title='bbox 1840 2517 2014 2586; x_wconf 90' lang='lat' dir='ltr'><strong>impe-</strong></span> 
     </span>
    </p>
   </div>
   <div class='ocr_carea' id='block_1_43' title="bbox 442 2611 2016 2681">
    <p class='ocr_par' dir='ltr' id='par_1_43' title="bbox 442 2611 2016 2681">
     <span class='ocr_line' id='line_1_43' title="bbox 442 2611 2016 2681; baseline -0.002 -15"><span class='ocrx_word' id='word_1_285' title='bbox 442 2613 720 2666; x_wconf 80' lang='lat' dir='ltr'><strong>ratoribus</strong></span> <span class='ocrx_word' id='word_1_286' title='bbox 761 2612 986 2681; x_wconf 85' lang='lat' dir='ltr'><strong>placuit,</strong></span> <span class='ocrx_word' id='word_1_287' title='bbox 1043 2613 1271 2666; x_wconf 74' lang='lat' dir='ltr'><strong>Domino</strong></span> <span class='ocrx_word' id='word_1_288' title='bbox 1306 2613 1616 2681; x_wconf 85' lang='lat' dir='ltr'><strong>adjuvante,</strong></span> <span class='ocrx_word' id='word_1_289' title='bbox 1657 2611 1822 2666; x_wconf 88' lang='lat' dir='ltr'><strong>etiam</strong></span> <span class='ocrx_word' id='word_1_290' title='bbox 1851 2624 2016 2681; x_wconf 81' lang='lat' dir='ltr'><strong>syno-</strong></span> 
     </span>
    </p>
   </div>
   <div class='ocr_carea' id='block_1_44' title="bbox 443 2701 2018 2758">
    <p class='ocr_par' dir='ltr' id='par_1_44' title="bbox 443 2701 2018 2758">
     <span class='ocr_line' id='line_1_44' title="bbox 443 2701 2018 2758; baseline 0.001 -2"><span class='ocrx_word' id='word_1_291' title='bbox 443 2704 574 2756; x_wconf 90' lang='lat' dir='ltr'><strong>dum</strong></span> <span class='ocrx_word' id='word_1_292' title='bbox 605 2703 1056 2757; x_wconf 75' lang='lat' dir='ltr'><strong>inexcusabiliter</strong></span> <span class='ocrx_word' id='word_1_293' title='bbox 1079 2703 1249 2757; x_wconf 87' lang='lat' dir='ltr'><strong>tutius</strong></span> <span class='ocrx_word' id='word_1_294' title='bbox 1285 2704 1434 2757; x_wconf 90' lang='lat' dir='ltr'><strong>orbis</strong></span> <span class='ocrx_word' id='word_1_295' title='bbox 1464 2711 1733 2756; x_wconf 90' lang='lat' dir='ltr'><strong>terrarum</strong></span> <span class='ocrx_word' id='word_1_296' title='bbox 1775 2701 2018 2758; x_wconf 87' lang='lat' dir='ltr'><strong>indicere</strong></span> 
     </span>
    </p>
   </div>
   <div class='ocr_carea' id='block_1_45' title="bbox 445 2791 2022 2864">
    <p class='ocr_par' dir='ltr' id='par_1_45' title="bbox 445 2791 2022 2864">
     <span class='ocr_line' id='line_1_45' title="bbox 445 2791 2022 2864; baseline 0 -20"><span class='ocrx_word' id='word_1_297' title='bbox 445 2803 669 2864; x_wconf 85' lang='lat' dir='ltr'><strong>propter</strong></span> <span class='ocrx_word' id='word_1_298' title='bbox 706 2793 1116 2863; x_wconf 86' lang='lat' dir='ltr'><strong>inquisitionem</strong></span> <span class='ocrx_word' id='word_1_299' title='bbox 1157 2793 1394 2847; x_wconf 86' lang='lat' dir='ltr'><strong>aliarum</strong></span> <span class='ocrx_word' id='word_1_300' title='bbox 1451 2809 1634 2847; x_wconf 90' lang='lat' dir='ltr'><strong>rerum</strong></span> <span class='ocrx_word' id='word_1_301' title='bbox 1686 2791 2022 2847; x_wconf 88' lang='lat' dir='ltr'><strong>ecclesiasti-</strong></span> 
     </span>
    </p>
   </div>
   <div class='ocr_carea' id='block_1_46' title="bbox 446 2879 2021 2935">
    <p class='ocr_par' dir='ltr' id='par_1_46' title="bbox 446 2879 2021 2935">
     <span class='ocr_line' id='line_1_46' title="bbox 446 2879 2021 2935; baseline -0.003 0"><span class='ocrx_word' id='word_1_302' title='bbox 446 2897 677 2935; x_wconf 88' lang='lat' dir='ltr'><strong>carum:</strong></span> <span class='ocrx_word' id='word_1_303' title='bbox 719 2897 843 2935; x_wconf 90' lang='lat' dir='ltr'><strong>nam</strong></span> <span class='ocrx_word' id='word_1_304' title='bbox 883 2881 1285 2935; x_wconf 84' lang='lat' dir='ltr'><strong>dubitationem</strong></span> <span class='ocrx_word' id='word_1_305' title='bbox 1333 2881 1629 2935; x_wconf 87' lang='lat' dir='ltr'><strong>verborum</strong></span> <span class='ocrx_word' id='word_1_306' title='bbox 1673 2897 1783 2934; x_wconf 91' lang='lat' dir='ltr'><strong>non</strong></span> <span class='ocrx_word' id='word_1_307' title='bbox 1809 2879 2021 2934; x_wconf 80' lang='lat' dir='ltr'><strong>:cstimo</strong></span> 
     </span>
    </p>
   </div>
   <div class='ocr_carea' id='block_1_47' title="bbox 446 2969 2020 3040">
    <p class='ocr_par' dir='ltr' id='par_1_47' title="bbox 446 2969 2020 3040">
     <span class='ocr_line' id='line_1_47' title="bbox 446 2969 2020 3040; baseline -0.001 -16"><span class='ocrx_word' id='word_1_308' title='bbox 446 2970 758 3024; x_wconf 79' lang='lat' dir='ltr'><strong>habituram</strong></span> <span class='ocrx_word' id='word_1_309' title='bbox 817 2971 1231 3040; x_wconf 86' lang='lat' dir='ltr'><strong>inquisitionem</strong></span> <span class='ocrx_word' id='word_1_310' title='bbox 1280 2969 1580 3035; x_wconf 69' lang='lat' dir='ltr'><strong>difficilem,</strong></span> <span class='ocrx_word' id='word_1_311' title='bbox 1634 2987 1738 3025; x_wconf 89' lang='lat' dir='ltr'><strong>nec</strong></span> <span class='ocrx_word' id='word_1_312' title='bbox 1787 2969 2020 3040; x_wconf 54' lang='lat' dir='ltr'><strong>impedi.-</strong></span> 
     </span>
    </p>
   </div>
   <div class='ocr_carea' id='block_1_48' title="bbox 449 3058 2022 3116">
    <p class='ocr_par' dir='ltr' id='par_1_48' title="bbox 449 3058 2022 3116">
     <span class='ocr_line' id='line_1_48' title="bbox 449 3058 2022 3116; baseline 0.001 -3"><span class='ocrx_word' id='word_1_313' title='bbox 449 3069 630 3116; x_wconf 81' lang='lat' dir='ltr'><strong>mento</strong></span> <span class='ocrx_word' id='word_1_314' title='bbox 684 3074 806 3113; x_wconf 88' lang='lat' dir='ltr'><strong>esse</strong></span> <span class='ocrx_word' id='word_1_315' title='bbox 855 3059 1094 3114; x_wconf 87' lang='lat' dir='ltr'><strong>futuram</strong></span> <span class='ocrx_word' id='word_1_316' title='bbox 1132 3058 1197 3113; x_wconf 91' lang='lat' dir='ltr'><strong>ad</strong></span> <span class='ocrx_word' id='word_1_317' title='bbox 1253 3067 1541 3114; x_wconf 88' lang='lat' dir='ltr'><strong>tractatum</strong></span> <span class='ocrx_word' id='word_1_318' title='bbox 1573 3059 1880 3114; x_wconf 87' lang='lat' dir='ltr'><strong>divinitatis</strong></span> <span class='ocrx_word' id='word_1_319' title='bbox 1913 3059 2022 3114; x_wconf 90' lang='lat' dir='ltr'><strong>Do-</strong></span> 
     </span>
    </p>
   </div>
   <div class='ocr_carea' id='block_1_49' title="bbox 449 3149 814 3204">
    <p class='ocr_par' dir='ltr' id='par_1_49' title="bbox 449 3149 814 3204">
     <span class='ocr_line' id='line_1_49' title="bbox 449 3149 814 3204; baseline -0.011 0"><span class='ocrx_word' id='word_1_320' title='bbox 449 3150 584 3204; x_wconf 86' lang='lat' dir='ltr'><strong>mini</strong></span> <span class='ocrx_word' id='word_1_321' title='bbox 626 3149 764 3204; x_wconf 85' lang='lat' dir='ltr'><strong>Iesu.</strong></span> <span class='ocrx_word' id='word_1_322' title='bbox 797 3168 814 3200; x_wconf 71' lang='grc' dir='ltr'><strong>ι</strong></span> 
     </span>
    </p>
   </div>
   <div class='ocr_carea' id='block_1_50' title="bbox 520 3239 2025 3311">
    <p class='ocr_par' dir='ltr' id='par_1_50' title="bbox 520 3239 2025 3311">
     <span class='ocr_line' id='line_1_50' title="bbox 520 3239 2025 3311; baseline 0.001 -16"><span class='ocrx_word' id='word_1_323' title='bbox 520 3240 627 3295; x_wconf 86' lang='lat' dir='ltr'><strong>Sed</strong></span> <span class='ocrx_word' id='word_1_324' title='bbox 679 3255 804 3294; x_wconf 89' lang='lat' dir='ltr'><strong>cum</strong></span> <span class='ocrx_word' id='word_1_325' title='bbox 852 3239 1180 3310; x_wconf 76' lang='lat' dir='ltr'><strong>intelligeret</strong></span> <span class='ocrx_word' id='word_1_326' title='bbox 1234 3255 1422 3310; x_wconf 88' lang='lat' dir='ltr'><strong>sparsa</strong></span> <span class='ocrx_word' id='word_1_327' title='bbox 1471 3255 1569 3311; x_wconf 89' lang='lat' dir='ltr'><strong>per</strong></span> <span class='ocrx_word' id='word_1_328' title='bbox 1615 3241 1807 3295; x_wconf 91' lang='lat' dir='ltr'><strong>urbem</strong></span> <span class='ocrx_word' id='word_1_329' title='bbox 1857 3241 2025 3297; x_wconf 88' lang='lat' dir='ltr'><strong>fuisse</strong></span> 
     </span>
    </p>
   </div>
   <div class='ocr_carea' id='block_1_51' title="bbox 449 3331 2027 3405">
    <p class='ocr_par' dir='ltr' id='par_1_51' title="bbox 449 3331 2027 3405">
     <span class='ocr_line' id='line_1_51' title="bbox 449 3331 2027 3405; baseline 0.001 -20"><span class='ocrx_word' id='word_1_330' title='bbox 449 3331 635 3402; x_wconf 75' lang='lat' dir='ltr'><strong>Cyrilli</strong></span> <span class='ocrx_word' id='word_1_331' title='bbox 672 3331 932 3402; x_wconf 88' lang='lat' dir='ltr'><strong>capitula,</strong></span> <span class='ocrx_word' id='word_1_332' title='bbox 958 3347 1066 3385; x_wconf 90' lang='lat' dir='ltr'><strong>una</strong></span> <span class='ocrx_word' id='word_1_333' title='bbox 1103 3341 1228 3385; x_wconf 86' lang='lat' dir='ltr'><strong>cum</strong></span> <span class='ocrx_word' id='word_1_334' title='bbox 1251 3332 1451 3386; x_wconf 88' lang='lat' dir='ltr'><strong>litteris</strong></span> <span class='ocrx_word' id='word_1_335' title='bbox 1485 3332 1742 3386; x_wconf 70' lang='lat' dir='ltr'><strong>Romana:</strong></span> <span class='ocrx_word' id='word_1_336' title='bbox 1778 3343 1834 3386; x_wconf 92' lang='lat' dir='ltr'><strong>et</strong></span> <span class='ocrx_word' id='word_1_337' title='bbox 1865 3332 2027 3405; x_wconf 66' lang='lat' dir='ltr'><strong>Egy-</strong></span> 
     </span>
    </p>
   </div>
   <div class='ocr_carea' id='block_1_52' title="bbox 452 3421 2024 3492">
    <p class='ocr_par' dir='ltr' id='par_1_52' title="bbox 452 3421 2024 3492">
     <span class='ocr_line' id='line_1_52' title="bbox 452 3421 2024 3492; baseline 0.001 -17"><span class='ocrx_word' id='word_1_338' title='bbox 452 3423 578 3492; x_wconf 69' lang='lat' dir='ltr'><strong>ptian</strong></span> <span class='ocrx_word' id='word_1_339' title='bbox 623 3422 838 3492; x_wconf 82' lang='lat' dir='ltr'><strong>synodi,</strong></span> <span class='ocrx_word' id='word_1_340' title='bbox 881 3436 1212 3492; x_wconf 81' lang='lat' dir='ltr'><strong>magnasque</strong></span> <span class='ocrx_word' id='word_1_341' title='bbox 1250 3421 1378 3474; x_wconf 90' lang='lat' dir='ltr'><strong>inde</strong></span> <span class='ocrx_word' id='word_1_342' title='bbox 1411 3422 1721 3475; x_wconf 89' lang='lat' dir='ltr'><strong>animorum</strong></span> <span class='ocrx_word' id='word_1_343' title='bbox 1761 3424 1926 3477; x_wconf 88' lang='lat' dir='ltr'><strong>etiam</strong></span> <span class='ocrx_word' id='word_1_344' title='bbox 1970 3425 2024 3477; x_wconf 89' lang='lat' dir='ltr'><strong>in</strong></span> 
     </span>
    </p>
   </div>
   <div class='ocr_carea' id='block_1_53' title="bbox 452 3509 2026 3574">
    <p class='ocr_par' dir='ltr' id='par_1_53' title="bbox 452 3509 2026 3574">
     <span class='ocr_line' id='line_1_53' title="bbox 452 3509 2026 3574; baseline -0.001 -8"><span class='ocrx_word' id='word_1_345' title='bbox 452 3513 575 3566; x_wconf 81' lang='lat' dir='ltr'><strong>aula</strong></span> <span class='ocrx_word' id='word_1_346' title='bbox 627 3511 1020 3565; x_wconf 86' lang='lat' dir='ltr'><strong>conversiones</strong></span> <span class='ocrx_word' id='word_1_347' title='bbox 1064 3509 1227 3574; x_wconf 84' lang='lat' dir='ltr'><strong>eIIici,</strong></span> <span class='ocrx_word' id='word_1_348' title='bbox 1281 3523 1383 3562; x_wconf 88' lang='lat' dir='ltr'><strong>nec</strong></span> <span class='ocrx_word' id='word_1_349' title='bbox 1423 3509 1540 3563; x_wconf 89' lang='lat' dir='ltr'><strong>suis</strong></span> <span class='ocrx_word' id='word_1_350' title='bbox 1578 3523 1636 3563; x_wconf 90' lang='lat' dir='ltr'><strong>se</strong></span> <span class='ocrx_word' id='word_1_351' title='bbox 1666 3510 2026 3564; x_wconf 91' lang='lat' dir='ltr'><strong>concionibus</strong></span> 
     </span>
    </p>
   </div>
   <div class='ocr_carea' id='block_1_54' title="bbox 451 3599 2027 3674">
    <p class='ocr_par' dir='ltr' id='par_1_54' title="bbox 451 3599 2027 3674">
     <span class='ocr_line' id='line_1_54' title="bbox 451 3599 2027 3674; baseline -0.002 -16"><span class='ocrx_word' id='word_1_352' title='bbox 451 3603 665 3658; x_wconf 85' lang='lat' dir='ltr'><strong>duabus</strong></span> <span class='ocrx_word' id='word_1_353' title='bbox 708 3603 762 3657; x_wconf 92' lang='lat' dir='ltr'><strong>id</strong></span> <span class='ocrx_word' id='word_1_354' title='bbox 817 3603 1116 3674; x_wconf 77' lang='lat' dir='ltr'><strong>peregisse,</strong></span> <span class='ocrx_word' id='word_1_355' title='bbox 1157 3601 1304 3671; x_wconf 88' lang='lat' dir='ltr'><strong>quod</strong></span> <span class='ocrx_word' id='word_1_356' title='bbox 1353 3599 1660 3665; x_wconf 89' lang='lat' dir='ltr'><strong>moliretur,</strong></span> <span class='ocrx_word' id='word_1_357' title='bbox 1712 3601 2027 3655; x_wconf 86' lang='lat' dir='ltr'><strong>anathema-</strong></span> 
     </span>
    </p>
   </div>
   <div class='ocr_carea' id='block_1_55' title="bbox 453 3691 2028 3764">
    <p class='ocr_par' dir='ltr' id='par_1_55' title="bbox 453 3691 2028 3764">
     <span class='ocr_line' id='line_1_55' title="bbox 453 3691 2028 3764; baseline -0.001 -16"><span class='ocrx_word' id='word_1_358' title='bbox 453 3695 647 3748; x_wconf 84' lang='lat' dir='ltr'><strong>tismos</strong></span> <span class='ocrx_word' id='word_1_359' title='bbox 687 3692 878 3764; x_wconf 83' lang='lat' dir='ltr'><strong>Cyrilli</strong></span> <span class='ocrx_word' id='word_1_360' title='bbox 925 3693 1161 3763; x_wconf 91' lang='lat' dir='ltr'><strong>primum</strong></span> <span class='ocrx_word' id='word_1_361' title='bbox 1202 3693 1257 3746; x_wconf 91' lang='lat' dir='ltr'><strong>in</strong></span> <span class='ocrx_word' id='word_1_362' title='bbox 1305 3693 1421 3763; x_wconf 91' lang='lat' dir='ltr'><strong>ipsa</strong></span> <span class='ocrx_word' id='word_1_363' title='bbox 1459 3691 1594 3746; x_wconf 89' lang='lat' dir='ltr'><strong>urbe</strong></span> <span class='ocrx_word' id='word_1_364' title='bbox 1635 3691 1782 3762; x_wconf 83' lang='lat' dir='ltr'><strong>regia</strong></span> <span class='ocrx_word' id='word_1_365' title='bbox 1812 3700 2028 3746; x_wconf 84' lang='lat' dir='ltr'><strong>contra-</strong></span> 
     </span>
    </p>
   </div>
   <div class='ocr_carea' id='block_1_56' title="bbox 453 3781 2028 3848">
    <p class='ocr_par' dir='ltr' id='par_1_56' title="bbox 453 3781 2028 3848">
     <span class='ocr_line' id='line_1_56' title="bbox 453 3781 2028 3848; baseline -0.002 -10"><span class='ocrx_word' id='word_1_366' title='bbox 453 3784 552 3840; x_wconf 89' lang='lat' dir='ltr'><strong>riis</strong></span> <span class='ocrx_word' id='word_1_367' title='bbox 601 3783 1068 3838; x_wconf 80' lang='lat' dir='ltr'><strong>anathematismis</strong></span> <span class='ocrx_word' id='word_1_368' title='bbox 1110 3782 1332 3838; x_wconf 89' lang='lat' dir='ltr'><strong>refellit.</strong></span> <span class='ocrx_word' id='word_1_369' title='bbox 1366 3781 1594 3848; x_wconf 87' lang='lat' dir='ltr'><strong>Deinde,</strong></span> <span class='ocrx_word' id='word_1_370' title='bbox 1629 3781 1812 3837; x_wconf 88' lang='lat' dir='ltr'><strong>missis</strong></span> <span class='ocrx_word' id='word_1_371' title='bbox 1835 3782 2028 3836; x_wconf 80' lang='lat' dir='ltr'><strong>Antio-</strong></span> 
     </span>
    </p>
   </div>
   <div class='ocr_carea' id='block_1_57' title="bbox 452 3872 2026 3945">
    <p class='ocr_par' dir='ltr' id='par_1_57' title="bbox 452 3872 2026 3945">
     <span class='ocr_line' id='line_1_57' title="bbox 452 3872 2026 3945; baseline -0.002 -15"><span class='ocrx_word' id='word_1_372' title='bbox 452 3875 634 3930; x_wconf 81' lang='lat' dir='ltr'><strong>chiam</strong></span> <span class='ocrx_word' id='word_1_373' title='bbox 668 3873 1049 3945; x_wconf 84' lang='lat' dir='ltr'><strong>synodicarum</strong></span> <span class='ocrx_word' id='word_1_374' title='bbox 1080 3873 1369 3942; x_wconf 86' lang='lat' dir='ltr'><strong>exemplis,</strong></span> <span class='ocrx_word' id='word_1_375' title='bbox 1404 3872 1672 3928; x_wconf 88' lang='lat' dir='ltr'><strong>Joannem</strong></span> <span class='ocrx_word' id='word_1_376' title='bbox 1723 3872 1931 3943; x_wconf 84' lang='lat' dir='ltr'><strong>rogavit</strong></span> <span class='ocrx_word' id='word_1_377' title='bbox 1965 3882 2026 3927; x_wconf 91' lang='lat' dir='ltr'><strong>ut</strong></span> 
     </span>
    </p>
   </div>
   <div class='ocr_carea' id='block_1_58' title="bbox 450 3961 2026 4034">
    <p class='ocr_par' dir='ltr' id='par_1_58' title="bbox 450 3961 2026 4034">
     <span class='ocr_line' id='line_1_58' title="bbox 450 3961 2026 4034; baseline -0.003 -14"><span class='ocrx_word' id='word_1_378' title='bbox 450 3980 483 4020; x_wconf 82' lang='grc' dir='ltr'><strong>ιι</strong></span> <span class='ocrx_word' id='word_1_379' title='bbox 538 3963 754 4018; x_wconf 89' lang='lat' dir='ltr'><strong>duobus</strong></span> <span class='ocrx_word' id='word_1_380' title='bbox 806 3963 890 4018; x_wconf 84' lang='lat' dir='ltr'><strong>sui</strong></span> <span class='ocrx_word' id='word_1_381' title='bbox 937 3963 1159 4034; x_wconf 72' lang='lat' dir='ltr'><strong>concilii</strong></span> <span class='ocrx_word' id='word_1_382' title='bbox 1209 3962 1364 4028; x_wconf 91' lang='lat' dir='ltr'><strong>viris,</strong></span> <span class='ocrx_word' id='word_1_383' title='bbox 1420 3962 1767 4018; x_wconf 89' lang='lat' dir='ltr'><strong>Tbeodoreto</strong></span> <span class='ocrx_word' id='word_1_384' title='bbox 1802 3961 2026 4034; x_wconf 85' lang='lat' dir='ltr'><strong>Cyrensi</strong></span> 
     </span>
    </p>
   </div>
   <div class='ocr_carea' id='block_1_59' title="bbox 448 4053 2027 4125">
    <p class='ocr_par' dir='ltr' id='par_1_59' title="bbox 448 4053 2027 4125">
     <span class='ocr_line' id='line_1_59' title="bbox 448 4053 2027 4125; baseline -0.001 -15"><span class='ocrx_word' id='word_1_385' title='bbox 448 4064 508 4110; x_wconf 89' lang='lat' dir='ltr'><strong>et</strong></span> <span class='ocrx_word' id='word_1_386' title='bbox 552 4053 768 4109; x_wconf 86' lang='lat' dir='ltr'><strong>Andrea</strong></span> <span class='ocrx_word' id='word_1_387' title='bbox 811 4053 1194 4118; x_wconf 86' lang='lat' dir='ltr'><strong>Samosateno,</strong></span> <span class='ocrx_word' id='word_1_388' title='bbox 1247 4053 1425 4124; x_wconf 84' lang='lat' dir='ltr'><strong>capita</strong></span> <span class='ocrx_word' id='word_1_389' title='bbox 1451 4053 1742 4108; x_wconf 91' lang='lat' dir='ltr'><strong>duodecim</strong></span> <span class='ocrx_word' id='word_1_390' title='bbox 1772 4069 1803 4107; x_wconf 90' lang='lat' dir='ltr'><strong>a</strong></span> <span class='ocrx_word' id='word_1_391' title='bbox 1826 4053 2027 4125; x_wconf 85' lang='lat' dir='ltr'><strong>Cyrillo</strong></span> 
     </span>
    </p>
   </div>
   <div class='ocr_carea' id='block_1_60' title="bbox 449 4131 2027 4217">
    <p class='ocr_par' dir='ltr' id='par_1_60' title="bbox 449 4131 2027 4217">
     <span class='ocr_line' id='line_1_60' title="bbox 449 4131 2027 4217; baseline 0 -16"><span class='ocrx_word' id='word_1_392' title='bbox 449 4145 768 4217; x_wconf 65' lang='lat' dir='ltr'><strong>praescripta</strong></span> <span class='ocrx_word' id='word_1_393' title='bbox 798 4154 1020 4200; x_wconf 79' lang='lat' dir='ltr'><strong>curaret</strong></span> <span class='ocrx_word' id='word_1_394' title='bbox 1061 4145 1237 4215; x_wconf 88' lang='lat' dir='ltr'><strong>argui,</strong></span> <span class='ocrx_word' id='word_1_395' title='bbox 1285 4145 1441 4215; x_wconf 88' lang='lat' dir='ltr'><strong>quasi</strong></span> <span class='ocrx_word' id='word_1_396' title='bbox 1472 4145 1804 4214; x_wconf 85' lang='lat' dir='ltr'><strong>Apollinaris</strong></span> <span class='ocrx_word' id='word_1_397' title='bbox 1832 4131 2027 4216; x_wconf 83' lang='lat' dir='ltr'><strong>impie-</strong></span> 
     </span>
    </p>
   </div>
   <div class='ocr_carea' id='block_1_61' title="bbox 453 4237 2023 4306">
    <p class='ocr_par' dir='ltr' id='par_1_61' title="bbox 453 4237 2023 4306">
     <span class='ocr_line' id='line_1_61' title="bbox 453 4237 2023 4306; baseline -0.001 -12"><span class='ocrx_word' id='word_1_398' title='bbox 453 4249 618 4294; x_wconf 85' lang='lat' dir='ltr'><strong>tatem</strong></span> <span class='ocrx_word' id='word_1_399' title='bbox 639 4238 1007 4291; x_wconf 88' lang='lat' dir='ltr'><strong>continerent.</strong></span> <span class='ocrx_word' id='word_1_400' title='bbox 1030 4237 1258 4291; x_wconf 90' lang='lat' dir='ltr'><strong>Joannis</strong></span> <span class='ocrx_word' id='word_1_401' title='bbox 1278 4237 1534 4291; x_wconf 86' lang='lat' dir='ltr'><strong>mandato</strong></span> <span class='ocrx_word' id='word_1_402' title='bbox 1559 4245 1789 4306; x_wconf 90' lang='lat' dir='ltr'><strong>uterque</strong></span> <span class='ocrx_word' id='word_1_403' title='bbox 1812 4239 2023 4306; x_wconf 87' lang='lat' dir='ltr'><strong>paruit:</strong></span> 
     </span>
    </p>
   </div>
   <div class='ocr_carea' id='block_1_62' title="bbox 2110 1790 3687 1870">
    <p class='ocr_par' dir='ltr' id='par_1_62' title="bbox 2110 1790 3687 1870">
     <span class='ocr_line' id='line_1_62' title="bbox 2110 1790 3687 1870; baseline -0.009 -15"><span class='ocrx_word' id='word_1_404' title='bbox 2110 1799 2327 1870; x_wconf 83' lang='lat' dir='ltr'><strong>negavit</strong></span> <span class='ocrx_word' id='word_1_405' title='bbox 2365 1798 2581 1852; x_wconf 90' lang='lat' dir='ltr'><strong>beatam</strong></span> <span class='ocrx_word' id='word_1_406' title='bbox 2605 1795 2882 1865; x_wconf 84' lang='lat' dir='ltr'><strong>Virginem</strong></span> <span class='ocrx_word' id='word_1_407' title='bbox 2905 1793 3181 1863; x_wconf 87' lang='lat' dir='ltr'><strong>peperisse</strong></span> <span class='ocrx_word' id='word_1_408' title='bbox 3204 1790 3440 1846; x_wconf 73' lang='lat' dir='ltr'><strong>Verbum</strong></span> <span class='ocrx_word' id='word_1_409' title='bbox 3467 1805 3687 1844; x_wconf 84' lang='lat' dir='ltr'><strong>carnem</strong></span> 
     </span>
    </p>
   </div>
   <div class='ocr_carea' id='block_1_63' title="bbox 2111 1880 3688 1956">
    <p class='ocr_par' dir='ltr' id='par_1_63' title="bbox 2111 1880 3688 1956">
     <span class='ocr_line' id='line_1_63' title="bbox 2111 1880 3688 1956; baseline -0.008 -10"><span class='ocrx_word' id='word_1_410' title='bbox 2111 1891 2355 1956; x_wconf 90' lang='lat' dir='ltr'><strong>factum;</strong></span> <span class='ocrx_word' id='word_1_411' title='bbox 2392 1904 2516 1944; x_wconf 92' lang='lat' dir='ltr'><strong>cum</strong></span> <span class='ocrx_word' id='word_1_412' title='bbox 2547 1885 2875 1949; x_wconf 90' lang='lat' dir='ltr'><strong>secundum,</strong></span> <span class='ocrx_word' id='word_1_413' title='bbox 2921 1894 3150 1939; x_wconf 88' lang='lat' dir='ltr'><strong>naturas</strong></span> <span class='ocrx_word' id='word_1_414' title='bbox 3197 1883 3253 1937; x_wconf 91' lang='lat' dir='ltr'><strong>in</strong></span> <span class='ocrx_word' id='word_1_415' title='bbox 3294 1881 3513 1936; x_wconf 56' lang='lat' dir='ltr'><strong>Cbriio</strong></span> <span class='ocrx_word' id='word_1_416' title='bbox 3565 1880 3688 1934; x_wconf 76' lang='grc' dir='ltr'><strong>καθ’</strong></span> 
     </span>
    </p>
   </div>
   <div class='ocr_carea' id='block_1_64' title="bbox 2112 1971 3689 2046">
    <p class='ocr_par' dir='ltr' id='par_1_64' title="bbox 2112 1971 3689 2046">
     <span class='ocr_line' id='line_1_64' title="bbox 2112 1971 3689 2046; baseline -0.007 -10"><span class='ocrx_word' id='word_1_417' title='bbox 2112 1984 2408 2036; x_wconf 75' lang='grc' dir='ltr'>ὑπόστασιν</span> <span class='ocrx_word' id='word_1_418' title='bbox 2454 1979 2595 2034; x_wconf 91' lang='lat' dir='ltr'><strong>uniri</strong></span> <span class='ocrx_word' id='word_1_419' title='bbox 2621 1996 2634 2044; x_wconf 91' lang='lat'><strong>;</strong></span> <span class='ocrx_word' id='word_1_420' title='bbox 2672 1993 2794 2032; x_wconf 93' lang='lat' dir='ltr'><strong>cum</strong></span> <span class='ocrx_word' id='word_1_421' title='bbox 2825 1984 3102 2046; x_wconf 82' lang='lat' dir='ltr'><strong>quartum,</strong></span> <span class='ocrx_word' id='word_1_422' title='bbox 3136 1975 3351 2029; x_wconf 88' lang='lat' dir='ltr'><strong>unicam</strong></span> <span class='ocrx_word' id='word_1_423' title='bbox 3379 1987 3499 2028; x_wconf 83' lang='lat' dir='ltr'><strong>esse</strong></span> <span class='ocrx_word' id='word_1_424' title='bbox 3526 1971 3689 2027; x_wconf 82' lang='lat' dir='ltr'><strong>Chri-</strong></span> 
     </span>
    </p>
   </div>
   <div class='ocr_carea' id='block_1_65' title="bbox 2111 2062 3690 2132">
    <p class='ocr_par' dir='ltr' id='par_1_65' title="bbox 2111 2062 3690 2132">
     <span class='ocr_line' id='line_1_65' title="bbox 2111 2062 3690 2132; baseline -0.008 -6"><span class='ocrx_word' id='word_1_425' title='bbox 2111 2073 2181 2126; x_wconf 91' lang='lat' dir='ltr'><strong>sti</strong></span> <span class='ocrx_word' id='word_1_426' title='bbox 2233 2072 2575 2132; x_wconf 73' lang='grc' dir='ltr'><strong>ὑπόστατιν;</strong></span> <span class='ocrx_word' id='word_1_427' title='bbox 2629 2081 2752 2121; x_wconf 91' lang='lat' dir='ltr'><strong>cum</strong></span> <span class='ocrx_word' id='word_1_428' title='bbox 2805 2065 3097 2128; x_wconf 90' lang='lat' dir='ltr'><strong>decimum,</strong></span> <span class='ocrx_word' id='word_1_429' title='bbox 3158 2064 3330 2118; x_wconf 91' lang='lat' dir='ltr'><strong>Deum</strong></span> <span class='ocrx_word' id='word_1_430' title='bbox 3373 2062 3480 2117; x_wconf 88' lang='lat' dir='ltr'><strong>dici</strong></span> <span class='ocrx_word' id='word_1_431' title='bbox 3528 2076 3690 2131; x_wconf 89' lang='lat' dir='ltr'><strong>posse</strong></span> 
     </span>
    </p>
   </div>
   <div class='ocr_carea' id='block_1_66' title="bbox 2114 2153 3690 2227">
    <p class='ocr_par' dir='ltr' id='par_1_66' title="bbox 2114 2153 3690 2227">
     <span class='ocr_line' id='line_1_66' title="bbox 2114 2153 3690 2227; baseline -0.006 -11"><span class='ocrx_word' id='word_1_432' title='bbox 2114 2170 2414 2216; x_wconf 89' lang='lat' dir='ltr'><strong>mortuum.</strong></span> <span class='ocrx_word' id='word_1_433' title='bbox 2443 2160 2549 2213; x_wconf 88' lang='lat' dir='ltr'><strong>Ista</strong></span> <span class='ocrx_word' id='word_1_434' title='bbox 2571 2172 2702 2211; x_wconf 88' lang='lat' dir='ltr'><strong>vero</strong></span> <span class='ocrx_word' id='word_1_435' title='bbox 2736 2167 2971 2227; x_wconf 91' lang='lat' dir='ltr'><strong>quatuor</strong></span> <span class='ocrx_word' id='word_1_436' title='bbox 3006 2171 3167 2210; x_wconf 90' lang='lat' dir='ltr'><strong>nemo</strong></span> <span class='ocrx_word' id='word_1_437' title='bbox 3199 2155 3505 2210; x_wconf 89' lang='lat' dir='ltr'><strong>catholicus</strong></span> <span class='ocrx_word' id='word_1_438' title='bbox 3531 2153 3690 2207; x_wconf 88' lang='lat' dir='ltr'><strong>fateri</strong></span> 
     </span>
    </p>
   </div>
   <div class='ocr_carea' id='block_1_67' title="bbox 2114 2243 3694 2316">
    <p class='ocr_par' dir='ltr' id='par_1_67' title="bbox 2114 2243 3694 2316">
     <span class='ocr_line' id='line_1_67' title="bbox 2114 2243 3694 2316; baseline -0.007 -8"><span class='ocrx_word' id='word_1_439' title='bbox 2114 2253 2391 2315; x_wconf 90' lang='lat' dir='ltr'><strong>abnuerit,</strong></span> <span class='ocrx_word' id='word_1_440' title='bbox 2443 2251 2548 2304; x_wconf 89' lang='lat' dir='ltr'><strong>nisi</strong></span> <span class='ocrx_word' id='word_1_441' title='bbox 2599 2249 2685 2303; x_wconf 88' lang='lat' dir='ltr'><strong>vel</strong></span> <span class='ocrx_word' id='word_1_442' title='bbox 2733 2249 2788 2301; x_wconf 88' lang='lat' dir='ltr'><strong>in</strong></span> <span class='ocrx_word' id='word_1_443' title='bbox 2846 2248 3048 2301; x_wconf 88' lang='lat' dir='ltr'><strong>crassis</strong></span> <span class='ocrx_word' id='word_1_444' title='bbox 3080 2245 3400 2316; x_wconf 69' lang='lat' dir='ltr'><strong>ignorantia:</strong></span> <span class='ocrx_word' id='word_1_445' title='bbox 3445 2243 3694 2298; x_wconf 86' lang='lat' dir='ltr'><strong>tenebris</strong></span> 
     </span>
    </p>
   </div>
   <div class='ocr_carea' id='block_1_68' title="bbox 2116 2334 3692 2407">
    <p class='ocr_par' dir='ltr' id='par_1_68' title="bbox 2116 2334 3692 2407">
     <span class='ocr_line' id='line_1_68' title="bbox 2116 2334 3692 2407; baseline -0.005 -11"><span class='ocrx_word' id='word_1_446' title='bbox 2116 2350 2390 2404; x_wconf 87' lang='lat' dir='ltr'><strong>versetur,</strong></span> <span class='ocrx_word' id='word_1_447' title='bbox 2437 2339 2522 2393; x_wconf 88' lang='lat' dir='ltr'><strong>vel</strong></span> <span class='ocrx_word' id='word_1_448' title='bbox 2581 2337 2652 2392; x_wconf 92' lang='lat' dir='ltr'><strong>ob</strong></span> <span class='ocrx_word' id='word_1_449' title='bbox 2696 2352 2925 2407; x_wconf 89' lang='lat' dir='ltr'><strong>pravum</strong></span> <span class='ocrx_word' id='word_1_450' title='bbox 2971 2336 3139 2389; x_wconf 89' lang='lat' dir='ltr'><strong>animi</strong></span> <span class='ocrx_word' id='word_1_451' title='bbox 3179 2335 3436 2389; x_wconf 80' lang='lat' dir='ltr'><strong>allectum</strong></span> <span class='ocrx_word' id='word_1_452' title='bbox 3470 2334 3692 2388; x_wconf 87' lang='lat' dir='ltr'><strong>veritati</strong></span> 
     </span>
    </p>
   </div>
   <div class='ocr_carea' id='block_1_69' title="bbox 2116 2425 3692 2504">
    <p class='ocr_par' dir='ltr' id='par_1_69' title="bbox 2116 2425 3692 2504">
     <span class='ocr_line' id='line_1_69' title="bbox 2116 2425 3692 2504; baseline -0.008 -15"><span class='ocrx_word' id='word_1_453' title='bbox 2116 2449 2421 2504; x_wconf 82' lang='lat' dir='ltr'><strong>repugnare</strong></span> <span class='ocrx_word' id='word_1_454' title='bbox 2447 2431 2580 2486; x_wconf 87' lang='lat' dir='ltr'><strong>velit</strong></span> <span class='ocrx_word' id='word_1_455' title='bbox 2608 2449 2618 2483; x_wconf 90' lang='lat'><strong>:</strong></span> <span class='ocrx_word' id='word_1_456' title='bbox 2643 2443 2877 2499; x_wconf 89' lang='lat' dir='ltr'><strong>quorum</strong></span> <span class='ocrx_word' id='word_1_457' title='bbox 2909 2428 3142 2482; x_wconf 90' lang='lat' dir='ltr'><strong>alterum</strong></span> <span class='ocrx_word' id='word_1_458' title='bbox 3171 2427 3295 2496; x_wconf 92' lang='lat' dir='ltr'><strong>quis</strong></span> <span class='ocrx_word' id='word_1_459' title='bbox 3327 2426 3394 2481; x_wconf 90' lang='lat' dir='ltr'><strong>de</strong></span> <span class='ocrx_word' id='word_1_460' title='bbox 3433 2425 3692 2480; x_wconf 74' lang='lat' dir='ltr'><strong>Theodo-</strong></span> 
     </span>
    </p>
   </div>
   <div class='ocr_carea' id='block_1_70' title="bbox 2118 2516 3694 2591">
    <p class='ocr_par' dir='ltr' id='par_1_70' title="bbox 2118 2516 3694 2591">
     <span class='ocr_line' id='line_1_70' title="bbox 2118 2516 3694 2591; baseline -0.008 -10"><span class='ocrx_word' id='word_1_461' title='bbox 2118 2536 2238 2581; x_wconf 88' lang='lat' dir='ltr'><strong>reto</strong></span> <span class='ocrx_word' id='word_1_462' title='bbox 2283 2523 2558 2580; x_wconf 85' lang='lat' dir='ltr'><strong>senserit?</strong></span> <span class='ocrx_word' id='word_1_463' title='bbox 2591 2523 2823 2577; x_wconf 82' lang='lat' dir='ltr'><strong>alterum</strong></span> <span class='ocrx_word' id='word_1_464' title='bbox 2856 2520 2981 2591; x_wconf 91' lang='lat' dir='ltr'><strong>quis</strong></span> <span class='ocrx_word' id='word_1_465' title='bbox 3009 2517 3274 2574; x_wconf 86' lang='lat' dir='ltr'><strong>Catholici</strong></span> <span class='ocrx_word' id='word_1_466' title='bbox 3307 2532 3428 2571; x_wconf 90' lang='lat' dir='ltr'><strong>esse</strong></span> <span class='ocrx_word' id='word_1_467' title='bbox 3452 2516 3694 2572; x_wconf 81' lang='lat' dir='ltr'><strong>dixerit?</strong></span> 
     </span>
    </p>
   </div>
   <div class='ocr_carea' id='block_1_71' title="bbox 2187 2609 3691 2682">
    <p class='ocr_par' dir='ltr' id='par_1_71' title="bbox 2187 2609 3691 2682">
     <span class='ocr_line' id='line_1_71' title="bbox 2187 2609 3691 2682; baseline -0.006 -11"><span class='ocrx_word' id='word_1_468' title='bbox 2187 2617 2254 2671; x_wconf 79' lang='grc' dir='ltr'>Χ.</span> <span class='ocrx_word' id='word_1_469' title='bbox 2290 2617 2416 2670; x_wconf 85' lang='lat' dir='ltr'><strong>Fuit</strong></span> <span class='ocrx_word' id='word_1_470' title='bbox 2442 2630 2574 2668; x_wconf 87' lang='lat' dir='ltr'><strong>vero</strong></span> <span class='ocrx_word' id='word_1_471' title='bbox 2607 2627 2832 2682; x_wconf 88' lang='lat' dir='ltr'><strong>prorsus</strong></span> <span class='ocrx_word' id='word_1_472' title='bbox 2854 2609 3198 2673; x_wconf 89' lang='lat' dir='ltr'><strong>admirabile,</strong></span> <span class='ocrx_word' id='word_1_473' title='bbox 3227 2609 3403 2663; x_wconf 90' lang='lat' dir='ltr'><strong>virum</strong></span> <span class='ocrx_word' id='word_1_474' title='bbox 3429 2609 3691 2679; x_wconf 87' lang='lat' dir='ltr'><strong>singulari</strong></span> 
     </span>
    </p>
   </div>
   <div class='ocr_carea' id='block_1_72' title="bbox 2118 2700 3695 2772">
    <p class='ocr_par' dir='ltr' id='par_1_72' title="bbox 2118 2700 3695 2772">
     <span class='ocr_line' id='line_1_72' title="bbox 2118 2700 3695 2772; baseline -0.006 -9"><span class='ocrx_word' id='word_1_475' title='bbox 2118 2707 2370 2764; x_wconf 86' lang='lat' dir='ltr'><strong>Numinis</strong></span> <span class='ocrx_word' id='word_1_476' title='bbox 2404 2706 2549 2760; x_wconf 87' lang='lat' dir='ltr'><strong>dono</strong></span> <span class='ocrx_word' id='word_1_477' title='bbox 2599 2705 2826 2766; x_wconf 87' lang='lat' dir='ltr'><strong>datum;</strong></span> <span class='ocrx_word' id='word_1_478' title='bbox 2868 2718 3032 2772; x_wconf 89' lang='lat' dir='ltr'><strong>quem</strong></span> <span class='ocrx_word' id='word_1_479' title='bbox 3080 2700 3340 2756; x_wconf 90' lang='lat' dir='ltr'><strong>miracula</strong></span> <span class='ocrx_word' id='word_1_480' title='bbox 3389 2700 3695 2755; x_wconf 88' lang='lat' dir='ltr'><strong>eduxerant</strong></span> 
     </span>
    </p>
   </div>
   <div class='ocr_carea' id='block_1_73' title="bbox 2121 2792 3694 2865">
    <p class='ocr_par' dir='ltr' id='par_1_73' title="bbox 2121 2792 3694 2865">
     <span class='ocr_line' id='line_1_73' title="bbox 2121 2792 3694 2865; baseline -0.004 -13"><span class='ocrx_word' id='word_1_481' title='bbox 2121 2798 2177 2852; x_wconf 92' lang='lat' dir='ltr'><strong>in</strong></span> <span class='ocrx_word' id='word_1_482' title='bbox 2231 2797 2448 2861; x_wconf 88' lang='lat' dir='ltr'><strong>lucem;</strong></span> <span class='ocrx_word' id='word_1_483' title='bbox 2500 2796 2659 2865; x_wconf 82' lang='lat' dir='ltr'><strong>cujus</strong></span> <span class='ocrx_word' id='word_1_484' title='bbox 2711 2809 2911 2864; x_wconf 91' lang='lat' dir='ltr'><strong>parens</strong></span> <span class='ocrx_word' id='word_1_485' title='bbox 2963 2808 3074 2846; x_wconf 93' lang='lat' dir='ltr'><strong>non</strong></span> <span class='ocrx_word' id='word_1_486' title='bbox 3129 2792 3283 2862; x_wconf 91' lang='lat' dir='ltr'><strong>prius</strong></span> <span class='ocrx_word' id='word_1_487' title='bbox 3334 2792 3515 2861; x_wconf 92' lang='lat' dir='ltr'><strong>potuit</strong></span> <span class='ocrx_word' id='word_1_488' title='bbox 3570 2807 3694 2846; x_wconf 88' lang='lat' dir='ltr'><strong>esse</strong></span> 
     </span>
    </p>
   </div>
   <div class='ocr_carea' id='block_1_74' title="bbox 2123 2883 3696 2958">
    <p class='ocr_par' dir='ltr' id='par_1_74' title="bbox 2123 2883 3696 2958">
     <span class='ocr_line' id='line_1_74' title="bbox 2123 2883 3696 2958; baseline -0.004 -13"><span class='ocrx_word' id='word_1_489' title='bbox 2123 2899 2316 2954; x_wconf 88' lang='lat' dir='ltr'><strong>mater,</strong></span> <span class='ocrx_word' id='word_1_490' title='bbox 2375 2904 2539 2958; x_wconf 89' lang='lat' dir='ltr'><strong>quam</strong></span> <span class='ocrx_word' id='word_1_491' title='bbox 2596 2895 2833 2952; x_wconf 88' lang='lat' dir='ltr'><strong>sancta;</strong></span> <span class='ocrx_word' id='word_1_492' title='bbox 2897 2900 3059 2956; x_wconf 89' lang='lat' dir='ltr'><strong>quem</strong></span> <span class='ocrx_word' id='word_1_493' title='bbox 3113 2883 3363 2938; x_wconf 86' lang='lat' dir='ltr'><strong>homines</strong></span> <span class='ocrx_word' id='word_1_494' title='bbox 3411 2884 3696 2954; x_wconf 69' lang='lat' dir='ltr'><strong>stupenda</strong></span> 
     </span>
    </p>
   </div>
   <div class='ocr_carea' id='block_1_75' title="bbox 2123 2976 3692 3046">
    <p class='ocr_par' dir='ltr' id='par_1_75' title="bbox 2123 2976 3692 3046">
     <span class='ocr_line' id='line_1_75' title="bbox 2123 2976 3692 3046; baseline -0.005 -10"><span class='ocrx_word' id='word_1_495' title='bbox 2123 2982 2429 3037; x_wconf 88' lang='lat' dir='ltr'><strong>sanctitatis</strong></span> <span class='ocrx_word' id='word_1_496' title='bbox 2457 2980 2710 3034; x_wconf 85' lang='lat' dir='ltr'><strong>foverunt</strong></span> <span class='ocrx_word' id='word_1_497' title='bbox 2753 2979 2920 3043; x_wconf 89' lang='lat' dir='ltr'><strong>sinu;</strong></span> <span class='ocrx_word' id='word_1_498' title='bbox 2957 2977 3050 3046; x_wconf 90' lang='lat' dir='ltr'><strong>qui</strong></span> <span class='ocrx_word' id='word_1_499' title='bbox 3095 2976 3376 3046; x_wconf 88' lang='lat' dir='ltr'><strong>septennis</strong></span> <span class='ocrx_word' id='word_1_500' title='bbox 3421 2986 3692 3031; x_wconf 88' lang='lat' dir='ltr'><strong>monaste-</strong></span> 
     </span>
    </p>
   </div>
   <div class='ocr_carea' id='block_1_76' title="bbox 2128 3061 3699 3141">
    <p class='ocr_par' dir='ltr' id='par_1_76' title="bbox 2128 3061 3699 3141">
     <span class='ocr_line' id='line_1_76' title="bbox 2128 3061 3699 3141; baseline -0.009 -13"><span class='ocrx_word' id='word_1_501' title='bbox 2128 3073 2269 3128; x_wconf 90' lang='lat' dir='ltr'><strong>rium</strong></span> <span class='ocrx_word' id='word_1_502' title='bbox 2293 3072 2569 3141; x_wconf 87' lang='lat' dir='ltr'><strong>ingressus</strong></span> <span class='ocrx_word' id='word_1_503' title='bbox 2593 3074 2712 3132; x_wconf 88' lang='lat' dir='ltr'><strong>est;</strong></span> <span class='ocrx_word' id='word_1_504' title='bbox 2737 3067 2832 3135; x_wconf 89' lang='lat' dir='ltr'><strong>qui</strong></span> <span class='ocrx_word' id='word_1_505' title='bbox 2860 3075 3008 3120; x_wconf 92' lang='lat' dir='ltr'><strong>totus</strong></span> <span class='ocrx_word' id='word_1_506' title='bbox 3035 3063 3135 3118; x_wconf 89' lang='lat' dir='ltr'><strong>fuit</strong></span> <span class='ocrx_word' id='word_1_507' title='bbox 3163 3063 3217 3117; x_wconf 92' lang='lat' dir='ltr'><strong>in</strong></span> <span class='ocrx_word' id='word_1_508' title='bbox 3239 3062 3502 3117; x_wconf 85' lang='lat' dir='ltr'><strong>imitando</strong></span> <span class='ocrx_word' id='word_1_509' title='bbox 3517 3061 3699 3133; x_wconf 80' lang='lat' dir='ltr'><strong>Chry-</strong></span> 
     </span>
    </p>
   </div>
   <div class='ocr_carea' id='block_1_77' title="bbox 2126 3154 3701 3232">
    <p class='ocr_par' dir='ltr' id='par_1_77' title="bbox 2126 3154 3701 3232">
     <span class='ocr_line' id='line_1_77' title="bbox 2126 3154 3701 3232; baseline -0.008 -13"><span class='ocrx_word' id='word_1_510' title='bbox 2126 3172 2403 3229; x_wconf 85' lang='lat' dir='ltr'><strong>sostomo;</strong></span> <span class='ocrx_word' id='word_1_511' title='bbox 2433 3176 2595 3232; x_wconf 91' lang='lat' dir='ltr'><strong>quem</strong></span> <span class='ocrx_word' id='word_1_512' title='bbox 2631 3158 2949 3213; x_wconf 88' lang='lat' dir='ltr'><strong>Theodotus</strong></span> <span class='ocrx_word' id='word_1_513' title='bbox 3001 3155 3242 3211; x_wconf 91' lang='lat' dir='ltr'><strong>Orientis</strong></span> <span class='ocrx_word' id='word_1_514' title='bbox 3283 3155 3469 3208; x_wconf 93' lang='lat' dir='ltr'><strong>lumen</strong></span> <span class='ocrx_word' id='word_1_515' title='bbox 3517 3154 3701 3209; x_wconf 85' lang='lat' dir='ltr'><strong>eccle-</strong></span> 
     </span>
    </p>
   </div>
   <div class='ocr_carea' id='block_1_78' title="bbox 2126 3245 3701 3316">
    <p class='ocr_par' dir='ltr' id='par_1_78' title="bbox 2126 3245 3701 3316">
     <span class='ocr_line' id='line_1_78' title="bbox 2126 3245 3701 3316; baseline -0.008 -7"><span class='ocrx_word' id='word_1_516' title='bbox 2126 3252 2363 3309; x_wconf 86' lang='lat' dir='ltr'><strong>siasticis</strong></span> <span class='ocrx_word' id='word_1_517' title='bbox 2392 3251 2642 3306; x_wconf 91' lang='lat' dir='ltr'><strong>moribus</strong></span> <span class='ocrx_word' id='word_1_518' title='bbox 2667 3247 2908 3303; x_wconf 87' lang='lat' dir='ltr'><strong>instituit</strong></span> <span class='ocrx_word' id='word_1_519' title='bbox 2933 3263 2948 3312; x_wconf 90' lang='lat'><strong>;</strong></span> <span class='ocrx_word' id='word_1_520' title='bbox 2974 3247 3132 3316; x_wconf 85' lang='lat' dir='ltr'><strong>cujus</strong></span> <span class='ocrx_word' id='word_1_521' title='bbox 3169 3245 3537 3315; x_wconf 88' lang='lat' dir='ltr'><strong>eloquentiam</strong></span> <span class='ocrx_word' id='word_1_522' title='bbox 3590 3245 3701 3298; x_wconf 87' lang='lat' dir='ltr'><strong>An-</strong></span> 
     </span>
    </p>
   </div>
   <div class='ocr_carea' id='block_1_79' title="bbox 2127 3335 3696 3408">
    <p class='ocr_par' dir='ltr' id='par_1_79' title="bbox 2127 3335 3696 3408">
     <span class='ocr_line' id='line_1_79' title="bbox 2127 3335 3696 3408; baseline -0.006 -8"><span class='ocrx_word' id='word_1_523' title='bbox 2127 3344 2349 3401; x_wconf 86' lang='lat' dir='ltr'><strong>tiochia.</strong></span> <span class='ocrx_word' id='word_1_524' title='bbox 2385 3343 2616 3397; x_wconf 89' lang='lat' dir='ltr'><strong>alterum</strong></span> <span class='ocrx_word' id='word_1_525' title='bbox 2648 3339 2946 3396; x_wconf 90' lang='lat' dir='ltr'><strong>Orientalis</strong></span> <span class='ocrx_word' id='word_1_526' title='bbox 2983 3337 3201 3408; x_wconf 90' lang='lat' dir='ltr'><strong>imperii</strong></span> <span class='ocrx_word' id='word_1_527' title='bbox 3228 3346 3413 3408; x_wconf 87' lang='lat' dir='ltr'><strong>caput,</strong></span> <span class='ocrx_word' id='word_1_528' title='bbox 3440 3351 3549 3391; x_wconf 84' lang='lat' dir='ltr'><strong>non</strong></span> <span class='ocrx_word' id='word_1_529' title='bbox 3598 3335 3696 3390; x_wconf 89' lang='lat' dir='ltr'><strong>mi-</strong></span> 
     </span>
    </p>
   </div>
   <div class='ocr_carea' id='block_1_80' title="bbox 2128 3426 3701 3501">
    <p class='ocr_par' dir='ltr' id='par_1_80' title="bbox 2128 3426 3701 3501">
     <span class='ocr_line' id='line_1_80' title="bbox 2128 3426 3701 3501; baseline -0.006 -12"><span class='ocrx_word' id='word_1_530' title='bbox 2128 3445 2243 3489; x_wconf 89' lang='lat' dir='ltr'><strong>rata</strong></span> <span class='ocrx_word' id='word_1_531' title='bbox 2280 3443 2490 3488; x_wconf 90' lang='lat' dir='ltr'><strong>tantum</strong></span> <span class='ocrx_word' id='word_1_532' title='bbox 2515 3441 2618 3495; x_wconf 90' lang='lat' dir='ltr'><strong>est,</strong></span> <span class='ocrx_word' id='word_1_533' title='bbox 2648 3431 2744 3486; x_wconf 93' lang='lat' dir='ltr'><strong>sed</strong></span> <span class='ocrx_word' id='word_1_534' title='bbox 2785 3431 2996 3501; x_wconf 87' lang='lat' dir='ltr'><strong>stupuit</strong></span> <span class='ocrx_word' id='word_1_535' title='bbox 3026 3447 3040 3496; x_wconf 83' lang='grc'><strong>;</strong></span> <span class='ocrx_word' id='word_1_536' title='bbox 3071 3429 3165 3500; x_wconf 90' lang='lat' dir='ltr'><strong>qui</strong></span> <span class='ocrx_word' id='word_1_537' title='bbox 3189 3428 3517 3499; x_wconf 86' lang='lat' dir='ltr'><strong>episcopalis</strong></span> <span class='ocrx_word' id='word_1_538' title='bbox 3537 3426 3701 3482; x_wconf 84' lang='lat' dir='ltr'><strong>oﬂicii</strong></span> 
     </span>
    </p>
   </div>
   <div class='ocr_carea' id='block_1_81' title="bbox 2126 3519 3704 3592">
    <p class='ocr_par' dir='ltr' id='par_1_81' title="bbox 2126 3519 3704 3592">
     <span class='ocr_line' id='line_1_81' title="bbox 2126 3519 3704 3592; baseline -0.006 -10"><span class='ocrx_word' id='word_1_539' title='bbox 2126 3528 2330 3583; x_wconf 88' lang='lat' dir='ltr'><strong>nullam</strong></span> <span class='ocrx_word' id='word_1_540' title='bbox 2367 3541 2477 3579; x_wconf 92' lang='lat' dir='ltr'><strong>non</strong></span> <span class='ocrx_word' id='word_1_541' title='bbox 2516 3523 2761 3592; x_wconf 90' lang='lat' dir='ltr'><strong>implevit</strong></span> <span class='ocrx_word' id='word_1_542' title='bbox 2801 3532 3011 3592; x_wconf 87' lang='lat' dir='ltr'><strong>partem</strong></span> <span class='ocrx_word' id='word_1_543' title='bbox 3038 3539 3052 3588; x_wconf 91' lang='lat'><strong>;</strong></span> <span class='ocrx_word' id='word_1_544' title='bbox 3085 3521 3180 3591; x_wconf 89' lang='lat' dir='ltr'><strong>qui</strong></span> <span class='ocrx_word' id='word_1_545' title='bbox 3210 3521 3400 3576; x_wconf 90' lang='lat' dir='ltr'><strong>decem</strong></span> <span class='ocrx_word' id='word_1_546' title='bbox 3430 3519 3704 3590; x_wconf 89' lang='lat' dir='ltr'><strong>myriades</strong></span> 
     </span>
    </p>
   </div>
   <div class='ocr_carea' id='block_1_82' title="bbox 2127 3611 3705 3682">
    <p class='ocr_par' dir='ltr' id='par_1_82' title="bbox 2127 3611 3705 3682">
     <span class='ocr_line' id='line_1_82' title="bbox 2127 3611 3705 3682; baseline -0.005 -11"><span class='ocrx_word' id='word_1_547' title='bbox 2127 3618 2410 3673; x_wconf 90' lang='lat' dir='ltr'><strong>hominum</strong></span> <span class='ocrx_word' id='word_1_548' title='bbox 2455 3632 2561 3669; x_wconf 90' lang='lat' dir='ltr'><strong>una</strong></span> <span class='ocrx_word' id='word_1_549' title='bbox 2596 3615 2649 3668; x_wconf 92' lang='lat' dir='ltr'><strong>in</strong></span> <span class='ocrx_word' id='word_1_550' title='bbox 2687 3614 2886 3668; x_wconf 81' lang='lat' dir='ltr'><strong>vicinia</strong></span> <span class='ocrx_word' id='word_1_551' title='bbox 2918 3613 3078 3668; x_wconf 75' lang='lat' dir='ltr'><strong>tinxit</strong></span> <span class='ocrx_word' id='word_1_552' title='bbox 3104 3612 3417 3682; x_wconf 87' lang='lat' dir='ltr'><strong>baptismo;</strong></span> <span class='ocrx_word' id='word_1_553' title='bbox 3453 3612 3548 3682; x_wconf 91' lang='lat' dir='ltr'><strong>qui</strong></span> <span class='ocrx_word' id='word_1_554' title='bbox 3583 3611 3705 3664; x_wconf 85' lang='lat' dir='ltr'><strong>infi—</strong></span> 
     </span>
    </p>
   </div>
   <div class='ocr_carea' id='block_1_83' title="bbox 2127 3703 3703 3774">
    <p class='ocr_par' dir='ltr' id='par_1_83' title="bbox 2127 3703 3703 3774">
     <span class='ocr_line' id='line_1_83' title="bbox 2127 3703 3703 3774; baseline -0.006 -10"><span class='ocrx_word' id='word_1_555' title='bbox 2127 3710 2273 3764; x_wconf 84' lang='lat' dir='ltr'><strong>nitos</strong></span> <span class='ocrx_word' id='word_1_556' title='bbox 2315 3707 2600 3762; x_wconf 82' lang='lat' dir='ltr'><strong>haereticos</strong></span> <span class='ocrx_word' id='word_1_557' title='bbox 2639 3707 2926 3761; x_wconf 88' lang='lat' dir='ltr'><strong>veritatem</strong></span> <span class='ocrx_word' id='word_1_558' title='bbox 2971 3705 3179 3770; x_wconf 91' lang='lat' dir='ltr'><strong>docuit,</strong></span> <span class='ocrx_word' id='word_1_559' title='bbox 3212 3718 3514 3774; x_wconf 80' lang='lat' dir='ltr'><strong>agrumque</strong></span> <span class='ocrx_word' id='word_1_560' title='bbox 3540 3703 3644 3756; x_wconf 86' lang='lat' dir='ltr'><strong>sibi</strong></span> <span class='ocrx_word' id='word_1_561' title='bbox 3673 3718 3703 3755; x_wconf 90' lang='lat' dir='ltr'><strong>a</strong></span> 
     </span>
    </p>
   </div>
   <div class='ocr_carea' id='block_1_84' title="bbox 2125 3793 3703 3865">
    <p class='ocr_par' dir='ltr' id='par_1_84' title="bbox 2125 3793 3703 3865">
     <span class='ocr_line' id='line_1_84' title="bbox 2125 3793 3703 3865; baseline -0.006 -9"><span class='ocrx_word' id='word_1_562' title='bbox 2125 3799 2344 3856; x_wconf 89' lang='lat' dir='ltr'><strong>Christo</strong></span> <span class='ocrx_word' id='word_1_563' title='bbox 2376 3797 2645 3854; x_wconf 90' lang='lat' dir='ltr'><strong>creditum</strong></span> <span class='ocrx_word' id='word_1_564' title='bbox 2691 3813 2800 3852; x_wconf 91' lang='lat' dir='ltr'><strong>non</strong></span> <span class='ocrx_word' id='word_1_565' title='bbox 2843 3797 3042 3852; x_wconf 90' lang='lat' dir='ltr'><strong>sudore</strong></span> <span class='ocrx_word' id='word_1_566' title='bbox 3078 3804 3286 3851; x_wconf 90' lang='lat' dir='ltr'><strong>tantum</strong></span> <span class='ocrx_word' id='word_1_567' title='bbox 3321 3794 3583 3865; x_wconf 88' lang='lat' dir='ltr'><strong>irrigavit,</strong></span> <span class='ocrx_word' id='word_1_568' title='bbox 3606 3793 3703 3848; x_wconf 86' lang='lat' dir='ltr'><strong>sed</strong></span> 
     </span>
    </p>
   </div>
   <div class='ocr_carea' id='block_1_85' title="bbox 2126 3885 3706 3962">
    <p class='ocr_par' dir='ltr' id='par_1_85' title="bbox 2126 3885 3706 3962">
     <span class='ocr_line' id='line_1_85' title="bbox 2126 3885 3706 3962; baseline -0.007 -15"><span class='ocrx_word' id='word_1_569' title='bbox 2126 3893 2291 3947; x_wconf 90' lang='lat' dir='ltr'><strong>etiam</strong></span> <span class='ocrx_word' id='word_1_570' title='bbox 2331 3890 2636 3962; x_wconf 80' lang='lat' dir='ltr'><strong>sanguine;</strong></span> <span class='ocrx_word' id='word_1_571' title='bbox 2675 3905 2838 3959; x_wconf 92' lang='lat' dir='ltr'><strong>quem</strong></span> <span class='ocrx_word' id='word_1_572' title='bbox 2889 3889 3035 3943; x_wconf 90' lang='lat' dir='ltr'><strong>Deus</strong></span> <span class='ocrx_word' id='word_1_573' title='bbox 3086 3886 3201 3957; x_wconf 91' lang='lat' dir='ltr'><strong>ipse</strong></span> <span class='ocrx_word' id='word_1_574' title='bbox 3251 3885 3454 3941; x_wconf 88' lang='lat' dir='ltr'><strong>Jacoho</strong></span> <span class='ocrx_word' id='word_1_575' title='bbox 3507 3892 3706 3938; x_wconf 72' lang='lat' dir='ltr'><strong>asceue</strong></span> 
     </span>
    </p>
   </div>
   <div class='ocr_carea' id='block_1_86' title="bbox 2127 3976 3704 4042">
    <p class='ocr_par' dir='ltr' id='par_1_86' title="bbox 2127 3976 3704 4042">
     <span class='ocr_line' id='line_1_86' title="bbox 2127 3976 3704 4042; baseline -0.005 -5"><span class='ocrx_word' id='word_1_576' title='bbox 2127 3983 2470 4038; x_wconf 90' lang='lat' dir='ltr'><strong>sanctissimo</strong></span> <span class='ocrx_word' id='word_1_577' title='bbox 2512 3981 2753 4036; x_wconf 87' lang='lat' dir='ltr'><strong>ostendit</strong></span> <span class='ocrx_word' id='word_1_578' title='bbox 2795 3980 2945 4035; x_wconf 90' lang='lat' dir='ltr'><strong>velut</strong></span> <span class='ocrx_word' id='word_1_579' title='bbox 3002 3979 3227 4035; x_wconf 58' lang='lat' dir='ltr'><strong>hatresis</strong></span> <span class='ocrx_word' id='word_1_580' title='bbox 3263 3976 3704 4042; x_wconf 88' lang='lat' dir='ltr'><strong>domitorem,&#39;iu</strong></span> 
     </span>
    </p>
   </div>
   <div class='ocr_carea' id='block_1_87' title="bbox 2129 4069 3704 4139">
    <p class='ocr_par' dir='ltr' id='par_1_87' title="bbox 2129 4069 3704 4139">
     <span class='ocr_line' id='line_1_87' title="bbox 2129 4069 3704 4139; baseline -0.004 -10"><span class='ocrx_word' id='word_1_581' title='bbox 2129 4075 2360 4130; x_wconf 61' lang='lat' dir='ltr'><strong>heresin</strong></span> <span class='ocrx_word' id='word_1_582' title='bbox 2418 4073 2713 4128; x_wconf 88' lang='lat' dir='ltr'><strong>infeliciter</strong></span> <span class='ocrx_word' id='word_1_583' title='bbox 2757 4071 3051 4136; x_wconf 88' lang='lat' dir='ltr'><strong>decidisse,</strong></span> <span class='ocrx_word' id='word_1_584' title='bbox 3105 4071 3301 4135; x_wconf 90' lang='lat' dir='ltr'><strong>amico,</strong></span> <span class='ocrx_word' id='word_1_585' title='bbox 3354 4069 3448 4139; x_wconf 90' lang='lat' dir='ltr'><strong>qui</strong></span> <span class='ocrx_word' id='word_1_586' title='bbox 3507 4078 3704 4138; x_wconf 89' lang='lat' dir='ltr'><strong>sponte</strong></span> 
     </span>
    </p>
   </div>
   <div class='ocr_carea' id='block_1_88' title="bbox 2130 4161 3708 4230">
    <p class='ocr_par' dir='ltr' id='par_1_88' title="bbox 2130 4161 3708 4230">
     <span class='ocr_line' id='line_1_88' title="bbox 2130 4161 3708 4230; baseline -0.004 -10"><span class='ocrx_word' id='word_1_587' title='bbox 2130 4165 2346 4230; x_wconf 89' lang='lat' dir='ltr'><strong>ruebat,</strong></span> <span class='ocrx_word' id='word_1_588' title='bbox 2391 4165 2651 4219; x_wconf 88' lang='lat' dir='ltr'><strong>miserum</strong></span> <span class='ocrx_word' id='word_1_589' title='bbox 2689 4163 3020 4219; x_wconf 87' lang='lat' dir='ltr'><strong>attrahente.</strong></span> <span class='ocrx_word' id='word_1_590' title='bbox 3059 4161 3166 4217; x_wconf 88' lang='lat' dir='ltr'><strong>Sed</strong></span> <span class='ocrx_word' id='word_1_591' title='bbox 3195 4178 3304 4216; x_wconf 93' lang='lat' dir='ltr'><strong>non</strong></span> <span class='ocrx_word' id='word_1_592' title='bbox 3337 4177 3442 4216; x_wconf 89' lang='lat' dir='ltr'><strong>una</strong></span> <span class='ocrx_word' id='word_1_593' title='bbox 3483 4161 3597 4215; x_wconf 72' lang='lat' dir='ltr'><strong>haec</strong></span> <span class='ocrx_word' id='word_1_594' title='bbox 3625 4161 3708 4213; x_wconf 88' lang='lat' dir='ltr'><strong>vi-</strong></span> 
     </span>
    </p>
   </div>
   <div class='ocr_carea' id='block_1_89' title="bbox 2129 4253 3708 4322">
    <p class='ocr_par' dir='ltr' id='par_1_89' title="bbox 2129 4253 3708 4322">
     <span class='ocr_line' id='line_1_89' title="bbox 2129 4253 3708 4322; baseline -0.005 -10"><span class='ocrx_word' id='word_1_595' title='bbox 2129 4257 2291 4312; x_wconf 91' lang='lat' dir='ltr'><strong>detur</strong></span> <span class='ocrx_word' id='word_1_596' title='bbox 2332 4257 2505 4310; x_wconf 75' lang='lat' dir='ltr'><strong>ruinae</strong></span> <span class='ocrx_word' id='word_1_597' title='bbox 2537 4255 2798 4311; x_wconf 87' lang='lat' dir='ltr'><strong>occasio:</strong></span> <span class='ocrx_word' id='word_1_598' title='bbox 2849 4253 3127 4308; x_wconf 88' lang='lat' dir='ltr'><strong>hominem</strong></span> <span class='ocrx_word' id='word_1_599' title='bbox 3175 4253 3229 4306; x_wconf 91' lang='lat' dir='ltr'><strong>in</strong></span> <span class='ocrx_word' id='word_1_600' title='bbox 3258 4267 3500 4322; x_wconf 72' lang='lat' dir='ltr'><strong>praeceps</strong></span> <span class='ocrx_word' id='word_1_601' title='bbox 3522 4254 3708 4321; x_wconf 90' lang='lat' dir='ltr'><strong>rapuit</strong></span> 
     </span>
    </p>
   </div>
   <div class='ocr_carea' id='block_1_90' title="bbox 450 4328 3702 4417">
    <p class='ocr_par' dir='ltr' id='par_1_90' title="bbox 450 4328 3702 4417">
     <span class='ocr_line' id='line_1_90' title="bbox 450 4328 3702 4417; baseline -0.003 -13"><span class='ocrx_word' id='word_1_602' title='bbox 450 4330 610 4385; x_wconf 67' lang='lat' dir='ltr'><strong>am&quot;</strong></span> <span class='ocrx_word' id='word_1_603' title='bbox 666 4337 847 4383; x_wconf 53' lang='lat' dir='ltr'><strong>tamen</strong></span> <span class='ocrx_word' id='word_1_604' title='bbox 903 4328 1066 4393; x_wconf 56' lang='lat' dir='ltr'><strong>alius,</strong></span> <span class='ocrx_word' id='word_1_605' title='bbox 1116 4328 1495 4383; x_wconf 65' lang='grc' dir='ltr'><strong>Τίιθθάοτθίυε</strong></span> <span class='ocrx_word' id='word_1_606' title='bbox 1525 4343 1722 4399; x_wconf 72' lang='lat' dir='ltr'><strong>nempe</strong></span> <span class='ocrx_word' id='word_1_607' title='bbox 1752 4330 2023 4396; x_wconf 55' lang='lat' dir='ltr'><strong>acerbius,</strong></span> <span class='ocrx_word' id='word_1_608' title='bbox 2058 4345 2107 4405; x_wconf 90' lang='lat' dir='ltr'><strong>D</strong></span> <span class='ocrx_word' id='word_1_609' title='bbox 2130 4348 2458 4402; x_wconf 90' lang='lat' dir='ltr'><strong>miserabilis</strong></span> <span class='ocrx_word' id='word_1_610' title='bbox 2497 4347 2743 4417; x_wconf 67' lang='lat' dir='ltr'><strong>quaedam</strong></span> <span class='ocrx_word' id='word_1_611' title='bbox 2787 4345 3072 4399; x_wconf 86' lang='lat' dir='ltr'><strong>concursio</strong></span> <span class='ocrx_word' id='word_1_612' title='bbox 3115 4360 3421 4399; x_wconf 90' lang='lat' dir='ltr'><strong>causarum.</strong></span> <span class='ocrx_word' id='word_1_613' title='bbox 3453 4343 3579 4397; x_wconf 89' lang='lat' dir='ltr'><strong>Erat</strong></span> <span class='ocrx_word' id='word_1_614' title='bbox 3599 4343 3702 4412; x_wconf 89' lang='lat' dir='ltr'><strong>ipsi</strong></span> 
     </span>
    </p>
   </div>
   <div class='ocr_carea' id='block_1_91' title="bbox 449 4421 2024 4494">
    <p class='ocr_par' dir='ltr' id='par_1_91' title="bbox 449 4421 2024 4494">
     <span class='ocr_line' id='line_1_91' title="bbox 449 4421 2024 4494; baseline 0.001 -17"><span class='ocrx_word' id='word_1_615' title='bbox 449 4421 734 4478; x_wconf 73' lang='lat' dir='ltr'><strong>remissius</strong></span> <span class='ocrx_word' id='word_1_616' title='bbox 785 4421 1034 4476; x_wconf 89' lang='lat' dir='ltr'><strong>Andreas</strong></span> <span class='ocrx_word' id='word_1_617' title='bbox 1070 4439 1083 4476; x_wconf 90' lang='lat'><strong>:</strong></span> <span class='ocrx_word' id='word_1_618' title='bbox 1139 4422 1409 4491; x_wconf 88' lang='lat' dir='ltr'><strong>siquidem</strong></span> <span class='ocrx_word' id='word_1_619' title='bbox 1448 4423 1537 4477; x_wconf 90' lang='lat' dir='ltr'><strong>ille</strong></span> <span class='ocrx_word' id='word_1_620' title='bbox 1565 4423 1829 4478; x_wconf 90' lang='lat' dir='ltr'><strong>conviciis</strong></span> <span class='ocrx_word' id='word_1_621' title='bbox 1860 4432 2024 4494; x_wconf 85' lang='lat' dir='ltr'><strong>atque</strong></span> 
     </span>
    </p>
   </div>
   <div class='ocr_carea' id='block_1_92' title="bbox 449 4512 2024 4586">
    <p class='ocr_par' dir='ltr' id='par_1_92' title="bbox 449 4512 2024 4586">
     <span class='ocr_line' id='line_1_92' title="bbox 449 4512 2024 4586; baseline 0.001 -17"><span class='ocrx_word' id='word_1_622' title='bbox 449 4512 936 4573; x_wconf 73' lang='lat' dir='ltr'><strong>etiam&#39;calumniis</strong></span> <span class='ocrx_word' id='word_1_623' title='bbox 970 4529 1080 4568; x_wconf 88' lang='lat' dir='ltr'><strong>non</strong></span> <span class='ocrx_word' id='word_1_624' title='bbox 1119 4513 1408 4578; x_wconf 88' lang='lat' dir='ltr'><strong>abstinuit,</strong></span> <span class='ocrx_word' id='word_1_625' title='bbox 1446 4515 1548 4569; x_wconf 92' lang='lat' dir='ltr'><strong>iste</strong></span> <span class='ocrx_word' id='word_1_626' title='bbox 1574 4515 1776 4586; x_wconf 81' lang='lat' dir='ltr'><strong>objecit</strong></span> <span class='ocrx_word' id='word_1_627' title='bbox 1813 4524 2024 4570; x_wconf 88' lang='lat' dir='ltr'><strong>tantum</strong></span> 
     </span>
    </p>
   </div>
   <div class='ocr_carea' id='block_1_93' title="bbox 452 4605 2026 4675">
    <p class='ocr_par' dir='ltr' id='par_1_93' title="bbox 452 4605 2026 4675">
     <span class='ocr_line' id='line_1_93' title="bbox 452 4605 2026 4675; baseline 0.002 -17"><span class='ocrx_word' id='word_1_628' title='bbox 452 4621 634 4670; x_wconf 85' lang='lat' dir='ltr'><strong>voces,</strong></span> <span class='ocrx_word' id='word_1_629' title='bbox 683 4618 820 4674; x_wconf 85' lang='lat' dir='ltr'><strong>quas</strong></span> <span class='ocrx_word' id='word_1_630' title='bbox 870 4613 1087 4673; x_wconf 85' lang='lat' dir='ltr'><strong>putaret</strong></span> <span class='ocrx_word' id='word_1_631' title='bbox 1120 4605 1520 4660; x_wconf 89' lang='lat' dir='ltr'><strong>inconsiderate</strong></span> <span class='ocrx_word' id='word_1_632' title='bbox 1549 4605 1808 4675; x_wconf 90' lang='lat' dir='ltr'><strong>prolatas.</strong></span> <span class='ocrx_word' id='word_1_633' title='bbox 1843 4605 2026 4663; x_wconf 88' lang='lat' dir='ltr'><strong>Theo-</strong></span> 
     </span>
    </p>
   </div>
   <div class='ocr_carea' id='block_1_94' title="bbox 448 4695 2024 4768">
    <p class='ocr_par' dir='ltr' id='par_1_94' title="bbox 448 4695 2024 4768">
     <span class='ocr_line' id='line_1_94' title="bbox 448 4695 2024 4768; baseline 0.002 -16"><span class='ocrx_word' id='word_1_634' title='bbox 448 4699 676 4752; x_wconf 88' lang='lat' dir='ltr'><strong>doretus</strong></span> <span class='ocrx_word' id='word_1_635' title='bbox 711 4695 972 4768; x_wconf 87' lang='lat' dir='ltr'><strong>Cyrillum</strong></span> <span class='ocrx_word' id='word_1_636' title='bbox 1017 4697 1170 4750; x_wconf 88' lang='lat' dir='ltr'><strong>velut</strong></span> <span class='ocrx_word' id='word_1_637' title='bbox 1218 4697 1539 4752; x_wconf 64' lang='lat' dir='ltr'><strong>haereticum</strong></span> <span class='ocrx_word' id='word_1_638' title='bbox 1572 4713 1857 4768; x_wconf 85' lang='lat' dir='ltr'><strong>aggressus</strong></span> <span class='ocrx_word' id='word_1_639' title='bbox 1889 4711 1976 4755; x_wconf 89' lang='lat' dir='ltr'><strong>est</strong></span> <span class='ocrx_word' id='word_1_640' title='bbox 2008 4718 2024 4768; x_wconf 87' lang='lat'><strong>;</strong></span> 
     </span>
    </p>
   </div>
   <div class='ocr_carea' id='block_1_95' title="bbox 451 4786 2026 4860">
    <p class='ocr_par' dir='ltr' id='par_1_95' title="bbox 451 4786 2026 4860">
     <span class='ocr_line' id='line_1_95' title="bbox 451 4786 2026 4860; baseline 0.002 -18"><span class='ocrx_word' id='word_1_641' title='bbox 451 4789 714 4852; x_wconf 83' lang='lat' dir='ltr'><strong>Andreas,</strong></span> <span class='ocrx_word' id='word_1_642' title='bbox 748 4801 911 4856; x_wconf 91' lang='lat' dir='ltr'><strong>quem</strong></span> <span class='ocrx_word' id='word_1_643' title='bbox 961 4786 1292 4841; x_wconf 86' lang='lat' dir='ltr'><strong>catholicum</strong></span> <span class='ocrx_word' id='word_1_644' title='bbox 1345 4788 1692 4857; x_wconf 85' lang='lat' dir='ltr'><strong>agnoscebat,</strong></span> <span class='ocrx_word' id='word_1_645' title='bbox 1741 4806 1880 4860; x_wconf 87' lang='lat' dir='ltr'><strong>pene</strong></span> <span class='ocrx_word' id='word_1_646' title='bbox 1938 4791 2026 4846; x_wconf 89' lang='lat' dir='ltr'><strong>in-</strong></span> 
     </span>
    </p>
   </div>
   <div class='ocr_carea' id='block_1_96' title="bbox 450 4876 2018 4947">
    <p class='ocr_par' dir='ltr' id='par_1_96' title="bbox 450 4876 2018 4947">
     <span class='ocr_line' id='line_1_96' title="bbox 450 4876 2018 4947; baseline 0.004 -17"><span class='ocrx_word' id='word_1_647' title='bbox 450 4880 598 4934; x_wconf 85' lang='lat' dir='ltr'><strong>vitus</strong></span> <span class='ocrx_word' id='word_1_648' title='bbox 651 4878 923 4933; x_wconf 78' lang='lat' dir='ltr'><strong>vexabat:</strong></span> <span class='ocrx_word' id='word_1_649' title='bbox 967 4884 1130 4946; x_wconf 89' lang='lat' dir='ltr'><strong>atque</strong></span> <span class='ocrx_word' id='word_1_650' title='bbox 1180 4876 1311 4931; x_wconf 85' lang='lat' dir='ltr'><strong>hinc</strong></span> <span class='ocrx_word' id='word_1_651' title='bbox 1361 4876 1588 4930; x_wconf 84' lang='lat' dir='ltr'><strong>forsitan</strong></span> <span class='ocrx_word' id='word_1_652' title='bbox 1620 4879 1877 4935; x_wconf 84' lang='lat' dir='ltr'><strong>eﬂ&#39;ectum</strong></span> <span class='ocrx_word' id='word_1_653' title='bbox 1936 4892 2018 4947; x_wconf 89' lang='lat' dir='ltr'><strong>ut,</strong></span> 
     </span>
    </p>
   </div>
   <div class='ocr_carea' id='block_1_97' title="bbox 449 4968 2028 5043">
    <p class='ocr_par' dir='ltr' id='par_1_97' title="bbox 449 4968 2028 5043">
     <span class='ocr_line' id='line_1_97' title="bbox 449 4968 2028 5043; baseline 0.006 -21"><span class='ocrx_word' id='word_1_654' title='bbox 449 4985 560 5037; x_wconf 89' lang='lat' dir='ltr'><strong>quo</strong></span> <span class='ocrx_word' id='word_1_655' title='bbox 607 4978 854 5040; x_wconf 83' lang='lat' dir='ltr'><strong>tempore</strong></span> <span class='ocrx_word' id='word_1_656' title='bbox 897 4969 1182 5023; x_wconf 89' lang='lat' dir='ltr'><strong>veniretur</strong></span> <span class='ocrx_word' id='word_1_657' title='bbox 1227 4968 1295 5024; x_wconf 91' lang='lat' dir='ltr'><strong>ad</strong></span> <span class='ocrx_word' id='word_1_658' title='bbox 1329 4971 1646 5034; x_wconf 88' lang='lat' dir='ltr'><strong>concilium,</strong></span> <span class='ocrx_word' id='word_1_659' title='bbox 1675 4973 1770 5041; x_wconf 92' lang='lat' dir='ltr'><strong>qui</strong></span> <span class='ocrx_word' id='word_1_660' title='bbox 1799 4988 2028 5043; x_wconf 89' lang='lat' dir='ltr'><strong>campus</strong></span> 
     </span>
    </p>
   </div>
   <div class='ocr_carea' id='block_1_98' title="bbox 452 5060 2027 5134">
    <p class='ocr_par' dir='ltr' id='par_1_98' title="bbox 452 5060 2027 5134">
     <span class='ocr_line' id='line_1_98' title="bbox 452 5060 2027 5134; baseline 0.006 -23"><span class='ocrx_word' id='word_1_661' title='bbox 452 5060 674 5127; x_wconf 88' lang='lat' dir='ltr'><strong>quidam</strong></span> <span class='ocrx_word' id='word_1_662' title='bbox 719 5062 1040 5118; x_wconf 86' lang='lat' dir='ltr'><strong>certaminis</strong></span> <span class='ocrx_word' id='word_1_663' title='bbox 1089 5061 1308 5118; x_wconf 83' lang='lat' dir='ltr'><strong>futurus</strong></span> <span class='ocrx_word' id='word_1_664' title='bbox 1339 5071 1480 5127; x_wconf 90' lang='lat' dir='ltr'><strong>erat,</strong></span> <span class='ocrx_word' id='word_1_665' title='bbox 1515 5061 1772 5134; x_wconf 88' lang='lat' dir='ltr'><strong>Cyrensis</strong></span> <span class='ocrx_word' id='word_1_666' title='bbox 1803 5064 2027 5120; x_wconf 90' lang='lat' dir='ltr'><strong>advola-</strong></span> 
     </span>
    </p>
   </div>
   <div class='ocr_carea' id='block_1_99' title="bbox 455 5150 2029 5222">
    <p class='ocr_par' dir='ltr' id='par_1_99' title="bbox 455 5150 2029 5222">
     <span class='ocr_line' id='line_1_99' title="bbox 455 5150 2029 5222; baseline 0.005 -20"><span class='ocrx_word' id='word_1_667' title='bbox 455 5150 598 5202; x_wconf 88' lang='lat' dir='ltr'><strong>verit</strong></span> <span class='ocrx_word' id='word_1_668' title='bbox 643 5166 837 5222; x_wconf 65' lang='lat' dir='ltr'><strong>pugnae</strong></span> <span class='ocrx_word' id='word_1_669' title='bbox 887 5153 1102 5220; x_wconf 85' lang='lat' dir='ltr'><strong>avidus,</strong></span> <span class='ocrx_word' id='word_1_670' title='bbox 1155 5154 1544 5210; x_wconf 89' lang='lat' dir='ltr'><strong>Samosatenus</strong></span> <span class='ocrx_word' id='word_1_671' title='bbox 1573 5155 1828 5210; x_wconf 89' lang='lat' dir='ltr'><strong>morbum</strong></span> <span class='ocrx_word' id='word_1_672' title='bbox 1859 5155 2029 5210; x_wconf 87' lang='lat' dir='ltr'><strong>simu-</strong></span> 
     </span>
    </p>
   </div>
   <div class='ocr_carea' id='block_1_100' title="bbox 453 5240 2031 5310">
    <p class='ocr_par' dir='ltr' id='par_1_100' title="bbox 453 5240 2031 5310">
     <span class='ocr_line' id='line_1_100' title="bbox 453 5240 2031 5310; baseline 0.004 -14"><span class='ocrx_word' id='word_1_673' title='bbox 453 5240 668 5306; x_wconf 76' lang='lat' dir='ltr'><strong>laverit,</strong></span> <span class='ocrx_word' id='word_1_674' title='bbox 701 5257 770 5297; x_wconf 88' lang='lat' dir='ltr'><strong>ne</strong></span> <span class='ocrx_word' id='word_1_675' title='bbox 799 5245 1016 5299; x_wconf 87' lang='lat' dir='ltr'><strong>veniret</strong></span> <span class='ocrx_word' id='word_1_676' title='bbox 1053 5254 1141 5310; x_wconf 86' lang='lat' dir='ltr'><strong>eo,</strong></span> <span class='ocrx_word' id='word_1_677' title='bbox 1165 5247 1260 5302; x_wconf 89' lang='lat' dir='ltr'><strong>ubi</strong></span> <span class='ocrx_word' id='word_1_678' title='bbox 1284 5246 1585 5302; x_wconf 85' lang='lat' dir='ltr'><strong>necessitas</strong></span> <span class='ocrx_word' id='word_1_679' title='bbox 1615 5245 1758 5303; x_wconf 90' lang='lat' dir='ltr'><strong>foret</strong></span> <span class='ocrx_word' id='word_1_680' title='bbox 1780 5247 2031 5303; x_wconf 88' lang='lat' dir='ltr'><strong>veritatis</strong></span> 
     </span>
    </p>
   </div>
   <div class='ocr_carea' id='block_1_101' title="bbox 451 5324 2028 5408">
    <p class='ocr_par' dir='ltr' id='par_1_101' title="bbox 451 5324 2028 5408">
     <span class='ocr_line' id='line_1_101' title="bbox 451 5324 2028 5408; baseline 0.005 -22"><span class='ocrx_word' id='word_1_681' title='bbox 451 5324 857 5401; x_wconf 63' lang='lat' dir='ltr'><strong>impugnanda.</strong></span> <span class='ocrx_word' id='word_1_682' title='bbox 906 5331 984 5385; x_wconf 84' lang='lat' dir='ltr'><strong>Ita</strong></span> <span class='ocrx_word' id='word_1_683' title='bbox 1028 5331 1094 5388; x_wconf 85' lang='lat' dir='ltr'><strong>de</strong></span> <span class='ocrx_word' id='word_1_684' title='bbox 1144 5335 1364 5392; x_wconf 75' lang='grc' dir='ltr'><strong>Δηὼ-εει</strong></span> <span class='ocrx_word' id='word_1_685' title='bbox 1405 5336 1622 5408; x_wconf 83' lang='lat' dir='ltr'><strong>opinari</strong></span> <span class='ocrx_word' id='word_1_686' title='bbox 1665 5352 1766 5408; x_wconf 87' lang='lat' dir='ltr'><strong>par</strong></span> <span class='ocrx_word' id='word_1_687' title='bbox 1784 5345 1952 5405; x_wconf 90' lang='lat' dir='ltr'><strong>esset,</strong></span> <span class='ocrx_word' id='word_1_688' title='bbox 1983 5338 2028 5394; x_wconf 85' lang='lat' dir='ltr'><strong>si</strong></span> 
     </span>
    </p>
   </div>
   <div class='ocr_carea' id='block_1_102' title="bbox 2130 4434 3704 4503">
    <p class='ocr_par' dir='ltr' id='par_1_102' title="bbox 2130 4434 3704 4503">
     <span class='ocr_line' id='line_1_102' title="bbox 2130 4434 3704 4503; baseline -0.005 -8"><span class='ocrx_word' id='word_1_689' title='bbox 2130 4455 2161 4495; x_wconf 85' lang='lat' dir='ltr'><strong>a</strong></span> <span class='ocrx_word' id='word_1_690' title='bbox 2203 4450 2418 4503; x_wconf 88' lang='lat' dir='ltr'><strong>natura,</strong></span> <span class='ocrx_word' id='word_1_691' title='bbox 2467 4449 2527 4492; x_wconf 94' lang='lat' dir='ltr'><strong>ut</strong></span> <span class='ocrx_word' id='word_1_692' title='bbox 2566 4439 2774 4493; x_wconf 90' lang='lat' dir='ltr'><strong>dictum</strong></span> <span class='ocrx_word' id='word_1_693' title='bbox 2811 4445 2914 4500; x_wconf 90' lang='lat' dir='ltr'><strong>est,</strong></span> <span class='ocrx_word' id='word_1_694' title='bbox 2961 4437 3176 4490; x_wconf 88' lang='lat' dir='ltr'><strong>animus</strong></span> <span class='ocrx_word' id='word_1_695' title='bbox 3221 4437 3489 4498; x_wconf 87' lang='lat' dir='ltr'><strong>excelsus,</strong></span> <span class='ocrx_word' id='word_1_696' title='bbox 3519 4434 3704 4488; x_wconf 89' lang='lat' dir='ltr'><strong>animo</strong></span> 
     </span>
    </p>
   </div>
   <div class='ocr_carea' id='block_1_103' title="bbox 2130 4525 3707 4601">
    <p class='ocr_par' dir='ltr' id='par_1_103' title="bbox 2130 4525 3707 4601">
     <span class='ocr_line' id='line_1_103' title="bbox 2130 4525 3707 4601; baseline -0.006 -15"><span class='ocrx_word' id='word_1_697' title='bbox 2130 4530 2411 4601; x_wconf 91' lang='lat' dir='ltr'><strong>ingenium</strong></span> <span class='ocrx_word' id='word_1_698' title='bbox 2467 4546 2566 4600; x_wconf 91' lang='lat' dir='ltr'><strong>par</strong></span> <span class='ocrx_word' id='word_1_699' title='bbox 2606 4538 2661 4584; x_wconf 93' lang='lat' dir='ltr'><strong>et</strong></span> <span class='ocrx_word' id='word_1_700' title='bbox 2697 4530 3039 4599; x_wconf 75' lang='lat' dir='ltr'><strong>przeccllens,</strong></span> <span class='ocrx_word' id='word_1_701' title='bbox 3085 4527 3306 4596; x_wconf 88' lang='lat' dir='ltr'><strong>utrique</strong></span> <span class='ocrx_word' id='word_1_702' title='bbox 3348 4525 3577 4595; x_wconf 68' lang='lat' dir='ltr'><strong>aequalis</strong></span> <span class='ocrx_word' id='word_1_703' title='bbox 3624 4525 3707 4578; x_wconf 87' lang='lat' dir='ltr'><strong>vis</strong></span> 
     </span>
    </p>
   </div>
   <div class='ocr_carea' id='block_1_104' title="bbox 2127 4613 3707 4687">
    <p class='ocr_par' dir='ltr' id='par_1_104' title="bbox 2127 4613 3707 4687">
     <span class='ocr_line' id='line_1_104' title="bbox 2127 4613 3707 4687; baseline -0.005 -14"><span class='ocrx_word' id='word_1_704' title='bbox 2127 4618 2478 4687; x_wconf 80' lang='lat' dir='ltr'><strong>eloquentiae.</strong></span> <span class='ocrx_word' id='word_1_705' title='bbox 2535 4615 2685 4671; x_wconf 88' lang='lat' dir='ltr'><strong>Fecit</strong></span> <span class='ocrx_word' id='word_1_706' title='bbox 2743 4616 3032 4673; x_wconf 85' lang='lat' dir='ltr'><strong>excelsitas</strong></span> <span class='ocrx_word' id='word_1_707' title='bbox 3090 4614 3291 4677; x_wconf 91' lang='lat' dir='ltr'><strong>animi,</strong></span> <span class='ocrx_word' id='word_1_708' title='bbox 3359 4621 3418 4666; x_wconf 89' lang='lat' dir='ltr'><strong>ut</strong></span> <span class='ocrx_word' id='word_1_709' title='bbox 3465 4613 3707 4666; x_wconf 91' lang='lat' dir='ltr'><strong>humana</strong></span> 
     </span>
    </p>
   </div>
   <div class='ocr_carea' id='block_1_105' title="bbox 2130 4701 3704 4773">
    <p class='ocr_par' dir='ltr' id='par_1_105' title="bbox 2130 4701 3704 4773">
     <span class='ocr_line' id='line_1_105' title="bbox 2130 4701 3704 4773; baseline -0.002 -16"><span class='ocrx_word' id='word_1_710' title='bbox 2130 4711 2327 4757; x_wconf 88' lang='lat' dir='ltr'><strong>cuncta</strong></span> <span class='ocrx_word' id='word_1_711' title='bbox 2385 4703 2712 4773; x_wconf 90' lang='lat' dir='ltr'><strong>despiceret,</strong></span> <span class='ocrx_word' id='word_1_712' title='bbox 2768 4713 2968 4773; x_wconf 70' lang='lat' dir='ltr'><strong>praeter</strong></span> <span class='ocrx_word' id='word_1_713' title='bbox 3019 4702 3289 4773; x_wconf 90' lang='lat' dir='ltr'><strong>gloriam:</strong></span> <span class='ocrx_word' id='word_1_714' title='bbox 3335 4701 3704 4771; x_wconf 65' lang='lat' dir='ltr'><strong>praecellentia</strong></span> 
     </span>
    </p>
   </div>
   <div class='ocr_carea' id='block_1_106' title="bbox 2132 4788 3710 4862">
    <p class='ocr_par' dir='ltr' id='par_1_106' title="bbox 2132 4788 3710 4862">
     <span class='ocr_line' id='line_1_106' title="bbox 2132 4788 3710 4862; baseline -0.003 -17"><span class='ocrx_word' id='word_1_715' title='bbox 2132 4791 2358 4862; x_wconf 88' lang='lat' dir='ltr'><strong>ingenii,</strong></span> <span class='ocrx_word' id='word_1_716' title='bbox 2397 4799 2458 4846; x_wconf 89' lang='lat' dir='ltr'><strong>ut</strong></span> <span class='ocrx_word' id='word_1_717' title='bbox 2493 4791 2738 4846; x_wconf 86' lang='lat' dir='ltr'><strong>scientiis</strong></span> <span class='ocrx_word' id='word_1_718' title='bbox 2773 4798 3008 4846; x_wconf 90' lang='lat' dir='ltr'><strong>mentem</strong></span> <span class='ocrx_word' id='word_1_719' title='bbox 3040 4798 3240 4858; x_wconf 67' lang='lat' dir='ltr'><strong>prmter</strong></span> <span class='ocrx_word' id='word_1_720' title='bbox 3261 4789 3482 4843; x_wconf 91' lang='lat' dir='ltr'><strong>modum</strong></span> <span class='ocrx_word' id='word_1_721' title='bbox 3515 4788 3710 4857; x_wconf 90' lang='lat' dir='ltr'><strong>imple-</strong></span> 
     </span>
    </p>
   </div>
   <div class='ocr_carea' id='block_1_107' title="bbox 2133 4879 3710 4953">
    <p class='ocr_par' dir='ltr' id='par_1_107' title="bbox 2133 4879 3710 4953">
     <span class='ocr_line' id='line_1_107' title="bbox 2133 4879 3710 4953; baseline -0.002 -17"><span class='ocrx_word' id='word_1_722' title='bbox 2133 4889 2238 4947; x_wconf 89' lang='lat' dir='ltr'><strong>ret,</strong></span> <span class='ocrx_word' id='word_1_723' title='bbox 2289 4891 2348 4938; x_wconf 89' lang='lat' dir='ltr'><strong>et</strong></span> <span class='ocrx_word' id='word_1_724' title='bbox 2387 4884 2542 4953; x_wconf 87' lang='lat' dir='ltr'><strong>quasi</strong></span> <span class='ocrx_word' id='word_1_725' title='bbox 2594 4884 2810 4939; x_wconf 76' lang='lat' dir='ltr'><strong>inflaret</strong></span> <span class='ocrx_word' id='word_1_726' title='bbox 2847 4902 2860 4937; x_wconf 92' lang='lat'><strong>:</strong></span> <span class='ocrx_word' id='word_1_727' title='bbox 2892 4884 2974 4938; x_wconf 88' lang='lat' dir='ltr'><strong>vis</strong></span> <span class='ocrx_word' id='word_1_728' title='bbox 3005 4881 3353 4951; x_wconf 65' lang='lat' dir='ltr'><strong>eloquentiae,</strong></span> <span class='ocrx_word' id='word_1_729' title='bbox 3380 4889 3440 4936; x_wconf 92' lang='lat' dir='ltr'><strong>ut</strong></span> <span class='ocrx_word' id='word_1_730' title='bbox 3464 4879 3710 4934; x_wconf 90' lang='lat' dir='ltr'><strong>Orientis</strong></span> 
     </span>
    </p>
   </div>
   <div class='ocr_carea' id='block_1_108' title="bbox 2133 4973 3709 5044">
    <p class='ocr_par' dir='ltr' id='par_1_108' title="bbox 2133 4973 3709 5044">
     <span class='ocr_line' id='line_1_108' title="bbox 2133 4973 3709 5044; baseline -0.002 -15"><span class='ocrx_word' id='word_1_731' title='bbox 2133 4976 2459 5030; x_wconf 88' lang='lat' dir='ltr'><strong>miraculum</strong></span> <span class='ocrx_word' id='word_1_732' title='bbox 2489 4975 2727 5038; x_wconf 89' lang='lat' dir='ltr'><strong>audiret,</strong></span> <span class='ocrx_word' id='word_1_733' title='bbox 2758 4983 2814 5028; x_wconf 90' lang='lat' dir='ltr'><strong>et</strong></span> <span class='ocrx_word' id='word_1_734' title='bbox 2837 4974 2982 5044; x_wconf 93' lang='lat' dir='ltr'><strong>quod</strong></span> <span class='ocrx_word' id='word_1_735' title='bbox 3023 4975 3324 5028; x_wconf 89' lang='lat' dir='ltr'><strong>humanum</strong></span> <span class='ocrx_word' id='word_1_736' title='bbox 3360 4982 3463 5038; x_wconf 91' lang='lat' dir='ltr'><strong>est,</strong></span> <span class='ocrx_word' id='word_1_737' title='bbox 3516 4973 3709 5027; x_wconf 83' lang='lat' dir='ltr'><strong>dicen-</strong></span> 
     </span>
    </p>
   </div>
   <div class='ocr_carea' id='block_1_109' title="bbox 2135 5067 2574 5122">
    <p class='ocr_par' dir='ltr' id='par_1_109' title="bbox 2135 5067 2574 5122">
     <span class='ocr_line' id='line_1_109' title="bbox 2135 5067 2574 5122; baseline 0.002 -1"><span class='ocrx_word' id='word_1_738' title='bbox 2135 5067 2282 5122; x_wconf 91' lang='lat' dir='ltr'><strong>tibus</strong></span> <span class='ocrx_word' id='word_1_739' title='bbox 2303 5067 2574 5122; x_wconf 91' lang='lat' dir='ltr'><strong>crederet.</strong></span> 
     </span>
    </p>
   </div>
   <div class='ocr_carea' id='block_1_110' title="bbox 2205 5157 3711 5230">
    <p class='ocr_par' dir='ltr' id='par_1_110' title="bbox 2205 5157 3711 5230">
     <span class='ocr_line' id='line_1_110' title="bbox 2205 5157 3711 5230; baseline 0 -19"><span class='ocrx_word' id='word_1_740' title='bbox 2205 5157 2361 5212; x_wconf 82' lang='lat' dir='ltr'><strong>Hanc</strong></span> <span class='ocrx_word' id='word_1_741' title='bbox 2413 5158 2656 5214; x_wconf 89' lang='lat' dir='ltr'><strong>indolem</strong></span> <span class='ocrx_word' id='word_1_742' title='bbox 2711 5159 2863 5212; x_wconf 87' lang='lat' dir='ltr'><strong>auxit</strong></span> <span class='ocrx_word' id='word_1_743' title='bbox 2923 5158 3308 5230; x_wconf 88' lang='lat' dir='ltr'><strong>magistrorum</strong></span> <span class='ocrx_word' id='word_1_744' title='bbox 3362 5157 3711 5212; x_wconf 87' lang='lat' dir='ltr'><strong>consuetudo</strong></span> 
     </span>
    </p>
   </div>
   <div class='ocr_carea' id='block_1_111' title="bbox 2134 5245 3713 5318">
    <p class='ocr_par' dir='ltr' id='par_1_111' title="bbox 2134 5245 3713 5318">
     <span class='ocr_line' id='line_1_111' title="bbox 2134 5245 3713 5318; baseline -0.003 -14"><span class='ocrx_word' id='word_1_745' title='bbox 2134 5259 2299 5318; x_wconf 83' lang='lat' dir='ltr'><strong>atque</strong></span> <span class='ocrx_word' id='word_1_746' title='bbox 2321 5249 2610 5304; x_wconf 83' lang='lat' dir='ltr'><strong>admiratio</strong></span> <span class='ocrx_word' id='word_1_747' title='bbox 2638 5266 2652 5302; x_wconf 91' lang='lat'><strong>:</strong></span> <span class='ocrx_word' id='word_1_748' title='bbox 2676 5263 2800 5303; x_wconf 91' lang='lat' dir='ltr'><strong>cum</strong></span> <span class='ocrx_word' id='word_1_749' title='bbox 2825 5247 3076 5302; x_wconf 89' lang='lat' dir='ltr'><strong>doctrina</strong></span> <span class='ocrx_word' id='word_1_750' title='bbox 3097 5247 3244 5302; x_wconf 92' lang='lat' dir='ltr'><strong>enim</strong></span> <span class='ocrx_word' id='word_1_751' title='bbox 3266 5247 3480 5302; x_wconf 89' lang='lat' dir='ltr'><strong>imbibit</strong></span> <span class='ocrx_word' id='word_1_752' title='bbox 3505 5245 3713 5301; x_wconf 84' lang='lat' dir='ltr'><strong>utrius-</strong></span> 
     </span>
    </p>
   </div>
   <div class='ocr_carea' id='block_1_112' title="bbox 2135 5337 3709 5411">
    <p class='ocr_par' dir='ltr' id='par_1_112' title="bbox 2135 5337 3709 5411">
     <span class='ocr_line' id='line_1_112' title="bbox 2135 5337 3709 5411; baseline -0.001 -15"><span class='ocrx_word' id='word_1_753' title='bbox 2135 5354 2244 5411; x_wconf 81' lang='lat' dir='ltr'><strong>que</strong></span> <span class='ocrx_word' id='word_1_754' title='bbox 2271 5353 2493 5396; x_wconf 88' lang='lat' dir='ltr'><strong>mores:</strong></span> <span class='ocrx_word' id='word_1_755' title='bbox 2533 5355 2565 5394; x_wconf 86' lang='lat' dir='ltr'><strong>a</strong></span> <span class='ocrx_word' id='word_1_756' title='bbox 2597 5337 2891 5394; x_wconf 86' lang='lat' dir='ltr'><strong>Theodoro</strong></span> <span class='ocrx_word' id='word_1_757' title='bbox 2925 5338 3121 5394; x_wconf 88' lang='lat' dir='ltr'><strong>didicit</strong></span> <span class='ocrx_word' id='word_1_758' title='bbox 3143 5353 3349 5408; x_wconf 87' lang='lat' dir='ltr'><strong>paucos</strong></span> <span class='ocrx_word' id='word_1_759' title='bbox 3380 5338 3709 5410; x_wconf 81' lang='lat' dir='ltr'><strong>suspicere;</strong></span> 
     </span>
    </p>
   </div>
   <div class='ocr_carea' id='block_1_113' title="bbox 1797 5495 2393 5556">
    <p class='ocr_par' dir='ltr' id='par_1_113' title="bbox 1797 5495 2393 5556">
     <span class='ocr_line' id='line_1_113' title="bbox 1797 5495 2393 5556; baseline -0.003 -2"><span class='ocrx_word' id='word_1_760' title='bbox 1797 5495 2120 5556; x_wconf 76' lang='lat' dir='ltr'><strong>SCHULZII</strong></span> <span class='ocrx_word' id='word_1_761' title='bbox 2159 5497 2393 5555; x_wconf 64' lang='lat' dir='ltr'><strong>NOTAE.</strong></span> 
     </span>
    </p>
   </div>
   <div class='ocr_carea' id='block_1_114' title="bbox 448 5609 3075 5717">
    <p class='ocr_par' dir='ltr' id='par_1_114' title="bbox 448 5609 3075 5717">
     <span class='ocr_line' id='line_1_114' title="bbox 448 5609 3075 5717; baseline 0.001 -37"><span class='ocrx_word' id='word_1_762' title='bbox 448 5713 452 5717; x_wconf 18' lang='grc' dir='ltr'><strong><em>Ι</em></strong></span> <span class='ocrx_word' id='word_1_763' title='bbox 527 5609 570 5640; x_wconf 84' lang='grc'><em>³⁸</em></span> <span class='ocrx_word' id='word_1_764' title='bbox 599 5623 759 5681; x_wconf 79' lang='lat' dir='ltr'><strong>Parte</strong></span> <span class='ocrx_word' id='word_1_765' title='bbox 783 5640 819 5680; x_wconf 85' lang='grc' dir='ltr'><strong>ιι</strong></span> <span class='ocrx_word' id='word_1_766' title='bbox 852 5623 1093 5696; x_wconf 76' lang='lat' dir='ltr'><strong>Operam</strong></span> <span class='ocrx_word' id='word_1_767' title='bbox 1126 5623 1280 5682; x_wconf 73' lang='lat' dir='ltr'><strong>Marii</strong></span> <span class='ocrx_word' id='word_1_768' title='bbox 1318 5625 1655 5684; x_wconf 64' lang='lat' dir='ltr'><strong>“creatoris.</strong></span> <span class='ocrx_word' id='word_1_769' title='bbox 1685 5629 1766 5700; x_wconf 87' lang='lat' dir='ltr'><strong>(P.</strong></span> <span class='ocrx_word' id='word_1_770' title='bbox 1797 5629 1860 5684; x_wconf 77' lang='grc'><strong>81</strong></span> <span class='ocrx_word' id='word_1_771' title='bbox 1902 5630 2036 5686; x_wconf 89' lang='lat' dir='ltr'><strong>edit.</strong></span> <span class='ocrx_word' id='word_1_772' title='bbox 2072 5628 2287 5700; x_wconf 70' lang='lat' dir='ltr'><strong>Carm).</strong></span> <span class='ocrx_word' id='word_1_773' title='bbox 2363 5629 2407 5662; x_wconf 81' lang='lat'>&quot;</span> <span class='ocrx_word' id='word_1_774' title='bbox 2432 5626 2493 5682; x_wconf 93' lang='lat' dir='ltr'>In</span> <span class='ocrx_word' id='word_1_775' title='bbox 2522 5623 2764 5694; x_wconf 78' lang='lat' dir='ltr'><strong>Hodego,</strong></span> <span class='ocrx_word' id='word_1_776' title='bbox 2813 5639 2934 5694; x_wconf 87' lang='lat' dir='ltr'><strong>cap.</strong></span> <span class='ocrx_word' id='word_1_777' title='bbox 2981 5624 3075 5680; x_wconf 62' lang='grc' dir='ltr'><strong>ἥ.</strong></span> 
     </span>
    </p>
   </div>
  </div>
