4054 6138
274 290 369 357 109

1466 289 1829 352 HISTORIA
1866 288 2375 350 THEODORETI.
2430 348 2431 351 η

3420 286 3523 351 110

270 421 299 459 a
324 401 739 473 Chrysostomo,
770 401 1045 457 neminem
1076 401 1254 457 vereri
1283 419 1297 468 ;
1332 403 1402 457 ab
1431 411 1686 471 utroque,
1722 415 1847 456 cum
1878 408 1922 461 Α
1952 402 2102 456 misit
2140 402 2307 457 etiam
2348 398 2415 456 ad
2462 398 2790 454 monasteria
2819 397 3107 468 epistolam
3142 398 3208 463 ”,
3245 414 3350 469 qua
3383 400 3521 457 nihil

267 495 526 551 omnibus
556 494 731 548 libere
754 494 906 563 loqui
939 512 951 547 :
986 502 1225 548 tractum
1259 511 1289 548 a
1321 493 1616 549 Theodoro
1646 493 1845 547 vitium

268 587 434 642 crevit
464 586 772 656 plausibus,
807 586 984 640 virtus
1013 602 1043 640 a
1071 585 1462 657 Chrysostomo
1487 592 1710 653 accepta
1736 598 1843 638 non

268 694 325 733 se
358 677 632 731 continuit
662 677 805 731 intra
837 677 1080 731 modum.

339 768 639 823 Hmrelicos
683 770 1061 839 cujuscunque
1111 765 1361 838 generis,
1410 765 1661 828 Arianos,
1707 762 1848 817 Mar-

268 860 526 925 cionitas,
554 859 999 924 Macedonianos,
1022 856 1462 928 Apollinaristas,
1498 855 1848 924 reliquosque

272 949 431 1021 155
453 950 730 1004 continuis
755 949 954 1019 prteliis
975 947 1229 1018 fregerat.
1255 947 1444 1017 Magna
1462 944 1589 999 inde
1610 942 1849 998 nominis

266 1043 465 1112 gloria,
508 1055 812 1112 magnaque
858 1040 944 1095 sui
988 1040 1296 1095 securitas:
1342 1052 1535 1108 passus
1562 1045 1666 1101 est,
1696 1033 1843 1103 quod

264 1132 525 1203 perpetui
560 1132 988 1202 triumphatores
1030 1131 1228 1195 solent,
1266 1130 1440 1184 voluit
1463 1138 1589 1183 cum
1619 1126 1847 1182 nobilis-

261 1223 422 1278 simis
473 1222 787 1292 quibusque
828 1222 975 1277 vires
1008 1238 1135 1277 suas
1165 1220 1425 1291 experiri.
1456 1219 1723 1273 Ardorem
1748 1232 1849 1287 pu-

260 1313 473 1383 gnandi
518 1314 856 1368 accendebat
894 1322 1067 1369 aetas:
1117 1328 1228 1367 non
1270 1312 1505 1366 multum
1539 1310 1687 1364 enim
1714 1323 1849 1378 qua-

263 1403 644 1473 dragesimum
677 1418 881 1456 annum
911 1411 1244 1467 excesserat,
1288 1415 1398 1471 quo
1433 1408 1677 1469 tempore
1728 1412 1848 1451 ma—

264 1492 515 1563 gnanimi
535 1493 724 1563 gloriae
743 1507 926 1547 amore
950 1492 1183 1545 maxime
1204 1498 1536 1560 tanguntur;
1566 1486 1849 1558 ingerebat

265 1598 391 1638 sese
432 1584 657 1638 occasio
705 1583 1044 1652 optatissima
1094 1580 1447 1636 conserendae
1481 1592 1676 1648 pugnae
1720 1591 1846 1631 cum

263 1670 474 1742 Cyrillo
495 1673 796 1728 multarum
821 1673 1124 1744 palmarum
1151 1672 1311 1736 duce,
1342 1684 1518 1739 eoque
1541 1668 1709 1722 totius
1733 1666 1848 1722 fere

263 1763 425 1819 orbis
456 1763 799 1827 doctissimo,
834 1770 890 1817 et
931 1770 1111 1817 tamen
1149 1768 1461 1832 opportuno
1501 1757 1843 1821 vulneribus,
1878 1746 1919 1800 Β

263 1863 330 1908 ut
358 1855 464 1923 ipsi
494 1854 717 1924 quidem
756 1853 1063 1909 videbatur.

336 1945 597 1999 Audendi
641 1961 805 1999 causa
834 1960 942 1998 non
982 1952 1193 1997 tantum
1222 1942 1470 2007 honesta,
1497 1943 1673 1998 amico
1696 1942 1847 1997 labo-

261 2037 419 2090 ranti
468 2052 631 2107 opem
682 2035 845 2101 ferre,
910 2033 1006 2089 sed
1056 2034 1220 2089 etiam
1274 2034 1548 2105 religiosa,
1577 2035 1847 2090 obsistere

263 2127 486 2181 homini
514 2137 698 2196 partes
720 2125 1039 2195 Apollinarii
1096 2125 1152 2180 in
1190 2126 1430 2196 speciem
1474 2127 1671 2182 tuenti.
1717 2127 1849 2184 Pul—

263 2220 473 2274 chrum
514 2228 630 2273 erat
657 2218 903 2273 auxiliari
929 2217 1200 2281 Nestorio,
1226 2217 1379 2272 urbis
1405 2218 1565 2288 regite
1592 2218 1846 2283 antistiti,

264 2310 417 2364 aulte
465 2310 729 2379 gratioso,
769 2318 824 2363 et
849 2307 1012 2362 simul
1044 2320 1358 2377 oppugnare
1384 2306 1669 2379 Cyrillum,
1695 2308 1851 2377 cujus

265 2400 546 2469 potentia,
576 2415 686 2468 quo
717 2399 887 2469 major
910 2397 976 2452 ab
1003 2397 1315 2453 Occidentis
1356 2396 1564 2461 favore,
1605 2413 1671 2451 co
1708 2397 1849 2451 invi—

264 2492 490 2546 diosior
529 2490 759 2555 Orienti,
795 2500 957 2560 atque
986 2490 1118 2560 ipsis
1147 2488 1575 2559 imperatoribus
1594 2488 1853 2543 formida-

266 2585 465 2640 bilior.
514 2585 751 2654 Urgebat
792 2583 1038 2653 prazsulis
1082 2581 1397 2636 mandatum
1435 2598 1450 2635 :
1483 2581 1573 2637 cui
1637 2597 1849 2653 parere,

266 2679 468 2747 pium;
497 2676 785 2738 obsistere,
812 2675 1065 2727 intutum.
1084 2669 1581 2727 Anathematismos
1603 2687 1851 2742 arguere,

265 2767 415 2837 quid
444 2766 590 2821 aliud
623 2765 831 2819 homini
864 2763 942 2819 sic
967 2763 1161 2818 aﬂ'ecto
1207 2762 1513 2827 videretur,
1555 2780 1719 2833 quam
1778 2763 1856 2818 la-

267 2873 500 2914 cessere
546 2871 801 2927 pugnam,
861 2872 983 2925 quaa
1027 2855 1159 2909 orbe
1204 2864 1318 2909 toto
1382 2864 1663 2924 spectante
1726 2871 1854 2926 per-

267 2949 496 3020 agenda
524 2947 709 3002 esset?
735 2947 1034 3001 Vocaverat
1080 2946 1225 3001 enim
1261 2946 1557 3015 imperator
1585 2945 1650 2999 ad
1697 2962 1857 3017 sync-

270 3041 417 3094 dum
468 3039 835 3130 undequaque
884 3046 1150 3092 terrarum
1203 3036 1537 3106 episcopos:
1592 3035 1851 3091 decorum
1883 3071 1923 3128 ϐ

172 3151 181 3160 ·
271 3141 404 3186 erat
457 3132 517 3185 in
568 3139 711 3184 cretu
758 3127 1015 3182 omnium
1076 3127 1435 3182 celeberrimo
1483 3128 1854 3197 eloquentiam

274 3231 586 3284 ostentare,
608 3220 773 3274 totius
800 3217 911 3273 fere
945 3218 1194 3273 Ecclesiae
1221 3216 1594 3273 doctissimum
1633 3216 1858 3272 haeresis

278 3329 449 3368 reum
485 3312 682 3374 facere,
712 3310 898 3382 prima:
940 3319 1065 3380 post
1103 3308 1399 3365 Romanam
1451 3309 1600 3363 sedis
1643 3308 1858 3379 episco-

280 3421 423 3476 pum
464 3404 533 3459 de
568 3405 762 3458 throno
793 3403 1048 3472 dejicere,
1091 3403 1288 3457 summi
1324 3401 1596 3471 pontificis
1622 3401 1856 3471 legatum

280 3498 346 3551 in
400 3496 647 3550 ordinem
699 3495 961 3565 redigere.
1022 3494 1162 3561 Quid
1217 3482 1425 3547 multa?
1474 3493 1856 3547 illecebrosum

278 3596 439 3649 erat,
464 3586 569 3641 dici
593 3586 794 3655 ubique
819 3597 1107 3648 terrarum,
1129 3585 1276 3654 quod
1302 3584 1512 3639 solebat
1530 3584 1856 3649 Antiochiae,

278 3678 623 3748 eloquentia:
648 3677 988 3740 miraculum,
1010 3684 1064 3730 et
1083 3675 1344 3731 doctrinae
1360 3676 1693 3746 prodigium.
1713 3676 1857 3737 Haec,

280 3785 423 3841 quae
458 3769 631 3824 divisa
674 3777 898 3839 possunt
940 3767 1440 3822 constantissimum
1474 3783 1747 3837 quemque
1778 3768 1860 3821 la-

280 3860 599 3922 befactare,
646 3861 933 3929 conjuncta
985 3859 1261 3913 hominem
1331 3857 1417 3911 sui
1472 3858 1861 3912 aestimatorem

279 3958 533 4021 egerunt
566 3949 895 4018 prwcipitem
926 3963 1012 4013 eo,
1052 3962 1159 4016 quo
1209 3945 1466 4016 superbia
1522 3946 1661 4000 solet
1714 3946 1863 3999 viros

281 4040 391 4096 vel
418 4039 551 4109 ipsis
585 4039 787 4109 angelis
817 4055 990 4109 pares.

371 4132 495 4186 Non
545 4147 732 4184 vanam
778 4132 918 4186 hanc
966 4148 1084 4187 esse
1135 4147 1311 4188 causa:
1341 4133 1734 4202 conjecturam,
1768 4131 1864 4185 de-

287 4230 577 4278 monstrat
613 4223 857 4292 pertinax
904 4222 1181 4292 patcfacta:
1213 4223 1463 4278 veritatis
1502 4223 1861 4293 impugnatio,

288 4313 454 4386 quod
492 4323 699 4368 certum
723 4314 885 4368 animi
911 4315 1163 4383 superbia
1189 4319 1205 4334 '
1231 4315 1470 4369 errantis
1494 4314 1757 4369 indicium
1788 4315 1860 4367 ³⁸ε

1953 491 2112 563 156
2158 492 2478 564 iniuriosius
2527 491 2753 563 Cyrillo,
2784 491 2924 545 nihil
2960 491 3270 561 superbius.
3316 491 3525 549 Scribit

1950 595 2125 639 totum
2168 586 2359 642 orbem
2416 586 2774 650 commoveri,
2827 585 2922 641 sed
2968 586 3103 641 alios
3148 602 3349 657 pugna,
3387 586 3524 643 alios

1951 680 2105 745 risu;
2139 694 2383 750 pugnare
2434 679 2578 733 inter
2617 694 2695 741 se,
2744 678 2839 747 qui
2874 676 3278 732 Catholicorum
3322 693 3524 734 nomen

1950 767 2135 823 ferunt
2162 786 2175 832 ;
2216 768 2398 823 ridere
2433 768 2724 823 hmreticos
2746 783 2982 838 pugnam
3012 768 3294 822 hominum
3317 772 3526 826 mutuis

1950 874 2009 915 se
2062 859 2307 913 dissidiis
2354 858 2808 925 absumentium;
2861 859 3056 912 borum
3121 874 3339 914 causam
3406 876 3526 916 esse

1953 948 2104 1019 impii
2125 949 2311 1021 Cyrilli
2338 949 2574 1019 capitula
2619 949 2673 1002 in
2722 948 2917 1002 urbem
2952 949 3155 1019 regiam
3196 951 3523 1020 importata;

1951 1057 2013 1097 ea
2056 1057 2168 1096 non
2222 1042 2413 1096 abesse
2458 1040 2526 1093 ab
2560 1038 2903 1109 Apollinarii,
2938 1038 3074 1103 Arii,
3106 1040 3382 1105 Eunomii,
3412 1041 3527 1095 Ma-

1951 1132 2276 1202 cedoniique
2310 1132 2525 1193 haaresi,
2554 1132 2664 1184 imo
2709 1144 2812 1185 nec
2852 1129 2921 1183 ab
2971 1129 3181 1183 insania
3229 1130 3525 1194 Valentini,

1950 1223 2179 1279 Manetis
2217 1232 2273 1279 et
2323 1221 2651 1285 Marcionis;
2692 1221 2748 1275 in
2777 1220 2953 1291 primo
2980 1221 3170 1283 asseri,
3198 1222 3437 1277 Verbum
3473 1223 3531 1277 in

1952 1330 2173 1372 carnem
2211 1330 2561 1378 conversum,
2605 1312 3149 1381 incarnationemque
3184 1312 3300 1367 sola
3345 1313 3530 1382 specie

1951 1410 2172 1473 factam,
2215 1405 2364 1476 quod
2416 1403 2711 1468 Valentini,
2753 1403 3123 1473 Manetisque,
3160 1412 3215 1457 et
3240 1403 3530 1458 Marcionis

1951 1499 2235 1563 delirium;
2280 1498 2335 1551 in
2383 1496 2627 1552 secundo
2666 1504 2723 1550 et
2752 1495 2938 1559 tertio,
2970 1495 3231 1549 unionem
3268 1494 3530 1564 hyposta-

1953 1587 2116 1642 ticam
2174 1585 2562 1657 physicamque
2617 1582 2859 1646 defendi,
2912 1598 3034 1653 qua:
3074 1582 3395 1652 Apollinarii
3425 1583 3533 1636 ha:-

1953 1679 2123 1743 resis;
2160 1678 2213 1731 in
2256 1685 2472 1747 quarto,
2497 1690 2660 1730 voces
2695 1683 2809 1728 tum
2838 1674 3120 1737 sublimes,
3150 1683 3267 1729 tum
3295 1674 3534 1728 humiles

1949 1765 2043 1819 uni
2068 1764 2360 1833 eidemque
2390 1763 2571 1819 Verbo
2597 1762 2850 1826 attribui,
2884 1778 3005 1833 qua:
3032 1763 3146 1817 Arii
3180 1772 3237 1818 et
3275 1763 3532 1818 Eunomii

1949 1856 2323 1926 blasphemia;
2371 1856 2427 1909 in
2462 1855 2698 1919 decimo,
2730 1855 2901 1909 Deum
2922 1854 3031 1909 dici
3063 1869 3282 1923 passum
3311 1865 3367 1910 et
3390 1870 3534 1909 mor—

1950 1956 2126 2011 tuum,
2152 1963 2273 2017 quae
2299 1946 2508 2001 insania
2535 1946 2672 2009 Arii,
2713 1955 2765 2000 et
2793 1946 3047 2001 Eunomii
3068 1961 3224 2000 error
3252 1946 3531 2001 detestan-

1950 2037 2087 2104 dus;
2113 2040 2166 2093 in
2189 2054 2356 2101 nono,
2388 2037 2792 2109 processionem
2830 2036 3069 2107 Spiritus
3097 2039 3272 2092 sancti
3301 2054 3331 2092 a
3365 2038 3523 2099 Filio.

1950 2138 2005 2184 et
2046 2144 2155 2184 non
2180 2146 2210 2184 a
2232 2130 2349 2184 solo
2372 2131 2532 2184 Patre
2561 2128 2724 2194 tradi,
2765 2144 2888 2198 qua:
2916 2128 3242 2198 Apollinarii
3286 2129 3536 2183 Maccdo-

1951 2220 2141 2290 niique
2192 2220 2361 2275 altera
2416 2220 2678 2285 haeresis;
2734 2220 2836 2274 hos
2882 2235 3004 2275 esse
3053 2228 3244 2289 partus
3276 2219 3531 2291 Egyptii,

1953 2311 2051 2367 has
2093 2311 2403 2366 animarum
2457 2320 2660 2381 pestes,
2707 2311 2825 2366 hmc
2852 2320 3115 2375 monstra,
3144 2326 3266 2381 qua:
3291 2328 3387 2382 par
3415 2320 3535 2367 erat

1954 2401 2022 2455 ab
2058 2400 2142 2465 iis,
2175 2401 2377 2470 quibus
2409 2400 2692 2471 religionis
2717 2415 2849 2454 cura
2877 2401 3168 2455 commissa
3198 2410 3304 2464 est,
3334 2403 3536 2472 praefo-

1956 2491 2065 2546 cari
2090 2493 2408 2563 priusquam
2444 2492 2785 2557 ederentur;
2813 2507 2875 2547 ea
2907 2501 3088 2547 tamen
3122 2492 3317 2557 foveri,
3348 2509 3376 2546 a
3406 2493 3535 2563 qui-

1956 2581 2059 2635 bus
2078 2580 2303 2635 minime
2327 2580 2610 2645 deberent,
2639 2591 2745 2636 etc.

2028 2671 2123 2726 llis
2154 2687 2320 2741 porro
2350 2672 2570 2742 scriptis
2609 2680 2817 2728 tentata
2857 2681 2939 2727 est
2992 2671 3126 2727 ﬁdes
3174 2674 3539 2727 monasterio-

1958 2778 2102 2828 rum,
2154 2778 2263 2816 non
2320 2762 2475 2818 urbis
2527 2770 2739 2816 tantum
2772 2761 2953 2831 regiae,
2979 2761 3074 2816 sed
3104 2762 3270 2816 etiam
3296 2761 3538 2816 Orientis

1957 2863 2012 2909 et
2034 2853 2270 2927 Egypti.
2299 2853 2529 2909 Volebat
2562 2855 2709 2908 enim
2743 2853 3127 2908 Theodoretus
3174 2854 3401 2924 paribus
3442 2868 3532 2906 ar-

1959 2946 2065 2999 mis
2109 2961 2234 3000 cum
2259 2940 2463 3016 Cyrillo
2494 2946 2595 3008 uti,
2622 2944 2958 3015 paribusque
2993 2944 3271 3014 pugnandi
3298 2944 3530 2997 artibus.

1960 3034 2267 3103 Scripserat
2288 3033 2519 3104 Cyrillus
2545 3033 2608 3085 ad
2640 3030 2852 3101 {Egypti
2891 3031 3188 3085 monachos
3209 3029 3276 3083 de
3297 3030 3534 3085 Nestorii

1958 3140 2146 3179 errore
2175 3124 2497 3195 epistolam;
2533 3123 2673 3176 hanc
2715 3120 3200 3190 apocrisiariorum
3227 3118 3537 3177 ministerio

1960 3214 2016 3269 in
2045 3215 2178 3269 urbe
2210 3214 2360 3284 regia
2386 3228 2484 3282 per
2515 3211 2866 3274 monasteria,
2898 3220 2954 3265 et
2993 3210 3141 3276 inde,
3189 3220 3249 3265 ut
3301 3212 3380 3277 ﬁt,
3441 3228 3543 3284 per

1961 3313 2130 3360 totam
2204 3304 2480 3359 civitatem
2556 3302 2735 3373 spargi
2780 3310 3112 3356 curaverat:
3166 3302 3542 3374 divulgaverat

1959 3394 2123 3449 etiam
2179 3393 2494 3465 synodicam
2542 3407 2695 3446 suam
2754 3406 2878 3445 cum
2923 3391 3178 3460 capitulis
3234 3391 3289 3445 in
3349 3392 3540 3447 eadem

1963 3485 2100 3539 urbe
2126 3502 2140 3549 ;
2183 3484 2309 3538 inde
2348 3499 2446 3552 per
2475 3481 2755 3537 Orientem
2779 3482 2983 3551 scripta
3013 3482 3129 3536 haec
3154 3492 3416 3537 venerant
3438 3498 3543 3553 ope

1963 3573 2145 3629 Acacii
2205 3572 2464 3627 Meliteni.
2526 3572 2729 3627 Eadem
2775 3572 3108 3627 monasteria
3160 3573 3546 3631 Theodoretus

1963 3664 2228 3721 adversus
2272 3664 2536 3735 Cyrillum
2592 3678 2937 3720 commovere
2976 3665 3172 3729 voluit,
3203 3674 3259 3719 et
3286 3681 3392 3735 qua
3425 3675 3547 3721 erat

1964 3753 2315 3815 auctoritate,
2364 3752 2551 3821 plures
2573 3751 2721 3805 viros
2752 3752 3125 3807 sanctissimos
3156 3753 3362 3823 ubique
3395 3754 3545 3809 loco-

1966 3861 2088 3899 rum
2124 3844 2179 3897 in
2204 3843 2538 3898 catholicum
2572 3842 2696 3896 lidei
2723 3842 3071 3898 defensorem
3099 3845 3449 3901 exacerbavit
3488 3858 3547 3901 et

1965 3951 2106 4005 pene
2129 3935 2355 3989 emovit.

2039 4025 2155 4079 Xll.
2187 4026 2262 4079 Ea
2289 4033 2614 4095 tempestate
2637 4024 3114 4095 ConstantinOpoli
3138 4026 3381 4081 sanctius
3406 4028 3547 4082 nihil

1965 4127 2085 4173 erat
2115 4114 2420 4183 Gennadio,
2453 4117 2549 4187 qui
2579 4125 2700 4188 post
2730 4116 2922 4188 viginti
2947 4127 3154 4188 septem
3187 4134 3360 4174 annos
3397 4120 3546 4174 Ana-

1968 4209 2100 4263 tolio
2136 4208 2400 4263 suﬂ‘ectus
2431 4217 2515 4263 est
2548 4208 2603 4262 in
2647 4207 2832 4264 sedem
2881 4208 3266 4278 episcopalem.
3317 4210 3549 4267 Delusus

1968 4300 2061 4355 ille
2114 4299 2484 4369 capitulorum
2540 4297 3088 4366 reprehensionibus,
3132 4299 3305 4352 voluit
3339 4308 3395 4353 et
3430 4300 3548 4368 ipse

290 4419 437 4460 nam
471 4402 865 4465 Theodoretus.
898 4402 997 4456 etsi
1024 4403 1187 4456 semel
1215 4403 1523 4471 iterumque
1555 4417 1618 4456 ac
1642 4401 1861 4457 tertium
1897 4420 1940 4473 ι)
1969 4393 2024 4447 ἰη
2051 4390 2291 4460 capitula
2311 4390 2555 4444 scribere
2581 4405 2594 4441 ε
2632 4387 2726 4441 sed
2754 4402 2875 4456 quae
2912 4386 3128 4441 tandem
3166 4388 3222 4439 in
3258 4387 3559 4477 maledicta

294 4493 746 4551 anathematismi
772 4492 994 4546 forenta
1020 4491 1220 4563 Cyrillo
1255 4492 1504 4562 expositi,
1546 4502 1862 4561 conceptam

299 4581 383 4635 de
423 4579 558 4649 ipsis
591 4578 896 4648 Opinionem
927 4579 1013 4632 vis
1044 4580 1229 4634 multis
1254 4590 1374 4650 post
1407 4582 1565 4635 annis
1587 4580 1862 4650 deposuit,

298 4671 357 4727 si
385 4680 567 4725 tamen
598 4685 833 4738 unquam
864 4671 1145 4740 deposuit;
1177 4672 1321 4742 quod
1348 4681 1534 4742 postea
1566 4671 1861 4725 videbitur.

383 4757 480 4811 XI.
532 4758 912 4813 Demonstrant
962 4768 1015 4813 et
1066 4760 1169 4814 alia
1228 4759 1336 4815 duo
1388 4776 1496 4815 non
1549 4760 1867 4815 obscuriora

303 4847 543 4911 indicia,
593 4848 730 4903 velle
777 4848 946 4903 videri
997 4849 1252 4904 omnibus
1277 4849 1594 4905 doctissimo
1623 4850 1875 4918 superio-

304 4956 458 5001 rem,
509 4949 563 4993 et
609 4941 943 4996 contumeliis
983 4943 1252 4998 incessere
1287 4942 1746 5014 despicaeissimis
1783 4958 1873 4997 se-

306 5028 566 5084 cundum
618 5030 862 5086 Ecclesiae
909 5033 1200 5089 antistitem
1244 5051 1258 5088 :
1307 5051 1432 5089 nam
1466 5050 1576 5106 quo
1628 5032 1873 5105 tempore

311 5121 483 5174 misit
521 5120 705 5176 loanni
738 5124 1068 5179 Antiocheno
1102 5126 1583 5195 reprehensionem
1613 5128 1871 5198 capitum,

384 5272 412 5312 ἀ
460 5272 661 5327 Jerem.
712 5292 779 5342 tv,
817 5279 865 5343 l,
896 5280 952 5335 2.

1971 4500 2081 4539 non
2113 4483 2337 4553 erupit?
2379 4501 2396 4531 ι
2434 4481 2545 4545 Vae,
2598 4478 2779 4547 inquit
2815 4477 2881 4541 ⁸ο,
2938 4478 3071 4531 mihi
3119 4493 3148 4531 a
3189 4478 3368 4531 malis.
3407 4476 3567 4541 Heu,”

1971 4576 2113 4633 heu!
2146 4574 2291 4629 unde
2340 4572 2489 4628 enim
2543 4570 2835 4641 quisquam
2896 4567 2954 4623 in
3011 4568 3266 4639 prmsenti
3327 4569 3549 4623 aliunde

1973 4676 2156 4723 sumat
2188 4661 2737 4728 exordium?—Quis
2772 4662 2855 4715 det
2903 4662 3065 4734 capiti
3101 4676 3212 4714 meo
3236 4678 3466 4739 aquam,
3502 4671 3552 4714 et

1974 4759 2139 4813 oculis
2192 4758 2319 4812 meis
2374 4756 2569 4827 fontem
2625 4753 2988 4825 lacrumarum
3016 4754 3041 4807 ἲ
3074 4762 3121 4807 et
3165 4752 3382 4823 plorabo
3412 4754 3553 4807 istud

1975 4850 2059 4903 diel
2103 4865 2166 4903 ac
2204 4855 2350 4901 nocte
2380 4863 2397 4901 :
2432 4846 2682 4917 quoniam
2712 4846 2940 4899 extendit
2977 4845 3155 4917 lingua
3190 4846 3301 4916 ejus
3338 4846 3555 4900 menda-

1976 4939 2136 5004 cium,
2176 4946 2225 4993 et
2271 4954 2376 4992 non
2404 4937 2562 5006 ﬁdem
2595 4953 2612 4991 :
2648 4938 2974 5007 confortatus
3026 4947 3101 4991 est
3131 4953 3287 5006 super
3330 4945 3546 4990 terram.

1977 5032 2057 5086 Ex
2104 5039 2256 5086 certo
2294 5044 2399 5099 pax
2450 5027 2836 5098 peccatoribus
2888 5026 3160 5096 deceptio.
3210 5025 3434 5096 Propter
3461 5027 3557 5079 hoc

1982 5123 2137 5194 157
2191 5124 2330 5177 enim
2387 5122 2606 5175 obtinuit
2646 5135 2751 5182 eos,
2789 5117 2986 5186 inquit,
3017 5118 3258 5187 superbia
3288 5135 3468 5172 eorum
3498 5119 3554 5170 in

1640 5429 1766 5485 SCll
1778 5425 1815 5484 C
1828 5428 1958 5481 [.le
1999 5424 2225 5481 ΝΟΤΛΕ.

394 5540 439 5573 ⁸³
458 5538 636 5611 Animi
652 5568 724 5611 ς-
742 5540 1001 5596 indicium.
1036 5544 1211 5597 Animi
1241 5542 1421 5611 potius
1440 5543 1799 5597 constantiam
1837 5540 2102 5611 probasse
2131 5536 2336 5611 dicitur
2368 5535 2435 5611 ab
2478 5534 2633 5589 initio
2652 5534 2850 5611 capitis
2871 5534 3118 5611 secundi.
3145 5533 3268 5588 Viti.
3295 5532 3557 5611 9190.9:

323 5626 447 5679 cap.
477 5607 563 5669 η,
596 5608 624 5677 §
651 5609 703 5670 3,
730 5623 974 5664 eneunte.
1035 5613 1077 5643 ³³
1114 5607 1425 5683 Episiolam.
1456 5612 1512 5665 In
1549 5613 1684 5666 actis

330 5688 550 5740 nostra,
585 5693 637 5746 p.
681 5679 853 5748 αξη.)
927 5682 967 5711 ⁵ο
1000 5681 1257 5745 Facund.,
1289 5682 1382 5735 lib.
1422 5698 1476 5747 ιι,
1500 5696 1618 5751 cap.
1647 5683 1698 5737 4.

596 5608 703 5683 §3,
724 5623 974 5683 essetinte.
1010 5613 1077 5683 f9
1114 5599 1425 5683 Episiolam.
1456 5612 1512 5665 In
1549 5613 1684 5666 actis
1704 5631 1734 5664 v
1769 5599 1981 5683 synodi,
2009 5618 2114 5663 act.
2140 5624 2190 5660 v.
2217 5605 2373 5678 (Vide
2406 5606 2671 5674 integram
2710 5599 2853 5659 hanc
2890 5603 3200 5672 epistolam,
3242 5599 3380 5658 tflV
3421 5599 3554 5655 edit.
