4060 6180
455 329 549 389 113

1599 331 1974 392 GARNERII
2015 331 2510 395 DISSERTA'I‘IO
2552 339 2598 397 ῐ.

3592 333 3689 398 ll!

448 448 600 517 ﬁnem
632 460 649 496 :
682 444 1062 513 cogitaverunt,
1097 454 1145 496 et
1183 443 1338 497 loculi
1370 453 1491 498 sunt
1545 445 1597 498 in
1655 445 2008 515 malignitate,
2049 455 2083 506 Α
2118 456 2298 504 tamen
2348 451 2666 506 festinatum
2716 463 2801 507 est
2840 453 3177 514 Icnte,mora
3217 449 3454 519 plurium
3478 448 3693 504 dierum

444 535 774 603 iniquitatem
798 533 853 585 in
882 532 1050 587 altum
1085 532 1239 586 locuti
1273 545 1440 589 sunt:
1472 547 1756 604 posuerunt
1782 538 1837 590 in
1881 536 2011 591 calo

444 640 498 676 os
512 640 687 684 suum,
704 632 753 675 et
770 623 948 693 lingua
965 639 1142 677 eorum
1165 625 1403 678 transivit
1418 642 1576 696 super
1588 633 1787 680 terram
1801 637 1845 679 ο.
1865 626 2014 682 Psal-

448 715 620 768 tuista:
642 716 739 769 ista
757 723 904 777 sunt,
926 714 1175 768 Jeremia:
1192 725 1385 770 autem
1399 718 1677 787 propheta:
1700 717 1789 771 illa
1817 717 2012 786 prima.

449 804 617 872 Euge,
649 820 681 856 ο
712 805 866 858 beate
910 804 1092 857 Paule.
1127 804 1449 876 Exsurgent,
1487 807 1687 876 inquit,
1724 818 1774 861 et
1795 824 1858 861 ea:
1877 809 2013 862 vobis

445 895 570 961 ipsis
608 894 712 947 ἰιίνὶ
756 892 1020 960 loquentes
1064 910 1332 962 perversa,
1364 903 1421 949 ut
1446 896 1709 950 abducant
1735 896 2015 967 discipulos

444 990 559 1049 post
593 997 649 1034 se
690 979 731 1031 ί.
765 980 854 1034 Vae
887 980 1030 1033 malo
1074 981 1416 1038 Alexandria:
1466 982 1724 1037 familiari
1778 987 1917 1055 ejus,
1961 1000 2016 1041 et

444 1074 668 1141 proprio
692 1071 805 1141 jam
841 1069 929 1124 isti
958 1070 1204 1125 secundo
1231 1088 1243 1124 :
1277 1087 1398 1140 quae
1436 1082 1693 1142 corrupta
1715 1074 2013 1143 ploremus,

441 1177 672 1232 quasque
717 1162 1069 1230 corrumpit?
1109 1162 1187 1216 Ex
1238 1170 1353 1217 toto
1395 1163 1515 1232 jam
1550 1174 1804 1233 operatur
1828 1174 2019 1237 myste-

440 1255 581 1306 rium
615 1253 911 1322 iniquitatis
952 1254 995 1305 κ.
1034 1252 1100 1306 Ει
1127 1268 1323 1307 vereor
1346 1269 1416 1308 ne
1448 1253 1591 1310 forte
1623 1271 1902 1325 nunquam
1927 1259 2017 1328 qui

440 1353 612 1409 tenet,
670 1346 733 1397 de
792 1345 960 1397 medio
1014 1344 1133 1413 ﬁat.
1194 1345 1378 1416 Euge,
1436 1346 1671 1403 Jeremia
1730 1350 2016 1420 propheta.

437 1435 737 1507 Prophetaa,
795 1435 1010 1504 inquit,
1068 1437 1385 1507 prophetarit
1444 1440 1671 1508 iniqua;
1720 1442 2017 1496 sacerdotes

437 1524 751 1595 plauserunt
800 1525 1039 1579 manibus
1093 1528 1224 1592 suis,
1274 1536 1324 1581 et
1370 1528 1594 1598 papulas
1650 1547 1793 1584 meus
1833 1530 2018 1585 dilexit

436 1616 515 1669 ita
556 1616 604 1669 δ.
634 1615 776 1681 Quid
798 1615 947 1669 enim
974 1616 1285 1683 minimum,
1327 1619 1461 1688 quid
1496 1620 1773 1676 mediocre
1800 1622 1857 1676 in
1912 1622 2019 1677 illis

439 1706 982 1777 (anathematismis)?
1022 1705 1252 1763 Omnem
1309 1710 1833 1780 supereminentiam
1893 1712 2012 1766 bla-

2114 543 2368 596 consulto
2412 544 2572 597 facta.
2624 543 2678 597 Id
2726 543 2923 613 agebat
2952 542 3329 597 Antiochenus
3349 541 3703 609 praesul,qu0

2120 631 2379 685 Patribus
2403 632 2728 702 jamdudum
2756 632 3098 701 congregatis
3127 630 3702 701 (eliluxeratdecimus

2115 724 2342 792 quintus
2372 738 2400 777 a
2426 724 2681 778 condicto
2713 722 2877 793 dies),
2899 738 3173 791 motaeque
3196 722 3460 792 pertaesis,
3481 727 3703 790 tempus

2115 814 2270 869 daret
2298 815 2605 884 deponendi
2643 814 2900 877 Nestorii,
2949 812 3019 866 ad
3051 813 3196 882 quod
3221 822 3274 866 et
3314 811 3463 880 ipsos
3498 810 3701 865 callide

2117 906 2451 977 impellebat,
2483 904 2849 975 metropolitis
2878 904 3117 968 duobus,
3149 918 3276 958 cum
3302 910 3453 957 esset
3478 902 3533 955 in
3561 915 3701 971 pm—

2119 998 2283 1061 ximo,
2324 997 2641 1067 praemissis,
2675 997 2770 1067 qui
2829 1003 3118 1050 monerent
3170 994 3227 1048 id
3283 1009 3466 1063 agere,
3517 992 3703 1048 donec

2116 1088 2422 1147 adveniret,
2445 1089 2589 1156 quod
2613 1085 2885 1157 agendum
2911 1086 3215 1139 videretur.
3452 1156 3455 1159 Ἴ

2188 1178 2264 1232 Ea
2302 1178 2512 1231 ratione
2537 1177 2624 1230 vir
2641 1175 2968 1230 ambitiosus
2989 1173 3245 1244 sperabat
3276 1172 3393 1227 fore
3426 1178 3508 1233 ut,
3546 1170 3698 1240 quod

2117 1266 2355 1321 habebat
2386 1266 2439 1320 in
2471 1266 2635 1329 votis,
2672 1264 2908 1320 concilio
2948 1264 3117 1318 totius
3158 1262 3310 1316 orbis
3352 1260 3695 1331 praesideret.

2117 1357 2314 1413 Certus
2346 1357 2493 1411 enim
2523 1364 2659 1420 erat,
2687 1356 2779 1410 ubi
2806 1356 3046 1425 primum
3072 1351 3404 1416 advenisset,
3445 1349 3698 1420 repenti-

2118 1464 2250 1503 num
2269 1448 2536 1519 judicium
2563 1463 2843 1511 exercere,
2867 1461 2997 1517 quo,
3027 1446 3346 1514 priusquam
3395 1443 3559 1514 legati
3605 1457 3695 1497 εει-

2118 1538 2204 1593 dis
2230 1539 2539 1608 apostolicae
2567 1546 2938 1606 tempestuoso
2964 1536 3098 1590 mari
3139 1544 3365 1604 possent
3394 1534 3696 1603 appellere,

2117 1630 2379 1703 Cyrillum
2417 1630 2842 1685 Alexandrinum
2863 1629 3197 1699 deponeret,
3234 1642 3339 1682 nec
3382 1635 3563 1681 tamen
3586 1626 3695 1681 Ne-

2120 1723 2348 1778 storium
2393 1722 2725 1783 restitueret,
2774 1728 2937 1789 atque
2984 1719 3058 1773 ita
3112 1720 3263 1773 solus
3312 1719 3428 1788 ipse
3465 1718 3700 1787 patriar-

436 1775 700 1863 spbemite
730 1775 1008 1864 iaculatus
1034 1804 1120 1849 est
1149 1775 1420 1853 adversus
1440 1809 1660 1855 sanctos
1691 1801 1900 1865 Patres,
1921 1801 2011 1855 ad-

2118 1815 2345 1870 cbarum
2396 1810 2715 1865 moderandi
2758 1808 2977 1865 concilii
3021 1816 3217 1878 potens
3274 1817 3534 1863 restaret:
3565 1823 3695 1862 nam

433 1900 633 1940 versus
664 1887 964 1955 apostolos,
998 1887 1265 1945 adversus
1309 1888 1669 1946 Salvatorem.
1720 1892 1780 1948 In
1833 1908 2016 1948 resur-

434 1977 734 2030 rectionem
772 1976 1068 2032 meditatus
1100 1986 1206 2032 est.
1239 1978 1590 2049 Assumptam
1618 1980 2015 2037 humanitatem

432 2083 501 2121 ex
531 2066 693 2121 nobis
726 2075 782 2122 et
816 2083 918 2137 pro
954 2068 1118 2122 nobis
1170 2068 1394 2141 injuriat
1423 2087 1436 2122 :
1472 2070 1715 2125 divinam
1763 2080 2015 2127 naturam

433 2168 490 2211 et
520 2158 918 2228 impassibilem
969 2157 1320 2228 passionibus
1373 2160 1660 2231 subjacere
1706 2164 2011 2218 contendit.

434 2248 505 2301 Et
537 2257 724 2315 postea
753 2264 766 2300 :
803 2248 1382 2305 Anathematizaturus
1410 2260 1497 2306 est
1523 2259 1575 2306 te
1626 2252 1792 2314 Deus,
1839 2256 2015 2324 paries

432 2336 679 2390 dealbate
716 2338 757 2392 ί.
819 2337 1195 2393 Justissimum
1249 2339 1399 2394 enim
1467 2350 1572 2402 est,
1629 2342 1704 2396 Te
1759 2344 2016 2400 similiter

434 2428 664 2483 Ananiae
720 2427 1037 2483 Judteorum
1093 2430 1332 2499 principi
1380 2431 1730 2487 sacerdotum
1773 2434 2014 2505 linguam

434 2515 705 2571 adversus
741 2516 1043 2586 discipulos
1078 2516 1284 2572 Christi
1316 2529 1648 2585 moventem,
1683 2523 1920 2578 similem
1944 2525 2013 2579 ab

433 2607 514 2661 eis
547 2605 979 2676 indignationem
1013 2606 1272 2675 experiri,
1304 2627 1321 2658 ι
1362 2617 1467 2663 etc.

509 2696 641 2750 Haec
665 2695 984 2753 Gennadius
1011 2695 1506 2768 Constantinopoli.
1560 2699 1619 2753 In
1656 2698 1887 2771 iEgypto
1918 2702 2016 2758 lsi-

434 2789 621 2851 dorus,
654 2787 1052 2843 cuiPeIusiotze
1076 2804 1300 2853 nomen,
1355 2788 1487 2844 vicit
1535 2790 1760 2861 quidem
1799 2792 2017 2848 Genna—

434 2877 587 2931 dium
650 2877 919 2931 modestia
962 2895 975 2931 :
1025 2886 1443 2945 verumtamen,
1498 2896 1625 2935 cum
1684 2898 1751 2935 ex
1788 2882 2013 2939 Oriente

432 2967 739 3030 didicisset,
768 2983 879 3037 quo
910 2968 1250 3023 haberentur
1276 2954 1398 3024 loco
1427 2971 1690 3041 capitula,
1724 2982 1847 3042 post
1897 2973 2017 3029 aui-

434 3074 552 3113 mos
590 3074 622 3113 a
667 3057 1020 3113 Theodoreto
1058 3068 1363 3113 commotos
1414 3058 1676 3131 Cyrillum
1729 3063 2016 3120 admonuit

432 3147 501 3203 de
554 3148 801 3205 cavendo
850 3149 1021 3204 unius
1077 3156 1290 3205 natura:
1343 3165 1566 3215 errore,
1614 3154 2013 3226 retinendaque

431 3240 713 3295 Athanasii
748 3239 817 3296 de
856 3240 1072 3297 duabus
1113 3241 1328 3296 naturis
1372 3241 1681 3298 inconfusis
1742 3244 2011 3301 doctrina.

430 3328 751 3394 Admonuit,
780 3329 1026 3400 inquam,
1061 3330 1266 3393 verbis,
1290 3346 1432 3400 qum,
1468 3343 1529 3385 ut
1557 3333 1627 3386 ab
1664 3346 1883 3390 errante
1926 3353 2016 3393 ze-

430 3420 484 3473 lo
517 3420 860 3482 oriebantur,
917 3419 992 3476 ita
1045 3418 1361 3473 acrimonias
1412 3422 1647 3474 multum
1699 3422 2010 3490 habebant,

430 3524 625 3579 parum
653 3507 863 3562 decori.
1316 3524 1327 3531 ’

1031 3640 1046 3658 ’
1083 3637 1313 3695 CAPUT
1346 3640 1406 3695 ν.

444 3732 485 3787 1.
517 3729 847 3785 Conueniunt
894 3728 1081 3782 Patres
1113 3731 1395 3791 Ephesum.
1441 3730 1509 3785 II.
1545 3729 1725 3786 Maras
1775 3736 2010 3791 consulto

518 3806 731 3871 nectunt
756 3798 1068 3871 Orientales.
1105 3798 1195 3871 III.
1219 3798 1510 3871 Inehroatur
1548 3802 1780 3871 synodus
1830 3822 1863 3858 a
1903 3805 2010 3862 Ca-

512 3869 808 3939 tholicis,et
844 3870 1120 3939 deponitur
1144 3868 1438 3939 Nestorius.
1473 3868 1711 3926 IV.]loa:
1756 3873 2010 3931 advolant

510 3937 830 4004 Orientales,
896 3937 945 3992 et
978 3938 1243 4009 deponunt
1271 3937 1528 4009 Cyrillum
1558 3958 1620 3994 ac
1657 3942 2004 4000 Memnonem.

513 4009 577 4063 ν.
612 4009 996 4079 Imperatorem
1023 4008 1104 4062 res
1132 4008 1522 4079 catholicorum
1547 4010 1736 4077 latent,
1761 4010 2009 4068 Orienta-

512 4078 1013 4152 liuminnoteseunt.
1184 4078 1500 4152 Iracundi”
1546 4083 1767 4152 proinde
1814 4084 1923 4152 agit
1950 4084 2006 4138 in

510 4147 772 4217 Cyrillum
804 4156 853 4202 et
887 4146 1202 4203 Catholicos.
1246 4148 1361 4204 VII.
1393 4146 1626 4205 Edoetus
1675 4169 1708 4206 a
1729 4146 2006 4208 Dalmatia

498 4216 649 4287 jubet
694 4218 764 4288 ad
794 4234 850 4271 se
898 4218 1034 4271 mitti
1082 4216 1570 4288 utrinqnelegatos.
1612 4221 1743 4276 Vlll.
1778 4220 2006 4277 Theodo-

509 4296 651 4360 retus
681 4286 779 4356 fuit
804 4303 942 4360 unus
978 4301 1043 4339 ea:
1072 4285 1424 4360 orientalibus
1442 4287 1662 4360 legatis.
1715 4288 1808 4344 IX.
1840 4291 2003 4347 Audit

507 4354 798 4441 imperator
834 4354 1421 4440 quintumﬂrieutales.
1441 4354 1681 4442 XfQuos
1713 4376 1772 4414 re
1789 4364 2002 4431 cognita

503 4428 743 4485 dmntttt.
791 4435 842 4480 et
884 4425 1179 4483 Catholtcos
1232 4427 1487 4482 admissos
1534 4445 1590 4483 tn
1628 4430 1809 4484 urbem
1860 4432 2001 4485 iubet

504 4496 755 4567 ordinare
784 4498 1078 4567 episcopum
1111 4497 1168 4550 in
1202 4494 1373 4552 locum
1425 4498 1676 4567 Nestorii.
1710 4499 1802 4555 XI.
1838 4494 1999 4557 Rece-

503 4568 683 4637 d_entes
716 4565 1010 4637 Orientales
1062 4568 1367 4637 conspirant
1413 4570 1469 4622 in
1529 4566 1845 4625 Catholicos.
1878 4571 1996 4627 XII.

505 4635 694 4691 Scribit
725 4635 1071 4691 Tbeodoretus
1121 4635 1351 4706 quinque
1386 4637 1545 4693 libros
1588 4638 1840 4694 adversus
1868 4659 1998 4696 san-

502 4714 643 4762 ctam
665 4707 941 4777 synodum.

661 4817 734 4867 Ab
756 4829 885 4865 anno
907 4812 1090 4865 Christi
1114 4814 1196 4863 tsi
1227 4816 1288 4864 ad
1320 4814 1431 4874 432,
1452 4816 1544 4866 sub
1575 4819 1741 4868 tinem.

480 4943 875 4999 LCondixerat
937 4942 1238 5012 imperator
1280 4940 1538 4995 Patribus
1582 4942 1862 5012 Ephesum
1920 4942 1990 4998 ad

412 5033 555 5087 diem
585 5048 802 5088 sacrum
837 5032 1212 5096 Pcntecostes,
1241 5029 1335 5100 qui
1367 5029 1636 5100 septimus
1672 5041 1793 5086 erat
1839 5048 1995 5088 men-

410 5124 488 5177 sis
521 5122 691 5177 Junii.
722 5124 965 5179 Peractis
1011 5122 1179 5193 igitur
1225 5120 1386 5193 158
1422 5119 1577 5177 festis
1629 5122 1988 5179 Paschalibus

409 5211 671 5283 praesules
697 5212 1055 5268 aceiﬁxerunt
1084 5229 1141 5269 se
1171 5213 1240 5269 ad
1273 5214 1398 5279 iter,
1431 5221 1493 5268 ut
1521 5211 1592 5267 ad
1651 5222 1872 5283 tempus
1893 5228 1989 5266 ve-

410 5303 615 5361 nirent.

479 5396 544 5451 11.
596 5395 676 5450 Ex
711 5393 934 5450 Oriente
979 5397 1316 5467 praevolabat
1366 5399 1552 5454 animo
1606 5399 1989 5457 Tbeodoretus

409 5488 561 5546 velut
585 5489 653 5545 ad
664 5502 917 5558 casnpum
936 5502 1131 5557 pugna:
1158 5488 1482 5557 impatiens;
1515 5490 1585 5545 ab
1603 5488 1990 5548 Orientalibus

2118 1905 2642 1975 Hierosolymitanus
2676 1917 2786 1971 pra:
2821 1901 3167 1955 Antiocheno
3214 1900 3422 1955 nullius
3445 1909 3567 1954 erat
3590 1915 3691 1954 au-

2115 1997 2402 2052 ctoritatis.
2439 1993 2627 2049 Audax
2655 1992 2866 2047 facinus
2896 2001 2953 2048 et
3010 1992 3336 2055 violentum,
3366 1990 3463 2045 sed
3491 2000 3695 2045 eventu

2114 2103 2224 2142 non
2273 2088 2597 2147 cariturum,
2651 2082 2917 2139 suadebat
2975 2084 3240 2138 comitum
3277 2081 3603 2138 Candidiani
3638 2088 3698 2136 et

2114 2182 2335 2242 Irentei,
2391 2174 2644 2233 Nestorio
2709 2174 3077 2237 addictorum,
3140 2190 3265 2230 cum
3319 2172 3698 2228 Orientalibus

2115 2269 2444 2341 coniuratio.

2184 2364 2273 2418 111.
2329 2361 2555 2417 Litteris
2598 2358 2926 2414 Antiocheni
2968 2373 3067 2428 per
3116 2354 3496 2425 metropolitas
3556 2352 3699 2409 duos

2114 2453 2312 2518 allatis,
2347 2450 2583 2523 Cyrillus
2620 2463 2776 2502 more
2828 2448 3096 2518 majorum
3133 2444 3266 2500 feria
3306 2444 3547 2499 secunda
3570 2459 3701 2515 syn-

2113 2545 2221 2599 odo
2256 2544 2385 2598 fecit
2413 2541 2651 2595 initium.
2687 2537 2970 2593 Incidebat
2992 2538 3081 2591 illa
3136 2538 3192 2591 in
3226 2554 3255 2591 ι
3292 2536 3518 2591 Kalend.
3541 2537 3696 2599 Julii,

2114 2654 2223 2707 quo
2262 2636 2350 2690 die
2401 2633 2659 2688 omnibus
2709 2629 2812 2684 rite
2864 2628 3099 2698 peractis
3123 2644 3191 2683 ex
3243 2630 3563 2699 praescripto
3607 2643 3700 2683 ca-

2114 2740 2317 2781 nonum
2357 2729 2743 2777 exauctoratus
2771 2725 2856 2773 est
2881 2717 3186 2783 Nestorius,
3217 2727 3441 2788 propter
3462 2718 3698 2774 bmresin

2113 2824 2278 2885 atque
2300 2811 2726 2869 contumaciam.

2185 2907 2275 2962 IV.
2307 2907 2385 2960 Re
2408 2905 2618 2969 audita,
2662 2920 2848 2960 comes
2903 2903 3144 2957 Iremeus
3202 2900 3269 2954 ad
3303 2899 3697 2956 Orientalesin

2113 2999 2200 3052 via
2230 2998 2439 3067 positos
2469 2996 2700 3050 nuntius
2743 3002 3040 3066 properat:
3107 2991 3367 3046 advolant
3411 2991 3490 3046 illi
3544 3007 3699 3046 more

2041 3110 2083 3166 ο
2115 3088 2306 3142 alitum
2332 3085 2571 3141 Sabbato
2601 3094 2996 3157 consequente,
3040 3099 3167 3138 cum
3219 3093 3379 3138 antea
3422 3083 3577 3138 tarde
3612 3083 3697 3138 in-

2123 3178 2385 3233 cederent
2417 3194 2429 3229 :
2463 3192 2653 3248 agmen
2696 3191 2857 3246 agere
2897 3173 3192 3228 videbatur
3211 3173 3448 3227 Joannes
3472 3183 3701 3243 propter

2122 3270 2270 3325 sedis
2286 3270 2665 3324 auctoritatem
2689 3286 2702 3330 ;
2732 3269 2807 3323 rei
2815 3282 2909 3338 psa
2925 3275 3104 3321 tamen
3124 3263 3362 3320 ducebat
3378 3264 3701 3319 Theodore-

2122 3368 2232 3423 tus,
2272 3360 2439 3414 totius
2465 3358 2715 3413 factionis
2758 3357 2915 3428 quasi
2958 3360 3140 3411 anima
3174 3372 3188 3409 :
3224 3354 3339 3410 suis
3362 3354 3509 3409 enim
3546 3353 3695 3409 nuti-

2120 3449 2227 3505 bus
2252 3448 2505 3503 movebat
2529 3447 2770 3504 Orientis
2800 3448 3126 3512 antistitem,
3148 3462 3311 3516 quem
3332 3444 3427 3500 alii
3451 3443 3519 3500 de
3544 3457 3700 3498 more

2118 3540 2513 3609 sequebantur,
2552 3538 2648 3593 sed
2694 3539 2812 3593 suis
2850 3538 2967 3608 ipse
3021 3538 3221 3594 studiis
3265 3536 3524 3591 incensus
3566 3550 3699 3606 age-

2118 3630 2298 3685 batur.

2190 3739 2349 3803 Nam,
2386 3749 2447 3793 ut
2482 3748 2691 3794 taceam
2711 3738 2938 3793 Joannis
2975 3738 3028 3792 in
3052 3737 3463 3793 Tbeodoretum
3494 3737 3689 3791 immo-

2114 3831 2298 3887 dicum
2329 3844 2595 3895 amorem,
2621 3828 2956 3883 Theodoreti
2978 3828 3121 3899 apud
3145 3828 3411 3885 Joannem
3453 3825 3689 3881 auctori-

2115 3932 2281 3978 tatem
2316 3938 2384 3976 ex
2406 3921 2665 3991 Opinione
2699 3920 2963 3975 doctrinm
2985 3929 3181 3984 ortam,
3219 3928 3460 3973 veterem
3484 3919 3696 3972 utrius-

2112 4029 2219 4084 que
2251 4029 2376 4068 cum
2412 4013 2666 4084 Nestorio
2697 4012 3101 4074 necessitatem,
3132 4018 3383 4065 recentes
3404 4009 3693 4064 amborum

2111 4121 2237 4160 cum
2269 4103 2475 4175 Cyrillo
2497 4102 2832 4165 inimicitias,
2862 4102 3108 4156 occultas
3162 4116 3289 4156 cum
3353 4100 3558 4154 [remeo
3596 4113 3695 4154 co-

2112 4196 2242 4250 mite
2266 4193 2553 4259 eoitiones,
2590 4208 2653 4248 ac
2686 4193 2790 4248 alia
2820 4191 3089 4262 ejusmodi
3118 4190 3294 4261 plura,
3329 4196 3555 4259 propter
3571 4202 3696 4257 quae

2110 4287 2493 4341 Tbeodoretus
2527 4285 2772 4340 omnium
2807 4283 3063 4338 factionis
3099 4281 3456 4338 consiliorum
3492 4279 3696 4334 merito

2108 4388 2292 4450 potest
2311 4376 2523 4433 censeri
2542 4383 2765 4439 auctor;
2812 4373 3089 4445 ingenium
3112 4383 3261 4429 certe
3279 4372 3474 4444 ipsius,
3492 4371 3702 4443 stylus-

1916 4432 2001 4539 ff:
2033 4457 2074 4512 θ
2106 4432 2235 4539 que,
2264 4476 2321 4522 et
2353 4465 2646 4537 singularis
2670 4462 2893 4532 quidam
2917 4478 3113 4517 vocum
3167 4478 3299 4517 usus
3352 4461 3408 4515 in
3442 4459 3695 4516 Orienta-

2103 4558 2240 4614 lium
2263 4553 2487 4698 scripﬁtis
2513 4553 2594 4609 sic
2627 4553 2830 4617 elucet,
2864 4562 2926 4608 ut
2952 4552 3208 4623 Opiﬁcem
3251 4566 3363 4606 non
3394 4549 3691 4605 admodum

2103 4645 2314 4698 latendi
2356 4660 2386 4698 c
2431 4643 2617 4698 nidum
2652 4641 2963 4698 patefaciet.

2103 4645 2314 4702 latendi
2356 4641 2617 4714 clipidum
2651 4641 2963 4713 patefaciet.

2182 4758 2286 4816 Ubi
2327 4756 2566 4828 primum
2624 4753 2901 4824 Ephesum
2930 4753 3182 4815 Joannes
3224 4750 3423 4823 attigit,
3448 4747 3695 4803 nondum

2105 4852 2327 4907 deterso
2379 4849 2642 4921 pulvere,
2693 4849 2749 4903 in
2806 4848 2927 4918 ipso
2978 4846 3255 4917 hospitio,
3312 4839 3696 4911 intempestiva

2104 4944 2260 5009 hora,
2285 4941 2628 4999 clandestina
2664 4940 2928 5004 coitione,
2952 4937 3297 4995 Nestorianis
3332 4936 3400 4989 ad
3440 4950 3567 4990 suos
3592 4932 3691 4987 ad-

2100 5034 2324 5107 iunctis,
2358 5033 2709 5103 conspirante
2743 5030 2902 5102 159
2924 5030 3261 5088 Candidiano
3295 5027 3516 5093 comite,
3537 5026 3687 5097 judi-

2101 5126 2247 5182 cium
2278 5123 2702 5181 tumultuarium
2731 5123 2799 5178 de
2824 5123 3045 5195 Cyrillo,
3075 5130 3131 5179 et
3173 5121 3460 5177 Memnone
3485 5119 3687 5189 Ephesi

2098 5216 2361 5286 episcopo
2385 5256 2399 5280 ,
2427 5215 2753 5284 ueterisque
2775 5215 2967 5286 synodi
3002 5225 3207 5270 sanctae
3246 5212 3505 5268 Patribus
3527 5225 3684 5265 exer-

2097 5317 2207 5363 cet.
2228 5306 2486 5379 Cyrillus,
2506 5313 2798 5362 accusante
2811 5304 3195 5370 Theodoreto;
3228 5304 3508 5366 Memnon,
3521 5314 3688 5371 agen—

2099 5400 2247 5456 tibus
2294 5397 2669 5462 Nestorianis;
2728 5396 2950 5462 Patres,
2977 5396 3254 5454 referente
3301 5393 3683 5455 Candidiano,

2094 5487 2466 5545 damnantur:
2493 5486 2734 5559 Cyrinus
2761 5485 2830 5552 ⁸⁸,
2873 5485 3021 5557 quod
3050 5484 3289 5542 heresin
3325 5481 3682 5557 Apollinaris,

484 5602 671 5659 OPsal.
697 5616 839 5657 usu
865 5598 984 5656 6-9.
1062 5602 1082 5643 ῐ
1107 5600 1228 5656 Act.
1255 5615 1345 5667 xx,
1380 5601 1467 5658 30.
1512 5604 1539 5643 ⁸
1560 5603 1605 5658 11
1640 5605 1833 5662 Thess.
1873 5622 1932 5671 ιι,
1960 5607 2014 5661 7.
2090 5606 2119 5646 ιι
2144 5602 2351 5659 Thren.
2379 5601 2532 5668 mu,
2562 5602 2651 5659 t5.
2735 5602 2751 5645 i
2786 5602 2909 5659 Act.
2935 5617 3084 5668 unt,
3106 5600 3163 5657 3.

1750 5718 2068 5775 SCHULZII
2104 5718 2338 5776 NOTAE.

479 5813 526 5850 δι
554 5810 810 5886 Cyrillus,
833 5819 937 5868 etc.
969 5808 1092 5868 Vid.
1134 5808 1432 5883 Epistolam
1461 5811 1528 5868 ad
1551 5811 1776 5881 Rufum,
1810 5822 1849 5869 t.
1877 5815 1965 5881 IV,
2001 5831 2057 5888 p.
2089 5815 2221 5871 I347
2251 5829 2406 5886 seqq.
