4060 6180
357 198 458 263 113

1552 200 1916 262 HISTORIA
1958 198 2464 261 THEODORETI.

3505 198 3607 265 ιιι

352 307 675 376 Ariique,et
692 305 951 362 Eunomii
976 307 1030 362 in
1059 306 1353 363 duodecim
1388 309 1661 378 capitibus
1683 309 1939 363 innovas-
1965 309 2012 364 Α
2038 315 2210 362 ceret.
2249 307 2540 364 Perierunt
2560 308 2777 375 littera,
2799 325 2922 379 qua:
2950 310 3019 366 ad
3066 310 3278 381 priores
3309 321 3420 368 tres
3468 312 3609 368 datae

353 407 469 463 set;
528 397 806 461 Memnon,
862 397 1010 466 quod
1061 399 1408 469 tyrannidem
1460 398 1516 454 in
1566 400 1705 455 urbe
1727 398 1931 471 Cyrillo

356 490 544 541 favens
611 487 987 553 exercuisset;
1063 488 1289 552 Patres,
1321 488 1468 558 quod
1533 488 1924 559 inexspectatis

354 577 731 632 Orientalibus
775 578 1104 632 sententiam
1154 578 1443 644 tulissent,
1496 579 1932 651 probassentque

356 666 539 737 Cyrilli
572 665 805 729 litteras,
822 676 878 720 et
906 666 1209 721 Memnonis
1233 676 1416 738 partes
1440 676 1825 738 sequerentur.

430 756 730 812 Abdicatus
748 763 833 811 est
866 756 1034 828 igitur
1056 756 1293 829 Cyrillus
1320 774 1444 815 cum
1493 758 1800 822 Memnone,
1830 759 1933 813 Pa-

364 857 473 901 tres
526 848 1108 903 excommunicationis
1159 849 1430 905 sententia
1478 850 1723 921 obligati,
1759 850 1937 906 donec

362 936 595 992 desertis
646 936 834 1008 Cyrilli
870 939 1118 1007 partibus
1152 940 1217 993 ad
1262 939 1573 995 Orientales
1610 941 1933 996 transirent:

362 1028 660 1097 atquebtec
684 1027 857 1083 forma
909 1028 1011 1083 fuit
1053 1030 1268 1101 iudicii,
1315 1031 1471 1101 cujus
1489 1029 1818 1100 principium
1851 1030 1936 1084 in-

362 1119 508 1174 vidia
533 1128 587 1174 et
613 1119 875 1188 ambitio;
922 1130 1135 1187 auctor,
1163 1120 1418 1194 Cyrensis
1446 1121 1521 1189 ";
1552 1130 1801 1186 eventus,
1838 1122 1940 1177 Ec-

361 1209 545 1263 clesiae
569 1208 788 1264 divisio.

430 1296 498 1352 Υ.
536 1296 618 1351 Ad
653 1298 1043 1367 imperatorem
1070 1299 1433 1356 Orientalium
1458 1302 1679 1357 nomine
1708 1303 1939 1358 relatum

360 1399 466 1455 est,
496 1389 771 1458 simulque
792 1398 1051 1445 excusata
1072 1391 1172 1446 via:
1206 1391 1452 1457 tarditas,
1484 1391 1621 1446 nihil
1652 1409 1759 1448 non
1785 1409 1942 1448 men-

362 1486 532 1539 tiente
562 1484 849 1538 relationis
905 1485 1195 1555 scriptore,
1228 1501 1340 1555 quo
1372 1478 1689 1556 imperator,
1734 1498 1789 1543 et
1834 1487 1941 1542 Ne-

362 1574 518 1627 storii
545 1589 758 1639 amans,
790 1583 847 1629 et
876 1573 1080 1645 Cyrillo
1135 1575 1407 1640 infensus,
1442 1575 1746 1629 falleretur:
1783 1575 1833 1630 id
1876 1592 1944 1630 eo

360 1667 577 1721 facilius
623 1665 745 1730 fuit,
804 1665 952 1735 quod
1002 1665 1397 1731 Caudidianus,
1445 1667 1744 1736 cognituris
1765 1666 1942 1721 oﬁicio
1975 1658 2016 1712 Β

361 1758 597 1827 turpiter
620 1756 862 1821 deserto,
885 1771 1009 1812 cum
1033 1760 1046 1774 '
1065 1756 1436 1813 Orientalibus
1463 1758 1614 1826 paria
1646 1759 1942 1823 scribebat,

361 1858 417 1903 et
448 1848 855 1903 Catholicorum
889 1848 1119 1911 nuntiis,
1173 1863 1243 1902 ne
1294 1849 1348 1902 in
1399 1849 1592 1904 urbem
1635 1850 1941 1914 tenderent,

360 1937 764 1992 intercludebat
784 1937 948 1991 viam.

434 2028 523 2083 VI.
582 2027 725 2095 Quid
782 2028 981 2083 illusus
1052 2026 1396 2084 Theodosius
1444 2036 1639 2082 contra
1684 2027 1946 2099 Cyrillum

358 2120 844 2190 Constantinopoli
895 2119 1178 2184 statuerit;
1237 2120 1369 2189 quid
1443 2120 1614 2174 misso
1670 2119 1949 2189 Ephesum

364 2212 610 2267 Palladio
638 2212 930 2282 imperiose
978 2212 1353 2277 mandaverit;
1405 2211 1681 2281 quomodo
1729 2227 1828 2282 per
1861 2227 1953 2266 co-

365 2304 559 2358 mitem
579 2318 861 2358 sacrarum
912 2303 1262 2373 largitionum
1303 2302 1567 2358 Joannem
1631 2303 1826 2357 tentari
1853 2318 1951 2357 vo-

368 2391 660 2453 luerit,ut,
689 2399 1138 2461 quotquoterant
1184 2392 1381 2460 Ephesi
1419 2393 1701 2461 praesules,
1744 2392 1952 2448 Joanne

368 2483 625 2553 praeside,
651 2484 1041 2548 convenirent;
1077 2499 1183 2552 qua
1212 2483 1448 2554 Cyrillus
1470 2484 1729 2539 violentia
1765 2485 1952 2555 conie-

366 2585 494 2627 ctus
526 2574 596 2627 sit
629 2573 682 2627 in
710 2589 1027 2637 carcerem;
1062 2574 1192 2643 quid
1249 2573 1423 2627 moliti
1453 2573 1763 2629 Orientales
1815 2575 1956 2629 inte-

352 2666 501 2727 .rim,
523 2663 902 2719 utCathulicis
928 2664 1012 2718 vel
1044 2664 1305 2719 invidiam
1350 2665 1665 2719 rebellionis
1710 2664 1956 2721 facerent

370 2754 518 2823 apud
540 2756 953 2825 imperatorem,
993 2757 1077 2810 vel
1112 2772 1141 2809 a
1191 2758 1393 2826 populo
1418 2759 1785 2813 tumultuante
1808 2759 1956 2827 peri-

372 2847 561 2901 culum
587 2856 861 2911 crearent,
898 2863 963 2902 ex
994 2848 1131 2903 actis
1180 2848 1374 2919 synodi
1428 2849 1719 2918 Ephesium
1755 2849 1955 2902 intelli-

2037 408 2193 463 snnt;
2221 406 2419 465 exstat,
2451 414 2574 469 quae
2602 399 2672 453 ad
2687 399 2911 455 Rufum.
2937 400 3193 457 Sarciunt
3224 419 3357 456 vero
3378 403 3606 457 aliarum

2032 487 2325 556 iacturam,
2347 489 2395 543 si
2444 497 2623 544 tamen
2662 489 2783 544 alite
2813 490 3037 555 fuerint,
3061 499 3116 546 et
3163 507 3276 547 non
3303 493 3506 548 eadem
3541 493 3607 546 ad

2039 579 2283 649 singulos
2323 594 2356 633 a
2376 578 2517 649 pari,
2546 588 2605 635 ut
2633 580 2954 650 loquuntur,
2991 581 3189 637 missae.

2113 669 2314 726 Habuit
2337 671 2504 725 etiam
2527 670 2821 726 conciones
2852 672 2919 726 ad
2951 674 3214 742 populum
3238 673 3392 729 urbis
3426 676 3609 743 regiae,

2041 762 2110 818 de
2142 764 2345 834 quibus
2368 764 2444 819 ita
2471 765 2587 834 ipse
2625 764 2694 819 ad
2726 765 3125 834 metropolitam
3154 781 3312 821 suum
3341 766 3386 799 ⁸³
3410 767 3612 836 Ephesi

2043 863 2295 926 agentem
2328 873 2341 909 :
2388 875 2405 907 ι
2429 855 2672 926 Populus
2691 856 2871 912 omnis
2897 857 3071 927 gratia
3103 856 3199 911 Dei
3238 857 3378 913 bene
3425 858 3612 919 habet,

2044 954 2101 1000 et
2125 947 2329 1017 iugiter
2346 946 2416 1001 ad
2461 962 2565 1003 nos
2607 947 2906 1017 egreditur.
2933 948 3243 1017 lncepimus
3271 957 3451 1003 autem
3482 948 3616 1017 ipsis

2043 1037 2210 1091 etiam
2266 1035 2562 1101 disserere,
2625 1044 2683 1091 et
2738 1036 3143 1091 celebravimus
3205 1036 3615 1090 communiones

2045 1126 2330 1189 maximas,
2374 1134 2431 1181 et
2481 1135 2682 1195 quarto
2730 1126 2841 1182 illis
2867 1134 3180 1181 enarratum
3205 1135 3309 1189 est,
3360 1125 3618 1195 precibus

2047 1227 2156 1273 tua:
2189 1218 2434 1286 pietatis,
2461 1218 2533 1273 de
2562 1216 2688 1284 ﬁde,
2715 1228 2773 1274 et
2799 1225 2947 1272 tanta
2969 1218 3298 1273 audiverunt
3319 1217 3619 1285 voluptate,

2048 1319 2109 1363 ut
2134 1323 2305 1379 usque
2334 1309 2402 1363 ad
2432 1308 2623 1364 horam
2647 1308 2935 1380 septimam
2974 1325 3086 1364 non
3132 1308 3501 1367 discederent,
3524 1305 3619 1361 sed

2048 1399 2473 1470 perduraveriut
2491 1415 2666 1470 usque
2703 1399 2771 1456 ad
2816 1411 3011 1457 aestum
3047 1400 3210 1455 solis:
3238 1400 3292 1454 in
3318 1400 3441 1453 aula
3471 1396 3619 1451 enim

2050 1492 2306 1557 maxima,
2357 1501 2413 1547 et
2468 1500 2705 1562 quatuor
2742 1492 2979 1547 habente
3030 1491 3294 1561 porticus,
3327 1488 3624 1543 multitudo

2052 1594 2381 1656 congregata
2421 1584 2543 1646 fuit,
2569 1593 2626 1638 et
2682 1600 2782 1639 nos
2822 1600 3060 1654 superne
3107 1581 3624 1638 concionabamure

2044 1678 2306 1740 suggestu
2341 1685 2509 1739 prope
2535 1678 2759 1724 tectum.
2795 1688 2812 1719 ι

2118 1760 2274 1828 Quod
2299 1764 2354 1815 in
2390 1760 2516 1814 aula
2547 1760 2931 1814 concionatum
2963 1771 3021 1812 se
3048 1767 3253 1822 narrat,
3294 1756 3347 1811 id
3389 1771 3457 1809 eo
3498 1770 3628 1809 con—

2048 1852 2189 1922 tigit,
2222 1852 2351 1922 quia
2373 1850 2842 1907 Chalcedonensis
2864 1849 3121 1904 Ecclesia:
3138 1848 3357 1918 praesul,
3381 1847 3627 1916 quamvis

2047 1945 2665 2013 Constantinopolitanae
2699 1942 2815 1998 sedi
2870 1942 3173 2005 obnoxius,
3217 1939 3400 1993 studio
3448 1946 3627 1991 tamen

2052 2036 2178 2091 ﬁdei
2211 2036 2388 2090 vetuit
2409 2036 2462 2089 in
2504 2035 2739 2090 ecclesia
2770 2048 3004 2105 synaxes
3038 2031 3123 2102 agi
3157 2031 3226 2085 ab
3252 2028 3572 2084 hominibus
3600 2042 3627 2078 a

2053 2136 2240 2182 sancta
2301 2126 2511 2197 synodo
2555 2124 2855 2179 abstentis:
2899 2120 3048 2191 quod
3093 2126 3324 2189 questus
3353 2125 3441 2171 est
3486 2114 3629 2183 apud

2055 2219 2444 2287 imperatorem
2473 2215 2878 2273 Theodoretus.
2930 2210 3181 2282 quamvis
3215 2211 3331 2263 haec
3380 2222 3490 2263 non
3523 2218 3632 2260 tam

2053 2288 2295 2381 querela
2308 2309 2431 2372 fuit,
2465 2323 2629 2377 quam
2658 2304 3030 2361 inverecunda
3058 2301 3375 2371 impotentis
3407 2299 3500 2352 ira:
3543 2314 3632 2349 vo-

2055 2398 2327 2462 ciferatio,
2362 2395 2761 2466 seditionisque
2787 2393 2997 2448 molitio
3033 2391 3118 2446 vel
3158 2386 3551 2450 comminatio;
3581 2386 3633 2439 id

2054 2507 2186 2546 vero
2210 2490 2290 2545 sic
2311 2488 2540 2543 accidit:

2128 2580 2413 2637 Admissus
2438 2577 2733 2649 aliquando
2763 2577 2831 2631 ab
2856 2576 3186 2646 imperatore
3203 2572 3271 2627 ad
3302 2570 3633 2640 colloquium

2059 2675 2113 2728 in
2146 2671 2433 2727 Ruﬁniana
2465 2669 2614 2733 villa,
2641 2684 2766 2723 cum
2796 2667 2951 2722 orbis
2973 2665 3198 2719 domino
3228 2663 3524 2717 altercatus
3554 2667 3638 2714 est

2058 2763 2342 2826 audacius,
2366 2776 2531 2833 quam
2569 2758 2851 2815 modestiae
2890 2759 2978 2813 lex
3037 2755 3219 2811 sinat:
3270 2750 3636 2823 iactabundus

2060 2867 2241 2910 tamen
2263 2869 2378 2909 rcm
2402 2864 2609 2923 gestam
2644 2852 2717 2905 ita
2750 2859 2936 2904 narrat
2954 2849 2998 2880 "
3022 2866 3035 2901 :
3063 2868 3079 2897 ‹
3104 2846 3361 2901 Dicebam
3390 2844 3471 2896 ei:
3501 2840 3637 2905 Quia

370 2954 503 3007 gere
538 2950 640 2993 est.
673 2936 1091 2994 Observandum
1128 2948 1308 2993 tamen
1340 2937 1456 2994 haec
1482 2939 1619 3008 ipsa,
1648 2955 1769 3010 qua:
1804 2954 1951 2992 nunc

2061 2946 2261 3001 dedisti
2313 2944 2566 2998 ﬁduciam
2622 2941 2907 3011 loquendi,
2967 2954 3091 2993 cum
3134 2935 3292 2990 venia
3353 2932 3501 2987 audi.
3540 2929 3639 2985 Ju-

375 3030 675 3091 habentur,
708 3036 909 3099 praeter
954 3028 1250 3083 relationes
1299 3038 1354 3083 et
1383 3029 1664 3100 epistolas,
1713 3029 1954 3083 breviata

373 3119 548 3173 fuisse
580 3118 653 3172 ab
679 3114 913 3188 ips'omet
946 3116 1169 3188 Cyrillo.

447 3209 560 3264 VII.
615 3209 776 3264 Hune
828 3209 943 3267 fere
995 3209 1051 3263 in
1100 3210 1322 3263 modum
1348 3208 1489 3264 duos
1518 3211 1629 3281 iam
1674 3210 1964 3264 continuos

377 3327 600 3366 menses
623 3311 693 3365 ab
723 3308 1093 3366 Orientalibus
1116 3311 1341 3380 Ephesi,
1381 3325 1489 3380 qua
1538 3310 1613 3373 vi,
1651 3323 1759 3377 qua
1809 3307 1961 3361 frau~

378 3404 565 3467 dibus,
617 3418 724 3472 qua
785 3402 1082 3474 tyrannicis
1137 3402 1401 3457 comitum
1445 3400 1654 3455 artibus
1684 3398 1960 3455 turbatum

378 3504 522 3559 erat,
552 3511 681 3549 cum
701 3495 918 3549 tandem
938 3510 967 3549 a
994 3494 1287 3559 Dalmatia,
1324 3492 1671 3548 sanctissimo
1715 3490 1771 3545 in
1826 3490 1963 3544 urbe

380 3589 532 3659 regia
586 3588 981 3643 monachorum
1037 3589 1219 3649 Patre,
1261 3584 1606 3640 Theodosius
1650 3584 1717 3638 de
1754 3598 1811 3637 re
1852 3589 1963 3635 tota

383 3677 590 3731 certior
646 3676 845 3739 factus,
887 3675 1263 3743 comitumque
1299 3672 1582 3743 perﬁdiam
1623 3671 1844 3742 indigne
1889 3669 1967 3723 fe-

386 3783 537 3829 rens,
567 3766 737 3837 iussit
777 3766 845 3820 ad
882 3780 940 3819 se
985 3764 1128 3818 mitti
1184 3771 1392 3832 septem
1426 3763 1496 3816 ab
1541 3771 1769 3830 utraque
1812 3769 1965 3829 parte

381 3856 698 3925 episcopos,
723 3869 864 3924 quos
893 3853 962 3907 de
997 3852 1165 3923 gestis
1190 3851 1390 3921 Ephesi
1425 3864 1665 3919 praesens
1691 3848 1928 3902 audiret.

465 3948 598 4003 Vlll.
627 3946 1014 4002 Theodorctus
1038 3945 1140 3999 fuit
1176 3959 1318 3998 unus
1338 3943 1405 3997 de
1433 3949 1645 4012 septem
1674 3939 1967 3995 Orientali-

387 4043 527 4096 bus:
553 4043 650 4097 sed
685 4057 809 4095 cum
848 4048 1101 4110 pergeret
1134 4034 1689 4105 Constantinopolim,
1739 4049 1833 4103 Spe
1864 4034 1968 4088 du-

388 4145 516 4190 ctus
564 4133 683 4187 fore
717 4142 778 4187 ut
817 4132 1038 4187 in'urbe
1088 4131 1236 4201 regia
1268 4145 1335 4185 eo
1372 4129 1564 4199 plausu
1601 4126 1829 4188 diceret,
1860 4142 1971 4195 quo

389 4228 589 4283 solitus
611 4236 732 4280 erat
790 4225 1111 4289 Antiochiae,
1152 4231 1315 4292 atque
1348 4222 1423 4275 ita
1473 4220 1555 4274 vel
1604 4218 1690 4273 sui
1724 4218 1966 4273 Nestorii

2065 3047 2283 3091 stumne
2314 3044 2399 3089 est
2446 3033 2735 3088 haereticos
2782 3030 3007 3101 quidem
3043 3025 3551 3083 excommunicatos
3586 3022 3640 3076 in

2064 3120 2310 3175 ccclesiis
2349 3120 2550 3189 agere?
2601 3134 2702 3172 nos
2742 3133 2896 3180 vero,
2929 3117 3023 3185 qui
3059 3130 3158 3185 pro
3199 3114 3304 3168 ﬁde
3342 3121 3641 3172 certamus,

2064 3223 2120 3267 ct
2143 3217 2370 3282 propter
2399 3210 2505 3264 hoc
2549 3207 2753 3263 abillis
2794 3206 3200 3263 communionis
3248 3213 3497 3259 exsortes
3554 3219 3644 3257 sn—

2068 3318 2210 3367 mus,
2240 3317 2351 3355 non
2385 3301 2591 3353 intrare
2615 3298 2671 3353 in
2700 3296 3029 3353 ecclesiam?
3058 3293 3364 3365 Respondit
3401 3293 3494 3346 ille
3525 3308 3537 3345 :
3576 3291 3644 3345 Et

2066 3412 2158 3466 ego
2182 3392 2307 3465 quid
2333 3390 2573 3463 faciam?
2600 3420 2667 3429 —
2696 3386 2847 3453 Quod
2892 3387 3031 3457 fecit,
3052 3385 3374 3457 inquiebum,
3398 3385 3648 3453 magister

2069 3499 2209 3551 tuus,
2241 3502 2409 3540 comes
2443 3482 2813 3555 largitionum,
2855 3482 2911 3534 in
2953 3480 3080 3533 urbe
3109 3479 3338 3550 Epheso.
3364 3475 3464 3530 Ille
3508 3476 3646 3529 enim

2069 3580 2342 3639 utinvenit
2392 3574 2676 3631 nonnullos
2714 3571 3048 3644 congregari.
3080 3571 3394 3642 compescuit
3438 3584 3522 3621 eos
3563 3566 3648 3619 di-

2068 3688 2223 3726 cens:
2257 3669 2351 3723 «Si
2387 3685 2492 3722 non
2544 3667 2747 3737 fueritis
2795 3661 3022 3735 paciﬁci,
3078 3679 3181 3716 non
3225 3659 3504 3714 concedam
3556 3657 3650 3712 uni

2070 3765 2214 3835 parti
2246 3762 2589 3832 congregari;
2613 3779 2631 3810 ι
2657 3767 2703 3812 et
2738 3756 3008 3829 Oportebat
3035 3754 3194 3807 etiam
3228 3761 3375 3805 tuam
3403 3750 3652 3821 pietatem

2070 3855 2353 3925 pra’cipere
2397 3852 2479 3905 hic
2511 3852 2769 3922 episcopo,
2802 3864 2867 3900 ne
2924 3847 3270 3917 permitteret,
3311 3857 3476 3912 neque
3512 3839 3647 3900 illis,

2073 3963 2237 4017 neque
2270 3944 2414 3998 nobis
2456 3941 2789 4013 congregari,
2822 3940 2985 3992 donec
3005 3936 3396 3998 conveniamus,
3425 3938 3482 3984 ut
3502 3930 3652 4000 justo

2076 4046 2166 4092 tua
2197 4036 2457 4090 sententia
2488 4032 2725 4086 omnibus
2782 4039 2908 4082 uota
2964 4027 3084 4095 ﬁat.
3118 4024 3197 4079 Ad
3249 4024 3363 4077 haec
3397 4020 3649 4076 dicebat:

2077 4128 2333 4199 Equidem
2361 4126 2596 4197 episcopo
2644 4121 2799 4191 161
2830 4121 3095 4190 imperare
3141 4133 3241 4169 non
3274 4130 3502 4184 possum.
3552 4111 3656 4164 lla-

2075 4238 2182 4291 que
2213 4218 2469 4289 respondi
2498 4233 2632 4287 ego:
2660 4214 2838 4284 Neque
2867 4212 3010 4265 nobis
3062 4211 3306 4279 imperes,
3338 4213 3385 4258 et
3431 4202 3651 4271 arripie-

394 4333 486 4371 res
512 4315 811 4371 admodum
836 4313 1064 4369 aﬁlictas
1111 4314 1446 4376 restitueret,
1484 4310 1566 4365 vel
1602 4310 1814 4364 animos
1859 4309 1969 4363 sal-
2004 4335 2046 4387 ι)
2080 4330 2191 4367 mus
2225 4311 2520 4374 ecclesiam,
2573 4305 3129 4379 congregabimurque,
3172 4317 3235 4353 ac
3266 4301 3652 4387 εοςηοεαςιιια

394 4418 507 4463 tem
555 4407 745 4478 populi
787 4417 1199 4471 commoveret;
1247 4407 1434 4477 jussus
1489 4412 1574 4457 est
1622 4401 1968 4457 Chalcedone

400 4502 559 4572 160
588 4516 714 4556 cum
753 4501 868 4555 suis
914 4499 1209 4570 praestolari
1260 4498 1551 4553 adventum
1601 4496 1968 4567 imperatoris,

400 4592 523 4646 illac
555 4591 612 4645 in
647 4591 1002 4645 Ruﬁniauum
1030 4589 1335 4645 transituri.

471 4682 607 4736 Dum
664 4682 1011 4752 pmstolalur
1064 4682 1371 4735 adventuro
1426 4679 1685 4749 principi,
1749 4678 1974 4749 scripsit

397 4774 613 4827 litteras
637 4773 859 4827 nomine
913 4772 1238 4842 legatorum,
1265 4769 1332 4825 ad
1364 4770 1652 4840 episcOpos
1686 4778 1799 4824 tres
1831 4769 1977 4822 Itali-

399 4877 589 4917 rarum
616 4863 1002 4926 Ecclesiarum,
1028 4863 1410 4917 Martinianum
1466 4861 1883 4916 Mcdiolanensis
1908 4860 1976 4923 “.

400 4953 667 5009 Joannem
685 4953 1060 5009 Ravennensis
1087 4963 1142 5009 et
1160 4952 1560 5023 Aquileiensis:
1592 4951 1815 5021 scripsit
1838 4953 1978 5007 etad

405 5041 606 5096 llul‘um
650 5043 1217 5107 Thessalonicensem,
1250 5051 1330 5107 ut,
1383 5042 1429 5097 si
1462 5059 1568 5112 qua
1616 5052 1820 5112 posset,
1860 5051 1980 5097 tan-

414 5142 594 5189 tarum
635 5136 847 5191 sedium
873 5136 1149 5192 antistites
1183 5135 1239 5190 in
1263 5145 1449 5205 partes
1474 5134 1789 5190 schismatis
1812 5135 1984 5190 addu-

2081 4406 2269 4478 pietas,
2293 4403 2459 4457 multo
2494 4399 2672 4471 plures
2705 4398 2971 4451 nobiscum
2999 4410 3130 4456 esse,
3155 4407 3316 4461 quam
3346 4403 3461 4440 cum
3490 4383 3649 4478 illis.»

2148 4496 2241 4552 IX.
2271 4494 2577 4551 Orientales
2609 4490 2862 4562 quintum
2893 4485 3065 4540 auditi
3106 4490 3236 4536 sunt
3261 4497 3292 4535 a
3323 4476 3654 4535 Theodosio,

2083 4603 2204 4658 quae
2228 4586 2331 4640 fuit
2362 4581 2601 4652 religiosi
2652 4575 2921 4650 principis
2958 4571 3240 4645 patientia.
3277 4568 3545 4658 Quatuor"
3571 4565 3655 4615 in-

2083 4655 2251 4751 super
2277 4678 2326 4732 ei
2371 4673 2798 4747 protestationes
2839 4668 3126 4726 miserunt,
3172 4672 3282 4716 tres
3313 4655 3657 4716 Chalcedone

2080 4750 2385 4842 legatorum
2425 4764 2667 4829 nomine,
2695 4770 2946 4831 quartam
2973 4776 3003 4813 a
3034 4758 3152 4814 suis
3196 4750 3506 4824 Ephesiuis,
3543 4763 3667 4803 om‘

2076 4879 2176 4918 nes
2203 4858 2498 4933 iactantiae,
2522 4870 2685 4926 quam
2708 4852 2988 4908 modestiae
3010 4849 3306 4919 pleniores.
3546 4927 3558 4940 .

2151 4951 2219 5007 Χ.
2253 4951 2455 5006 Verum
2480 4946 2691 5001 nullum
2729 4943 2859 4998 inde
2885 4939 3033 4995 aliud
3060 4953 3239 5007 opera:
3276 4946 3386 4989 suae
3422 4936 3659 5000 pretium

2082 5043 2349 5104 tulerunt,
2368 5053 2530 5108 quam
2551 5033 2700 5106 quod
2730 5030 3001 5104 patefacta
3030 5026 3260 5081 veritate
3285 5018 3448 5093 legati
3468 5018 3660 5108 catho‘

2082 5133 2175 5190 lici
2207 5132 2262 5187 in
2283 5106 2476 5186 urbem
2502 5124 2680 5182 vocati
2700 5129 2850 5186 sunt,
2875 5119 2942 5175 ad
2967 5114 3348 5174 suﬁiciendum
3407 5106 3661 5167 Nestorio

1749 5288 2065 5346 SLHULZII
2106 5284 2334 5343 NOTAE.

472 5446 521 5477 δ’
555 5445 597 5502 ε
637 5448 824 5499 remis.
856 5445 1119 5501 Joannem
1153 5443 1554 5499 Antiochenam
1594 5444 1809 5498 mallem
1846 5442 2032 5498 dicere
2084 5448 2386 5495 auctorem.

456 5516 469 5568 Ι
499 5464 727 5571 Βυὲυη.
767 5516 1024 5571 Errorcm
1050 5516 1206 5570 illum
1240 5516 1343 5571 iam
1372 5515 1579 5568 notavit
1598 5513 1881 5567 Duronius.
1937 5513 1977 5544 ³⁵
2003 5512 2081 5567 Ad
2108 5513 2327 5571 Μεινίῳ.
2356 5525 2386 5561 ετ

404 5534 469 5568 ἴδει
503 5534 582 5570 ηυ

2462 5435 2506 5466 ⁸⁵³
2552 5433 2769 5488 Martia.
2817 5429 3084 5486 Martinus
3123 5425 3320 5481 dicitur
3343 5422 3396 5475 in
3423 5416 3662 5488 Epistula

2003 5490 2529 5580 Ad‘l‘ﬁrtroprsuum.
2553 5502 2921 5559 Alexandrum
2943 5499 3150 5556 scilicet
3174 5490 3660 5561 Hierapolitanum.

406 5586 528 5642 Vid.
555 5595 595 5642 t.
620 5585 710 5653 ιν,
742 5603 795 5658 p.
825 5587 980 5642 1545.
1052 5585 1097 5618 "
1125 5584 1207 5641 Ita
1240 5583 1451 5639 narrat.
1486 5591 1629 5640 Loco
1653 5583 1839 5637 citato.
