4054 6138
441 252 542 320 115

1571 245 1947 310 GARNERII
1986 239 2486 306 DISSERTATIO
2532 249 2580 308 1.

3601 232 3708 299 1έῦ

437 366 788 432 episcopum;
821 360 1196 422 Orientalibus
1214 360 1553 422 mandatum,
1579 373 1734 412 suam
1753 367 2026 424 quemque
2060 355 2104 408 A
2135 353 2451 409 tunditatem
2498 355 2668 410 omni:
2721 364 2874 409 terra:
2901 361 2946 407 et
2981 353 3276 408 habitantcs
3323 351 3375 401 in
3419 347 3515 401 illa
3557 352 3714 417 quasi

437 455 505 509 ad
529 453 834 509 Ecelesiam
869 453 1092 521 redire;
1125 453 1274 524 quod
1305 462 1361 508 et
1399 451 1524 506 aliis
1551 449 1753 520 Ephesi
1797 459 2026 515 congre-

439 549 578 620 gatis
612 546 980 620 signiﬁcatum
1011 558 1117 606 est.
1141 548 1293 605 lstud
1321 562 1454 602 vero
1489 561 1652 616 quam
1679 542 2029 612 impatienter

441 640 826 697 Theodoretus
867 641 1092 705 tulerit,
1150 639 1338 710 prodit
1383 639 1502 694 suis
1554 636 1623 691 ad
1675 633 2026 705 Ephesinos'

442 732 721 788 communi
757 732 982 788 nomine
1034 731 1242 786 litteris
1287 731 1354 784 “.
1398 730 1650 785 «Placuit
1683 726 2031 799 pientissimo

443 828 557 896 regi
582 833 705 896 post
731 825 932 880 multas
978 823 1416 889 adhortationes,
1461 831 1522 878 ut
1557 821 1759 893 singuli
1796 820 1864 876 ad
1900 836 2029 892 pro-

443 915 562 984 pria
591 914 913 969 redeamus:
954 923 1015 969 ut
1064 924 1122 970 et
1148 912 1434 985 Egyptius
1464 921 1521 968 et
1565 913 1821 967 Memnon
1847 910 2030 980 Ephe-

446 1005 562 1059 sius
597 1004 652 1057 in
710 1003 828 1058 suis
849 1003 988 1059 locis
1015 1011 1291 1059 maneant.
1346 1003 1439 1059 Sic
1473 1003 1622 1058 enim
1656 1001 1838 1072 potuit
1872 997 2035 1072 JEgy-

446 1093 598 1165 ptius
630 1108 825 1148 omnes
861 1108 1141 1150 exotecare
1171 1093 1497 1148 muneribus
1533 1093 1669 1158 suis,
1710 1100 1772 1147 ut
1795 1091 1884 1147 ille
1914 1091 2037 1162 qui-

447 1186 594 1249 dem,
650 1200 775 1240 cum
835 1185 1125 1244 innumera
1189 1185 1386 1242 fecerit
1443 1185 1604 1251 mala,
1659 1183 1728 1239 ad
1774 1184 2035 1240 thronum

447 1292 609 1332 suum
658 1276 889 1342 redeat;
926 1277 1033 1333 iste
1065 1277 1152 1333 vir
1183 1277 1452 1334 innocens
1482 1275 1820 1348 (Nestorium
1871 1274 2036 1329 intel-

450 1368 592 1440 ligit)
628 1368 718 1423 vix
748 1369 815 1422 ad
857 1384 1014 1425 suam
1065 1368 1409 1424 mansionem
1446 1369 1778 1424 dimittatur.
1809 1387 1828 1421 ι
1859 1367 2037 1425 Verba

450 1465 567 1515 haec
615 1460 971 1526 Theodoreti,
1016 1461 1251 1517 aliorum
1300 1476 1395 1516 sex
1426 1458 1670 1516 Orientis
1735 1460 2038 1531 legatorum

450 1553 676 1607 nomine
722 1553 1051 1616 scribentis,
1100 1551 1404 1607 manifestae
1437 1550 1483 1583 ‘7
1511 1551 1908 1622 suppositionis
1948 1565 2039 1604 ar-

451 1653 628 1714 guunt
681 1645 885 1700 editam
917 1661 1096 1715 nuper
1133 1643 1433 1699 Theodosii
1469 1643 1693 1699 Sacram
1744 1643 1811 1699 ad
1849 1644 2041 1699 Patres

451 1735 780 1792 orthodoxa:
828 1737 1022 1810 synodi
1078 1735 1404 1806 Ephesinaa:
1435 1745 1650 1792 tantum
1699 1737 1847 1792 enim
1892 1735 2038 1790 favet

449 1825 849 1892 Orientalibus,
874 1845 1180 1900 eorumque
1213 1831 1286 1884 ita
1321 1845 1515 1900 preces
1545 1829 1614 1885 de
1657 1828 2037 1898 disputatione

451 1914 690 1970 ineunda
713 1925 770 1972 et
825 1919 1079 1988 querelas
1137 1919 1205 1975 de
1247 1919 1548 1975 Catholicis
1599 1919 2039 1976 detrectantibus

450 2007 670 2075 probat,
728 2018 790 2064 ut
827 2026 982 2066 suam
1036 2011 1349 2067 deseruisse
1400 2027 1621 2068 causam
1653 2011 2039 2067 Theodoretus

451 2099 753 2166 videretur,
774 2101 820 2154 si
863 2118 972 2157 non
1012 2103 1376 2167 meminisset,
1409 2112 1574 2173 atque
1606 2103 1772 2157 etiam
1808 2102 1936 2158 inde
1961 2103 2036 2158 si-

458 2189 510 2244 bi
547 2191 890 2260 triumphum
936 2192 1178 2249 fecisset.
1227 2194 1428 2260 Quanti
1481 2195 1627 2249 enim
1659 2194 1860 2250 favoris
1892 2195 2038 2250 istud

457 2287 538 2334 cst
567 2296 696 2353 erga
734 2281 1062 2350 Orientales,
1093 2293 1314 2354 quantae
1361 2287 1805 2357 exprobrationis
1835 2287 1892 2342 in
1938 2286 2040 2342 Ca-

459 2367 728 2426 tholiéos?
765 2372 1070 2439 «Quoniam
1117 2375 1235 2430 fieri
1269 2393 1379 2430 non
1439 2377 1620 2446 potuit
1675 2384 1735 2430 ut
1775 2376 2039 2431 conveni--

457 2460 609 2527 retis,
637 2472 692 2516 et
729 2471 910 2518 vestra
938 2465 1112 2534 pietas
1137 2465 1206 2522 de
1234 2467 1637 2536 quaestionibus
1666 2466 1829 2523 motis
1857 2467 1913 2521 in
1959 2467 2040 2522 di-

456 2555 825 2625 sputationem
871 2557 1058 2612 venire
1102 2559 1298 2624 uoluit,
1331 2556 1680 2614 decrevimus
1731 2569 1792 2615 ut
1846 2557 2042 2614 Orien-

457 2649 596 2702 tales
629 2648 696 2702 ad
723 2665 850 2703 suas
875 2651 1130 2721 regiones
1161 2651 1550 2723 Ecclesiasque
1594 2653 1842 2718 redeant,
1875 2667 2040 2724 syno-

457 2738 563 2795 dus
596 2739 800 2809 Ephesi
827 2741 1054 2796 collecta
1091 2743 1358 2810 solvatur,
1402 2751 1614 2813 repetat
1655 2742 2039 2798 Alexandriam

454 2828 715 2903 Cyrillus,
753 2831 1008 2886 Memnon
1037 2833 1242 2902 Ephesi
1266 2842 1506 2889 maneat.
1569 2834 1722 2890 Scire
1759 2849 1892 2889 vero
1928 2834 2042 2904 pie-

460 2928 628 2977 tatem
665 2932 906 2978 vestram
941 2925 1219 2991 volumus,
1259 2942 1360 2982 nos
1412 2925 1656 2996 quandiu
1696 2924 1897 2980 victuri
1946 2941 2038 2978 su-

2133 449 2362 504 locustas
2380 448 2405 487 ιι
2427 467 2439 502 :
2463 457 2516 503 et
2533 448 2681 504 hunc
2704 447 2797 517 qui
2816 445 3180 502 omniaverbo
3195 442 3348 505 fecit,
3373 439 3594 494 etdedit
3624 439 3712 494 his

2130 556 2252 610 qua:
2274 556 2385 594 non
2432 549 2611 602 erant,
2671 550 2730 594 ut
2781 547 2985 604 essent,
3035 537 3152 592 sola
3179 535 3462 590 voluntate
3494 551 3508 586 :
3537 533 3711 603 'qu'asi

2130 632 2334 688 oblitus
2356 632 2552 686 horum
2570 631 2839 695 omnium,
2860 627 3208 700 passionibus
3233 626 3533 682 obnoxium
3553 623 3714 691 facis,

2130 735 2187 780 et
2223 725 2400 796 legem
2422 723 2604 795 ponis,
2637 731 2699 777 ut
2726 722 2989 777 adoretur
3016 721 3163 775 Deus
3192 716 3492 789 passibilis,
3524 736 3542 768 ι
3565 724 3676 772 etc.

2201 817 2442 872 Joannes
2499 830 2652 869 more
2682 812 2977 885 pmsidum
3018 810 3234 880 excepit
3265 808 3600 863 Theodoreti
3635 809 3716 863 lo-

2132 909 2357 978 quentis
2389 920 2700 962 sermonem
2733 903 2800 969 ",
2825 902 3072 972 dixitque
3119 900 3380 955 seditiose
3421 901 3630 970 pariter
3658 910 3716 956 et

2133 1000 2472 1056 adulatorie:
2533 997 2793 1052 laudibus
2842 997 2990 1051 enim
3020 994 3204 1049 affecit
3231 993 3470 1048 Nestorii
3524 991 3712 1057 ﬁdem,

2134 1108 2299 1162 quam
2355 1099 2412 1147 et
2454 1089 2729 1160 exposuit,
2775 1096 2832 1143 et
2882 1101 2913 1141 a
2951 1084 3190 1156 populis,
3240 1097 3380 1153 quos
3427 1091 3554 1136 ante
3580 1080 3717 1135 fide-

2135 1183 2236 1247 les,
2261 1197 2410 1238 nunc
2445 1181 2788 1238 confessores
2807 1178 2978 1234 fuisse
3016 1177 3114 1242 ait,
3156 1175 3530 1238 retinendam,
3564 1172 3718 1229 velut

2137 1275 2451 1348 depositum
2473 1283 2766 1345 paternum
2801 1288 2832 1328 a
2859 1270 3008 1336 filiis,
3039 1268 3339 1325 mandavit.
3378 1287 3394 1319 ε
3414 1268 3586 1323 Nemo
3622 1266 3718 1322 de-

2138 1367 2440 1439 praedetur,
2476 1366 2785 1437 inquiebat,
2853 1365 3166 1436 depositum
3197 1371 3462 1427 vestrum,
3517 1377 3719 1432 nempe

2137 1459 2455 1530 dogmatum
2493 1458 2884 1513 certitudinem
2917 1475 2929 1509 :
2977 1471 3140 1511 nemo
3172 1454 3500 1526 persuadeat
3546 1453 3720 1508 Deum

2138 1564 2259 1605 esse
2286 1549 2624 1620 passibilem,
2653 1564 2833 1618 neque
2861 1547 3110 1618 corporis
3136 1555 3192 1602 et
3220 1545 3524 1601 divinitatis
3553 1560 3720 1599 unam

2141 1661 2263 1704 esse
2295 1656 2570 1709 naturam,
2595 1663 2612 1696 ι
2652 1651 2760 1698 etc.

2211 1739 2456 1808 Uterque
2511 1744 2719 1800 autem,
2778 1751 2902 1790 cum
2929 1737 2984 1790 in
3034 1734 3087 1788 id
3125 1733 3361 1788 maxime
3419 1731 3719 1797 invehitur,

2140 1831 2286 1903 quod
2315 1846 2346 1885 a
2378 1829 2679 1885 Catholicis
2712 1829 2858 1883 Deus
2893 1842 3088 1897 passus
3132 1826 3447 1888 diceretur,
3495 1823 3724 1878 demon-

2141 1932 2281 1978 strat
2311 1921 2542 1990 liquido,
2575 1920 2716 1974 hanc
2735 1918 3036 1983 exstitisse,
3062 1928 3187 1988 post
3212 1917 3518 1972 orationem
3549 1931 3720 1986 pane-

2140 2014 2378 2086 gyricam
2399 2012 2602 2077 Procli,
2648 2009 3019 2080 proponendaa
3075 2007 3395 2078 quaestionis
3443 2007 3719 2077 vulgarem

2140 2104 2414 2158 formam:
2453 2103 2556 2167 An,
2580 2100 2675 2171 qui
2711 2115 2904 2171 passus
2929 2109 3014 2154 est
3039 2115 3142 2169 pro
3198 2098 3380 2162 nobis,
3417 2098 3488 2152 sit
3540 2099 3717 2152 Deus:

2140 2195 2228 2251 vel
2251 2194 2578 2265 simplicius,
2610 2192 2691 2248 An
2724 2208 2920 2263 passus
2948 2192 3021 2246 sit
3050 2191 3232 2246 Deus?
3272 2191 3498 2245 Interim
3552 2191 3723 2259 partis

2142 2288 2428 2343 catholicae
2467 2285 2753 2356 praesules,
2807 2286 2901 2354 qui
2936 2285 2989 2338 in
3025 2284 3217 2338 urbem
3251 2283 3457 2354 regiam
3492 2281 3723 2336 honori-

2143 2381 2244 2435 fice
2271 2380 2486 2450 excepti
2537 2378 2778 2442 fuerant,
2815 2377 3003 2432 habita
3045 2376 3114 2430 de
3162 2392 3316 2431 more
3373 2375 3605 2445 synodo,
3653 2373 3723 2427 ad

2142 2488 2306 2543 quam
2357 2470 2538 2527 vocati
2599 2479 2731 2525 sunt
2797 2469 3164 2539 metropoliue
3220 2467 3339 2533 sedi
3401 2466 3724 2522 Constanti-

2143 2564 2478 2636 nopolitanae
2523 2562 2770 2627 obnoxii,
2821 2561 3209 2616 Maximianum
3259 2559 3513 2614 Nestorio
3557 2557 3724 2612 suﬂ'e-

2143 2662 2359 2718 cerunt,
2397 2652 2672 2722 simulque
2704 2649 3082 2720 metmpolitas
3111 2657 3368 2718 quatuor,
3409 2657 3727 2726 aspernatos

2145 2745 2468 2809 convenire,
2527 2745 2597 2800 de
2645 2759 2744 2798 sua
2805 2741 2938 2798 sede
2993 2741 3338 2814 dejecerunt,
3402 2738 3727 2794 melioribus

2146 2837 2483 2894 substitutis.

2219 2931 2357 2983 Dum
2386 2927 2735 2983 Chalcedone
2765 2927 2820 2981 in
2853 2925 3135 2981 Orientem
3163 2925 3406 2996 episcopi
3449 2925 3517 2978 ab
3553 2925 3728 2994 impe-

457 3027 602 3078 mus,
652 3027 761 3068 non
812 3031 973 3086 posse
1025 3015 1334 3072 Orientales
1384 3017 1689 3073 damnare:
1734 3032 1856 3072 cum
1895 3017 2040 3072 enim
2071 3033 2112 3090 ς,
2151 3029 2332 3076 ratore
2385 3017 2599 3073 dimissi
2662 3024 2966 3082 revertunt,
3020 3015 3174 3071 Tarsi
3224 3015 3281 3070 in
3344 3015 3479 3069 urbe
3521 3014 3731 3070 Ciliciae

457 3117 622 3157 nemo
647 3120 771 3158 cum
806 3105 943 3175 ipsis
972 3105 1253 3177 disputare
1278 3107 1540 3174 voluerit,
1569 3109 1623 3162 in
1679 3109 1833 3164 nullo
1859 3123 2042 3164 coram

457 3195 620 3252 nobis
644 3199 878 3254 convicti
910 3209 1057 3254 sunt.
1086 3220 1102 3251 ι

532 3288 911 3345 Thcodoretus
942 3307 1106 3361 porro
1143 3292 1520 3358 discessurus,
1559 3293 1905 3350 Chalcedone
1954 3311 2046 3348 su-

458 3395 712 3450 premum
740 3381 931 3435 habuit
964 3383 1028 3436 ad
1058 3383 1295 3438 Nestorii
1323 3386 1599 3440 studiosos
1628 3401 1936 3440 sermonem
1961 3385 2041 3450 ⁸⁸;

459 3482 647 3542 spreto
700 3473 775 3526 illi
806 3473 1156 3541 Propontidis
1204 3475 1483 3540 aestuario,
1540 3475 1803 3530 confertis
1850 3476 2046 3532 lembis

459 3563 788 3631 appulerant
825 3563 1152 3618 valedicturi
1214 3565 1598 3622 defensoribus
1644 3567 1729 3622 sui
1790 3569 2044 3638 pastoris.

462 3653 832 3724 ultimumque
898 3655 1142 3711 audituri
1179 3657 1612 3726 Theodoretum,
1655 3661 1814 3732 cujus
1851 3678 2044 3719 vocem

461 3744 799 3821 Nestorianae
844 3746 1138 3819 imaginem
1183 3751 1474 3807 vocabant.
1504 3752 1600 3809 llle
1644 3754 1854 3812 Joanne
1887 3757 2044 3828 162

463 3835 791 3907 prmsidente
840 3840 1162 3896 concionem
1213 3842 1430 3910 habuit,
1487 3859 1590 3914 pro
1647 3861 1756 3916 qua
1804 3847 2047 3904 laudavit

459 3927 776 3986 Nestorium
809 3934 968 4003 quasi
994 3942 1383 4006 martyrem,et
1407 3936 1778 3994 debacchatus
1805 3948 1890 3995 est
1941 3941 2045 3996 im-

464 4031 716 4090 potenter
767 4024 823 4077 in
847 4024 1037 4080 Patres
1094 4026 1425 4096 Ephesinos,
1469 4027 1622 4082 velut
1667 4028 1725 4084 in
1758 4039 2043 4102 tyrannos.

461 4117 607 4171 Nihil
643 4133 807 4188 porro
836 4118 940 4174 hac
954 4119 1200 4174 oratione
1226 4119 1582 4176 artificiosius
1604 4120 1672 4175 ad
1697 4137 2048 4179 commoven-

463 4211 563 4262 dos
597 4208 784 4277 populi
812 4208 1048 4274 animos,
1079 4209 1193 4264 sive
1227 4209 1467 4280 pastoris
1496 4211 1907 4280 misericordia,
1931 4215 2047 4270 sive

464 4301 682 4355 Patrum
713 4299 1117 4370 Ephesinorum
1146 4300 1306 4367 odio;
1351 4301 1490 4357 nihil
1538 4303 1948 4374 imprudentius
1988 4306 2044 4361 in

2139 3111 2340 3182 prima:
2376 3107 2632 3163 nuntium
2680 3107 2749 3162 de
2795 3114 3034 3176 quatuor
3074 3104 3461 3176 episcoporum
3508 3103 3734 3174 deposi-

2149 3207 2318 3268 tione,
2354 3201 2832 3271 Constantinopoli
2861 3199 3003 3255 facta
3028 3209 3396 3269 acceperunt:
3421 3214 3542 3268 qua:
3565 3211 3732 3253 causa

2148 3297 2252 3353 fuit
2274 3294 2632 3359 subsistendi,
2668 3293 2963 3356 retinente,
2988 3299 3049 3345 ut
3075 3290 3320 3355 videtur,
3344 3288 3592 3344 llelladio
3621 3287 3728 3342 loci

2147 3387 2415 3451 antistite,
2456 3394 2512 3442 et
2532 3394 2814 3456 satagente
2855 3399 2926 3439 ne
2947 3383 3065 3454 qui,
3100 3383 3172 3438 ob
3194 3382 3448 3438 defensas
3489 3381 3728 3436 Nestorii

2149 3490 2332 3552 partes
2359 3493 2711 3535 communem
2745 3475 2954 3532 cladem
2975 3491 3171 3546 passus
3195 3474 3392 3538 fuerat,
3424 3474 3492 3528 ab
3532 3473 3599 3527 iis
3629 3473 3729 3527 de-

2149 3582 2451 3635 sereretur,
2486 3571 2580 3641 qui
2607 3570 2806 3625 factam
2833 3568 3088 3623 Nestorio
3126 3567 3384 3638 ipjuriam
3427 3567 3570 3620 ferre
3617 3581 3730 3619 non

2148 3672 2396 3737 possent.
2435 3662 2632 3717 Habita
2667 3660 2836 3732 igitur
2855 3667 2941 3715 est
2961 3659 3322 3714 tumultuaria
3343 3659 3592 3728 quaedam
3636 3673 3729 3728 sy-
3818 3671 3824 3674 ·

2149 3755 2330 3811 nodus
2388 3754 2442 3808 in
2491 3752 2647 3824 163
2705 3751 2884 3807 aliena
2931 3751 3182 3816 dimcesi,
3229 3752 3571 3821 coniuratum
3627 3765 3730 3820 pro

2149 3844 2428 3909 Helladio,
2464 3843 2750 3912 tribusque
2781 3841 3154 3906 consortibus,
3193 3849 3417 3896 cautum
3477 3839 3604 3894 dato
3643 3855 3731 3894 sa-

2147 3945 2454 4002 cramento,
2493 3951 2560 3990 ne
2592 3935 2718 4004 quis
2741 3935 2787 3967 ⁸⁰
2818 3933 2874 3988 in
2894 3933 3134 3988 Nestorii
3167 3932 3588 4002 depositionem,
3638 3946 3732 3985 or-

2150 4029 2490 4086 dinationem
2550 4025 2886 4092 Maximiani,
2949 4025 3156 4097 Cyrilli,
3196 4023 3630 4093 Memnonisque,
3673 4031 3733 4078 et

2149 4123 2387 4179 aliorum
2407 4121 2818 4192 episcoporum,
2873 4117 2968 4188 qui
3025 4115 3338 4172 Nestorium
3391 4114 3728 4185 dejecerant,

2149 4213 2524 4284 receptionem
2552 4211 2912 4267 consentiret.

2218 4304 2312 4359 XI.
2352 4301 2605 4358 Reditum
2639 4311 2726 4357 est
2762 4300 3132 4365 Antiochiam,
3155 4315 3265 4370 quo
3290 4307 3536 4368 tempore
3567 4312 3734 4370 syno-

468 4406 579 4449 rem
602 4407 793 4446 suam:
829 4409 954 4447 nam
1000 4393 1272 4449 adulando
1304 4394 1544 4450 Nestorii
1583 4371 1853 4463 sectariis,
1870 4398 2040 4454 Deum
2076 4371 2125 4432 θ
2151 4396 2256 4451 dus
2287 4393 2619 4449 autumnalis
2650 4391 2842 4446 haberi
2879 4390 3089 4445 debuit.
3118 4389 3500 4445 'l‘heodoretus
3529 4403 3735 4457 oppor-

469 4497 685 4550 passum
715 4499 839 4539 cum
899 4494 1141 4556 negaret,
1179 4485 1422 4556 seipsum
1448 4486 1694 4557 prodidit
1745 4489 2045 4559 impietatis

466 4573 698 4628 socium.
739 4575 1001 4646 «Pagani,
1043 4596 1060 4627 ο
1097 4575 1296 4647 inquit,
1344 4593 1608 4634 conversa
1667 4580 1734 4634 ad
1777 4581 2044 4654 Cyrillum

462 4666 734 4732 oratione,
763 4686 780 4717 ε
803 4667 950 4738 ligna
971 4667 1252 4738 etlapides
1269 4676 1611 4737 venerantes,
1634 4679 1693 4724 ut
1716 4671 2046 4729 immortalia

461 4751 556 4811 illa
589 4757 831 4812 salutant
858 4776 870 4811 ε
898 4767 954 4812 ιιι
985 4767 1170 4812 autem
1201 4759 1308 4814 illis
1351 4761 1674 4831 praedicans,
1698 4779 1762 4817 ea
1794 4765 2046 4820 venerari

463 4860 573 4899 non
594 4844 817 4910 debere,
854 4845 948 4901 sed
980 4847 1156 4902 solum
1185 4861 1377 4901 verum
1406 4849 1599 4912 Deum,
1637 4853 1726 4920 qui
1777 4854 2045 4908 constituit

465 4946 664 5022 montes
686 4938 742 4992 in
761 4947 989 5003 statera,
1011 4945 1062 4991 et
1095 4936 1257 4992 silvas
1285 4939 1340 4992 in
1359 4938 1516 5003 libra,
1537 4949 1583 4991 et
1614 4942 1829 4994 metitur
1881 4960 2044 4998 manu

462 5044 683 5099 aquam,
715 5038 765 5083 et
793 5029 980 5084 caelum
999 5029 1200 5100 palmo,
1233 5038 1281 5083 et
1305 5047 1510 5084 omnem
1538 5041 1738 5086 terram
1766 5035 1963 5105 pugillo
1995 5037 2041 5102 i;

461 5121 556 5190 qui
600 5123 867 5176 constituit
893 5123 1080 5178 coelum
1106 5124 1258 5194 quasi
1271 5141 1560 5189 cameram,
1591 5126 1679 5195 qui
1701 5128 1928 5180 continet
1955 5146 2042 5182 ro-

538 5233 552 5282 i
589 5233 691 5287 lsa.
737 5250 824 5298 η,
860 5235 943 5288 12.
1020 5235 1045 5274 ιι
1071 5235 1206 5290 ibid.
1235 5235 1324 5289 22.

2151 4484 2444 4540 tunitatem
2477 4489 2691 4545 nactus,
2731 4479 2948 4544 Joanni,
2995 4479 3316 4549 caeterisque
3359 4477 3732 4533 Orientalibus

2152 4585 2345 4632 auctor
2367 4573 2492 4635 fuit,
2533 4582 2614 4636 ut,
2651 4571 2799 4641 quod
2827 4571 2988 4641 legati
3030 4570 3378 4626 Chalcedone
3404 4577 3732 4635 statuerant,

2153 4667 2411 4740 quodque
2431 4663 2588 4719 Tarsi
2609 4663 2663 4716 in
2687 4662 2772 4716 via
2794 4661 3178 4717 confirmatum
3208 4663 3367 4725 erat‘,
3400 4660 3455 4715 id
3483 4659 3735 4732 synodali

2156 4758 2428 4815 sententia
2480 4756 2646 4810 totius
2673 4754 2929 4810 dioecesis
2957 4755 3026 4807 ab
3052 4754 3118 4808 iis
3154 4769 3374 4823 quoque
3401 4753 3733 4818 sanciretur,

2155 4851 2270 4906 sive
2296 4849 2388 4920 qui
2418 4846 2764 4902 Antiochiam
2792 4862 2849 4900 se
2873 4845 3090 4915 Epheso
3114 4845 3480 4910 contulerant,
3505 4843 3620 4898 sive
3637 4842 3736 4912 qui

2155 4951 2400 5012 tempore
2459 4939 2651 5012 synodi
2710 4938 2764 4991 in
2813 4936 3038 4992 Oriente
3079 4937 3464 4991 substiterant.
3511 4933 3568 4989 Id
3599 4949 3736 4990 vero

2152 5036 2357 5090 factum
2388 5031 2722 5087 Theodoreti
2762 5030 3022 5100 impulsu,
3052 5039 3107 5084 ct
3135 5031 3252 5100 ipse
3285 5028 3580 5099 aliquando
3607 5041 3738 5098 pro-

2153 5129 2296 5183 didit
2321 5128 2391 5189 “,
2420 5135 2477 5179 et
2519 5125 2714 5179 suadet
2745 5133 2933 5192 aperta
2976 5123 3137 5177 ratio.
3173 5122 3308 5177 Nam
3343 5137 3446 5176 cur
3487 5119 3735 5190 alioquin

1808 5332 2126 5400 SCHULZII
2169 5333 2398 5392 NOTAE.

529 5419 574 5500 δέ
605 5418 837 5500 Litteris:
867 5417 982 5500 llas
1008 5420 1156 5487 vide,
1184 5429 1223 5475 t.
1255 5422 1351 5500 1!,
1377 5439 1430 5492 p.
1465 5423 1606 5500 1537
1635 5438 1764 5500 seq._
1799 5425 1874 5500 _"
1896 5427 2220 5500 Manifesta,
2254 5436 2359 5482 etc.
2388 5422 3046 5500 'Ea_mdem_sentent_i_am
3103 5433 3292 5480 tuetur
3321 5422 3638 5500 Carnerius
3677 5421 3736 5500 in

466 5487 589 5570 lict.
623 5488 689 5570 ad
727 5488 1051 5570 Epist.olam,
1090 5507 1254 5570 quam
1289 5487 1674 5570 Tlieodorctus
1700 5487 1766 5550 ad
1799 5496 2002 5552 Rufum
2033 5487 2324 5570 scripsisse
2386 5495 2607 5550 dicitur.
2659 5491 2958 5570 Theodosii
2998 5492 3232 5570 .Sacram
3284 5494 3407 5548 vide
3462 5493 3625 5556 infra,
3679 5492 3735 5547 in

461 5559 595 5631 diss.
628 5560 683 5623 5,
735 5567 858 5628 post
894 5561 1057 5631 epist.
1109 5559 1209 5616 ΞΑ.

469 5704 625 5771 cpist.
662 5699 778 5756 112.

495 5562 595 5652 Liss.
626 5562 871 5652 §,_ppst
894 5562 1057 5652 epist.
1288 5562 1332 5594 “
1359 5562 1671 5652 Sept-cntum
1689 5583 2102 5652 :_sermqnem.
2139 5562 2481 5652 Yidensupra,
2512 5579 2636 5652 pag:
2792 5563 3053 5652 seqq":
3060 5564 3323 5652 imm-ue:
3325 5579 3732 5652 ——'f¢:i.'m011f.njl.

464 5627 893 5708 \’id.supra,p.
931 5627 1066 5687 ’110.
1145 5632 1291 5688 "Nc
1352 5627 1487 5704 quis,
1525 5644 1627 5690 etc.
1689 5636 1810 5690 Vid.
1881 5639 2038 5708 epist.
2108 5639 2176 5692 ad
2243 5627 2650 5701 Himeriun'tft.
2709 5633 2796 5697 IV,
2849 5627 3109 5705 1558.

3203 5638 3242 5668 ³³
3275 5635 3535 5690 Prodidit.
3609 5633 3734 5687 Vid.
