4060 6180
302 271 389 332 Il'I
1215 262 1218 264 ’
1468 268 1835 332 HISTORIA
1873 268 2383 330 TIIEODOIIETI.

3455 266 3554 333 118

301 389 476 447 postea
510 375 841 430 sententiam
890 377 1090 433 mutari
1131 386 1240 434 tam
1269 395 1410 452 aegre
1446 381 1681 444 tulisset,
1706 394 1870 448 quam
1901 384 1943 441 Α
1975 378 2320 437 Antiochiam
2341 382 2386 412 ⁸⁸
2415 380 2645 436 accessit
2669 379 2976 436 Aristolaus
3018 379 3274 434 tribunus
3297 377 3550 434 deferens

304 472 484 524 littera:
506 467 572 522 ad
596 466 873 522 Andream
901 467 1322 526 Samosatenum
1340 472 1385 502 "
1410 471 1638 526 dicunt?
1661 470 1871 536 Quanta

302 579 423 618 vero
457 560 574 614 haec
603 559 771 614 animi
804 560 1110 630 aegritudo?
1147 581 1165 613 ι
1189 563 1510 618 Nullatenus
1530 563 1872 632 acquiescam

300 654 349 705 in
369 653 780 708 damnationem
831 653 1039 708 domini
1091 655 1195 708 mei
1225 655 1554 709 sanctissimi
1607 663 1660 708 et
1706 669 1872 706 vene-

303 743 448 796 randi
477 742 718 798 Nestorii
769 742 1053 812 episcopi,
1091 744 1336 812 praebere
1383 759 1733 805 consensum,
1775 756 1876 796 nec

301 835 499 890 violare
551 851 901 890 communem
940 836 1382 906 promissionem,
1433 853 1553 906 qua:
1591 836 1643 889 in
1681 834 1874 897 Tarso,

299 938 343 979 el
365 925 738 990 Chalcedone,
776 942 840 981 ac
883 926 1082 997 Ephesi
1134 927 1275 982 facta
1297 938 1412 991 est;
1473 927 1694 980 tuemini
1729 926 1874 980 enim

303 1032 485 1071 eorum
521 1033 644 1086 quae
676 1034 856 1087 nuper
880 1018 1026 1087 apud
1054 1018 1426 1082 Antiochiam,
1456 1027 1579 1087 post
1629 1026 1875 1071 nostrum

302 1121 630 1176 regressum,
653 1124 683 1161 a
713 1108 874 1163 nobis
893 1123 1037 1178 sepe
1063 1109 1389 1178 deprompta
1422 1120 1576 1173 sunt,
1621 1129 1636 1160 ι
1677 1118 1783 1163 etc.

367 1193 484 1248 XII.
518 1195 708 1266 Neque
737 1206 920 1251 tamen
947 1213 1012 1252 eo
1028 1207 1320 1253 contentus
1351 1198 1474 1263 fuit,
1505 1199 1600 1254 sed
1628 1199 1879 1268 prorupit

306 1288 405 1340 huc
438 1302 616 1356 usque
663 1287 1018 1357 impotentiae,
1060 1297 1140 1353 ut,
1187 1291 1333 1360 quod
1388 1291 1555 1345 tradit
1583 1291 1629 1322 ⁵³
1678 1291 1879 1345 Marius

304 1377 588 1442 Mercator,
630 1396 648 1428 ι
683 1378 930 1448 quinque
952 1379 1122 1433 libros
1147 1378 1412 1434 adversus
1445 1380 1667 1434 beatum
1701 1377 1879 1451 Cyril-

306 1469 410 1522 lum
443 1468 837 1523 Alexandrina:
880 1470 1118 1525 civitatis
1149 1471 1478 1534 antistitem,
1517 1479 1878 1540 sanctumque

307 1559 599 1614 concilium
633 1560 972 1628 Ephesinum
1032 1577 1061 1615 a
1110 1578 1221 1632 quo
1259 1562 1546 1617 Nestorius
1592 1562 1881 1617 damnatus

1977 470 2272 527 Theodosii
2291 472 2356 526 ad
2380 473 2644 530 Joannem
2675 475 2881 544 pariter
2903 489 2964 528 ac
2985 471 3250 543 Cyrillum
3275 471 3550 532 mandata,

1979 570 2038 613 ut
2067 562 2146 613 vel
2186 571 2381 630 sponte
2408 563 2790 630 convenirent,
2812 579 3114 633 pacemque
3133 563 3399 618 Ecclesiis
3428 561 3552 616 red-

1978 651 2206 717 derent;
2245 654 2326 707 vel
2362 653 2737 708 Nicomediam
2769 653 3043 718 venirent,
3079 668 3189 707 non
3224 653 3376 723 prius
3426 653 3554 706 inde

1979 745 2274 809 recessuri,
2305 762 2468 814 quam
2502 746 2854 802 concordiam
2892 746 3164 801 iniissent.

2049 835 2113 888 ll.
2149 835 2590 907 Habuit"super
2611 853 2674 892 ea
2702 853 2758 892 re
2777 838 3017 893 Joannes
3036 837 3325 892 concilium
3353 839 3555 892 I39.er

1978 923 2122 992 apud
2178 924 2460 990 Acacium,
2484 928 2570 980 cui
2603 943 2712 981 non
2748 927 3000 982 interfuit
3042 928 3444 989 Theodoretus,
3467 944 3555 982 sa-

1983 1015 2052 1069 tis
2101 1016 2444 1085 prospiciens
2475 1033 2637 1087 quem
2690 1034 2778 1072 res
2823 1019 3031 1074 exitum
3086 1027 3230 1072 esset
3278 1018 3554 1071 habitura.

1979 1108 2216 1162 Noverat
2245 1109 2392 1162 enim
2443 1109 2704 1174 indolem,
2723 1118 2848 1164 tum
2875 1110 3124 1172 Joannis,
3151 1108 3554 1170 moderatioris,

1980 1213 2142 1266 quam
2169 1206 2414 1266 optaret;
2450 1209 2564 1254 tum
2593 1199 2797 1262 Acacii,
2827 1198 3036 1253 servire
3073 1198 3306 1268 tempori
3336 1198 3554 1268 jamdu-

1981 1290 2112 1344 dum
2162 1290 2322 1359 periti
2352 1308 2364 1344 :
2417 1300 2645 1346 noverat
2679 1291 2844 1345 etiam
2881 1291 3168 1359 utriusque
3194 1290 3555 1349 voluntatem.

1981 1397 2086 1451 qua
2113 1382 2338 1436 mallent
2356 1383 2668 1436 consentire
2697 1383 2936 1438 Nestorii
2959 1381 3308 1451 depositioni,
3336 1381 3560 1435 damna-

1983 1475 2118 1528 tioni
2170 1474 2510 1544 dogmatum,
2560 1475 2872 1528 Maximiani
2928 1472 3284 1535 ordinationi,
3346 1473 3456 1526 imo
3503 1479 3558 1525 et

1982 1563 2168 1636 Cyl-illi
2201 1564 2529 1634 receptioni,
2574 1579 2738 1632 quam
2775 1564 2860 1616 vel
2891 1563 3086 1618 leviter
3109 1562 3176 1616 de
3209 1562 3380 1632 gratia
3405 1562 3558 1630 prin-

309 1660 406 1714 est,
430 1650 652 1705 diabolo
680 1652 972 1722 instigante
1007 1654 1400 1708 conscriberet.
1435 1673 1454 1705 δ
1479 1653 1658 1724 Atque
1687 1654 1722 1708 ii
1753 1661 1880 1707 sunt
1910 1677 1956 1734 Β
1983 1655 2119 1725 cipis
2155 1653 2479 1724 periclitari.

309 1742 454 1805 libri,
487 1742 694 1812 quibus
731 1743 922 1812 quinta
959 1745 1223 1815 synodus,
1249 1755 1304 1799 et
1333 1754 1555 1799 sanctus
1581 1744 1878 1816 Gregorius

305 1833 528 1904 Magnus
574 1834 735 1888 ﬁdem
795 1835 1156 1896 catholicam,
1219 1836 1566 1906 Nicephorus
1625 1836 1881 1892 Callistus

305 1927 523 1980 tertiam
559 1926 827 1996 synodum
882 1927 1253 1999 impugnatam
1286 1930 1472 1983 tradit.
1513 1930 1740 1985 Miretur
1780 1944 1880 1983 au-

306 2028 416 2072 tem
460 2032 627 2072 nemo
675 2017 993 2073 Mereatoris
1020 2018 1228 2074 dictum
1271 2019 1338 2074 de
1371 2020 1530 2076 libris
1587 2019 1882 2091 instigante

303 2109 530 2164 diabolo
570 2110 940 2180 conscriptis:
990 2111 1127 2166 nihil
1175 2111 1322 2166 enim
1373 2112 1506 2182 ipsis
1556 2113 1737 2182 potuit
1789 2122 1884 2168 aut

304 2201 706 2256 amarulentius
733 2202 899 2256 scribi
932 2211 1026 2256 aut
1071 2203 1468 2258 calumniosius
1487 2202 1596 2258 dici
1620 2202 1885 2258 adversus

302 2293 492 2347 Patres
519 2292 1115 2362 Ephesinos.cTantum
1144 2293 1318 2348 valuit
1351 2293 1576 2358 invidia,
1609 2294 1788 2364 inquit
1812 2293 1880 2359 ",

300 2386 390 2438 cui
417 2401 517 2439 vos
534 2385 709 2438 manci
719 2385 906 2454 pastis,
928 2394 988 2439 ut
1003 2402 1125 2456 qute
1141 2386 1270 2440 olim
1295 2401 1392 2456 per
1417 2401 1589 2441 unum
1611 2393 1706 2440 aut
1720 2385 1881 2448 duos,

302 2486 358 2530 et
387 2477 490 2530 hos
519 2476 776 2535 latentes.
813 2475 1146 2546 Apollinaris
1179 2477 1529 2547 loquebatur,
1579 2477 1696 2532 hac
1739 2492 1887 2532 nunc

301 2583 401 2636 per
421 2567 626 2623 multos
654 2568 912 2622 Ecclesiae
935 2569 1195 2639 prmsules
1227 2570 1744 2641 congregationibus
1777 2569 1884 2624 Ec-

300 2658 595 2713 clesiarum
632 2661 805 2713 sacris
843 2660 1124 2723 exhibeat,
1164 2668 1223 2715 et
1257 2662 1392 2716 tales
1424 2660 1609 2716 herbae
1655 2677 1753 2731 per
1787 2676 1887 2730 pa-

299 2758 480 2804 stores
530 2751 789 2821 gregibus
831 2752 1162 2818 oil‘erantur,
1218 2754 1584 2824 luporumque
1648 2770 1884 2817 morsus,

303 2851 584 2896 rectorum
611 2843 937 2908 ministerio,
995 2844 1357 2900 rationalibus
1401 2845 1598 2901 ovibus
1633 2845 1885 2915 infligan—

301 2946 418 3000 tur;
454 2937 552 3006 qui
584 2937 639 2991 in
662 2937 880 2992 duabus
908 2947 1003 2992 aut
1027 2941 1204 2995 tribus
1231 2940 1550 2994 civitatibus
1579 2949 1734 2995 extra
1766 2955 1887 2993 mu-

2053 1748 2142 1803 lll.
2172 1747 2414 1802 Dederat
2442 1747 2742 1815 imperator
2763 1744 2914 1814 pacis
2931 1743 3100 1813 leges,
3135 1743 3361 1813 Cyrillo,
3385 1751 3444 1794 ut
3463 1756 3560 1810 par

1980 1847 2118 1902 erat,
2179 1836 2534 1902 honorifieas,
2594 1836 2788 1891 Joanni
2847 1835 3035 1889 duras.
3097 1835 3361 1888 Joannem
3409 1833 3556 1886 enirn

1978 1931 2204 2002 iubebat
2242 1929 2478 1983 Nestorii
2529 1928 2723 1997 dogma
2752 1926 3038 1986 damnare,
3067 1926 3295 1994 ejusque
3337 1923 3556 1992 deposi-

1985 2022 2188 2076 tionem
2236 2021 2442 2089 scripto
2487 2019 2753 2088 probare;
2787 2016 3052 2088 Cyrillum
3093 2017 3331 2085 privatas
3380 2015 3558 2068 offen-

1983 2113 2167 2168 siones
2195 2111 2493 2181 deponere,
2523 2118 2578 2162 et
2605 2126 2727 2178 quae
2770 2123 2964 2178 passus
2989 2115 3133 2160 esset
3180 2106 3401 2175 Ephesi,
3434 2105 3561 2158 cha-

1984 2204 2164 2258 ritatis
2197 2219 2364 2258 causa
2389 2201 2665 2256 oblivisci.

2056 2296 2144 2350 IV.
2177 2295 2389 2349 Placuit
2418 2292 2782 2348 Orientalium
2812 2291 3048 2345 concilio
3069 2291 3320 2359 accipere
3349 2289 3562 2343 oblatas

1985 2386 2352 2448 conditiones,
2399 2401 2467 2440 ne
2501 2400 2608 2454 qua
2647 2385 2858 2438 ratione
2891 2383 3268 2438 offenderetur
3299 2380 3564 2451 principis

1986 2477 2238 2542 animus;
2277 2477 2371 2531 sed
2412 2492 2480 2530 ne
2530 2491 2694 2530 causa
2742 2475 3009 2530 cecidisse
3038 2473 3194 2544 165
3218 2473 3562 2532 viderentur,

1988 2569 2309 2625 tentandum
2341 2568 2536 2622 callide
2587 2567 2872 2638 Cyrillum,
2932 2567 2976 2622 si
3008 2581 3115 2636 qua
3148 2565 3337 2619 fraude
3384 2571 3566 2635 posset

1989 2663 2055 2718 ad
2085 2661 2136 2716 id
2175 2660 2444 2731 agendum
2476 2659 2699 2723 adduci,
2725 2675 2835 2729 quo
2871 2657 3213 2719 crederetur,
3243 2653 3566 2724 paenitentia

1987 2755 2186 2811 ductus
2221 2763 2460 2808 mutasse
2481 2752 2831 2814 sententiam,
2884 2748 3304 2817 retractatisque
3327 2746 3444 2800 sive
3471 2760 3565 2800 ca-

1987 2847 2200 2918 pitulis,
2232 2846 2348 2902 sive
2399 2844 2642 2913 scriptis,
2676 2844 2730 2896 in
2759 2850 2946 2913 partes
2971 2839 3333 2896 Orientalium
3384 2848 3566 2891 trans-

1991 2939 2144 2995 iisse.
2194 2938 2391 2992 Missus
2435 2945 2522 2990 est
2567 2935 2734 3006 igitur
2788 2950 2853 2987 ex
2908 2931 3145 2987 concilio
3179 2928 3566 2984 Alexandriam

301 3044 491 3082 rerum
529 3037 704 3097 septa,
726 3043 930 3098 paucos
948 3031 1352 3100 alloquebatur,
1376 3046 1516 3100 quos
1531 3030 1696 3084 etiam
1723 3030 1889 3084 variis
1914 3008 1958 3066 (ἶ
1992 3029 2196 3085 Paulus
2244 3028 2568 3088 Emesenus,
2603 3025 2696 3093 qui
2739 3023 2906 3077 variis
2957 3021 3172 3074 artibus
3211 3026 3446 3072 conatus
3483 3025 3570 3071 est

301 3120 534 3174 canticis
568 3119 888 3182 sedm-ebat,
923 3137 1072 3174 nunc
1101 3121 1202 3177 iste
1223 3137 1320 3190 per
1353 3137 1450 3176 vos
1477 3121 1531 3175 in
1563 3120 1760 3175 mediis
1795 3121 1893 3174 tri-

303 3205 501 3275 pudiat
533 3206 792 3260 urbibus:
812 3208 932 3274 ejus
953 3207 1099 3261 enim
1130 3208 1287 3279 165
1313 3209 1628 3277 przedicatis
1648 3223 1888 3273 errores,

301 3305 359 3349 et
393 3312 592 3350 vocum
623 3297 962 3352 novitatibus
1010 3299 1373 3364 decoramini,
1408 3309 1727 3369 reparantes
1775 3300 1894 3370 ejus

302 3387 728 3457 blasphemiam,
777 3405 900 3458 quze
930 3391 1040 3460 jam
1063 3391 1241 3445 fuerat
1269 3399 1594 3461 consumpta
1625 3391 1891 3462 tempori-

304 3477 462 3532 bus.»
509 3477 644 3544 Quis
676 3479 865 3533 credat
922 3481 992 3534 ab
1041 3481 1262 3535 homine
1318 3497 1426 3536 non
1472 3490 1668 3537 emotae
1689 3482 1891 3538 mentis

304 3569 424 3622 haec
444 3569 694 3626 eﬁ'utita?
726 3570 878 3625 Fecit
913 3572 959 3602 ⁸³
989 3580 1139 3628 tanta
1165 3581 1385 3642 tamque
1408 3573 1579 3628 ell’era
1618 3573 1889 3628 librorum

307 3661 556 3722 licentia.
587 3672 648 3717 ut
685 3673 739 3717 et
768 3663 1082 3720 vindicibus
1124 3665 1358 3719 flammis
1397 3665 1889 3737 Theodosiijussu,

306 3753 459 3822 quod
480 3766 670 3824 postea
727 3757 1065 3822 narrabitur,
1097 3759 1374 3830 absumpti
1403 3759 1532 3822 sint,
1565 3768 1621 3814 et
1645 3775 1675 3814 a
1698 3761 1890 3830 quinta

307 3845 520 3916 synodo
557 3857 818 3904 aeternam
850 3850 1122 3906 maculam
1149 3850 1393 3906 auctoris
1422 3850 1506 3906 sui
1533 3851 1740 3906 nomini
1765 3853 1890 3922 jure

308 3937 625 3994 intulerint.

923 4054 1148 4112 CAPUT
1179 4054 1265 4109 Vl.

384 4147 544 4220 labet
572 4149 862 4220 imperator
891 4149 1017 4202 iniri
1046 4165 1228 4220 pacem
1262 4150 1403 4220 inter
1430 4145 1696 4220 Joqnnem
1713 4154 1760 4200 et
1791 4144 1891 4220 Cy:

381 4216 587 4289 riuum.
642 4215 704 4272 ll.
734 4217 968 4289 Joannes
1007 4215 1143 4289 cogit
1213 4215 1716 4289 synodunLBerme
1748 4215 1892 4289 apud

381 4287 655 4349 Acacium,
687 4305 840 4357 aqua
872 4284 1218 4342 Tlieodo'retus
1241 4284 1405 4357 abest.
1430 4285 1518 4357 III.
1552 4284 1890 4357 Conditiones

381 4357 551 4479 pacis.
570 4357 657 4410 IV.
679 4351 853 4440 Agunt
883 4357 1002 4410 dolo
1031 4356 1412 4439 Orientales_.V.
1438 4355 1668 4410 Litteras
1698 4355 1885 4438 ουτ-ξιιὶ
1927 4351 1969 4405 D

425 4426 731 4479 hcodoretus
775 4428 932 4479 videt.
964 4437 1013 4479 et
1053 4426 1282 4479 multane
1312 4433 1693 4479 interpretatur
1719 4443 1736 4479 :
1766 4429 1886 4479 hinc

425 4426 738 4496 hcodoretus
775 4428 932 4489 videt,
964 4437 1013 4482 et
1053 4426 1282 4496 maligne
1312 4428 1693 4496 interpretatur
1719 4426 1886 4480 {hinc

382 4496 528 4562 facta
556 4495 756 4566 Cyr-illo
784 4497 1001 4552 invidia.
1021 4497 1107 4552 Vl.
1141 4495 1330 4551 scribit
1351 4497 1421 4550 ad
1448 4495 1621 4550 uarios
1653 4495 1884 4550 Theodo-

383 4573 549 4618 ναίω.
581 4565 693 4622 VII.
742 4566 1017 4623 Sancitam
1052 4583 1234 4635 pacem
1270 4567 1550 4635 improbat.
1593 4566 1745 4635 "VIII.
1778 4565 1886 4620 Ne-

383 4584 549 4618 reius.
588 4584 693 4622 vlt.
742 4584 1017 4623 oancuam
1124 4584 1234 4620 cem
1270 4584 1550 4635 improoat.
1616 4584 1745 4621 VIII.
1778 4584 1885 4620 1V8-

382 4638 551 4688 storio
582 4637 676 4690 dat
721 4637 946 4706 litteras.
1004 4584 1120 4690 ubi.“
1163 4636 1226 4688 Et
1293 4637 1544 4706 episcopis
1574 4634 1885 4706 Phaniam,

383 4706 527 4826 zuod
547 4708 802 4789 queritur.
828 4705 1060 4789 Cyrilltts
1089 4707 1249 4759 tacito
1285 4704 1514 4759 nemine.
1572 4704 1640 4759 Χ.
1681 4706 1889 4828 Ασοέρὶε

403 4781 592 4828 uterus
621 4793 655 4828 α
678 4775 900 4828 Currllo.
943 4777 1128 4828 ambus
1163 4785 1343 4828 nostea
1385 4777 1596 4828 abusus.
1632 4775 1723 4828 XI.
1823 4795 1886 4828 a-

403 4775 592 4848 itteras
619 4793 655 4848 tt
678 4775 900 4848 Cyrillo’,
943 4777 1135 4848 quibus
1163 4785 1343 4848 postea
1385 4777 1596 4830 abusus.
1632 4775 1723 4829 XI.
1779 4775 1886 4828 Fa-

385 4845 575 4899 ctionis
593 4844 738 4910 dux;
764 4848 848 4900 cui
879 4844 1070 4900 nomen
1102 4844 1514 4916 Acepltalorum.

761 4959 832 5007 Ab
857 4971 985 5008 anno
1011 4957 1187 5007 Christi
1221 4959 1306 5005 I52
1339 4958 1397 5007 ad
1423 4958 1531 5006 438.

393 5043 436 5096 I.
467 5045 563 5096 ‘l'ix
621 5059 797 5097 manus
826 5043 1111 5098 eflluxerat
1141 5060 1169 5096 ιι
1197 5043 1412 5098 concilii
1446 5042 1741 5098 solutione.
1775 5059 1898 5098 cum

1990 3121 2206 3178 elllcere
2245 3128 2324 3181 ut,
2358 3118 2505 3188 quod
2541 3117 2782 3172 habebat
2813 3117 2866 3170 in
2905 3112 3197 3176 mandatis,
3230 3120 3351 3166 acta
3387 3111 3568 3181 Ephe-

1990 3213 2111 3268 sina
2140 3211 2624 3272 rescinderentur;
2655 3207 3135 3276 supprimerentur
3159 3204 3340 3258 omnia
3381 3202 3566 3272 Cyrilli

1990 3303 2234 3374 scripta;
2267 3304 2282 3321 ⁶
2318 3301 2431 3358 sola
2468 3299 2602 3355 fides
2649 3299 2868 3355 Nicaeua
2913 3295 3403 3356 subscriberetur;
3455 3295 3572 3364 epi-
3629 3337 3644 3345 -

1991 3394 2144 3466 scopi
2161 3402 2399 3465 quatuor
2419 3406 2594 3462 nuper
2615 3406 2645 3444 a
2663 3389 2982 3444 Maximiana
3006 3387 3213 3458 synodo
3234 3387 3569 3442 exauctorati

1992 3487 2152 3544 sedes
2218 3486 2565 3556 reciperent;
2619 3483 2772 3538 solus
2828 3481 3049 3536 nomine
3111 3481 3281 3535 totius
3327 3479 3571 3535 Orientis

1992 3579 2406 3648 Paulus'pacem
2440 3578 2647 3646 scripto
2693 3575 2956 3639 firmaret;
2993 3583 3048 3628 et
3091 3575 3290 3627 littera:
3311 3572 3561 3637 Joannis,

1992 3687 2115 3744 quae
2165 3668 2624 3725 condonationem
2694 3668 2865 3737 magis
2923 3682 3092 3736 quam
3143 3664 3569 3719 satisfactionem

1993 3763 2281 3820 offerrent.
2340 3759 2746 3829 acciperentur.
2798 3756 3044 3811 Conatus
3101 3755 3253 3810 Pauli
3315 3765 3570 3824 artesque

1992 3866 2250 3908 successu
2279 3856 2574 3904 caruerunt
2606 3865 2618 3900 :
2647 3847 2734 3902 his
2782 3855 2964 3900 tamen
3009 3855 3067 3899 et
3117 3845 3238 3899 aliis
3291 3844 3570 3913 fatigatus,

1991 3943 2230 4016 Cyrillus
2252 3940 2653 4011 expositionem
2675 3937 2798 3992 fidei
2842 3935 3035 4000 edidit,
3071 3935 3350 4004 misi-tque,
3387 3933 3571 3988 forsan

1995 4033 2293 4095 incautius,
2349 4028 2698 4084 Antiochiam
2751 4042 2850 4096 per
2899 4041 3028 4080 suos
3085 4024 3356 4079 clericos:
3408 4037 3571 4090 quam

1993 4126 2143 4182 enim
2167 4123 2427 4180 credebat
2453 4137 2510 4176 se
2535 4120 2690 4189 quasi
2723 4118 2959 4188 quodam
3003 4117 3248 4171 victoriae
3291 4117 3414 4187 jure
3438 4130 3574 4184 prte-

1995 4218 2240 4275 scribere
2272 4215 2396 4270 aliis
2425 4213 2549 4268 fidei
2578 4213 2830 4274 formam,
2851 4210 2954 4279 ipsi
2975 4209 3130 4264 velut
3145 4206 3573 4263 satisfactionem

1996 4315 2348 4378 acceperunt,
2399 4292 2561 4374 quani
2594 4303 2687 4371 qui
2725 4301 2935 4370 primus
2973 4299 3154 4363 offert,
3205 4313 3362 4352 reum
3406 4311 3465 4350 sc
3517 4303 3577 4350 et

1997 4399 2308 4455 convictum
2342 4395 2563 4451 fatetur.
2620 4393 2788 4448 Porro
2835 4399 3018 4444 autem
3044 4431 3058 4453 ,
3096 4388 3189 4456 qui
3235 4384 3574 4442 exauctorati

1993 4499 2226 4563 quatuor
2273 4485 2514 4558 episcopi
2539 4484 2820 4544 dicuntur,
2846 4480 3068 4533 fuerunt
3102 4477 3399 4532 Eutherius
3433 4475 3573 4545 'I‘yao

1993 4580 2218 4642 nensis,
2280 4575 2561 4632 Hclladius
2630 4569 2936 4631 Tarsensis,
2989 4567 3263 4622 Himerius
3319 4567 3574 4622 Nicome-

1993 4672 2224 4734 diensis,
2282 4677 2339 4724 et
2385 4666 2698 4722 Dorotheus
2745 4659 3325 4730 MarcianOpolitanus,
3385 4671 3577 4712 omnes

1996 4762 2360 4834 metropolitaa
2387 4755 3012 4825 Constantinopolitanm
3045 4751 3162 4806 sedi
3191 4750 3445 4805 obnoxii:
3478 4747 3573 4817 qui

2005 4872 2132 4912 cum
2175 4870 2284 4926 pra:
2323 4851 2556 4907 Nestorii
2595 4864 2782 4903 amore
2821 4846 2874 4900 in
2909 4843 3220 4900 Maximiani
3272 4840 3578 4898 ordinatio—

1997 4966 2130 5010 .nem
2165 4947 2476 5002 consentire
2530 4942 2886 5013 pertinaciter
2940 4945 3259 4998 renuerent,
3300 4951 3328 4988 a
3371 4929 3578 5004 synodo

2011 5041 2318 5096 Maximiani
2349 5036 2680 5093 ordinatrice
2704 5032 2899 5103 dejecti
2937 5039 3081 5084 sunt.

1668 5180 1982 5238 SCIIULZII
2023 5180 2246 5235 NOTAE.

389 5267 445 5300 ⁵³
469 5268 551 5320 Ad
603 5269 768 5322 Andr.
806 5267 1072 5323 Samosat.
1116 5269 1210 5324 Vel

318 5338 510 5399 tradit,
541 5348 646 5391 etc.
678 5337 722 5392 O

317 5407 529 5478 Marius
575 5407 932 5478 Mercator“.
974 5424 1047 5470 c..
1101 5407 1155 5477 p'.
1190 5408 1316 5476 270)

322 5564 357 5602 ι.
404 5547 525 5606 I.D.
562 5548 620 5600 Η

318 5706 372 5758 ιι.
439 5702 472 5739 ιι
517 5687 654 5759 Opp.
702 5689 872 5772 Marii
902 5687 1239 5745 Mercatoris.
1284 5703 1338 5756 p.
1384 5687 1486 5743 359
1523 5705 1638 5758 seq.

1253 5269 1456 5349 potius,
1515 5270 1580 5322 ad
1639 5271 2006 5328 Alexandrum
2063 5271 2551 5341 Hierapolitanum.
2602 5267 2716 5321 Vid.
2762 5275 2798 5320 t.
2863 5265 3053 5386 IV,
3120 5260 3272 5316 I560.
3315 5261 3396 5342 ,⁵³
3431 5257 3583 5339 Quod

1253 5338 1784 5386 li5_edll-Garnerii-
1812 5343 1931 5386 Vid,
1977 5359 2157 5386 suum,
2187 5357 2239 5386 η-
2273 5340 2392 5386 H5-
2471 5338 2516 5370 δ”
2551 5338 2797 5386 Tantum.
2841 5343 2946 5386 etc.
3029 5334 3223 5386 ttulum
3275 5331 3360 5384 IIIS
3431 5329 3582 5383 dedit

726 5354 918 5407 perum
955 5349 994 5393 ι.
1031 5339 1098 5403 ll,
1127 5355 1181 5409 p.
1207 5339 1332 5403 265,
1357 5338 1488 5393 edit.
1512 5339 1784 5395 Garnerii.
1812 5343 1885 5396 Vit

726 5417 842 5461 ator
873 5409 932 5461 II.
974 5424 1047 5461 c..
1101 5424 1155 5461 ι).
1190 5408 1316 5461 27οὶ
1350 5425 1362 5460 :
1400 5426 1416 5458 ι
1447 5409 1523 5461 Ex
1582 5411 1721 5461 libro
1749 5412 1880 5461 nuin

1988 5359 2160 5412 supra,
2187 5338 2241 5410 pl
2273 5340 2392 5422 μδ.
2471 5338 2516 5370 δ”
2551 5338 2797 5399 Tantum,
2841 5343 2946 5390 etc.
2979 5338 3223 5416 Titulum
3275 5338 3360 5384 his
3402 5338 3581 5410 .dedjt

1988 5412 2303 5461 l‘heodorett
2340 5423 2438 5461 pro
2466 5407 2776 5461 Theodoro.
2808 5426 2825 5456 ι
2903 5406 2948 5437 ⁵⁵
2980 5402 3140 5461 Fectt.
3194 5411 3299 5456 etc.
3332 5399 3473 5453 Altbt
3503 5400 3581 5459 (tu

317 5409 529 5463 Marius
575 5409 842 5463 Mercator
873 5409 932 5478 (l.
974 5424 1047 5470 c..
1101 5424 1155 5477 p.
1190 5409 1316 5476 270)
1350 5425 1362 5460 :
1400 5426 1416 5458 ι
1447 5409 1523 5462 Ex
1582 5411 1721 5465 libro
1749 5412 1944 5480 quinto
1973 5409 2303 5465 Theodoreti
2340 5423 2438 5478 pro
2466 5409 2776 5461 Theodoro.
2808 5426 2825 5456 ι
2903 5409 2948 5437 ⁵⁵
2980 5409 3140 5466 Fecit,
3194 5411 3299 5456 etc.
3332 5409 3473 5479 Anni
3503 5409 3579 5459 (in

317 5477 458 5556 diss.
480 5477 535 5537 ε,
565 5478 798 5556 ςειρεὶϐὶ,
833 5477 901 5534 de
931 5487 1168 5556 quatuor
1195 5477 1362 5556 libis
1387 5478 1653 5556 Eranistte
1700 5496 1744 5556 s_.
1794 5480 2145 5556 Polymorphi
2190 5479 2308 5556 haec
2352 5487 2550 5556 narrat
2580 5476 2926 5556 Carnarius,“
2929 5475 3059 5530 solis
3089 5471 3294 5556 (inquit
3310 5468 3579 5556 ριιάιιιξξξ.

348 5478 458 5533 liss.
480 5478 535 5537 Ξ,
719 5478 798 5601 62,
833 5478 901 5534 de
931 5487 1168 5548 quatuor
1206 5478 1362 5532 libris
1387 5478 1653 5534 Eranista:
1700 5496 1744 5534 s.
1767 5478 2145 5552 Polymorphi
2190 5479 2308 5536 haec
2352 5487 2538 5532 narrat
2580 5478 2899 5537 Garnerius,
2929 5478 3059 5530 solis
3089 5478 3294 5550 (inquit
3310 5478 3578 5548 Uudtnus,

348 5588 357 5625 _.
404 5547 446 5625 l,
562 5548 620 5600 Η
675 5548 722 5616 ι)
770 5549 1012 5630 crventis
1045 5562 1158 5604 sua:
1193 5548 1247 5600 in
1286 5547 1693 5602 Theodorctum
1719 5551 2124 5632 imaginationis
2147 5547 2488 5630 conjecturis.
2521 5548 2738 5602 ductus.
2815 5548 2860 5577 "°
2887 5544 3040 5627 Cum,
3074 5551 3192 5596 emt.
3236 5539 3364 5630 νιά⁸1
3417 5547 3578 5632 epist.

361 5617 466 5670 ενι-11
493 5634 508 5670 ι
540 5619 612 5670 ad
659 5621 934 5670 Acacium.
964 5635 1019 5670 ιι.
1053 5634 1130 5670 m.
1155 5617 1323 5670 Cone.
1357 5617 1582 5670 Enhes..
1608 5635 1725 5670 can.
1757 5620 1842 5670 55.
1922 5621 1964 5651 ⁵⁷
1992 5621 2107 5670 Vn].
2139 5619 2387 5670 Carnem
2439 5617 2569 5670 diss.
2611 5619 2677 5670 de
2735 5616 2958 5670 svnodis
3011 5630 3066 5668 tn
3105 5626 3266 5668 causa
3323 5609 3578 5670 hostem,

315 5609 612 5689 t'yrilliad
659 5609 934 5678 Acacium.
964 5635 1019 5688 p.
1053 5634 1130 5682 ιιι,
1155 5617 1323 5689 Cone.
1357 5617 1582 5689 Ephes.,
1608 5635 1725 5688 cap.
1757 5609 1858 5674 357
1922 5621 1964 5651 "
1992 5621 2107 5677 γὶιι.
2139 5609 2387 5675 Garncrii
2439 5617 2569 5674 diss.
2611 5619 2677 5671 de
2735 5616 2958 5689 synodis
3011 5615 3066 5668 in
3105 5626 3266 5668 causa
3323 5609 3580 5672 Nestorii,

3113 5334 3223 5386 lum
3275 5331 3360 5384 his
3431 5329 3582 5383 dedit
