4032 6172
506 268 607 343 119

1624 279 1999 340 GARNERII
2038 262 2537 342 DISSERTATIO
2569 281 2619 339 Ι.

3645 272 3746 339 120

572 392 688 450 Hoc
746 392 803 448 in
831 362 1061 463 judicio,
1109 392 1256 462 quod
1283 408 1391 447 non
1428 404 1538 449 tam
1594 394 1881 449 hominum
1911 410 2074 465 quam
2105 403 2150 457 Α
2243 395 2483 465 Epistola
2536 406 2700 463 porro
2743 388 2810 444 ad
2859 384 3162 443 Himerium
3205 398 3316 437 non
3374 380 3539 435 unius
3568 385 3745 441 solum

502 488 595 543 Dei
618 486 793 543 videri
822 494 1019 556 potest,
1045 483 1369 539 admirabile
1397 483 1659 554 quiddam
1686 485 1906 541 accidit.
1933 485 2069 540 Nam

502 586 563 632 ut
594 576 664 632 de
707 576 951 631 Himerio
1004 583 1235 639 taceam,
1293 573 1628 629 Theodoreti
1673 575 1872 640 amico,
1913 576 2072 642 cujus

497 676 583 722 est
621 666 910 721 obscurior
962 663 1247 729 memoria,
1304 663 1612 719 Dorotheus
1643 676 1791 720 certe
1846 665 2073 721 meritas

499 757 814 828 impietatis,
866 770 975 824 qua
1015 754 1228 826 primus
1281 753 1420 809 dixit
1481 755 1772 810 anathema
1830 756 2073 827 Deiparae

498 847 826 912 cultoribus,
867 860 1059 916 poenas
1101 844 1299 900 dedit:
1344 845 1499 901 dedit
1545 854 1601 900 et
1645 845 1966 907 Eutherius.
2000 847 2071 901 ob

497 946 821 1009 conceptum
873 954 942 993 ex
976 939 1140 1008 longo
1186 953 1482 1002 venenum,
1515 938 1661 1008 quod
1696 938 1915 993 tandem
1969 939 2071 994 hac

496 1029 783 1084 occasione
813 1029 869 1082 in
899 1028 1214 1084 Catholicos
1238 1028 1501 1084 evomuit.
1525 1030 1596 1084 At
1621 1030 1951 1100 stupendum
1988 1039 2072 1085 est

495 1120 804 1176 llelladium
846 1136 916 1176 eo
942 1136 1117 1191 usque
1148 1120 1403 1177 Nestorio
1432 1120 1750 1185 adhaesisse,
1794 1131 1873 1185 ut,
1906 1139 2069 1192 quam

493 1214 783 1269 sanctitate
829 1228 1045 1268 morum
1115 1219 1394 1267 meruerat
1456 1211 1666 1274 sedem,
1719 1213 2066 1268 contumacia

495 1305 793 1359 amitteret.
836 1303 936 1359 Hic
964 1303 1113 1358 enim
1138 1312 1223 1357 est
1246 1302 1604 1357 admirandus
1626 1301 1926 1366 Heliadius,
1952 1304 2066 1373 qui,

494 1405 557 1450 ut
593 1395 790 1450 scribit
839 1392 1310 1459 Theodoretus”,
1347 1404 1470 1464 post
1500 1394 1797 1449 Theodosii
1836 1396 2071 1451 sanctis-

495 1483 619 1539 simi
648 1485 1099 1540 archimandritae
1128 1485 1345 1541 felicem
1378 1486 1611 1549 obitum,
1653 1506 1672 1536 ι
1712 1488 1892 1557 gregis
1926 1503 2069 1557 prae-

493 1574 761 1630 fecturam
795 1578 1059 1646 suscepit,
1090 1578 1206 1647 qui,
1248 1592 1349 1646 per
1401 1592 1574 1631 annos
1604 1580 1882 1649 sexaginta
1914 1579 2069 1635 labo-

496 1665 653 1720 rihus
692 1666 803 1721 illis
839 1665 1154 1731 defunctus,
1181 1666 1414 1722 Cilicum
1442 1661 1709 1722 divinitus
1750 1677 1938 1738 pcstea
1993 1670 2073 1725 fa-

2173 484 2502 540 Theodoreti
2542 481 2760 539 censeri
2793 478 2976 541 debet,
3029 476 3125 531 sed
3174 475 3347 529 totius
3398 472 3747 543 Euphraten-

2172 576 2316 631 sium
2338 575 2720 645 episcoporum
2748 569 2964 642 synodi.
2982 567 3131 622 Nam
3162 581 3273 635 quo
3301 573 3549 635 tempore
3580 578 3751 634 nego-

2173 673 2310 727 tium
2340 671 2490 742 pacis
2522 670 2591 724 ab
2631 664 2993 722 Antiochenis
3019 660 3335 732 gerebatur,
3367 666 3749 712 convenerant

2172 763 2606 833 Euphratenses,
2659 758 2773 813 sive
2803 762 3129 810 conventus
3155 758 3353 820 praeter
3397 763 3609 802 morem
3648 762 3748 801 ur-

2172 864 2333 925 gente
2360 852 2728 914 Theodoreto,
2756 857 2813 904 et
2845 855 3110 902 evocante
3134 841 3447 899 Alexandro
3485 840 3744 910 primate,

2172 946 2287 999 sive
2310 945 2377 999 de
2418 959 2592 1008 more,
2620 939 2869 997 autumni
2900 948 3167 1008 tempore,
3194 932 3343 1005 quod
3374 931 3744 1002 probabilius,

2172 1035 2481 1090 celebratus
2512 1034 2604 1089 sit.
2655 1033 2716 1087 In
2765 1045 2833 1085 eo
2874 1028 3114 1100 primum
3147 1027 3303 1080 lecta:
3344 1030 3469 1077 sunt
3521 1020 3744 1085 litteras,

2171 1141 2308 1195 quas
2330 1125 2452 1180 ﬁdei
2484 1141 2598 1180 suae
2625 1132 2792 1178 testes
2824 1119 3065 1192 Cyrillus
3096 1117 3152 1171 in
3171 1115 3452 1170 Orientem
3479 1111 3744 1177 miserat;

2170 1232 2356 1286 ereque
2389 1225 2513 1286 post
2559 1213 2858 1270 curiosum
2888 1223 3115 1265 examen
3138 1248 3152 1267 ,
3205 1212 3433 1275 cogente
3483 1204 3741 1264 veritate,

2171 1309 2502 1377 approbatw.
2553 1305 2832 1360 Statutum
2894 1301 3094 1356 deinde
3139 1297 3287 1351 nulla
3338 1304 3398 1349 ut
3441 1304 3585 1348 esset
3614 1306 3745 1346 cum

2170 1398 2436 1470 Egyptiis
2485 1406 2542 1453 et
2584 1389 3206 1463 Constantinopolitanis
3263 1401 3544 1442 sacrorum
3592 1397 3748 1438 com-

2172 1478 2380 1555 munio,
2412 1489 2588 1543 donec
2613 1483 2950 1541 exauctorati
2971 1489 3206 1551 quatuor
3227 1474 3491 1547 episcopi,
3522 1472 3589 1528 de
3614 1470 3744 1542 qui-

2172 1582 2276 1637 bus
2300 1588 2459 1634 antea
2493 1592 2677 1634 sermo
2716 1575 2842 1641 fuit,
2878 1572 3306 1628 restituerentur
3330 1567 3384 1621 in
3413 1579 3539 1618 suas
3557 1561 3744 1618 sedes.

2171 1673 2417 1742 Denique
2437 1678 2790 1731 conventum,
2817 1673 2878 1719 ut
2922 1674 3206 1731 nunquam
3246 1658 3302 1712 in
3330 1653 3744 1711 damnationem

496 1764 617 1809 ctus
642 1766 725 1810 est
754 1757 1003 1823 antistes,
1044 1757 1333 1826 pristinam
1368 1773 1478 1812 non
1528 1758 1791 1813 deserens
1822 1761 2069 1830 philoso-
2104 1747 2143 1798 ⁸
2172 1763 2409 1820 Nestorii
2435 1773 2738 1819 consensus
2767 1757 2991 1811 daretur
3014 1770 3027 1806 :
3050 1749 3228 1806 videri
3258 1748 3461 1819 quippe
3488 1746 3741 1815 iniquum

495 1847 704 1915 phiam,
744 1850 837 1903 sed
872 1849 1155 1904 laboribus
1184 1850 1291 1905 illis
1320 1848 1662 1919 pontiﬁcales
1686 1851 1932 1919 quotidie
1979 1868 2070 1907 su-

494 1938 658 1995 dores
696 1940 981 2011 adjiciens.
1030 1961 1048 1993 ι

566 2031 628 2083 V.
662 2031 883 2087 Littera:
907 2032 1095 2103 Cyrilli
1117 2033 1307 2088 Beroea
1334 2034 1514 2090 missa:
1538 2043 1669 2090 sunt
1708 2035 2064 2107 Hierapolim,

493 2120 588 2174 ubi
626 2120 939 2176 Alexander
990 2138 1102 2178 suae
1133 2124 1433 2192 provinciae
1491 2125 1735 2181 habebat
1772 2127 2063 2198 synodum.

492 2208 690 2263 Lectas
719 2210 1099 2268 Theodoretus
1125 2213 1181 2274 in
1212 2225 1359 2268 coetu
1389 2216 1775 2286 episcoporum
1806 2231 1916 2271 non
1963 2232 2065 2287 po-

492 2298 601 2353 tuit
632 2315 740 2354 non
772 2301 1029 2369 probare,
1060 2302 1157 2357 sed
1187 2305 1389 2373 sparsit
1411 2305 1469 2358 in
1507 2307 1723 2376 vulgus,
1767 2307 2066 2378 multisque

490 2390 765 2457 persuasit
842 2390 1195 2462 Egyptium,
1278 2411 1388 2464 quo
1474 2397 1696 2452 nomine
1746 2398 2067 2455 traducebat

487 2477 784 2550 Cyrillum,
819 2482 1090 2551 ejusmodi
1142 2483 1286 2540 facto
1351 2486 1404 2540 in
1467 2496 1649 2555 partes
1699 2488 2063 2544 Orientalium

488 2569 772 2640 ipsiusque
819 2571 1083 2637 Nestorii,
1130 2574 1300 2630 verbo
1358 2585 1569 2631 tantum
1599 2577 1668 2633 ab
1690 2577 2064 2636 Orientalibds

489 2660 714 2725 diversi,
751 2662 987 2718 venisse.
1024 2663 1183 2736 166
1212 2665 1336 2720 Haec
1357 2680 1424 2720 eo
1458 2683 1630 2737 usque
1671 2677 1960 2741 pervagata
1981 2680 2064 2726 est

489 2750 652 2815 fama,
682 2759 744 2807 ut
781 2753 1048 2824 Cyrillum
1095 2756 1336 2825 coegerit
1367 2767 1556 2827 postea
1588 2759 1655 2814 ad
1707 2761 2060 2828 calumniam,
2102 2810 2105 2811 ν

488 2852 598 2892 non
616 2840 936 2910 injuriosam
955 2843 1130 2914 magis
1150 2859 1313 2914 quam
1341 2847 1702 2915 probabilem,
1722 2849 2058 2918 diluendam,

489 2929 733 2985 scribere
762 2931 1049 3003 epistolam
1078 2935 1371 2989 admodum
1413 2938 1679 3006 prolixam
1719 2941 1919 2995 Acacio
1948 2942 2061 2996 Me-

2169 1871 2233 1910 ac
2257 1855 2504 1925 impium,
2532 1867 2658 1907 cum
2681 1850 2791 1905 duo
2815 1854 2941 1902 sunt
2960 1845 3029 1900 de
3063 1842 3258 1898 iisdem
3281 1837 3610 1895 criminibus
3632 1836 3739 1899 rei,

2168 1945 2327 2001 alteri
2346 1943 2741 2015 indulgentiam
2779 1934 3142 2002 tribui,alteri
3176 1931 3510 2005 poenitentia:
3537 1927 3740 1983 ostium

2165 2037 2368 2102 claudi.
2426 2036 2630 2092 Verum
2686 2030 2932 2103 epistolae
2979 2041 3146 2099 pars,
3200 2038 3323 2094 qua:
3362 2018 3620 2092 synodica
3653 2017 3740 2071 vi-

2167 2131 2350 2197 detur,
2406 2124 2767 2183 exscribenda
2825 2130 2928 2178 est.
2998 2138 3017 2170 ‹
3071 2114 3439 2173 lntentionem
3489 2118 3740 2165 nostram

2167 2228 2374 2277 certam
2423 2225 2530 2273 tuae
2584 2215 2818 2270 facimus
2859 2208 3176 2271 sanctitati,
3208 2208 3226 2227 ⁶
3268 2203 3434 2275 quod,
3467 2201 3624 2256 lectis
3670 2214 3742 2255 ex

2164 2312 2394 2384 Egypto
2420 2309 2620 2365 litteris
2647 2304 2953 2367 destinatis,
3005 2310 3060 2356 et
3088 2297 3231 2368 apud
3278 2310 3379 2349 nos
3411 2307 3552 2384 sazpe
3578 2291 3740 2361 167

2164 2400 2451 2464 discussis,
2497 2397 2810 2453 invenimus
2862 2408 2955 2447 eas
3005 2388 3271 2445 doctrinae
3330 2383 3552 2455 quidem
3600 2394 3740 2435 con-

2164 2499 2426 2561 gruentes
2454 2487 2743 2552 Ecclesiae;
2789 2481 3082 2540 duodecim
3126 2491 3261 2534 vero
3300 2473 3557 2545 capitulis
3598 2486 3739 2526 con-

2168 2580 2361 2636 trarias
2395 2594 2516 2634 esse
2557 2576 2931 2649 probavimus,
2969 2586 3091 2643 quae
3114 2581 3289 2639 usque
3339 2563 3740 2635 impraesentia-

2165 2686 2289 2726 rum
2332 2670 2653 2739 impugnare
2706 2667 3070 2738 perstitimus.
3123 2660 3333 2717 Placuit
3370 2652 3738 2726 igitur'nohis

2165 2770 2244 2826 ut,
2274 2762 2318 2816 si
2347 2760 2668 2814 sanctitates
2693 2766 2886 2812 vestra:
2911 2752 3222 2824 receperint
3236 2745 3506 2804 Ecclesias
3535 2741 3738 2798 divini-

2163 2861 2252 2907 tus
2274 2853 2376 2907 sibi
2395 2850 2732 2913 commissas,
2758 2846 3024 2918 )Egyptiis
3044 2856 3100 2900 et
3119 2834 3740 2908 Constantinopolitanis

2171 2941 2598 3004 communicare,
2654 2939 2909 3008 aliisque,
2960 2935 3052 3006 qui
3089 2941 3281 2989 contra
3341 2944 3443 2985 nos
3488 2942 3613 2983 cum
3652 2924 3740 2979 eis

488 3018 688 3076 litenes
721 3023 981 3094 episcopo
999 3026 1070 3091 ”,
1104 3042 1135 3081 a
1166 3042 1277 3097 quo
1304 3027 1373 3082 de
1407 3028 1740 3084 Theodoreti
1781 3032 2058 3087 sermoni-
2089 3068 2132 3125 α
2168 3032 2436 3087 militasse
2480 3037 2788 3086 noscuntur
2816 3046 2830 3082 :
2863 3028 2992 3099 quia
3042 3034 3288 3080 nostram
3339 3021 3523 3125 ﬁdem,
3562 3016 3738 3125 magis

487 3110 594 3167 bus
656 3115 901 3171 monitus
946 3126 1085 3181 erat,
1119 3126 1175 3172 et
1202 3118 1390 3185 simul,
1432 3129 1657 3189 propter
1707 3119 1905 3177 factam
1935 3139 2061 3180 cum

485 3199 857 3261 Orientalibus
879 3208 1249 3274 concordiam,
1280 3224 1420 3279 pene
1468 3218 1755 3267 accusatus
1793 3212 1921 3269 ﬁdei
1964 3230 2063 3284 per

488 3293 854 3350 inconsultam
884 3312 1038 3352 suam
1066 3298 1531 3368 dispensationem
1562 3303 1811 3371 proditae.

557 3384 646 3439 Vl.
676 3385 815 3440 Dum
831 3388 1112 3457 negotium
1130 3390 1278 3458 pacis
1293 3392 1502 3460 geritur
1518 3393 1719 3462 partim
1739 3394 1796 3448 in
1810 3392 2056 3459 Oriente,

486 3473 687 3544 partim
721 3474 777 3529 in
810 3475 1062 3546 Egypto,
1115 3493 1226 3547 quo
1278 3494 1337 3535 se
1366 3482 1675 3536 contulerat
1720 3481 2058 3549 Aristolaus,

484 3570 750 3630 pertaesus
774 3579 1074 3631 morarum,
1104 3583 1243 3636 quas
1286 3570 1525 3638 partium
1549 3571 1835 3627 contentio
1872 3582 2060 3631 necte-

484 3650 600 3714 bat,
629 3650 1036 3720 Theodoretus,
1069 3671 1211 3726 aegre
1263 3657 1446 3715 ferens
1488 3676 1606 3716 rem
1669 3677 1782 3718 non
1833 3665 2059 3720 evenire

483 3754 552 3794 ex
571 3740 739 3796 animi
769 3743 855 3798 sui
878 3746 1168 3812 sententia,
1198 3747 1410 3805 litteras
1441 3750 1595 3808 dedit
1616 3754 1663 3786 ’θ
1692 3754 1761 3808 ad
1780 3755 2058 3825 geminum

483 3829 783 3898 Andream,
803 3835 1134 3891 monachum
1159 3838 1371 3895 scilicet
1384 3839 2055 3914 Constantinopolitanum

484 3929 542 3976 et
555 3921 968 3980 Samosatenum
988 3926 1307 3999 episcopum
1335 3947 1348 3983 :
1384 3931 1537 3987 dedit
1554 3935 1764 4003 pariter
1791 3935 1858 3990 ad
1888 3936 2056 3992 Joan-

483 4025 610 4066 nem
630 4013 1028 4073 Antiochenum
1055 4028 1217 4090 atque
1249 4020 1528 4077 Himerum
1552 4024 2055 4093 Nicomediensem,

483 4102 685 4171 quibus
730 4112 958 4162 testatur
1000 4125 1060 4165 se
1094 4111 1233 4166 nihil
1275 4113 1500 4183 quidem
1537 4115 1592 4170 in
1615 4116 1819 4173 litteris
1864 4117 2054 4190 Cyrilli

487 4192 759 4260 reperisse
794 4210 941 4256 sanae
1000 4199 1266 4258 doctrinae
1309 4206 1668 4272 contrarium,
1720 4208 1776 4263 in
1814 4209 2054 4265 Nestorii

484 4290 688 4348 tamen,
715 4298 881 4354 quem
908 4288 1063 4344 miris
1091 4290 1351 4348 laudibus
1376 4294 1607 4362 extollit,
1650 4296 2052 4367 depositionem

2169 3131 2354 3178 autem
2405 3121 2775 3192 apostolorum
2809 3159 2824 3183 ,
2879 3133 2938 3173 se
3008 3117 3213 3171 habere
3279 3111 3509 3184 professi
3565 3117 3736 3173 sunt;

2161 3213 2502 3269 damnationi
2525 3227 2657 3268 vero
2672 3208 2971 3265 venerandi
3010 3217 3066 3263 et
3091 3203 3421 3261 sanctissimi
3470 3199 3735 3262 Nestorii,

2160 3318 2282 3374 qua:
2304 3303 2447 3358 facta
2470 3302 2695 3366 dicitur,
2717 3317 2826 3356 non
2845 3298 3089 3370 prmbere
3106 3309 3457 3353 consensum.
3480 3291 3736 3361 Iniquum

2156 3383 2396 3464 namque
2433 3409 2560 3450 vere
2584 3403 2639 3449 et
2665 3393 2892 3463 impium
2941 3389 3381 3460 comprobamus,
3421 3385 3466 3441 si
3531 3382 3736 3438 iisdem

2160 3483 2507 3547 criminibus,
2536 3483 2741 3552 quibus
2772 3489 2828 3536 et
2858 3479 3042 3535 socius
3082 3479 3224 3548 ejus,
3261 3490 3392 3531 reus
3423 3471 3735 3533 exstiterat,

2160 3577 2241 3632 illi
2267 3576 2489 3646 quidem
2516 3575 2734 3631 veniam
2766 3574 2974 3645 largiri,
3003 3572 3134 3627 huic
3163 3577 3347 3625 autem
3375 3567 3575 3622 ostium
3611 3577 3735 3633 pa:-

2157 3665 2406 3720 nitentiae
2433 3663 2692 3720 claudere
2724 3681 2736 3717 :
2772 3662 2949 3717 multo
2979 3661 3148 3732 igitur
3168 3657 3343 3728 magis
3373 3655 3644 3724 iniquum,
3676 3659 3737 3705 et

2157 3753 2329 3822 magis
2349 3751 2599 3822 impium,
2626 3752 2974 3807 innocentem
2996 3748 3158 3804 morti
3192 3745 3433 3801 tradere.
3461 3742 3611 3798 Sciat
3634 3739 3736 3810 igi-

2159 3851 2252 3898 tur
2281 3843 2548 3899 sanctitas
2576 3852 2780 3907 vestra,
2809 3842 2959 3912 quod
2988 3856 3101 3896 non
3125 3839 3282 3910 prius
3311 3836 3395 3891 eis
3422 3831 3733 3890 communi-

2156 3933 2392 3990 candum
2411 3948 2532 3989 esse
2555 3946 2865 3997 censemus,
2881 3946 3047 4002 quam
3074 3936 3288 3985 vestras
3318 3923 3597 3995 recipiatis
3625 3921 3735 3975 Ec-

2156 4023 2375 4078 clesias.
2399 4022 2525 4078 Haec
2546 4031 2729 4078 autem
2758 4038 2867 4078 non
2889 4022 3039 4078 solus
3067 4036 3188 4091 ego,
3217 4018 3314 4074 sed
3352 4030 3549 4072 omnes
3601 4028 3735 4067 san-

2156 4113 2385 4169 ctissimi
2410 4123 2613 4170 nostrae
2653 4113 2897 4184 regionis
2949 4111 3216 4182 episcopi,
3247 4106 3437 4163 habito
3472 4101 3732 4165 concilio,

2156 4202 2540 4258 decreverunt.
2576 4221 2595 4254 ι
2644 4202 2818 4256 Tanta
2844 4199 3309 4272 Euphratensium
3331 4196 3387 4250 in
3416 4192 3733 4249 Nestorium

2158 4293 2458 4363 propensio
2509 4294 2644 4348 mira
2696 4293 2873 4348 videri
2910 4280 3027 4347 non
3047 4291 3232 4346 debet.
3282 4283 3538 4343 Nestorio
3581 4281 3732 4335 enim

481 4387 595 4427 non
617 4387 797 4443 posse,
833 4382 1187 4447 quantumvis
1225 4391 1467 4441 extrema
1506 4402 1737 4460 quasque
1769 4389 2053 4446 toleranda
2086 4390 2129 4447 ι)
2158 4385 2333 4454 patria
2379 4384 2485 4440 fuit
2533 4385 2900 4448 Germanicia,
2936 4399 3058 4454 quae
3085 4377 3463 4452 Euphratesiae
3513 4373 3729 4429 civitas.

481 4473 689 4531 essent,
720 4481 1050 4527 consensum
1080 4475 1347 4543 praebere.
1375 4478 1713 4536 Protestatus
1737 4489 1823 4538 est
1849 4482 2057 4552 pariter

481 4573 540 4613 se
577 4575 687 4615 non
734 4577 895 4631 posse
928 4564 1190 4621 damnare
1223 4568 1498 4640 dogmata,
1523 4586 1648 4641 qua:
1691 4573 2057 4628 versabantur

482 4648 539 4702 in
563 4652 887 4718 quaestione,
917 4656 1047 4721 nisi,
1079 4658 1224 4726 quod
1247 4660 1545 4729 pessimum
1569 4663 1781 4718 exstitit
1803 4664 2054 4720 venturis

481 4739 699 4795 saeculis
721 4744 1055 4813 exemplum,
1089 4748 1446 4806 adhiberetur
1489 4754 1763 4823 exceptio,
1797 4770 1904 4824 qua
1947 4755 2052 4810 im-

481 4830 703 4898 probari
728 4832 1069 4898 dlcerentur.
1101 4838 1477 4910 cujuscunque
1523 4841 1744 4897 tandem
1805 4845 2049 4901 auctoris

483 4919 665 4976 forent
692 4940 705 4975 :
737 4923 818 4979 sic
837 4924 985 4979 enim
1022 4928 1420 4984 consulendum
1449 4932 1679 5000 putabat
1699 4932 1937 4989 Nestorii
1967 4934 2050 4989 fa-

485 5023 619 5062 mze:
656 5030 674 5061 σ
707 5011 896 5084 Cujus,
921 5015 1118 5086 inquit,
1137 5018 1468 5074 sanctissimi
1494 5020 1601 5075 viri
1626 5020 1723 5091 qui
1743 5021 2049 5078 doctrinam

486 5098 780 5157 indiscrete
805 5106 1246 5173 anathematizet,
1294 5109 1467 5181 ipsam
1517 5111 1740 5167 videtur
1788 5112 2051 5183 pietatem

483 5186 762 5244 damnare.
807 5213 824 5244 ›

2154 4475 2281 4530 Fuit
2335 4485 2391 4531 et
2445 4485 2595 4532 arcta
2651 4476 2986 4531 necessitate
3039 4474 3368 4543 coniunctus
3416 4462 3730 4522 Alexander

2148 4567 2449 4637 provincia:
2496 4568 2722 4639 primas,
2759 4567 2903 4621 sicut
2927 4574 2985 4621 et
3018 4562 3400 4618 Theodoretus
3425 4555 3575 4628 Cyri,
3607 4552 3724 4607 An-

2149 4657 2310 4713 dreas
2342 4657 2773 4723 Samosatarum,
2797 4654 3039 4712 Joannes
3064 4650 3442 4712 Germaniciae,
3469 4643 3727 4701 Heliades

2149 4750 2464 4822 Zeugmatis
2486 4749 2770 4820 episcopi;
2801 4746 3001 4816 reliqui
3026 4759 3162 4800 vero
3182 4750 3280 4798 aut
3312 4741 3496 4796 minus
3525 4741 3727 4790 aucto-

2150 4842 2315 4897 ritate
2348 4841 2663 4912 pollebant,
2708 4847 2806 4895 aut
2833 4837 3066 4894 aliorum
3111 4829 3521 4890 necessitudine
3544 4824 3732 4880 trahe-

2152 4931 2371 4987 bantur.

2230 5023 2337 5077 Vll.
2368 5020 2669 5093 Postquam
2685 5021 2951 5077 sancitam
2982 5016 3353 5074 Ecclesiarum
3372 5011 3728 5069 concordiam

2157 5110 2399 5174 rescivit,
2430 5111 2762 5179 missamque
2786 5125 2818 5164 a
2845 5108 3053 5164 Joanne
3082 5103 3425 5160 Antiocheno
3438 5099 3730 5171 epistolam

2158 5202 2227 5258 de
2252 5219 2310 5257 re
2341 5210 2454 5258 tota
2477 5202 2545 5258 ad
2577 5203 2988 5272 imperatorem,
3008 5207 3171 5269 atque
3198 5197 3366 5253 etiam
3396 5195 3465 5250 ad
3490 5195 3732 5265 majores

1814 5353 2130 5414 SCHULZII
2167 5353 2395 5409 NOTAE.

555 5500 599 5533 ⁵⁸
630 5498 693 5553 Ut
723 5500 902 5565 acrib.,
933 5511 1051 5558 catt.
1087 5503 1209 5560 για.
1237 5515 1276 5560 t.
1302 5506 1393 5567 111,
1433 5523 1486 5567 ι).
1530 5509 1687 5564 H99.

1475 5549 1486 5561 -
1518 5509 1687 5581 1599,
1722 5578 1734 5581 Α
1758 5509 2063 5581 ,⁸Ἀεαοὶο.
2095 5509 2245 5581 Y_id.,
2301 5523 2354 5579 p.
2404 5506 2656 5581 IILCoue.
2717 5506 2934 5581 Eph“,
2965 5504 3211 5581 cap_._35.
3285 5504 3331 5535 ‘°
3353 5501 3485 5581 ALit.
3537 5500 3731 5581 .dedit.

630 5523 693 5553 υι
723 5523 902 5565 σει-τυ..
933 5523 1051 5558 eaet.
1096 5523 1209 5560 για.
1237 5523 1276 5560 ι.
1306 5523 1393 5567 ιιι,
1475 5549 1486 5561 .
1530 5523 1687 5564 uua.
1779 5523 1824 5542 "
1853 5523 2063 5565 Acacio.
2102 5523 2245 5573 για..
2301 5523 2354 5579 p.
2404 5524 2460 5562 ιιι
2499 5523 2656 5564 ωηο.
2717 5523 2934 5578 mmet,
2965 5523 2987 5562 ε

478 5578 596 5648 (ξειιιἔ
627 5569 762 5624 Vide
806 5578 846 5625 t.
883 5571 973 5648 l_V,
1022 5572 1183 5648 epist.
1212 5575 1333 5648 l7l,
1359 5523 1479 5640 17g,
1510 5578 1629 5632 174.
1659 5578 1809 5635 Adde
1842 5580 2070 5634 Marium
2101 5579 2344 5648 Mercat.,
2374 5587 2414 5632 t.
2446 5578 2512 5640 ll,
2543 5577 2677 5633 edit.
2705 5577 2893 5641 Garn.,
2933 5593 2987 5648 p.

485 5639 784 5695 recitantur
809 5642 972 5697 verba
1002 5660 1015 5696 :
1041 5639 1385 5698 lntentionem
1410 5655 1816 5715 nostram,.ctc.,
1840 5650 2180 5705 constituunt
2231 5639 2389 5718 epiSt.
2420 5639 2540 5703 174.
