4060 6180
300 266 401 333 121

1501 266 1869 328 HISTORIA
1905 268 2415 333 THEODORETI.

3479 263 3580 328 122

298 378 485 439 IedeS.
521 372 829 432 Romanam
862 372 1009 440 ἀίων
1042 373 1494 441 Alexandrinam.
1529 385 1586 431 el
1611 375 1885 432 Constan-
1920 389 1957 440 Α
1994 383 2079 436 rio
2110 383 2331 453 scripsit
2367 382 2435 436 ad
2476 382 2736 436 Acacium
2785 381 3125 439 Melitenam,
3172 376 3406 446 eamque
3456 393 3589 431 cum

300 469 728 539 tinopelitanam
756 485 770 520 :
803 467 958 522 dedit
982 466 1183 522 iterum
1219 467 1287 521 ad
1319 468 1625 524 Himerium
1656 469 1891 534 litteras,

301 562 511 634 quibus
531 560 701 615 animi
738 560 823 615 sui
865 574 1114 623 sensum,
1142 559 1418 630 simulque
1448 561 1708 617 factionis
1749 569 1897 617 artes

302 653 592 725 patefecit.
632 670 651 704 ¢
678 652 801 707 Non
834 659 1009 714 tuam,
1032 652 1284 722 inquit“,
1323 652 1489 708 lateat
1523 653 1894 719 sanctitatem,

302 745 475 814 quod,
504 753 799 814 postquam
824 743 930 814 legi
950 743 1263 814 epistolam,
1295 760 1418 815 qua:
1458 745 1778 817 imperatori
1808 746 1897 802 di-

304 842 459 892 recta
488 842 596 898 est,
644 835 814 890 nimis
844 836 1032 890 animo
1062 835 1250 903 dolui;
1294 837 1425 908 quia
1467 838 1759 895 manifeste
1803 854 1900 895 co-

309 942 539 999 gnosco,
555 926 708 997 quod
736 927 803 989 is,
822 929 917 997 qui
945 927 1091 981 hanc
1104 927 1346 997 scripsit,
1367 923 1607 999 idipsum
1630 931 1898 995 sentiens,

312 1019 617 1076 indiscrete
655 1026 823 1087 atque
869 1018 1060 1087 inique
1104 1017 1389 1073 damnavit
1437 1033 1587 1084 eum,
1633 1020 1728 1090 qui
1762 1020 1900 1074 nihil

311 1120 516 1183 praeter
563 1110 873 1165 doctrinam
908 1124 1099 1164 sanam
1146 1110 1306 1165 novit
1333 1110 1543 1180 aliquid
1583 1122 1640 1166 et
1686 1111 1898 1166 docuit.

312 1204 423 1260 Sed
452 1203 953 1258 anathematismus
983 1205 1248 1268 insertus,
1277 1202 1407 1258 licet
1428 1202 1664 1259 idoneus
1695 1203 1767 1258 sit
1789 1220 1905 1257 am-

312 1294 483 1364 plius,
518 1308 688 1363 quam
731 1308 1039 1349 consensus
1079 1292 1453 1350 damnationis
1490 1295 1633 1366 ejus,
1677 1295 1905 1351 turbare

314 1386 617 1451 lectorem;
642 1392 826 1440 tamen
852 1386 981 1455 quia
1005 1401 1117 1441 non
1144 1385 1467 1452 indiscrete,
1501 1387 1597 1442 sed
1631 1388 1735 1443 sub
1764 1403 1899 1458 qua-

316 1478 446 1533 dam
475 1476 921 1533 consideratione
945 1476 1158 1548 positus
1178 1486 1284 1542 est,
1320 1478 1579 1533 solatium
1609 1478 1865 1549 praestitit
1892 1496 1907 1533 :

318 1584 426 1625 nec
455 1570 606 1625 enim
623 1568 799 1623 dixit:
830 1568 1378 1625 Anathematizamus
1422 1569 1731 1626 doctrinam
1757 1572 1905 1644 ejus;

319 1661 418 1717 sed
442 1675 790 1732 quaecunque
834 1661 996 1716 aliter
1025 1660 1166 1716 dixit
1213 1671 1309 1717 aut
1337 1661 1529 1719 sensit.
1564 1678 1730 1734 quam
1773 1663 1909 1720 doc-

320 1754 469 1809 trina
494 1752 796 1823 apostolica
813 1752 1080 1808 continet.
1113 1772 1131 1805 ι

393 1844 537 1899 Vill.
570 1843 735 1899 Dedit
771 1851 829 1899 et
861 1844 998 1899 alias
1020 1846 1087 1899 ad
1117 1845 1455 1912 Nestorium,
1489 1853 1727 1902 testatus
1758 1861 1914 1901 suam

324 1935 385 1989 in
433 1935 606 2005 ipsius
636 1935 888 2004 partibus
918 1936 1140 1991 tuendis
1168 1938 1574 1992 constantiam:
1625 1957 1644 1990 σ
1680 1938 1799 2005 His,
1833 1939 1919 1993 in-

320 2028 449 2098 quit
465 2028 534 2093 “,
558 2042 680 2097 qua:
705 2036 896 2082 contra
914 2036 1063 2083 tuam
1086 2031 1502 2086 venerationem
1533 2031 1733 2102 injuste
1753 2038 1918 2101 atque

325 2118 523 2188 inique
552 2127 765 2188 patrata
791 2125 943 2183 sunt,
973 2133 1080 2174 nec
1108 2119 1154 2174 si
1199 2119 1333 2174 mihi
1366 2128 1659 2191 utramque
1691 2136 1917 2175 manum

327 2209 460 2278 quis
474 2207 844 2271 abscinderet,
873 2219 1070 2277 potero
1091 2211 1337 2280 przebere
1361 2226 1715 2276 consensum,
1733 2210 1917 2266 divina

328 2298 708 2369 proculdubio
729 2299 863 2352 mihi
884 2307 1213 2367 cooperante
1242 2301 1437 2369 gratia,
1464 2307 1519 2355 et
1546 2298 1918 2353 infirmitatem

329 2389 532 2446 animae
561 2391 917 2457 sublevante;
989 2391 1149 2462 168
1188 2392 1294 2446 hoc
1340 2401 1525 2447 autem
1576 2392 1742 2447 etiam
1808 2393 1918 2456 his,

329 2483 430 2553 qui
462 2483 583 2537 haec
632 2481 879 2552 exigunt,
930 2490 1144 2537 certum
1193 2482 1398 2537 litteris
1454 2483 1582 2547 feci,
1636 2492 1691 2538 et
1725 2493 1923 2539 vestrae

330 2574 637 2637 sanctitati,
665 2573 798 2643 quid
839 2590 869 2628 a
911 2588 999 2629 me
1040 2574 1123 2629 eis
1177 2575 1503 2644 rescriptum
1532 2575 1635 2640 sit;
1674 2576 1922 2647 exempla

333 2665 638 2727 transmisi,
672 2675 945 2734 quatenus
970 2673 1253 2736 agnoscat,
1285 2666 1434 2735 quod
1458 2667 1672 2721 nullum
1706 2677 1924 2739 tempus

330 2773 437 2813 nos
470 2773 571 2827 per
596 2756 837 2811 divinam
857 2757 1086 2827 gratiam
1116 2758 1498 2814 commutabit.
1544 2779 1561 2810 ι

406 2846 498 2901 ιχ.
531 2845 675 2912 Quin
698 2846 864 2900 etiam
884 2845 1183 2901 Phoenicim
1211 2847 1509 2918 episcOpis,
1543 2863 1684 2918 quos
1717 2849 1771 2903 in
1809 2849 1926 2905 suis

332 2938 592 3010 partibus
635 2938 965 2993 auctoritate
1017 2938 1291 2992 hactenus
1320 2939 1647 3005 retinuerat,
1686 2950 1743 2995 et
1784 2957 1925 3011 quos

333 3046 439 3086 sua
494 3038 677 3084 tamen
723 3028 1063 3084 conscientia
1109 3037 1367 3098 coegerat
1398 3030 1549 3099 pacis
1581 3031 1925 3087 conditiones

334 3120 632 3190 accipere,
683 3117 887 3189 objecit
951 3133 1051 3188 per
1105 3116 1394 3186 epistolam
1455 3119 1926 3189 praevaricationis

336 3213 572 3276 crimen,
599 3209 757 3281 quasi
782 3225 987 3264 novum
1017 3210 1362 3280 accepissent
1397 3211 1705 3282 symbolum
1732 3220 1928 3282 praeter

336 3302 628 3357 Nicmnum
651 3318 666 3365 ;
693 3309 983 3370 postquam
1027 3300 1231 3370 Ephesi
1260 3301 1498 3355 confessi
1528 3309 1735 3365 essent,
1769 3316 1827 3357 se
1855 3302 1930 3356 ita

340 3395 401 3449 in
427 3392 651 3448 Niceno
673 3392 1088 3461 conquiescere,
1113 3400 1174 3445 ut
1201 3391 1352 3447 aliud
1376 3391 1750 3463 quodcunque
1794 3407 1929 3447 con-

341 3484 401 3540 di
426 3499 713 3555 nunquam
737 3492 923 3537 essent
950 3481 1191 3551 passuri.

414 3572 548 3628 Eam
574 3571 646 3626 ob
669 3586 784 3625 rem
808 3570 972 3625 tacito
994 3569 1472 3642 nomineaCyrillo
1486 3571 1808 3642 perstrictus
1824 3581 1929 3628 est.

360 3685 379 3715 ι
413 3663 559 3731 Quid
589 3663 779 3734 igitur,
811 3663 889 3717 ait
924 3662 991 3727 ⁸³,
1042 3671 1249 3718 temere
1290 3663 1555 3719 conviciis
1589 3664 1934 3719 insectantur

346 3756 647 3815 Pbmnicite
665 3755 973 3825 episcopos,
1001 3769 1191 3809 eorum
1215 3770 1541 3810 consensum
1560 3771 1762 3810 novum
1791 3773 1936 3828 sym-

348 3851 540 3907 bolum
594 3847 958 3918 appellantes,
992 3862 1156 3919 quem
1188 3846 1268 3900 illi
1299 3846 1510 3901 utiliter
1538 3857 1595 3902 et
1619 3848 1934 3903 necessario

347 3942 669 4001 ediderunt.
704 3948 766 3994 ut
796 3938 1058 3993 nimirum
1111 3953 1171 3993 se
1210 3946 1530 4009 purgarent,
1575 3954 1782 4008 eosque
1833 3939 1933 3994 dc-

350 4034 682 4095 mulcerent,
695 4029 791 4101 qui
820 4029 972 4099 ipsos
1001 4029 1382 4084 Nestorianam
1410 4029 1710 4083 novitatem
1740 4044 1937 4099 appro—

353 4126 490 4180 bare
545 4122 1015 4179 existimaverant.
1053 4138 1072 4171 ι
1134 4120 1359 4174 Poterat
1403 4119 1523 4174 haec
1575 4119 1935 4190 reprehensio

356 4215 603 4270 animum
649 4210 988 4268 Theodoreti
1018 4224 1148 4281 erga
1188 4209 1455 4282 Cyrillum
1485 4211 1597 4281 jam
1630 4212 1754 4281 plus
1779 4225 1937 4280 :equo

356 4305 640 4360 infensum
671 4303 1045 4367 exacerbare;
1082 4300 1178 4356 sed
1214 4316 1327 4356 suae
1350 4300 1506 4356 fama:
1536 4300 1801 4356 interesse
1833 4317 1937 4356 no-

2002 472 2159 528 libris
2188 472 2377 527 decem
2392 472 2448 526 in
2470 472 2749 527 lulianum
2774 479 3077 540 apostatam
3101 484 3129 523 a
3158 484 3218 523 se
3239 469 3578 537 compositis.

2002 563 2200 618 Joanni
2220 563 2569 617 Antiocheno
2603 562 2774 625 misit,
2811 575 3009 631 rogans
3036 568 3236 614 utcum
3267 556 3582 613 eruditissi-

2004 656 2112 711 mis
2134 655 2448 726 quibusque
2493 669 2608 710 sua:
2652 652 2910 709 dimcesis
2957 650 3233 720 episcopis
3271 663 3581 704 communi-

2006 755 2177 804 caret.
2209 746 2337 802 Haec
2370 746 2755 800 Theodoretns
2799 758 2924 798 cum
2963 741 3266 812 accepisset
3292 755 3323 795 a
3352 740 3583 803 Joanne,

2006 841 2337 911 legissetque
2381 838 2666 901 attentius,
2718 836 2932 891 litteras
2999 832 3150 888 misit
3203 831 3270 887 ad
3322 829 3586 904 Cyrillum

2007 931 2234 987 laudum
2261 939 2427 1001 atque
2475 928 2640 984 ollicii
2686 929 2900 998 plenas,
2932 936 3263 995 mutuasque
3290 925 3363 979 ab
3397 940 3467 980 eo
3497 938 3587 978 re-

2010 1025 2178 1094 cepit,
2207 1038 2309 1078 nec
2335 1022 2457 1077 illas
2491 1036 2651 1085 unas,
2688 1033 2826 1089 quas
2861 1032 2930 1073 eo
2970 1015 3287 1088 diligentius
3324 1012 3588 1079 servavit,

2011 1133 2121 1188 quo
2139 1116 2459 1171 callidiores
2495 1114 2562 1168 ad
2595 1129 2729 1167 usus
2754 1111 3091 1165 destinabat.
3375 1094 3381 1099 ’

2084 1210 2152 1264 Et
2185 1222 2319 1263 vero
2336 1205 2688 1278 postmodum
2715 1204 2928 1258 abusus
2953 1210 3061 1265 est,
3096 1216 3222 1257 cum
3256 1199 3593 1272 persuadere

2012 1303 2177 1359 vellet
2226 1302 2491 1357 Dioscoro
2514 1341 2528 1364 ,
2567 1297 2755 1369 Cyrilli
2816 1312 2874 1352 se
2916 1296 3215 1350 amicitiam
3249 1293 3509 1355 coluisse,
3540 1299 3597 1345 et

2013 1395 2317 1451 doctrinam
2363 1391 2635 1446 laudasse.
2698 1408 2717 1440 ι
2763 1389 2962 1452 Beatze,
3014 1386 3273 1457 inquit”,
3320 1382 3599 1439 memoriae

2014 1487 2279 1561 Cyrillum
2310 1501 2453 1555 saepe
2489 1482 2555 1538 ad
2587 1498 2689 1537 nos
2734 1481 2949 1535 litteras
2971 1479 3211 1544 dedisse,
3244 1483 3599 1547 perspectum

2015 1587 2120 1643 est,
2156 1577 2372 1647 opinor,
2401 1572 2678 1629 sanctitati
2705 1580 2845 1636 tum;
2888 1569 2985 1625 sed
3013 1578 3071 1624 et
3089 1567 3313 1639 quando
3338 1581 3478 1647 suos
3506 1564 3602 1619 ad-

2017 1686 2212 1726 versus
2233 1668 2509 1724 Iulianum
2539 1666 2712 1721 libros
2740 1664 2891 1719 misit
2917 1661 3292 1725 Antiochiam,
3317 1646 3604 1714 similiter-

2019 1777 2128 1834 que
2154 1764 2170 1781 ⁶
2208 1760 2413 1815 librum
2481 1758 2555 1812 De
2600 1757 2895 1819 emissario,
2932 1754 3155 1808 beatum
3194 1751 3462 1807 Joannem
3508 1764 3602 1802 ro-

2018 1853 2165 1925 gavit
2216 1852 2536 1922 episcopum
2572 1848 3004 1908 Antiochenum,
3061 1852 3121 1899 ut
3171 1843 3296 1898 illos
3344 1840 3606 1911 spectatis

2019 1960 2119 2015 per
2152 1943 2433 1999 Orientem
2468 1940 2746 2012 magistris
2780 1938 3122 2001 ostenderet,
3154 1934 3466 2004 litterisque
3500 1933 3604 1987 ob-

2020 2048 2259 2103 sequens
2291 2032 2486 2087 beatus
2507 2031 2748 2087 Joannes
2777 2030 2939 2084 nobis
2964 2029 3139 2089 libros
3155 2026 3327 2087 misit,
3357 2040 3497 2094 quos
3523 2024 3606 2078 le—

2019 2129 2212 2192 gentes
2240 2122 2607 2191 suspeximus,
2633 2128 2690 2174 et
2712 2119 2884 2173 beam
2912 2116 3193 2172 memoria:
3237 2113 3440 2185 Cyrillo
3472 2111 3610 2168 scri-

2020 2213 2254 2284 psimus,
2284 2219 2339 2266 et
2370 2211 2459 2265 ille
2490 2211 2559 2264 ad
2586 2225 2687 2264 nos
2717 2208 3025 2277 rescripsit,
3056 2205 3513 2275 diligentiamque
3544 2216 3611 2256 ac

2020 2301 2458 2359 benevolentiam
2481 2297 2923 2355 commendavit:
2955 2311 3077 2367 qum
3093 2295 3293 2349 littera:
3338 2290 3483 2361 apud
3510 2306 3611 2346 nos

2026 2402 2285 2450 servantu
2295 2409 2338 2445 Γ.
2381 2412 2397 2442 ι

2099 2485 2259 2557 169
2293 2483 2384 2539 Xl.
2424 2482 2810 2537 Theodorctus
2850 2493 3036 2550 porro,
3063 2478 3272 2532 sancita
3294 2490 3448 2546 pace,
3502 2489 3612 2527 non

2024 2579 2187 2635 modo
2212 2593 2320 2631 non
2349 2575 2648 2639 consensit,
2680 2573 2774 2628 sed
2806 2589 2873 2627 ne
2896 2570 3108 2643 quievit
3131 2567 3356 2640 quidem
3376 2567 3420 2596 "'
3448 2584 3460 2618 :
3487 2580 3613 2621 nam

2025 2670 2291 2743 prepositi
2325 2669 2578 2740 pertinax
2625 2676 2681 2721 et
2722 2666 2879 2720 fama:
2911 2662 3171 2720 conscius
3193 2702 3207 2726 ,
3253 2672 3616 2730 quoscunque

2025 2763 2208 2833 potuit
2228 2802 2241 2821 .
2296 2760 2350 2815 in
2378 2775 2506 2815 suas
2529 2767 2715 2828 partes
2745 2772 2851 2827 qua
2887 2752 3199 2809 rationibus
3230 2749 3477 2812 deduxit,
3507 2762 3615 2817 qua

2027 2853 2354 2910 auctoritate
2375 2850 2665 2923 protraxit.
2695 2849 2883 2918 Neque
2907 2860 3037 2901 vero
3063 2844 3223 2915 pauci
3242 2841 3439 2895 ducem
3458 2853 3616 2893 seen.-

2032 2946 2070 3001 ti
2102 2952 2260 3009 sunt,
2310 2944 2420 2997 imo
2447 2942 2612 2997 factio
2636 2939 2931 3003 exstitit",
2968 2952 3090 3006 qua:
3133 2934 3263 3004 quia
3288 2946 3391 2986 nec
3413 2927 3619 2999 Cyrillo

1952 3070 2001 3134 ο
2031 3036 2365 3101 adlizercbat,
2395 3051 2498 3089 nec
2526 3032 2745 3095 Joanni,
2781 3028 3017 3100 partium
3049 3036 3105 3081 et
3129 3025 3443 3079 diteceseon
3465 3018 3618 3088 capi-

2059 3130 2090 3134 __
2259 3128 2268 3134 .
2394 3126 2408 3134 .
2466 3125 2480 3134 .
2955 3119 2967 3131 ο
3117 3109 3593 3134 In.__-n-t!-l....61

2031 3130 2202 3193 tibus,
2243 3125 2644 3196 Acephalorum
2670 3137 2891 3184 nomen,
2924 3119 2969 3173 si
2992 3134 3099 3188 qua
3117 3116 3376 3169 Liberato
3398 3110 3534 3165 ﬁdes
3549 3109 3616 3174 ",

2031 3217 2275 3288 accepit;
2330 3224 2494 3285 atque
2538 3213 2613 3268 ita
2664 3211 3049 3267 Tlieodorctus
3087 3205 3264 3261 videri
3297 3202 3478 3275 potuit
3506 3202 3619 3272 jam

2031 3323 2142 3362 non
2171 3322 2315 3361 unus
2343 3305 2411 3360 de
2434 3311 2583 3358 secta
2610 3300 2846 3357 Nestorii
2870 3340 2883 3363 ,
2919 3298 3017 3353 sed
3046 3296 3405 3352 factiosorum
3433 3301 3618 3362 caput,

2031 3408 2088 3454 et
2110 3396 2373 3454 Ecclesiae
2393 3395 2838 3466 perturbatorum
2862 3391 3141 3461 princeps.

2106 3490 2234 3545 Scio
2264 3489 2332 3544 de
2355 3487 2566 3559 origine
2589 3484 2830 3539 nominis
2852 3480 3258 3551 Acephalorum
3286 3491 3393 3530 non
3418 3475 3487 3529 ab
3508 3488 3624 3528 om-

2037 3585 2198 3641 nibus
2215 3578 2667 3647 Liberatorcredi,
2695 3576 2792 3631 sed
2816 3574 3050 3630 Leontio
3072 3570 3247 3642 magis
3272 3587 3285 3624 :
3307 3584 3404 3624 eos
3424 3580 3624 3636 nempe

2035 3677 2109 3732 ita
2137 3676 2333 3739 dictos,
2365 3672 2459 3744 qui
2489 3672 2653 3740 longo
2680 3675 2805 3738 post
2828 3676 3099 3737 tempore,
3128 3677 3255 3718 cum
3281 3658 3626 3716 Alexandria:

2036 3766 2435 3838 Eutychianam
2481 3759 2716 3819 hmrcsin
2755 3764 3157 3829 sequerentur,
3192 3754 3344 3809 velut
3376 3752 3627 3808 Dioscuri

2036 3858 2283 3928 reliquiae
2304 3897 2319 3922 ,
2368 3870 2481 3910 non
2511 3863 2692 3910 tamen
2722 3852 2885 3911 Petro
2911 3850 3104 3919 Moggo
3131 3844 3363 3902 antistiti
3389 3840 3627 3898 civitatis

2036 3948 2424 4012 adhaerebant,
2460 3944 2813 4016 quantumvis
2833 3940 3178 4013 Eutychiana
3206 3947 3263 3994 et
3287 3938 3403 4008 ipse
3431 3933 3628 3991 haaresi

2039 4041 2277 4096 infectus
2314 4046 2481 4094 esset.
2529 4037 2755 4098 Verum,
2806 4042 2866 4088 ut
2905 4030 3140 4087 Leontio
3165 4028 3302 4084 ﬁdes
3328 4026 3625 4088 tribuatur,

2038 4146 2160 4201 quae
2186 4128 2379 4199 procul
2403 4127 2576 4181 dubio
2608 4124 2793 4180 debita
2817 4131 2903 4177 est
2924 4161 2939 4187 ,
2976 4137 3087 4176 non
3118 4118 3383 4175 continuo
3407 4115 3630 4170 videtur

2040 4217 2353 4290 abroganda
2397 4216 2679 4280 Liberato,
2735 4227 2860 4268 cum
2914 4211 3043 4265 iniri
3087 4208 3263 4280 possit
3307 4203 3626 4262 concordia.

2043 4310 2339 4382 Scripserit
2381 4309 2529 4364 enim
2580 4308 2694 4372 ille,
2751 4304 2899 4375 quod
2944 4300 3415 4375 Eutycbianorum
3446 4295 3627 4367 parti;

355 4406 534 4461 verat,
566 4397 698 4452 dum
726 4404 923 4451 cuncta
950 4393 1220 4467 principis
1255 4395 1412 4466 jussu
1446 4401 1933 4464 componerentur,
1974 4404 2011 4457 D
2044 4404 2168 4466 iste,
2217 4400 2365 4473 quod
2403 4399 2762 4456 Orientalium
2804 4395 3027 4451 factioni
3076 4409 3279 4448 nomen
3319 4388 3581 4456 obtigerit
3612 4404 3627 4441 :

361 4491 496 4545 nihil
524 4488 815 4543 turbarum
839 4488 1005 4553 ciere,
1050 4488 1161 4542 imo
1186 4486 1504 4541 occasiones
1533 4495 1776 4556 captare,
1809 4485 1934 4555 qui-

363 4582 467 4636 bus
491 4589 678 4649 posset
701 4588 798 4633 aut
842 4578 898 4632 in
921 4577 1223 4633 amicitiam
1281 4593 1313 4632 a
1352 4575 1559 4649 Cyrillo
1608 4576 1806 4646 recipi,
1840 4582 1937 4630 aut

362 4679 618 4742 receptus
638 4670 814 4726 videri
844 4688 860 4724 :
898 4671 978 4727 sic
1004 4669 1156 4726 enim
1182 4669 1565 4740 pertinaciam,
1603 4667 1661 4722 in
1698 4683 1940 4723 renuen-

360 4764 449 4821 dis
471 4764 886 4821 conditionibus
905 4764 1238 4831 concordiae,
1265 4763 1487 4819 valebat
1514 4763 1691 4819 tutius
1720 4762 1809 4818 vel
1843 4778 1941 4818 ex-

360 4870 556 4913 cusare
579 4858 665 4913 vel
698 4867 900 4929 tegere.

432 4949 503 5004 Χ.
536 4949 751 5005 Accidit
806 4965 933 5004 mox
994 4949 1213 5006 occasio
1266 4957 1575 5021 opportuna
1621 4946 1782 5003 dolo:
1815 4962 1938 5002 nam

364 5040 599 5114 Cyrillns
627 5040 960 5097 laboriosam
990 5042 1374 5098 tractationem
1404 5039 1474 5096 de
1498 5053 1666 5110 capro
1708 5036 1941 5093 emissa-

2045 4504 2278 4564 uterque
2329 4501 2453 4562 apte
2495 4490 2562 4544 ad
2602 4490 2716 4543 vim
2748 4488 2903 4541 vocis
2938 4484 3092 4539 facta:
3119 4484 3189 4538 ad
3217 4479 3630 4554 significandam

2046 4595 2272 4649 sectam,
2321 4599 2444 4654 quae
2475 4581 2563 4636 cui
2594 4596 2693 4650 par
2730 4585 2834 4641 est,
2872 4576 3039 4646 capiti
3075 4591 3187 4630 non
3233 4570 3584 4642 conjungitur
3613 4587 3627 4624 :

2047 4676 2155 4730 erit
2180 4683 2363 4729 tamen
2386 4671 2629 4728 Liberati
2656 4684 2820 4740 quam
2847 4666 3065 4722 Leontii
3092 4666 3275 4736 potior
3297 4663 3424 4718 inde
3444 4677 3632 4726 causa,

2049 4765 2199 4837 quod
2226 4765 2319 4819 ille
2345 4763 2595 4830 tradidit,
2634 4760 2781 4817 unde
2809 4760 3048 4832 primum
3096 4757 3153 4812 in
3191 4756 3298 4811 hoc
3324 4763 3438 4808 toto
3461 4767 3632 4823 nego-

2051 4855 2127 4910 tio
2178 4854 2430 4910 auditum
2472 4852 2544 4907 sit
2587 4851 2996 4922 Acephalorum
3037 4861 3274 4912 nomen;
3322 4843 3449 4908 iste,
3488 4840 3633 4896 unde

2047 4944 2406 5017 Eutychianis
2447 4942 2726 4999 inhaeserit
2775 4960 2789 4995 :
2842 4954 3155 5011 quanquam
3205 4934 3422 4991 Leontii
3466 4947 3631 5003 quam

2047 5036 2291 5092 Liberati
2323 5035 2509 5091 notior
2534 5042 2620 5089 est
2644 5032 2948 5097 sententia;
2981 5038 3272 5101 propterea
3296 5023 3445 5096 quod
3471 5038 3634 5079 man-

1709 5150 2026 5246 scnmzni
2062 5188 2288 5249 nom.

442 5332 485 5362 σι
514 5325 710 5399 ln_quit.
742 5327 869 5399 Eid.
907 5337 947 5381 t.
981 5328 1269 5399 IVLepist.
1299 5328 1421 5399 {76.

1522 5328 1796 5400 “linquit.
1834 5326 1957 5400 Yid.
1981 5326 2029 5400 _l.
2062 5325 2319 5400 c.A_epis_t_.
2341 5323 2480 5400 _1-72.
2515 5321 2667 5400 Adde
2693 5336 2816 5400 svn.
2861 5336 2914 5383 v,
2951 5327 3063 5400 act.
3097 5318 3149 5400 5..

3247 5318 3293 5350 ⁸⁸
3345 5315 3450 5371 Ait.
3501 5312 3630 5368 \‘id.

367 5413 423 5468 p.
460 5413 516 5469 ut
548 5382 1036 5469 ϐρηᾳΕρΙιεδηῌς.
1060 5382 1503 5469 Eii—flow“.
1539 5382 1737 5453 Vid.'t.
1783 5382 1873 5469 ἰν,
1907 5396 2069 5466 epist.
2268 5395 2313 5427 ⁸⁸
2334 5392 2413 5469 Ne
2450 5392 2643 5463 quievit
2691 5382 2919 5469 quidem.
2946 5386 3408 5469 Quiev-it.‘donec
3433 5382 3629 5469 defenf

368 5455 560 5522 dende:
589 5455 815 5522 Diodori
858 5476 915 5522 et
943 5455 1226 5523 Theodori
1275 5455 1556 5523 memoria:
1615 5455 1998 5521 necessitatem
2070 5465 2177 5521 sibi
2221 5455 2529 5534 impositam
2582 5455 2714 5534 esse
2761 5460 3034 5534 crederet.
3089 5460 3223 5514 Erat
3279 5455 3461 5534 enim,_
3491 5461 3631 5508 teste

368 5538 633 5593 Camerio
663 5541 870 5608 (supra,
899 5553 954 5607 p.
1005 5536 1544 5608 140),7amicitiarum
1597 5535 1993 5608 incredibiliter
2040 5523 2353 5608 appetens,
2386 5541 2444 5587 et
2497 5547 2641 5608 cum-
2662 5530 2983 5608 εῙιιη-ιςῇεξείξῐζ
2993 5534 3307 5608 constanter
3325 5523 3628 5608 “retine‘ns.

372 5590 628 5665 “idem
659 5590 1646 5672 cecinit,[caittvllu'dum'a'Cotelerio
1670 5603 1900 5674 aliisque
1933 5590 2153 5673 explosa
2206 5590 2441 5659 cst'isla
2494 5590 2698 5659 fabula.
2752 5600 2874 5656 Vid.
2946 5590 3167 5671 Dttpinii
3224 5593 3463 5650 Biblioth.
3507 5590 3631 5647 Aut.

373 5680 577 5747 ρει-(ει,
617 5687 658 5733 t.
705 5678 794 5743 ιν,
830 5693 884 5748 p.
912 5677 998 5733 85.
1076 5677 1417 5743 "Breviarii,
1464 5692 1583 5747 cap.
1635 5675 1688 5729 9.
