4054 6138
417 214 516 277 123

1546 197 1923 260 GARNERII
1967 190 2462 255 DISSERTATIO
2503 190 2549 247 Ι.

3561 174 3662 242 124

410 324 483 376 sit
504 319 597 375 diu
616 315 954 387 Eutycbiana
979 313 1140 368 factio
1170 325 1295 366 cum
1321 324 1422 364 suo
1449 307 1699 372 nomine;
1734 304 1986 360 Orienta-
2015 308 2057 362 Α
2087 300 2353 355 frenatum
2390 295 2680 351 dimisisti?
2736 293 2894 358 Vide,
2932 308 3000 347 ne
3029 291 3156 362 quis
3186 292 3205 310 ‘
3237 298 3288 343 te
3323 287 3660 342 callidiorrh.

410 415 546 467 lium
566 409 765 466 seditio
797 409 950 462 brevi
984 404 1287 474 composita
1308 410 1413 456 est.

1016 515 1240 572 CAPUT
1276 513 1389 569 VII.

412 615 454 668 l.
483 613 590 668 Pro
615 611 842 665 Nestorii
869 609 1010 662 libris
1037 605 1313 658 combustis
1339 602 1724 656 substituuntur
1743 609 1987 670 excerpta

481 699 544 735 ea:
576 682 803 734 Diodoro
833 690 880 732 et
911 676 1195 732 Theodoro.
1253 673 1317 726 ll.
1349 671 1591 725 Monachi
1620 671 1834 724 Armeni
1866 671 1987 723 inde

483 753 664 805 turbas
718 757 942 804 movent.
1005 745 1094 799 llI.
1135 741 1444 814 Cyrilluset
1482 738 1696 814 Proetus
1742 749 1986 814 excerpta

483 825 816 892 impugnant.
859 808 1604 892 IV.Tltcodoretusndejifrcdit2
1641 809 1708 892 Χῖ
1734 808 1988 892 Queritur

483 878 903 956 apudvloamtem
923 885 1300 956 Antiochenam
1317 878 1547 956 Cyrinus
1571 879 1633 931 de
1651 878 1986 956 Theodoreto.

483 948 568 1017 Vl.
603 959 704 1024 Qui
742 975 798 1011 se
838 957 908 1010 ad
951 952 1328 1024 componendas
1367 948 1546 1024 (iurans,
1601 957 1650 1001 et
1689 948 1988 1024 ornandam

482 1017 699 1101 Cyrum,
719 1028 989 1101 conuertit.
1011 1017 1121 1078 VII.
1147 1023 1221 1076 De
1239 1019 1456 1076 concilio
1473 1017 1820 1072 Armenorum
1837 1018 1985 1086 cujus

484 1097 717 1153 meminit
737 1097 1021 1150 Baronius.

811 1190 881 1237 Ab
915 1201 1042 1237 anno
1069 1184 1247 1237 Christi
1272 1185 1363 1233 «iSi
1398 1184 1456 1234 ad
1480 1181 1587 1232 4&0.

485 1297 528 1352 Ι.
565 1295 696 1363 Quae
723 1294 1100 1349 intercessisse
1125 1292 1270 1346 dicta
1291 1299 1395 1354 est,
1421 1271 1824 1343 Theodoretum
1845 1285 1986 1339 inter

413 1397 470 1441 et
500 1386 799 1457 Cyrillum,
849 1385 1157 1438 litterarum
1206 1379 1546 1436 consuetudo
1592 1377 1854 1432 diuturna
1876 1390 1986 1429 non

413 1479 536 1532 fuit.
576 1477 711 1531 Nam
755 1492 879 1529 cum
911 1475 1196 1528 Nestorius
1225 1469 1573 1539 imperatoris
1602 1466 1857 1521 mandato
1887 1465 1985 1520 de-

412 1577 660 1639 portatus
711 1575 857 1623 esset
906 1567 962 1619 in
1005 1564 1222 1626 Oasim,
1280 1568 1569 1631 propterea
1625 1558 1784 1628 170
1839 1555 1990 1627 quod

413 1677 445 1716 e
477 1677 576 1714 suo
607 1659 941 1713 monasterio
971 1656 1158 1709 turbas
1194 1653 1491 1707 amicorum
1513 1667 1616 1721 ope
1637 1651 1984 1714 moliebatur,
2021 1633 2061 1688 Β

413 1765 651 1820 cumque
681 1753 800 1820 ejus
827 1748 952 1802 libri
978 1746 1209 1800 ﬂammis
1230 1745 1514 1809 arsissent,
1544 1744 1804 1814 quoniam
1830 1761 1898 1800 ex
1921 1744 1989 1799 iis

413 1841 658 1910 quidam,
709 1839 899 1893 eadem
943 1852 1066 1890 cum
1113 1835 1365 1889 Patribus
1405 1835 1714 1889 Nestorium
1761 1835 1987 1899 sentire,

413 1929 618 1998 populo
655 1925 1064 1996 persuadebant
1099 1941 1111 1977 :
1143 1925 1258 1977 visa
1285 1933 1370 1978 est
1400 1924 1644 1978 factiosis
1677 1923 1990 1978 hominibus

413 2019 696 2073 sarcienda
729 2032 851 2070 cum
889 2016 1098 2070 fcenore
1123 2016 1354 2085 jactura.
1407 2015 1541 2068 Nam
1561 2013 1605 2045 ⁸³
1635 2031 1736 2084 pro
1761 2015 1989 2069 combu-

414 2107 515 2162 stis
541 2106 706 2160 unius
727 2104 966 2158 hominis
1003 2120 1112 2158 non
1137 2102 1508 2172 probatissimi
1537 2103 1678 2172 apud
1703 2118 1892 2157 omnes
1921 2103 1991 2156 li-

415 2198 532 2252 bris
582 2196 849 2266 suppositi
897 2203 1025 2249 sunt
1063 2194 1177 2256 alii,
1215 2194 1331 2248 sive
1363 2209 1502 2263 quos
1527 2192 1850 2246 Theodorus
1875 2191 1990 2245 Mo-

416 2297 767 2360 psuestenus,
801 2286 1038 2342 Nestorii
1072 2286 1329 2356 magister
1350 2326 1364 2349 ,
1420 2285 1535 2339 sive
1560 2299 1697 2353 quos
1723 2283 1993 2338 Diodorus

415 2379 722 2444 Tarsensis,
752 2379 1120 2448 Mopsuesteni
1149 2378 1360 2440 doctor,
1381 2376 1678 2446 scripserat
1704 2392 1716 2427 :
1741 2384 1819 2439 ut,
1851 2390 1992 2444 quo-

416 2473 566 2528 niam
592 2482 824 2541 uterque
852 2470 1064 2525 inﬁnita
1089 2477 1208 2524 erat
1235 2468 1380 2538 apud
1407 2483 1598 2522 omnes
1629 2467 1683 2520 in
1711 2466 1989 2536 opinione,

417 2571 570 2618 tanto
609 2563 973 2632 perniciosius
998 2561 1142 2615 idem
1165 2575 1323 2614 error
1349 2559 1740 2621 invalesceret,
1788 2566 1994 2627 quanto

417 2655 521 2710 sub
545 2655 803 2708 nobiliori
829 2653 1048 2706 nomine
1077 2653 1292 2706 lateret.

488 2744 554 2799 ll.
589 2744 769 2813 Atque
799 2744 926 2798 hinc
953 2743 1164 2796 exstitit
1185 2757 1349 2797 causa
1376 2742 1706 2796 tumultuum
1733 2740 1784 2794 in
1807 2744 1996 2797 Arme-

420 2835 531 2900 nia,
550 2836 740 2889 multis
762 2846 1056 2904 utrumque
1077 2835 1360 2888 doctorem
1379 2833 1606 2888 miriﬁce
1624 2835 1992 2897 laudantibus,

420 2927 671 3000 pluribus
698 2935 993 2996 utrumque
1024 2926 1319 2996 impietatis
1344 2927 1726 2998 arguentibus.
1777 2926 1997 2980 Exstitit

419 3020 585 3074 (tiam
610 3019 960 3088 querelarum
989 3019 1163 3088 origo,
1203 3034 1340 3088 quas
1359 3019 1710 3089 gravissimas
1742 3018 1997 3072 monachi

420 3109 541 3166 velo
581 3107 888 3178 praefervidi
932 3107 1314 3163 Alexandriam
1357 3109 1424 3163 ad
1469 3107 1753 3180 Cyrillum,
1811 3109 2000 3163 Antio-

423 3198 600 3253 ehiam
635 3197 702 3252 ad
728 3199 1015 3262 Joannem,
1045 3207 1102 3254 et
1128 3198 1185 3253 in
1208 3199 1399 3254 urbem
1422 3200 1624 3271 regiam
1650 3200 1717 3254 ad
1747 3201 2000 3255 Proclum

423 3287 732 3342 Maximiani
763 3303 1138 3343 successorem
1162 3290 1432 3344 tulerunt.

493 3378 581 3434 III.
615 3377 853 3450 Cyrillus
898 3378 1164 3433 adversus
1201 3381 1503 3434 Diodorum
1553 3390 1609 3435 et
1641 3369 2000 3436 Theodorum

423 3470 735 3540 composuit
762 3471 965 3526 librum
985 3511 999 3535 ,
1058 3472 1216 3541 cujus
1236 3471 1369 3524 nihil
1395 3480 1642 3524 remanet
1669 3479 1866 3541 praeter
1889 3471 2002 3525 fra-

424 3567 644 3630 gmenta
677 3562 730 3616 in
755 3562 906 3615 Actis
937 3562 1142 3629 quintae
1169 3560 1385 3632 synodi.
1435 3561 1672 3616 Joannes
1712 3561 2004 3616 Theodoro

432 3651 582 3705 visus
616 3659 701 3705 est
742 3651 907 3721 paulo
929 3651 1156 3721 azquior.
1189 3651 1420 3706 Proclus
1440 3651 1615 3706 edidit
1643 3652 1710 3706 ad
1736 3653 2004 3709 Armenos

425 3739 660 3794 Tomum
691 3741 758 3796 de
793 3740 919 3804 ﬁde,
951 3741 1039 3794 cui
1067 3741 1350 3812 subjunxit
1374 3751 1633 3812 excerpta
1663 3743 1910 3812 quaedam
1937 3758 2004 3797 ex

427 3829 749 3896 Theodoro,
789 3831 958 3886 tacito
981 3839 1160 3888 tamen
1188 3833 1493 3904 prudenter
1520 3834 1741 3888 nomine
1784 3852 1796 3887 :
1842 3835 2004 3905 hujus

426 3921 575 3976 enim
607 3930 757 3976 tanta
794 3923 897 3978 fuit
930 3923 986 3977 in
1010 3921 1235 3979 Oriente
1259 3925 1568 3979 reverentia
1615 3935 1671 3980 et
1695 3926 1848 3995 quasi
1876 3941 2002 3980 san-

428 4011 610 4076 ctitas,
672 4022 750 4078 ut,
793 4029 918 4069 cum
961 4013 1242 4085 religionis
1273 4015 1674 4071 incrementum
1699 4025 2001 4086 optaretur,

428 4107 819 4160 reclamarelur
849 4107 903 4161 in
930 4107 1163 4162 ecclesia
1187 4125 1201 4161 :
1245 4107 1395 4162 Vivat
1423 4106 1677 4162 Theodori
1699 4109 1850 4177 ﬁdes.

503 4198 587 4251 IV.
628 4196 776 4266 Opus
799 4197 980 4252 Procli
1005 4197 1243 4253 Joannes
1283 4198 1339 4252 in
1367 4213 1464 4252 sua
1489 4199 1697 4269 synodo
1729 4198 2002 4268 probavit.

2087 391 2385 452 existimet,
2413 389 2500 442 his
2519 387 2782 442 adversus
2799 385 3146 440 Theodorum
3167 382 3242 435 uti
3264 381 3499 449 injuriis,
3517 382 3661 448 (μιυιι

2087 481 2512 554 Apollinarium,
2561 487 2617 532 et
2662 478 2765 548 qui
2801 492 2887 540 ea,
2920 491 3042 545 quae
3070 483 3199 529 sunt
3230 472 3398 534 illius,
3425 471 3663 538 sapiunt,

2088 572 2546 629 sceleratissimos
2575 568 2809 622 vocavit.
2846 566 2902 620 Si
2925 566 3031 619 hoc
3061 579 3170 618 non
3192 570 3295 625 est,
3331 577 3430 615 cur
3457 561 3666 614 absono

2088 665 2257 729 dicto,
2309 664 2452 718 sicut
2481 661 2759 730 crapulam
2779 699 2792 722 ,
2855 667 3032 711 tantas
3062 653 3374 726 hujusmodi
3401 652 3672 707 adversus

2086 773 2213 813 eum
2238 754 2611 825 blasphemias
2629 749 2874 807 etfudisti
2897 748 2981 800 '9?
3008 767 3025 798 ι

2156 851 2222 906 V.
2261 851 2338 906 Ea
2365 847 2673 908 occasione,
2707 844 2921 914 opinor,
2947 841 3203 912 Cyrillus,
3233 839 3374 892 datis
3401 837 3468 892 ad
3497 837 3666 893 Joan~

2086 957 2214 996 nem
2234 939 2636 994 Antiochenam
2664 934 2886 998 litteris,
2910 941 3139 1002 questus
3162 939 3246 983 est
3265 930 3332 984 de
3352 929 3668 984 Theodore-

2087 1039 2145 1085 ιο
2195 1038 2453 1098 tanquam
2481 1025 2549 1080 de
2576 1024 2798 1080 homine
2826 1022 3083 1085 factioso,
3136 1019 3229 1088 qui
3263 1033 3372 1072 non
3397 1018 3668 1086 ejurasset

2085 1120 2323 1176 Nestorii
2367 1120 2700 1179 societatem,
2753 1114 2848 1169 sed
2890 1128 3036 1166 vana
3053 1111 3236 1181 potius
3259 1111 3438 1178 specie
3473 1109 3666 1163 defen-

2087 1212 2255 1268 dendi
2281 1211 2589 1280 magistros,
2627 1205 2877 1275 discipuli
2901 1203 3213 1276 doctrinam~
3241 1199 3522 1254 vindicare
3549 1199 3666 1252 vel-

2086 1305 2161 1360 let
2207 1303 2470 1358 adversus
2508 1299 2661 1368 171
2698 1296 2955 1351 Ecclesia:
2989 1293 3344 1348 sententiam-
3393 1291 3672 1344 Littera"

2087 1398 2166 1452 sic
2222 1411 2281 1450 se
2331 1394 2535 1448 habent
2584 1409 2598 1444 :
2647 1388 2995 1443 «Arbitratus
3021 1380 3141 1441 sum
3205 1385 3259 1438 in
3313 1383 3463 1437 hunc
3495 1398 3670 1451 usque

2087 1487 2235 1543 diem
2267 1481 2790 1540 reverendissimum
2815 1476 3244 1536 Theodoretum,
3274 1471 3537 1541 depositis
3565 1472 3674 1526 Ne-

2093 1575 2246 1632 storii
2274 1574 2428 1629 vanis
2447 1567 2819 1642 opinionibus,
2846 1564 3116 1618 maculam
3140 1578 3207 1616 ex
3227 1561 3292 1615 iis
3313 1567 3668 1621 contractam,

2092 1667 2342 1736 exemplo
2363 1662 2831 1719 sanctissimorum
2857 1658 3086 1712 aliorum
3110 1655 3426 1724 praesulum,
3446 1652 3668 1706 ciuisse.

2091 1763 2250 1814 Hunc
2288 1757 2436 1812 enim
2483 1753 2827 1810 credideram
2875 1751 3036 1820 longe
3069 1765 3098 1802 a
3119 1746 3515 1808 seremovisse,
3549 1760 3674 1814 qua:

2091 1850 2213 1922 paci
2256 1848 2582 1910 obstabant,
2625 1841 3035 1899 conditionibus
3079 1839 3553 1907 mutuisqueame
3579 1836 3673 1889 lit-

2091 1938 2222 1994 teris
2258 1936 2514 2005 receptis.
2549 1935 2771 1997 Verum,
2809 1930 3080 1985 referente
3110 1929 3197 1998 pio
3220 1927 3539 1997 presbytero
3566 1925 3671 1978 Da—

2091 2029 2255 2092 niele,
2284 2027 2452 2082 didici
2486 2027 2666 2095 ipsum
2690 2039 2721 2078 a
2745 2021 2994 2092 pristinis
3015 2019 3207 2089 agendi
3234 2017 3539 2071 rationibus
3562 2031 3678 2070 non

2092 2115 2406 2179 recessisse,
2442 2113 2725 2167 adhaerere
2750 2109 2977 2180 perinde
3005 2125 3068 2162 ac
3091 2108 3241 2177 prius
3275 2106 3508 2160 Nestorii
3557 2105 3677 2158 bla-

2093 2206 2376 2276 spbemiis,
2403 2214 2460 2261 et
2503 2211 2688 2274 aperte
2721 2200 3035 2263 ostendere,
3081 2215 3138 2253 se
3175 2213 3351 2267 neque
3385 2196 3677 2250 anathema

2092 2298 2192 2367 ipsi
2216 2297 2436 2360 dixisse,
2465 2309 2646 2364 neque
2668 2292 2997 2362 depositioni
3023 2291 3337 2344 assensisse.
3370 2289 3519 2341 lianc
3540 2287 3674 2340 mihi

2093 2397 2185 2443 tua
2208 2388 2466 2443 sanctitas
2496 2385 2644 2440 fandi
2673 2393 3002 2454 potestatem
3028 2380 3210 2443 faciat;
3250 2378 3520 2448 siquidem
3549 2379 3678 2432 cha-

2095 2479 2230 2533 ritas
2249 2488 2409 2549 urget
2431 2477 2497 2531 ad
2522 2474 2857 2545 loquendum
2886 2491 2898 2526 :
2926 2487 3086 2541 quam
3109 2471 3177 2523 ob
3197 2485 3414 2524 causam
3437 2467 3675 2522 nonnul-

2094 2569 2132 2624 li
2167 2570 2309 2622 elata
2337 2567 2549 2621 cervice
2580 2564 2855 2619 laudabile
2888 2573 3040 2616 tuum
3072 2561 3383 2623 consilium,
3421 2560 3474 2612 in
3507 2559 3675 2612 rebus

2096 2659 2164 2713 ad
2193 2669 2342 2713 tuam
2364 2655 2714 2726 prudentiam
2746 2652 3170 2724 pertinentibus,
3206 2667 3315 2704 non
3336 2651 3679 2718 sequuntur?

2094 2749 2226 2814 Cur,
2259 2749 2429 2803 instar
2467 2746 2740 2817 pecudum
2787 2761 2818 2800 a
2849 2760 3013 2815 grege
3047 2758 3104 2798 se
3143 2742 3558 2803 abducentium,
3598 2740 3674 2793 nil

2096 2841 2203 2895 nisi
2233 2839 2378 2910 quod
2401 2839 2537 2893 libet
2560 2837 2974 2908 exsequuntur?
3031 2835 3088 2889 Si
3123 2850 3253 2888 vera
3277 2843 3406 2887 sunt
3444 2848 3566 2902 qua:
3592 2829 3676 2886 di-

2025 2967 2066 3024 c
2099 2929 2228 2995 dici,
2276 2945 2361 2984 na:
2390 2927 2881 2983 reverendissimus
2909 2925 2998 2979 ille
3045 2924 3210 2978 debet
3240 2923 3544 2978 sanctitatis
3572 2932 3679 2976 tuae

2101 3019 2382 3075 stimulum
2414 3028 2470 3074 et
2503 3019 2598 3072 ine
2617 3017 2838 3072 aculeos
2857 3015 3122 3086 experiri.
3139 3034 3155 3064 ι

2169 3107 2257 3162 Vl.
2293 3106 2465 3160 Porro
2492 3113 2672 3159 autem
2702 3120 2824 3158 cum
2846 3112 3094 3159 cerneret
3122 3101 3518 3166 Theodoretus,
3544 3101 3681 3154 scri-

2100 3197 2208 3266 ptis
2253 3211 2374 3264 quas
2417 3195 2657 3250 diximus
2705 3196 2996 3266 evulgatis,
3047 3212 3157 3249 non
3185 3194 3440 3249 effectum
3471 3209 3593 3249 esse
3627 3193 3684 3250 id

2101 3286 2487 3342 commotionis
2518 3287 2664 3356 quod
2687 3295 2951 3357 speraret,
2999 3285 3094 3342 sed
3119 3295 3307 3340 contra
3345 3302 3430 3340 res
3455 3294 3685 3339 cunctas

2101 3379 2181 3433 ire
2204 3379 2469 3448 pacatius,
2495 3378 2758 3448 perL'esis,
2785 3385 2844 3431 ut
2869 3377 2946 3440 ﬁt,
2977 3377 3361 3432 diuturnarum
3386 3377 3674 3431 turbarum

2102 3472 2387 3542 plurimis,
2447 3487 2549 3526 nec
2588 3472 2694 3541 jam
2750 3471 2938 3526 faciles
2973 3474 3095 3542 ejus
3134 3472 3479 3526 sermonibus
3521 3488 3685 3526 aures

2103 3545 2497 3634 praebentibus,
2536 3571 2709 3617 totum
2740 3578 2797 3617 se
2823 3564 2976 3618 dedit
3001 3565 3397 3634 componendis
3423 3563 3602 3628 libris,
3631 3573 3687 3618 et.

2104 3656 2277 3711 sacris
2319 3655 2618 3725 Scripturis
2656 3655 3084 3725 interpretandis
3111 3675 3124 3710 :
3151 3673 3262 3726 quo
3291 3657 3343 3709 in
3365 3667 3565 3728 genere
3596 3656 3686 3710 vix

2105 3747 2276 3802 ullum
2303 3748 2497 3802 habuit
2524 3747 2891 3818 superiorem,
2943 3748 3057 3802 sive
3087 3765 3282 3803 sensus
3309 3747 3564 3803 litteralis
3586 3763 3683 3800 ex-

2103 3837 2345 3907 planatio
2369 3844 2649 3907 spectetur
2669 3877 2684 3901 ,
2743 3837 2857 3891 sive
2886 3837 3130 3893 brevitas
3151 3879 3164 3901 ,
3221 3838 3338 3894 sive
3362 3838 3686 3892 elocutionis
3717 3852 3728 3861 '

2105 3929 2344 3983 claritas.
2371 3928 2598 3982 Interim
2618 3943 2727 3982 non
2746 3927 3036 3982 desinebat
3055 3928 3290 3999 synodos
3311 3928 3683 3999 frequentare,

2105 4037 2211 4090 qua
2233 4029 2384 4090 parte
2407 4028 2608 4088 posset,
2630 4028 2792 4088 atque
2814 4019 2978 4074 etiam
3005 4019 3234 4074 consilio
3249 4037 3431 4092 agere,
3456 4028 3514 4074 ut
3531 4036 3686 4074 suam

2106 4111 2162 4165 in
2187 4111 2515 4166 sententiam
2550 4109 2872 4171 adduceret,
2903 4125 3044 4178 quos
3072 4110 3311 4176 valeret;
3349 4111 3445 4166 sed
3477 4111 3544 4165 iis
3567 4125 3685 4164 ma-

2105 4200 2250 4254 xime
2295 4199 2655 4256 conciliandis
2701 4199 2980 4265 studebat,
3032 4201 3124 4269 qui
3152 4203 3357 4271 majore
3382 4202 3690 4257 sanctitatis

432 4287 689 4342 Probavit
716 4295 772 4341 et
797 4287 852 4341 in
873 4287 1124 4360 Egyptia
1145 4288 1400 4358 Cyrillus,
1452 4289 1654 4360 quippe
1683 4289 1797 4343 suis
1826 4289 2003 4345 tribus
2037 4301 2078 4353 ι)
2107 4291 2249 4346 fama
2295 4292 2712 4347 celebrarentur
2762 4309 2774 4344 :
2820 4307 2992 4360 quare
3035 4300 3092 4346 et
3116 4291 3372 4360 frequens
3397 4301 3517 4348 erat
3543 4294 3687 4363 apud

431 4378 695 4436 adversus
741 4377 1094 4433 Theodorum
1132 4371 1289 4441 libris
1318 4394 1641 4434 consonum.
1681 4378 1788 4434 Sed
1821 4380 2002 4434 Theo-

431 4471 658 4526 doretus
693 4471 821 4525 inde
861 4471 1044 4525 animo
1075 4481 1361 4541 permotus
1388 4487 1487 4542 pro
1513 4471 1805 4526 Theodoro
1825 4513 1838 4537 ,
1895 4488 2006 4542 quo

433 4563 694 4634 magistro
741 4579 959 4633 semper
1004 4564 1270 4633 gloriatus
1311 4573 1416 4627 est,
1470 4572 1582 4618 tres
1609 4562 1816 4632 pariter
1837 4563 2008 4618 libros

431 4655 762 4724 composuit,
814 4663 869 4709 et
915 4672 1012 4710 eos
1047 4657 1269 4726 quidem
1316 4655 1706 4718 amarulentos,
1743 4654 2007 4724 quemad-

433 4746 656 4800 modum
706 4747 1012 4817 intelligere
1051 4747 1180 4800 licet
1228 4763 1294 4801 ex
1320 4746 1666 4818 fragmentis,
1717 4747 1918 4816 quibus
1952 4746 2007 4799 in

434 4837 625 4906 quinta
672 4837 880 4909 synodo
928 4853 1062 4891 usus
1099 4837 1224 4900 fuit,
1270 4838 1337 4890 ad
1373 4851 1591 4892 causam
1617 4838 1888 4892 Theodori
1916 4840 2008 4909 ju—

434 4925 744 4982 dicandam.
766 4926 899 4980 Nam
923 4926 1053 4996 quid
1079 4926 1330 4980 acerbius
1349 4939 1416 4979 eo
1445 4941 1553 4994 quo
1575 4925 1629 4978 in
1649 4925 1911 4996 Cyrillum
1931 4926 2014 4979 in-

435 5016 690 5071 vehitur?
730 5037 746 5066 c
770 5016 910 5083 Quid
937 5017 1101 5089 igitur
1123 5033 1322 5072 novum
1343 5015 1481 5070 dixit
1502 5015 1841 5080 Theodorus,
1868 5015 2013 5084 quod

438 5107 606 5162 tantis
633 5124 759 5162 eum
785 5109 1145 5180 blasphemiis
1164 5108 1441 5179 lapidasti,
1481 5108 1682 5178 jubens
1708 5107 1788 5162 illi
1819 5115 1878 5160 ut
1903 5106 2012 5160 fre-

439 5208 597 5254 naret
643 5200 905 5270 linguam,
957 5201 1178 5270 quando
1223 5210 1371 5255 tuam
1410 5199 1525 5268 ipse
1573 5212 1799 5253 currere
1834 5198 1907 5251 ita
1929 5196 2011 5251 ef-

2110 4384 2288 4453 ipsos,
2337 4391 2395 4438 et
2438 4382 2732 4452 asperioris
2776 4382 2901 4437 vitae
2957 4383 3340 4438 communione
3381 4394 3692 4439 ascetarum

2114 4474 2346 4538 animos,
2377 4473 2742 4542 simpliciores
2766 4490 2930 4542 quam
2957 4474 3254 4536 doctiores,
3280 4476 3551 4544 captabat.

2186 4561 2328 4627 Quin
2367 4560 2532 4615 etiam
2585 4561 2727 4615 bona
2765 4562 3025 4616 Ecclesia:
3078 4563 3133 4616 in
3169 4577 3337 4632 opera
3362 4562 3578 4631 publica
3609 4563 3692 4615 ci-

2117 4652 2270 4706 vitali
2293 4669 2404 4709 sum
2424 4653 2734 4707 necessaria
2755 4653 2988 4707 contulit
3014 4669 3027 4705 :
3054 4667 3199 4717 nam,
3223 4668 3349 4707 cum
3371 4653 3544 4708 Nomo
3560 4667 3695 4707 con-

2115 4743 2221 4796 suli
2256 4743 2604 4806 scriberet",
2662 4743 2938 4797 recensuit
2962 4743 3222 4810 porticus,
3279 4751 3476 4812 pontes
3525 4742 3692 4806 duos,

2116 4832 2386 4887 balnteum
2439 4841 2496 4887 et
2536 4835 2920 4903 aquaeductum
2969 4849 2982 4884 :
3037 4849 3144 4902 qua
3196 4834 3248 4887 in
3292 4832 3696 4902 magniﬁcentia

2117 4922 2455 4977 desideraret
2477 4923 2742 4992 quispiam
2767 4923 3163 4977 xenodocbium
3191 4923 3415 4993 aliquod
3438 4931 3531 4977 aut
3552 4922 3697 4977 basi-

2120 5013 2280 5068 licam
2315 5013 2399 5068 vel
2430 5015 2821 5067 monasterium
2841 5055 2855 5078 ,
2892 5023 2952 5069 ut
2975 5013 3299 5069 Christianae
3324 5015 3448 5084 plus
3475 5013 3696 5083 pietatis

2119 5105 2553 5176 episcopalisque
2581 5106 2940 5176 providentia:
2962 5107 3208 5161 eluceret
3250 5125 3264 5157 :
3312 5105 3408 5162 sed
3438 5105 3525 5160 bis
3551 5103 3692 5158 forte

2122 5205 2250 5252 tunc
2275 5197 2536 5265 temporis
2556 5213 2664 5251 non
2683 5206 2801 5251 erat
2815 5213 2953 5266 opus
2979 5198 3124 5252 illius
3145 5197 3373 5263 civitati,
3399 5195 3694 5268 provincia:

1782 5355 2100 5413 SCHULZII
2144 5355 2372 5412 NOTAE.

511 5516 555 5548 ⁸³
577 5514 749 5576 Nam,
794 5525 896 5570 etc.
937 5513 1055 5568 Vid.
1111 5514 1373 5578 Liberat.,
1429 5531 1545 5584 cap.
1595 5514 1658 5569 l0
1703 5516 1939 5570 Breviar.
2016 5516 2059 5546 ⁶⁹
2121 5514 2278 5580 Quid.
2327 5520 2430 5567 etc.
2478 5510 2764 5584 Vidsﬁcta
2803 5510 2992 5582 synodi
3029 5527 3080 5576 v,
3117 5510 3277 5566 collat
3337 5509 3386 5563 4.

1609 5586 1648 5616 ⁷³
1675 5586 1802 5640 Cum
1823 5585 2172 5642 —-scriberel.
2217 5585 2372 5646 lbid.,
2406 5586 2566 5652 epist.
2603 5582 2688 5636 8|.

439 5595 584 5650 tera’,
616 5595 721 5641 etc.
774 5585 890 5640 Vid.
949 5595 986 5638 t.
1027 5585 1112 5650 Ν,
1165 5584 1323 5655 epist.
1378 5585 1498 5640 179.

3493 5507 3540 5539 ⁷⁸
3587 5505 3695 5565 ιὶι·
