4060 6180
286 265 379 332 125
1463 272 1825 333 HISTORIA
1863 273 2373 336 THEODORETI.

3434 269 3535 332 126

277 376 459 447 capiti.
522 375 730 431 Deinde
783 376 1047 433 conduxit
1095 378 1369 434 medicum
1394 421 1408 445 ,
1470 397 1580 451 quo
1630 383 1854 437 carebat
1884 383 1930 441 Δ
1956 384 2180 441 Littera:
2204 387 2350 441 enim
2375 385 2551 441 Procli
2600 384 2916 439 referuntur
2958 384 3012 437 in
3043 384 3277 437 concilio
3303 380 3532 437 Chalce-

274 468 531 541 Cyrillus,
565 478 622 522 et
653 467 939 523 basilicam
968 470 1231 539 apostolis
1257 472 1434 527 erexit
1458 483 1645 542 postea
1671 492 1683 526 :
1707 473 1854 543 quod

275 561 328 613 in
354 559 537 629 elogio
559 558 809 613 Jacobi"
839 568 895 614 et
920 561 1168 630 epistolis
1183 562 1229 593 ⁷³
1266 564 1532 633 scriptum
1558 564 1802 634 reliquit.

342 650 455 703 Vl].
494 650 741 703 Meminit
779 649 1049 705 Baronius
1091 651 1159 706 ad
1194 668 1397 707 annum
1429 655 1852 725 quadringente-

270 739 474 792 simum
509 739 850 793 tricesimum
878 754 1084 794 nonum
1116 742 1297 813 magni
1327 743 1610 814 cujusdam
1636 746 1852 800 concilii

272 842 303 881 a
356 829 554 883 Proelo
608 831 663 883 in
721 830 861 884 urbe
912 831 1059 901 regia
1104 834 1303 898 coacti,
1352 835 1419 890 de
1448 852 1557 905 quo
1580 838 1854 906 inquirere

268 932 455 989 opera-
484 920 719 989 pretium
746 930 850 984 est,
878 921 1134 990 quoniam
1153 924 1526 997 sanctiCyrilli
1551 943 1638 981 res
1654 928 1853 997 agitur,

267 1015 318 1062 et
372 1009 480 1064 odii
534 1026 564 1063 a
598 1009 859 1064 Dioscoro
891 1011 1048 1080 172
1086 1012 1142 1065 in
1171 1012 1580 1068 Theodoretum
1604 1016 1852 1085 concepti

268 1098 394 1153 fons
438 1100 646 1169 aperiri
689 1101 911 1155 dicitur.
984 1101 1191 1157 Scribit
1234 1103 1399 1173 igitur
1454 1104 1855 1161 illustrissimus

267 1190 573 1245 cardinalis
610 1209 624 1244 :
664 1192 713 1245 1.
741 1192 999 1245 Proelum
1041 1192 1109 1246 ad
1132 1194 1426 1247 concilium
1452 1210 1709 1249 evocasse
1744 1211 1852 1249 non

265 1281 615 1337 mediocrem
638 1284 1022 1353 episcoporum
1044 1285 1476 1349 multitudinem,
1502 1296 1562 1340 ut
1582 1302 1694 1341 suae
1710 1288 1855 1342 sedis

264 1374 523 1445 dignitati
551 1377 889 1431 consuleret.
945 1377 997 1430 ἓ.
1036 1378 1096 1431 In
1127 1394 1193 1431 eo
1226 1388 1408 1432 actum
1434 1379 1696 1433 adversus
1725 1380 1853 1434 Ale-

264 1465 557 1520 xandrinte
581 1467 838 1520 Ecclesiae
862 1468 1192 1532 molitiones,
1224 1469 1379 1537 quasi
1414 1470 1581 1524 totius
1605 1468 1854 1524 Orienta-

264 1554 332 1610 lis
356 1556 620 1611 Ecclesize
652 1558 945 1626 primatum
972 1557 1211 1630 Cyrillus
1234 1560 1490 1614 ambiret.
1549 1561 1604 1614 5.
1634 1562 1795 1615 Datas
1821 1578 1851 1616 a

263 1647 507 1702 concilio
527 1648 739 1703 litteras
760 1650 828 1703 ad
848 1650 1277 1705 Alexandrinum
1299 1652 1621 1714 antistitem,
1652 1654 1852 1721 quibus

266 1747 600 1792 moneretur
656 1756 926 1795 canonum
972 1742 1171 1811 prioris
1200 1744 1485 1812 utriusque
1512 1744 1731 1797 concilii
1758 1761 1851 1813 ge-
1890 1735 1928 1791 Β

263 1830 480 1884 neralis
529 1830 734 1884 Niczeni
792 1839 848 1885 et
877 1831 1470 1902 Constantinopolitani
1516 1852 1527 1886 :
1570 1844 1625 1887 et
1651 1834 1854 1889 Nicaani

262 1921 519 1992 quidem,
554 1923 670 1975 suis
702 1924 944 1993 singulas
973 1924 1241 1980 dioecescs
1274 1926 1543 1981 limitibus
1571 1936 1856 1981 contentas

259 2027 388 2068 esse
416 2012 813 2081 prazeipientis;
870 2014 1458 2085 Constantinopolitani
1509 2034 1659 2080 vero,
1718 2034 1856 2087 prte-

259 2103 444 2155 sulem
479 2119 635 2156 nova:
660 2103 845 2158 Roma:
873 2106 1188 2188 secundum.
1206 2123 1234 2160 a
1256 2107 1460 2161 veteris
1481 2108 1723 2163 antistite
1754 2125 1855 2179 po-

258 2194 476 2246 nentis.
541 2194 593 2246 .5.
638 2194 875 2249 Litteras
925 2196 992 2249 ab
1021 2198 1380 2252 Autiochenis
1413 2209 1661 2269 receptas
1686 2200 1855 2255 fuisse

256 2293 309 2337 et
356 2285 682 2338 assensione
711 2284 1076 2340 conﬁrmatas.
1140 2288 1191 2341 5.
1226 2288 1569 2353 Dioscorum,
1605 2290 1698 2358 qui
1725 2298 1855 2345 tunc

256 2376 650 2430 Alexandrina:
697 2376 952 2432 Ecclesia:
976 2379 1028 2431 in
1080 2379 1215 2433 urbe
1261 2380 1411 2450 regia
1452 2382 1854 2451 apocrisiarius

257 2475 434 2528 esset,
500 2468 710 2538 magnis
751 2469 965 2523 viribus
1010 2470 1327 2536 obstitisse;
1387 2473 1503 2535 sed,
1554 2490 1679 2527 cum
1714 2474 1851 2528 nihil

256 2558 590 2627 proﬁceret,
659 2559 714 2612 in
770 2559 1172 2626 Antiochenos,
1228 2579 1464 2631 quorum
1516 2565 1851 2619 incentorem

257 2649 533 2703 credebat
555 2649 988 2713 Theodoretum,
1017 2653 1264 2707 dolorem
1296 2654 1463 2708 animi
1489 2657 1849 2721 convertisse,

256 2756 471 2808 eosque
507 2741 838 2809 proditionis
869 2742 924 2797 in
953 2759 1105 2798 suam
1133 2760 1197 2798 ac
1220 2744 1640 2801 Alexandrinam
1666 2748 1854 2803 Eccle-

258 2846 401 2884 sxam
436 2848 753 2887 accusasse.

323 2922 538 2976 Verum
574 2932 634 2976 ut
664 2923 956 2989 Baronius,
1016 2926 1363 2982 auctoritatis
1400 2943 1512 2983 sua:
1549 2939 1847 2994 momento,

256 3014 512 3083 potuerit
534 3014 748 3068 Binium
778 3026 1118 3087 czeterosque
1142 3010 1293 3072 conc"
1327 3018 1504 3072 iorum
1527 3020 1851 3075 collectores

258 3121 307 3160 It
337 3123 500 3161 suam
526 3109 852 3161 sententiam
890 3108 1195 3173 adducere;
1252 3124 1367 3163 ean.
1403 3117 1581 3164 tamen
1617 3112 1849 3167 curiosis

258 3200 334 3252 rei
368 3198 808 3267 indagatoribus,
838 3201 927 3253 vix
954 3215 1017 3254 ac
1045 3216 1113 3255 ne
1139 3200 1229 3254 vix
1244 3200 1467 3270 quidem
1492 3202 1843 3271 persuaserit.

256 3287 395 3344 Nam
425 3288 764 3343 Theodoreti
792 3290 1026 3359 epistola
1049 3290 1135 3354 86,
1181 3306 1287 3358 qua
1313 3306 1419 3357 una
1443 3291 1636 3353 utitur,
1676 3291 1727 3343 id
1759 3307 1847 3344 re-

256 3380 379 3452 ipsa
413 3396 525 3434 non
548 3380 815 3447 continet,
846 3381 991 3450 quod
1021 3381 1288 3436 cardinali
1320 3380 1500 3434 visum
1525 3390 1637 3447 est;
1671 3397 1847 3450 neque

258 3473 409 3527 nllus
452 3473 692 3542 scriptor
731 3473 866 3527 tanti
898 3473 1103 3543 negotii
1134 3473 1386 3527 meminit
1414 3490 1425 3526 :
1452 3488 1630 3543 neque
1658 3474 1847 3545 Cyrilli

257 3563 535 3618 modestia
593 3571 700 3617 tam
744 3563 1098 3618 ambitiosum
1129 3565 1421 3619 consilium
1454 3565 1599 3620 ferre
1630 3567 1844 3636 potuit;

255 3671 443 3725 neque
476 3656 790 3711 Christiana
821 3656 1061 3712 Charitas
1094 3656 1442 3711 sanctissimo
1470 3658 1689 3711 vinculo
1720 3674 1847 3712 san-

255 3747 541 3801 ctissimos
567 3749 831 3817 praesules
861 3749 1115 3804 Proclum
1137 3758 1192 3804 et
1215 3749 1478 3820 Cyrillum
1505 3750 1843 3817 devinciens,

256 3849 368 3893 tam
417 3838 740 3910 injuriosam
786 3840 1114 3896 sententiam
1157 3841 1344 3896 dicere
1390 3842 1602 3908 valuit;
1668 3858 1847 3912 neque

256 3929 486 3985 tandem
516 3930 627 3984 ulla
652 3946 772 3985 sese
805 3947 867 3986 ea
896 3940 1215 4002 tempestate
1241 3932 1470 3987 dederat
1501 3933 1714 3988 occasio
1743 3934 1850 3988 hoc

255 4021 322 4077 de
348 4023 479 4092 jure
512 4024 839 4092 praesidendi
864 4025 1113 4080 conciliis
1141 4025 1437 4081 Orientalis
1456 4026 1714 4081 Ecclesiae
1737 4027 1850 4082 dis-

256 4114 520 4183 ceptandi
554 4133 566 4167 :
599 4130 721 4185 qua:
750 4116 851 4169 tria
880 4118 1186 4186 posteriora
1219 4133 1343 4172 cum
1371 4127 1519 4173 certa
1546 4118 1705 4182 sint,‘
1732 4118 1848 4188 pri-

256 4218 414 4257 mum
447 4221 559 4259 non
588 4222 786 4277 magno
809 4208 1027 4277 negotio
1062 4208 1117 4262 in
1145 4210 1468 4264 recensione
1496 4208 1740 4278 epistolae
1758 4208 1847 4274 86,

259 4296 606 4353 conﬁcietur.
643 4318 660 4350 ι
685 4299 853 4364 Scito,
880 4299 1120 4365 domine,
1146 4300 1287 4355 hanc
1306 4300 1458 4354 illum
1486 4300 1847 4371 (Dioscorum)

1961 473 2193 529 donensi
2230 475 2335 529 hoc
2375 474 2536 528 titulo
2582 490 2595 526 :
2654 472 3011 543 ’Λντῑγραφον
3044 471 3325 524 συναδικοῦ
3353 470 3535 541 γράμ-

1964 581 2151 634 ματος.
2208 564 2298 636 Τῷ
2339 566 2640 633 ὁσιωτάτῳ,
2692 562 2786 616 καὶ
2820 561 3240 631 θεοφιλεστάτῳ,
3288 563 3381 613 καὶ
3410 559 3536 612 συλ·

1960 655 2259 726 λειτουργῷ
2287 656 2476 726 Δόμνῳ
2500 654 2744 725 Πρόκλος
2772 654 2829 705 ὲν
2860 653 3053 723 Κυρίῳ
3076 653 3289 722 χαίρειν
3306 653 3374 703 "‘.

2032 747 2218 801 Potest
2249 756 2428 801 tamen
2474 745 2713 801 suboriri
2745 745 3008 798 nonnulla
3034 745 3283 812 quaestio.
3331 741 3534 808 Quam-

1961 837 2171 901 obrem,
2199 838 2245 891 si
2267 853 2353 891 res
2377 839 2449 891 ita
2472 853 2529 891 se
2549 836 2764 898 habuit,
2792 845 2852 889 ut
2875 836 3132 898 diximus,
3157 833 3538 887 Theodoretus

1961 927 2245 996 scripserit
2295 925 2668 980 Antiochenos
2721 924 2875 993 173
2924 936 3207 976 assensum
3236 918 3534 989 prtebuisse

1960 1016 2137 1070 Procli
2171 1014 2483 1085 synodicis?
2527 1016 2639 1075 τοῖς
2668 1012 2776 1065 τῶν
2813 1012 2984 1080 ἁγίων
3013 1010 3276 1080 Πατέρων
3314 1008 3535 1060 κανόσιν

1960 1106 2450 1175 ἀκολουθήσαντας.
2477 1105 2588 1159 Cur
2608 1104 2831 1159 eosdem
2854 1103 3226 1157 Antiochenos
3241 1100 3537 1153 Dioscorus

1961 1199 2190 1267 prodita:
2214 1213 2325 1251 sua:
2367 1212 2431 1251 ac
2456 1196 2838 1249 Alexandrinae
2863 1194 3117 1247 Ecclesia:
3152 1207 3276 1245 reos
3303 1190 3493 1245 fecerit
3519 1206 3532 1242 :

1960 1298 2015 1344 et
2042 1305 2152 1359 quo
2184 1290 2237 1342 in
2265 1287 2436 1358 gradu
2473 1297 2603 1341 tunc
2632 1286 2897 1355 temporis
2940 1285 3236 1339 Dioscorus
3264 1282 3535 1336 constitu-

1962 1390 2049 1434 tus
2079 1379 2254 1433 esset?
2282 1379 2505 1441 Verum,
2539 1384 2597 1430 ut
2627 1392 2657 1430 a
2690 1386 2965 1444 postremo
2990 1374 3195 1436 ordiar,
3218 1374 3533 1435 Dioscorus,

1959 1487 2084 1526 cum
2122 1471 2479 1525 Antiochcnis
2528 1468 2739 1523 crimen
2764 1468 3093 1537 proditionis
3115 1466 3406 1535 objiceret,
3445 1479 3534 1517 re-

1960 1579 2089 1618 cens
2118 1571 2460 1618 successerat
2505 1563 2557 1614 in
2588 1560 2779 1631 Cyrilli
2807 1560 2987 1612 locum
3016 1599 3030 1623 ,
3078 1558 3165 1611 die
3195 1556 3266 1610 28
3294 1554 3535 1612 Ianuarii

1958 1672 2103 1711 anno
2122 1656 2227 1710 «ut
2254 1655 2517 1709 defuncti.
2545 1653 2758 1723 Objecit
2778 1667 2932 1715 vero,
2955 1652 3082 1721 quia
3108 1649 3385 1720 synodicis
3405 1648 3537 1701 Pro-

1959 1746 2027 1801 cli
2059 1745 2261 1799 litteris
2305 1745 2547 1798 Domnus
2572 1743 2886 1795 admonitus
2916 1740 3267 1809 dijudicatam
3292 1737 3534 1791 Athana-

1959 1834 2024 1889 sii
2045 1834 2367 1888 Perrhensis
2391 1847 2608 1886 causam
2635 1827 3013 1900 recognoverit
3040 1846 3051 1879 :
3072 1842 3181 1896 quo
3202 1826 3344 1879 facto
3361 1824 3534 1878 videri

1957 1925 2137 1996 potuit
2176 1924 2471 1994 primatum
2524 1922 2721 1976 Proelo
2764 1920 3067 1974 concedere
3092 1960 3106 1983 ,
3167 1916 3439 1986 siquidem
3476 1926 3536 1971 ut

1956 2017 2187 2088 privatis
2212 2016 2413 2070 litteris
2434 2030 2660 2069 monere
2689 2013 2756 2068 de
2781 2012 2957 2067 ofﬁcio
2981 2010 3142 2066 amici
3166 2018 3269 2072 est,
3307 2008 3380 2062 ita
3406 2024 3533 2078 syn-

1956 2109 2151 2172 odicis,
2172 2108 2494 2178 superioris.
2523 2108 2641 2162 Jam
2666 2121 2816 2169 vero,
2841 2121 2964 2159 cum
2987 2103 3357 2158 Alexandrina
3378 2102 3535 2156 sedes

1956 2197 2195 2254 secunda
2218 2197 2385 2251 fuerit
2408 2206 2532 2265 post
2552 2196 2875 2259 Romanam,
2901 2194 3243 2249 Antiochena
3272 2201 3393 2262 post
3414 2192 3534 2245 Aie-

1954 2287 2275 2343 xandrinam
2320 2287 2503 2350 tertia,
2556 2286 2721 2355 idque
2751 2295 3027 2340 servatum
3060 2284 3224 2338 fuerit
3263 2285 3373 2353 jam
3405 2282 3533 2336 inde

1955 2394 1984 2433 a
2014 2378 2208 2449 primis
2235 2377 2496 2432 Ecclesiae
2522 2376 2861 2447 temporibus
2887 2390 2903 2429 :
2927 2373 3532 2442 ConstantinOpolitana

1955 2484 2149 2523 recens
2192 2468 2518 2533 constituta,
2566 2468 2611 2522 si
2641 2466 2943 2521 secundum
2969 2466 3153 2519 locum
3182 2473 3385 2527 teneat,
3412 2466 3531 2533 jus-

1954 2574 2060 2627 que
2107 2558 2280 2627 ipsius
2331 2558 2434 2612 hac
2478 2558 2531 2611 in
2576 2566 2729 2627 parte
2773 2568 3135 2627 agnoscatur;
3193 2570 3419 2609 necesse
3450 2562 3535 2607 ost

1956 2660 2249 2721 utramque
2276 2650 2439 2706 aliam
2464 2650 2651 2706 sedem
2677 2649 3100 2719 patriarchalem
3135 2646 3391 2715 deprimi.

2544 2761 2768 2817 CAPUT
2799 2761 2938 2816 VIII.

1952 2853 1994 2909 I.
2046 2853 2244 2908 Joanni
2290 2854 2610 2909 Antiocheno
2658 2854 2884 2907 succedit
2928 2851 3181 2904 Domnus.
3242 2848 3306 2903 II.
3336 2847 3534 2917 Cyrillo

2024 2924 2387 2978 Alexandrino
2407 2923 2707 2976 Dioscorus.
2752 2922 2839 2975 Ill.
2865 2918 3066 2991 Cyrillo
3086 2928 3291 2991 mortuo
3310 2917 3535 2971 insultat

2023 2993 2392 3055 Theodoretus,
2428 3010 2531 3046 non
2555 3001 2761 3045 tantum
2787 2988 2973 3045 litteris
2996 2990 3131 3041 datis
3159 2989 3226 3041 ad
3248 2988 3531 3040 Domuum.

2022 3063 2113 3118 IV.
2157 3062 2260 3116 Sed
2286 3064 2445 3115 etiam
2471 3062 2716 3115 concione
2738 3061 2913 3113 habita
2936 3059 3244 3113 Antiochia.
3304 3057 3367 3110 ν.
3396 3055 3534 3108 Eam

2029 3134 2089 3187 ob
2116 3148 2226 3184 rem
2258 3131 2398 3184 male
2428 3131 2595 3183 audit.
2655 3130 2742 3184 Vl.
2790 3130 2858 3182 Et
2887 3129 2950 3181 ab
2982 3130 3301 3195 imperatore
3320 3125 3537 3195 julgetur

2023 3219 2077 3255 se
2108 3202 2373 3253 continere
2401 3199 2556 3269 Cyro.
2598 3198 2904 3269 Vll.__Pa_ret
2936 3193 3102 3269 multa
3128 3193 3357 3263 questus.
3396 3193 3531 3247 VIII.

2027 3270 2313 3324 Eranisten
2342 3266 2624 3337 componit.
2679 3267 2769 3320 IX.
2799 3266 2951 3337 Apud
2981 3266 3284 3337 Dioscorum
3316 3280 3533 3315 accusa-

2028 3349 2134 3393 tur.
2195 3339 2262 3392 Χ.
2294 3333 2484 3393 Scribit
2538 3337 2815 3399 Flaviano,
2848 3333 2954 3404 'qui
2984 3333 3533 3404 Proclogsuccesserat,

2027 3418 2206 3479 petens
2228 3425 2376 3479 opem
2400 3409 2646 3463 adversus
2673 3402 3000 3479 Dioscorum.
3043 3404 3132 3456 XI.
3158 3402 3336 3479 Ef/jcit
3360 3410 3415 3453 ut
3436 3402 3535 3479 ιζο-

2028 3471 2181 3531 ἱηηιιδ
2225 3471 2453 3548 legatum
2482 3479 2653 3531 mittat
2691 3478 2759 3529 ad
2780 3479 3174 3546 imperatorem.
3226 3471 3418 3542 Legato
3445 3471 3539 3525 dat

2028 3548 2231 3602 litteras
2262 3548 2328 3601 ad
2357 3550 2652 3618 optimates.

2360 3650 2433 3700 ΑΙ)
2456 3664 2582 3699 anno
2604 3647 2783 3700 Christi
2807 3648 2893 3696 «HD
2917 3649 2974 3697 ad
3000 3647 3107 3695 H7.

2024 3755 2066 3809 Ι.
2106 3755 2405 3808 lnclinante
2435 3770 2578 3807 anno
2603 3752 2806 3807 Christi
2835 3750 3377 3821 quadringentesimo
3400 3764 3536 3817 qua-

1956 3846 2297 3917 dragesimo,
2354 3854 2450 3900 aut
2495 3847 2680 3915 potius
2709 3845 2931 3898 ineunte
2966 3843 3059 3912 qui
3087 3842 3356 3911 sequitur,
3392 3840 3535 3894 diem

1954 3947 2261 3992 extremum
2307 3937 2504 3991 clausit
2542 3937 2811 3999 Joannes,
2867 3948 3153 4005 postquam
3184 3932 3538 3987 Antiochena:

1954 4028 2214 4084 Ecclesiae
2262 4043 2437 4082 annos
2483 4027 2748 4082 tredecim
2799 4036 2941 4081 totos
2968 4026 3037 4079 ab
3081 4025 3234 4078 obitu
3261 4022 3536 4077 Theodori

1957 4120 2286 4191 praefuisset.
2350 4118 2618 4172 Defuncto
2661 4115 2929 4171 successit
2970 4116 3213 4169 Domnus
3259 4128 3324 4165 ex
3351 4124 3539 4165 sorore

1956 4227 2147 4280 nepos,
2189 4210 2275 4264 vir
2326 4219 2387 4264 ut
2410 4210 2593 4264 dubia:
2619 4208 2768 4271 ﬁdei,
2803 4207 2881 4261 sic
2905 4204 3270 4275 imprudentis
3297 4201 3535 4265 consilii,

1956 4302 2231 4371 varia'que
2248 4300 2503 4365 fortunat,
2522 4309 2579 4354 et
2598 4300 2832 4354 infelicis
2847 4297 3032 4352 sortis.
3052 4296 3185 4351 Nam
3206 4310 3328 4349 cum
3347 4308 3535 4363 pacem

260 4388 531 4444 adversus
564 4406 668 4445 nos
697 4392 1207 4462 pusillanimitatem
1244 4409 1455 4463 gerere,
1490 4408 1557 4447 ex
1585 4408 1694 4462 quo
1720 4407 1849 4463 syn—
1884 4414 1925 4470 υ
1956 4394 2025 4447 ab
2054 4393 2329 4448 avunculo
2352 4392 2713 4462 compositam
2756 4406 2868 4444 non
2902 4386 3246 4444 sanctissime
3268 4388 3540 4439 servasset

262 4479 444 4534 odicis
461 4482 662 4537 vestris
695 4483 796 4537 sub
823 4483 1294 4539 beatae-memoriae
1318 4484 1512 4539 Proelo
1539 4484 1697 4539 factis
1723 4500 1851 4539 san-

262 4581 485 4626 ctorum
522 4573 747 4628 Patrum
784 4575 988 4645 regulis
1019 4575 1350 4630 inhaerentes
1375 4576 1710 4630 assensimus
1742 4593 1755 4629 :
1789 4590 1854 4630 ac

263 4664 333 4719 de
366 4664 471 4719 hoc
496 4680 598 4719 nos
620 4666 791 4720 semel
824 4676 987 4736 atque
1012 4667 1213 4722 iterum
1244 4667 1580 4736 increpasse,
1615 4669 1770 4737 quasi
1796 4676 1855 4722 et

261 4753 764 4820 Antiochenorum,
792 4765 854 4811 ut
879 4757 972 4822 ait,
996 4764 1053 4811 et
1072 4755 1565 4810 Alexandrinorum
1589 4757 1710 4828 jura
1730 4771 1856 4827 pro-

262 4844 593 4899 diderimus.
626 4865 643 4896 ι

339 4935 490 5001 Quas
512 4953 645 4991 vero
689 4938 1073 4994 Theodoretus
1099 4938 1389 5010 synodicas
1420 4939 1523 4993 sub
1546 4939 1851 4994 Proelofa-

265 5038 387 5082 clas
414 5027 913 5101 ConstantinOpoli,
963 5040 1018 5086 et
1044 5032 1113 5087 ab
1137 5030 1499 5086 Antiochenis
1526 5032 1853 5101 approbatas

267 5129 579 5183 memorat,
640 5137 750 5175 non
790 5122 943 5185 alias,
985 5122 1202 5192 Opinor,
1247 5137 1410 5192 quam
1457 5137 1579 5191 qua:
1607 5122 1661 5176 in
1688 5137 1850 5177 causa

267 5209 558 5265 Athanasii
608 5213 1012 5269 Perrhenorum
1039 5214 1285 5284 episc0pi
1334 5211 1596 5269 confectae
1626 5222 1754 5269 sunt
1797 5214 1851 5267 in

269 5300 531 5366 concilio,
562 5304 708 5371 unde
732 5306 957 5361 Proclus
980 5306 1046 5361 ad
1068 5305 1341 5360 Domuum
1361 5320 1424 5360 ea
1447 5304 1513 5360 de
1534 5321 1593 5360 re
1610 5304 1849 5374 scripsit.

1956 4487 2288 4557 (incertum,
2339 4502 2437 4540 sua
2475 4493 2691 4553 sponte,
2738 4498 2807 4536 an
2848 4479 3181 4535 Theodoreti
3213 4472 3535 4543 instinctu),

1954 4577 2220 4647 visusque
2246 4584 2395 4631 esset
2443 4573 2741 4629 amicitiam
2766 4571 2957 4643 Cyrilli
2984 4570 3292 4639 negligere,
3328 4566 3381 4620 in
3409 4566 3536 4619 Ale-

1954 4668 2351 4724 xandrinorum
2379 4666 2738 4720 offensionem
2764 4661 3021 4726 incurrit,
3054 4674 3161 4729 qua
3190 4657 3536 4730 postmodum

1956 4761 2014 4815 in
2037 4773 2289 4830 apertum
2317 4756 2503 4811 odium
2532 4756 2941 4819 exardescente,
2971 4769 3000 4807 a
3023 4750 3334 4807 latrocinali
3354 4748 3539 4803 (τοιιοί-

1958 4850 2035 4905 lio
2064 4847 2347 4919 Ephesino
2378 4862 2483 4901 una
2513 4860 2637 4900 eum
2668 4845 3019 4899 Theodoreto
3050 4842 3117 4897 de
3140 4840 3268 4896 sede
3295 4840 3539 4910 dejectus

1960 4950 2072 5005 est,
2109 4948 2165 4996 et
2191 4955 2429 4995 maerore
2454 4937 2738 4993 confectus
2768 4937 2997 4992 interiit.

2030 5030 2255 5087 Occulta
2301 5028 2428 5083 facti
2471 5043 2636 5083 causa
2662 5035 2776 5092 est;
2818 5037 3069 5095 apertum
3100 5032 3278 5077 tamen
3306 5019 3449 5074 hanc
3483 5018 3536 5072 in

1960 5138 2075 5178 rem
2111 5123 2284 5177 sancti
2310 5119 2590 5190 Euthymii
2620 5117 2964 5171 vaticinium.
3002 5115 3214 5168 Domno
3242 5112 3353 5175 ille,
3388 5123 3536 5173 cum,

1959 5213 2176 5268 deserto
2201 5210 2527 5283 jampridem
2562 5204 2916 5268 monasterio,
2951 5202 3299 5257 Antiochiam
3327 5205 3539 5269 peteret

1960 5302 2276 5359 ambitionis
2295 5301 2484 5365 ductu,
2516 5296 2824 5369 praedixit"
2847 5294 2962 5351 fore
2995 5314 3013 5346 ι
3046 5302 3105 5349 ut
3128 5292 3383 5371 avunculi
3418 5289 3542 5361 qui-

1611 5457 1929 5513 SCIlULle
1966 5455 2202 5515 NOTlE.

280 5652 325 5679 ῃ
351 5593 392 5679 ’ξ
423 5592 483 5647 In
507 5594 640 5679 e129.
671 5596 795 5679 _Jac.
828 5597 986 5679 Vidn
1012 5609 1050 5652 t.
1088 5598 1267 5679 lile.
1473 5615 1587 5679 seq.

353 5661 507 5717 Conc.
548 5661 752 5732 Citam,
783 5677 886 5723 act.
928 5669 1013 5723 Η.
1092 5670 1133 5701 ⁷⁵
1168 5661 1445 5724 Prcedixit.
1485 5661 1692 5723 ln'Vit.
1736 5666 1789 5723 S.

1724 5595 2065 5721 "Egimus.
2104 5595 2225 5649 Vid.
2260 5603 2299 5649 t.
2330 5594 2418 5659 IV,
2460 5593 2620 5664 epist.
2654 5592 2741 5657 29,
2799 5591 2887 5659 42,
2926 5591 3011 5657 45,
3059 5592 3147 5655 79,
3194 5586 3291 5642 “5
3326 5602 3379 5641 et
3419 5580 3533 5641 us.
3586 5555 3595 5563 ’

1736 5666 1789 5721 S.
1878 5666 2127 5721 uthvmii.

1878 5682 2127 5740 umymn.
