4054 6138
495 140 596 210 127

1621 146 1999 210 GARNERII
2040 149 2536 210 DlSSERTATIO
2575 150 2619 209 1.

3641 154 3745 220 128

495 262 622 320 dem
642 261 926 317 obtineret
948 261 1157 328 sedem,
1185 263 1280 319 sed
1306 278 1426 320 eam
1451 262 1556 335 ipsi
1578 275 1770 320 rursus
1786 266 2071 320 auferrent
2100 272 2142 328 Α
2172 263 2426 334 pluribus
2466 264 2614 318 enim
2666 261 2792 318 ﬁdei
2837 262 3097 333 pacisque
3121 261 3439 320 amantibus
3484 265 3626 320 velle
3656 266 3743 322 vi»

501 354 661 425 174
688 354 817 408 mali
843 354 1095 410 homines
1124 363 1287 425 atque
1312 352 2072 427 prastigiatoresppostquam

497 446 566 501 ab
595 445 705 501 illis
730 445 887 515 prius
913 461 1024 517 prae
1049 445 1362 516 ignorantia
1389 447 1651 503 seductus
1672 458 1840 504 esset.
1873 468 1890 500 ι

567 536 632 591 11.
656 536 950 594 Eﬁluxerat
967 537 1080 591 fere
1102 537 1527 607 quadriennium
1552 539 1621 594 ab
1648 540 1801 596 obitu
1822 539 2069 604 Joannis,

497 641 624 681 cum
663 627 755 682 die
794 642 939 682 nona
975 628 1129 684 Junii
1178 629 1434 700 migravit
1474 630 1544 685 ad
1564 647 1794 701 superos
1814 630 2071 702 Cyrillus,

498 727 786 788 postquam
842 718 1266 776 Alexandrinam
1311 722 1614 778 Ecclesiam
1670 723 1894 795 triginta
1934 723 2101 795 duos.

500 823 676 863 annos
706 809 959 885 rexisset.
998 810 1174 866 Flevit
1201 811 1466 884 Egyptus
1490 814 1801 883 praesulem,
1830 813 2075 869 Ecclesia

500 900 801 963 doctorem,
817 899 970 956 orbis
984 902 1165 957 virum
1180 902 1486 958 constantis
1500 902 1648 968 ﬁdei,
1662 903 1852 974 magni
1872 901 2064 967 animi,

500 990 831 1047 eruditionis
869 993 1105 1059 eximiae,
1156 994 1373 1050 invicta:
1417 994 1638 1065 pietatis
1686 994 1743 1049 iu
1770 994 2073 1058 Christum,

501 1082 795 1152 singularis
834 1099 963 1155 erga
993 1085 1280 1155 Deiparam
1308 1086 1508 1152 studii;
1560 1102 1687 1141 eum
1709 1086 1947 1155 denique
1980 1084 2076 1154 qui

500 1182 688 1242 posset
716 1174 1061 1232 conﬁdenter
1091 1191 1351 1246 vereque,
1384 1185 1521 1233 teste
1546 1177 1707 1241 coelo,
1741 1176 1928 1231 dicere
1949 1190 2076 1230 cum

502 1262 763 1332 Apostolo
790 1281 804 1317 :
831 1263 1017 1319 Certus
1042 1282 1184 1330 sum,
1215 1266 1354 1336 quod
1380 1281 1547 1336 neque
1576 1282 1735 1328 mors,
1761 1280 1926 1334 neque
1945 1264 2075 1328 vita,

504 1369 670 1424 neque
693 1354 903 1425 Angefi,
930 1372 1095 1426 neque
1122 1356 1484 1428 Principatus,
1518 1371 1685 1426 neque
1715 1354 1959 1419 Virtutes,
1984 1371 2078 1409 ne-

503 1459 603 1513 que
641 1445 921 1511 instantia,
971 1463 1138 1517 neque
1176 1448 1380 1518 futura,
1413 1463 1582 1517 neque
1609 1447 1883 1517 fortitudo,
1914 1462 2080 1517 neque

504 1534 753 1602 altitudo,
788 1554 956 1608 neque
988 1539 1332 1609 profundunt,
1367 1554 1535 1609 neque
1566 1547 1813 1613 creatura
1841 1537 1953 1592 alia
1981 1552 2079 1607 po-

2174 359 2429 423 tiebatur,
2465 359 2551 413 vel
2582 357 2635 412 in
2666 356 2911 427 synodis,
2946 370 3086 425 quas
3108 354 3368 423 frequens
3392 370 3493 410 suo
3512 357 3744 411 consilio

2174 449 2432 520 cogebat,
2486 448 2745 519 pristinas
2773 446 2963 501 turbas
2984 446 3258 509 excitare;
3319 445 3406 500 vel
3431 446 3597 501 etiam
3625 447 3743 502 elo-

2174 541 2397 612 quentia
2431 550 2488 596 et
2524 540 2851 595 auctoritate
2883 544 3212 605 prostratam
3240 536 3477 591 haaresin
3507 537 3738 608 erigere.

2245 628 2546 696 VLQuare,
2568 636 2689 697 post
2710 626 2839 680 anui
2864 624 3063 693 integri
3082 622 3427 693 patientiam,
3448 623 3749 694 imperator

2175 719 2470 776 Antiochia
2503 720 2782 773 abstinere
2819 715 3196 771 turbulentum
3249 715 3526 769 hominem
3557 716 3751 786 jussit,

2175 812 2399 879 suisque
2434 808 2709 878 parochiis
2734 807 2814 861 sic
2858 813 3117 874 tanquam
3159 804 3394 859 honesto
3436 820 3655 860 carcere
3687 820 3746 861 se

2175 898 2481 954 continere.
2518 896 2652 949 Rem
2687 903 2877 948 narrat
2907 892 3290 947 Theodorctus
3313 892 3430 961 ipse
3459 893 3513 947 iu
3548 893 3751 948 litteris

2176 990 2243 1045 ad
2270 986 2570 1043 Eusebium
2614 985 2841 1055 Ancyra:
2865 985 3204 1055 episcopum.
3251 1002 3269 1034 ι
3295 982 3397 1049 Qui
3438 984 3745 1049 Marcionis,

2176 1081 2357 1151 inquit
2377 1079 2445 1145 “,
2464 1089 2523 1134 et
2548 1077 2822 1134 Valentini
2852 1085 2909 1131 et
2930 1076 3182 1139 Manetis,
3213 1076 3555 1144 aliorumque
3589 1076 3749 1131 Doci—

2181 1181 2358 1228 tarum
2380 1169 2614 1224 haeresin
2640 1168 2743 1224 hac
2764 1176 2950 1223 nostra
2967 1175 3289 1237 tempestate
3304 1173 3587 1228 renovant,
3604 1180 3748 1235 agre

2177 1263 2414 1321 ferentes
2445 1259 2676 1318 btcresin
2697 1274 2729 1314 a
2758 1274 2845 1315 me
2879 1274 3033 1314 suam
3078 1264 3266 1327 aperte
3306 1257 3598 1321 confutari,
3652 1258 3750 1315 im-

2178 1353 2449 1425 peratoris
2467 1366 2630 1407 aures
2662 1350 3062 1406 circumvenire
3091 1348 3273 1404 conati
3299 1357 3449 1413 sunt,
3463 1348 3752 1404 hereticos

2179 1458 2281 1498 nos
2302 1443 2660 1513 appellantes,
2689 1450 2746 1496 et
2764 1455 2934 1495 unum
2967 1439 3256 1495 Dominum
3281 1446 3528 1493 nostrum
3564 1438 3751 1494 Jesnm

2179 1532 2483 1596 Christum,
2510 1531 2861 1585 incarnatum
2893 1529 3066 1584 Deum
3098 1527 3339 1583 Verbum
3366 1527 3421 1581 in
3444 1526 3584 1581 duos
3612 1527 3755 1582 filios

505 1627 627 1679 terit
659 1598 753 1679 nos
777 1598 1030 1697 separare
1062 1598 1098 1681 ἆ
1123 1598 1380 1683 charitote
1403 1598 1521 1695 Dei,
1551 1643 1667 1697 qua
1684 1598 1769 1681 est
1793 1628 1849 1681 in
1874 1598 2078 1682 Christo
2113 1598 2151 1653 Β
2181 1621 2428 1676 dividere
2468 1620 2887 1676 calumniantes.
2921 1617 3027 1673 Sed
3070 1616 3257 1672 verbis
3306 1616 3443 1680 suis,
3476 1623 3537 1670 ut
3566 1632 3752 1685 spera-

503 1715 629 1771 Jestt
660 1717 882 1772 Domino
910 1729 1086 1772 nostro
1111 1716 1152 1772 ι.

575 1806 665 1859 111.
719 1806 823 1861 Ubi
868 1807 1110 1875 primum
1171 1808 1367 1863 mortis
1410 1808 1639 1863 nuntius
1699 1807 1755 1862 in
1800 1805 2080 1862 Orientem

507 1895 692 1951 venit.
749 1895 1038 1951 continere
1064 1912 1124 1952 se
1156 1912 1267 1952 non
1295 1899 1477 1968 potuit
1502 1897 1910 1960 Theodoretus,
1948 1896 2081 1966 quin

508 1988 710 2056 scripto
744 1988 928 2042 statim
961 1996 1259 2044 testaretur
1305 1990 1474 2045 animi
1505 1991 1590 2046 sui
1619 2005 1860 2047 sensum.
1924 1988 2085 2045 Dedit

510 2077 677 2148 igitur
699 2079 971 2134 Domno"
992 2079 1299 2135 Antiochia;
1318 2081 1577 2151 episcopo
1592 2082 1901 2151 epistolam,
1919 2093 2082 2150 quam

508 2181 609 2236 ego
629 2167 735 2237 ipsi
759 2168 945 2222 malim
967 2184 1091 2225 cum
1113 2170 1349 2225 concilio
1368 2172 1609 2242 generali
1637 2172 1902 2235 tribucre,
1920 2185 2083 2241 quam

510 2258 598 2313 vel
642 2259 962 2330 abjudieare
991 2276 1116 2316 cum
1146 2259 1416 2327 Baronio,
1460 2263 1547 2318 vel
1573 2266 1587 2282 '
1612 2278 1736 2318 cum
1767 2263 1888 2318 aliis
1918 2279 2086 2319 vanas

511 2347 584 2401 ob
608 2362 803 2402 causas
823 2359 1134 2418 suspectam
1161 2350 1385 2407 habere.
1416 2352 1510 2406 llla
1531 2368 1661 2406 vero
1684 2367 1808 2406 cum
1834 2353 1991 2423 plena
2014 2352 2087 2407 sit

512 2435 755 2491 collectae
800 2451 867 2491 ex
911 2436 1076 2509 longo
1125 2447 1369 2509 tempore
1409 2440 1557 2504 bilis,
1610 2441 1852 2494 ostendit
1876 2450 2083 2510 aperte,

510 2541 799 2597 quousque
830 2527 1016 2582 eﬁ‘erri
1040 2530 1215 2598 possit
1256 2538 1353 2584 aut
1376 2530 1559 2586 furere
1588 2532 1771 2600 potius
1806 2532 1965 2586 illusa
1998 2547 2086 2587 re-

511 2613 643 2684 ligio
670 2633 682 2668 :
711 2615 881 2670 habet
902 2616 1051 2670 enim
1084 2618 1232 2671 unde
1259 2618 1436 2673 valeat
1459 2634 1647 2673 creare
1679 2620 1960 2674 horrorem
1988 2621 2088 2674 im-

509 2707 793 2778 potentiae,
846 2723 953 2777 qua
992 2724 1172 2762 carens
1206 2710 1358 2763 zelus
1389 2710 1592 2779 abripit
1617 2710 1909 2780 aliquando
1940 2711 2089 2766 viros

511 2797 693 2866 magni
716 2797 939 2866 quidem
966 2798 1157 2861 animi,
1190 2798 1285 2852 sed
1316 2799 1598 2853 commoti.

583 2889 674 2943 lV.
710 2889 900 2958 Neque
927 2904 1059 2944 vero
1088 2889 1375 2959 scripsisse
1396 2896 1689 2947 contentus
1712 2898 1823 2955 est;
1859 2891 1953 2944 sed
1981 2891 2085 2944 im-

511 2987 708 3050 potens
754 2979 924 3033 auimi
976 2979 1252 3034 advolavit
1301 2980 1566 3036 continuo
1614 2979 1979 3043 Antiochiam,
2033 2989 2090 3034 et

512 3069 841 3141 praesidente
888 3070 1118 3135 Domno,
1168 3071 1491 3127 concionem
1530 3069 1723 3124 habuit
1772 3070 1826 3124 in
1859 3069 2088 3124 ecclesia

511 3162 758 3231 epistola:
801 3163 1073 3234 parem".
1137 3162 1351 3217 «Nemo
1381 3163 1493 3232 jam
1538 3160 1838 3221 neminem,
1888 3160 2086 3229 inquit,

517 3253 897 3323 blasphemare
925 3254 1209 3323 compellit
1241 3271 1254 3306 :
1292 3253 1384 3308 ubi
1415 3260 1563 3317 sunt,
1595 3253 1690 3322 qui
1715 3251 1925 3313 dicunt,
1959 3250 2090 3319 quia

514 3341 660 3396 Deus
702 3350 807 3409 est,
870 3342 965 3412 qui
1020 3341 1317 3397 cruciﬁxus
1343 3350 1469 3408 est;
1518 3356 1627 3395 non
1658 3349 1741 3395 est
1794 3339 2091 3396 cruciﬁxus

516 3430 683 3494 Deus,
724 3430 821 3491 sed
862 3431 1028 3485 homo
1077 3429 1436 3485 cruciﬁxus"
1490 3439 1575 3485 est
1617 3431 1777 3485 Iesus
1816 3429 2086 3486 Christus.

517 3521 665 3576 Deus
693 3530 878 3575 autem
935 3521 1203 3590 templum
1232 3536 1393 3575 suum
1446 3536 1515 3576 ex
1555 3520 1758 3575 Davide
1782 3519 2089 3585 suscitavit,

516 3612 661 3667 sicut
684 3612 828 3668 idem
854 3612 1026 3667 David
1054 3620 1182 3666 ante
1210 3612 1495 3681 praedixit;
1534 3613 1700 3666 homo
1736 3620 1961 3682 generat
1992 3612 2092 3666 bo-

518 3701 755 3767 minem;
790 3708 990 3755 natura
1018 3700 1299 3773 quidem"
1334 3701 1507 3756 Filius
1534 3702 1629 3756 Dei
1656 3710 1742 3756 est
1782 3700 1925 3756 Deus
1952 3702 2089 3755 Ver-

519 3790 648 3844 bum
676 3830 691 3854 ,
746 3789 1002 3845 Christus
1030 3804 1162 3844 vero
1216 3798 1303 3845 est
1337 3789 1483 3844 ﬁlius
1507 3790 1755 3856 Davidis;
1794 3790 1889 3845 sed
1922 3790 2094 3845 Filius

518 3881 614 3936 Dei
650 3882 914 3954 templum
950 3896 1062 3936 non
1085 3889 1189 3936 est.
1226 3881 1519 3937 Contentio
1545 3884 1684 3937 ultra
1710 3883 1814 3953 iam
1842 3897 1950 3936 non
1973 3889 2089 3936 est:

517 3972 622 4028 sub
650 3988 761 4026 uno
788 3973 919 4043 jugo
943 3971 1140 4027 Oriens
1163 3980 1219 4028 et
1244 3972 1509 4044 [Egyptus
1530 3981 1927 4036 convenerunt,
1950 3987 2096 4026 mor-

520 4073 614 4119 tua
637 4073 721 4119 est
744 4064 971 4129 invidia,
999 4072 1056 4120 et
1081 4066 1399 4135 consepulta
1424 4064 1500 4119 illi
1526 4066 1751 4120 haeresis
1773 4083 1786 4119 :
1805 4065 1916 4136 jam
1938 4066 2094 4136 quie-

518 4162 701 4217 scunt,
733 4153 829 4224 qui
852 4169 1074 4223 passum
1095 4154 1267 4209 Deum
1293 4154 1613 4225 pradicant,
1643 4173 1663 4206 ι
1698 4163 1807 4209 etc.

2184 1708 2335 1772 bant,
2369 1724 2477 1762 non
2502 1716 2939 1778 persuaserunt:
2966 1722 3138 1776 quare
3181 1705 3447 1776 scriptum
3484 1716 3570 1761 est
3599 1721 3755 1761 com-

2183 1797 2538 1850 mouitorium
2606 1794 3148 1866 magnificentissimo
3232 1803 3290 1850 et
3359 1794 3755 1865 gloriosissimo

2183 1888 2444 1958 magistro
2497 1886 2731 1941 militum
2781 1884 3016 1949 consuli,
3073 1883 3297 1938 bteresis
3346 1884 3755 1939 accusationem

2166 1978 2388 2032 'nullam
2414 1976 2725 2039 continens,
2757 1975 2852 2030 sed
2868 1976 3003 2029 alias
3033 1974 3292 2045 quasdam
3315 1989 3527 2037 causas,
3552 1989 3754 2042 easque

2184 2067 2365 2122 falsas.
2396 2065 2646 2136 Synodos
2676 2064 2823 2120 enim
2869 2064 3092 2120 aiebant
3122 2080 3208 2119 me
3259 2064 3575 2134 frequentes
3609 2062 3746 2132 apud

2184 2156 2533 2213 Antiochiam
2562 2171 2887 2221 convocare,
2911 2162 2967 2210 et
2988 2171 3053 2210 ea
3089 2171 3148 2210 re
3180 2155 3385 2211 oﬁ'endi
3421 2155 3754 2216 nonnullos;

2187 2249 2416 2319 proinde
2449 2249 2732 2319 quiescere
2758 2263 2845 2303 me
2873 2255 3150 2318 oportere,
3177 2255 3234 2303 et
3259 2246 3579 2302 commissas
3621 2245 3757 2306 mibi

2190 2340 2463 2395 Ecclesias
2495 2340 2824 2411 gubernare.
2848 2337 2963 2394 Hoc
2987 2339 3153 2410 igitur
3181 2345 3404 2393 ostenso
3446 2336 3579 2390 mihi
3604 2352 3756 2390 com-

2186 2434 2501 2499 monitorio,
2519 2433 2804 2489 decretum
2822 2433 2972 2501 velut
2984 2432 3252 2488 bonorum
3268 2430 3471 2485 fontem
3486 2430 3716 2499 arripui.
3731 2450 3750 2479 ο

2255 2528 2745 2585 Commonitorium
2771 2527 2887 2597 ipsa
2910 2524 3256 2596 imperatoris
3286 2538 3472 2588 manu,
3498 2522 3633 2577 tanti
3671 2538 3762 2576 res

2186 2627 2326 2683 erat,
2361 2626 2645 2674 exaratum
2694 2616 2866 2672 fuisse
2910 2622 3371 2684 testaturzquare
3410 2613 3489 2668 rei
3515 2612 3759 2668 insolen-

2190 2710 2318 2763 tiam
2359 2710 2613 2773 miratus,
2640 2725 2707 2763 ex
2727 2708 2981 2762 Anatolio
3014 2706 3244 2776 patricio
3275 2705 3477 2759 litteris
3507 2704 3759 2759 sciscita-

2191 2809 2279 2855 tus
2304 2806 2409 2862 est,
2444 2814 2576 2853 num
2608 2814 2748 2853 vana
2770 2797 2914 2853 foret
2939 2812 3039 2852 sua
3072 2796 3280 2851 fraudis
3301 2796 3562 2866 suspicio.
3602 2814 3621 2846 ι
3652 2796 3760 2850 Ve-

2191 2898 2347 2950 strae,
2374 2887 2592 2958 inquit,
2624 2887 2963 2942 excellentiae
2995 2886 3358 2942 indicavimus
3394 2886 3762 2941 commonito-

2193 2981 2335 3034 rium
2363 2980 2524 3041 nobis
2548 2978 2853 3035 ostendisse
2882 2979 3083 3034 Rufum
3121 2979 3377 3033 comitem
3407 2978 3762 3050 magniﬁcen-

2191 3071 2482 3135 tissimum,
2508 3070 2865 3140 imperatoria
2901 3086 3066 3125 manu
3094 3080 3398 3135 exaratum,
3436 3087 3544 3140 quo
3574 3070 3766 3124 fortis-

2189 3162 2328 3215 simo
2363 3161 2623 3232 magistro
2671 3160 2908 3215 militum
2953 3161 3327 3231 praecipiebat,
3356 3169 3416 3215 ut
3461 3159 3769 3231 prudenter

2189 3252 2436 3321 sciteque
2469 3256 2691 3306 curaret
2732 3267 2834 3306 nos
2877 3252 3003 3322 Cyri
3046 3254 3371 3315 consistere,
3403 3268 3505 3307 nec
3534 3252 3603 3306 ad
3629 3252 3769 3307 alias

2190 3341 2444 3396 civitates
2478 3339 2787 3409 proﬁcisci,
2824 3350 2883 3392 ut
2908 3340 3000 3408 qui
3057 3340 3298 3411 synodos
3349 3338 3569 3394 assidue
3616 3336 3765 3407 apud

2193 3428 2535 3485 Antiochiam
2571 3444 2911 3499 cogeremus,
2942 3438 2996 3483 ct
3024 3429 3361 3484 orthodoxos
3393 3429 3764 3483 turbaremus.

2191 3518 2348 3575 Nunc
2395 3518 2580 3572 indico
2625 3533 2711 3572 me
2759 3518 2924 3588 regiis
2961 3517 3285 3573 obsecutum
3330 3518 3529 3573 litteris
3563 3517 3770 3587 Cyrum

2192 3610 2428 3674 venisse,
2450 3626 2515 3664 ac
2537 3609 2733 3664 diebus
2766 3625 2861 3665 sex
2878 3620 3158 3680 septemve
3184 3611 3495 3673 transactis,
3515 3611 3681 3664 misso
3697 3610 3768 3663 ad

2193 3715 2278 3754 me
2322 3699 2678 3754 devotissimo
2712 3700 3033 3769 Euphronio
3067 3701 3441 3771 magistriano,
3474 3700 3770 3771 ﬂagitasse,

2195 3800 2255 3845 ut
2296 3791 2506 3861 scripto
2533 3789 2848 3854 conﬁterer,
2882 3792 3158 3848 exhibitas
3177 3792 3314 3847 mihi
3338 3791 3517 3863 regias
3555 3792 3773 3846 litteras

2192 3882 2383 3938 fuisse.
2412 3883 2526 3954 Ego
2573 3899 2705 3938 vero
2762 3883 2867 3939 hoc
2912 3885 3078 3939 etiam
3139 3885 3273 3950 feci,
3304 3894 3359 3940 et
3402 3884 3629 3955 promisi
3681 3899 3772 3937 me

2193 3975 2339 4045 apud
2385 3973 2587 4045 Cyrum
2629 3983 2685 4029 et
2727 3976 2781 4029 in
2829 3975 2931 4030 hac
2964 3976 3184 4047 regione
3237 3990 3677 4046 permansurum,
3714 3986 3775 4029 et

2194 4066 2470 4137 pascendo
2501 4067 2652 4138 gregi
2706 4067 2840 4122 mihi
2894 4068 3186 4123 commisso
3227 4067 3582 4121 inbaesurum.
3618 4066 3774 4135 Roga

2197 4156 2384 4227 itaque
2410 4157 2874 4229 magniﬁcentiam
2905 4168 3073 4222 tuam,
3120 4168 3373 4213 accurate
3404 4167 3465 4211 ut
3491 4158 3772 4227 exquirat,

589 4244 653 4299 V.
690 4244 837 4299 Fecit
864 4245 954 4299 illa
989 4254 1105 4299 tum
1130 4245 1379 4314 epistola,
1414 4261 1536 4315 qua:
1572 4244 1729 4315 175
1755 4245 1918 4315 vulgo
1938 4244 2089 4300 edita
2123 4267 2164 4322 ι)
2194 4260 2349 4305 et-an
2367 4266 2498 4305 vere
2532 4250 2650 4307 bzec
2677 4252 2750 4305 ita
2781 4251 3046 4320 imperata
3083 4251 3224 4315 sint,
3262 4258 3318 4305 et
3340 4264 3502 4319 quam
3537 4247 3607 4303 ob
3635 4264 3773 4303 cau-

518 4343 630 4401 est;
669 4346 784 4390 tum
816 4337 1032 4403 concio,
1068 4352 1191 4407 quae
1226 4336 1293 4391 ad
1325 4338 1650 4392 immensam
1678 4335 1745 4390 de
1770 4351 1921 4390 more
1950 4336 2093 4389 mul-

520 4424 809 4482 titudinem
851 4427 1068 4494 habita,
1123 4436 1185 4484 ut
1223 4427 1603 4484 Theodoretus
1638 4427 1692 4480 in
1724 4427 2091 4497 suspicionem

519 4519 899 4576 consensionis
925 4536 1051 4575 cum
1081 4520 1337 4577 Nestorio
1365 4521 1600 4584 venerit,
1633 4520 1789 4590 quasi
1821 4519 2094 4574 divideret

517 4610 799 4666 Christum
826 4602 1046 4668 in'duos
1072 4613 1233 4677 ﬁlios,
1261 4629 1495 4683 quorum
1522 4613 1661 4667 alter
1684 4611 2091 4677 sitcruciﬁxus,

518 4702 660 4756 alter
710 4713 989 4760 mortuum
1030 4704 1394 4759 suscitaverit.
1434 4703 1584 4758 Fecit
1625 4703 1791 4758 etiam
1837 4712 1899 4759 ut
1945 4702 2091 4773 apud

522 4792 908 4861 imperatorem
931 4793 1229 4863 impietatis
1256 4808 1320 4848 ac
1341 4792 1629 4848 seditionis
1656 4808 1785 4847 reus
1804 4801 2088 4864 ageretur:

603 4943 622 4984 ι
661 4943 818 5001 Rom.
841 4961 956 5013 vtn,
986 4945 1075 5013 38,
1102 4945 1190 5001 39.

2197 4356 2332 4398 sam.
2370 4360 2388 4394 δ

2274 4431 2433 4502 176
2455 4430 2626 4497 Quale
2664 4447 2798 4487 vero
2826 4432 3022 4496 fuerit,
3045 4430 3355 4502 quibusque
3401 4428 3584 4484 verbis
3628 4431 3773 4485 scri-

2198 4529 2377 4593 ptum,
2418 4520 2601 4591 legere
2657 4520 2786 4576 licet
2839 4521 2895 4575 in
2948 4521 3182 4591 epistola
3227 4520 3296 4574 ad
3343 4518 3701 4575 Eutrechinm
3729 4521 3776 4549 ‘“

2200 4611 2535 4682 praefectum.
2572 4629 2589 4662 ι
2619 4610 2865 4682 Relegati
2891 4627 2955 4665 ac
2976 4610 3377 4681 circumscripti
3399 4609 3540 4681 Cyro
3558 4624 3721 4664 sumu
3738 4626 3776 4671 ς,

2199 4701 2245 4756 si
2275 4716 2463 4757 verum
2498 4709 2581 4756 est
2616 4703 3116 4765 commonitorium,
3143 4700 3291 4770 quod
3331 4700 3557 4756 victoris
3598 4698 3777 4768 ipsius

2199 4793 2427 4864 Augusti
2469 4808 2637 4849 manu
2677 4793 2945 4865 scriptum
2996 4791 3199 4858 ferunt,
3236 4801 3293 4848 et
3336 4793 3411 4847 ita
3457 4807 3515 4847 se
3561 4789 3771 4845 habet:

1865 5060 2180 5119 SCllULle
2218 5061 2447 5119 ΝΟΤᾹΞ.

597 5174 882 5250 "Dornno.
915 5177 1024 5250 _Ad
1079 5177 1344 5250 Joannem
1392 5178 1790 5250 Antiocheuum
1862 5181 2045 5250 potius
2104 5180 2245 5250 hanc
2304 5178 2604 5250 epistolam
2630 5175 2912 5250 scripsisse
2966 5175 3373 5250 dicitur._Cum
3425 5182 3608 5250 autem

523 5244 806 5331 inscriptio
826 5245 959 5331 satis
979 5248 1381 5331 aperte‘prodat
1404 5249 1611 5302 νοθείαν
1633 5249 1794 5331 hujus
1817 5240 2086 5331 epistolae,
2109 5240 2405 5305 Carnerius
2436 5246 2719 5303 substituit
2735 5240 3173 5331 iiomennDomui.
3196 5244 3379 5331 Exstat
3401 5242 3628 5312 epistola
3658 5240 3775 5299 illa.

531 5321 572 5364 ι.
604 5314 690 5377 IV,
725 5329 779 5382 p.
822 5314 976 5369 1362.
1013 5314 1027 5316 “
1051 5317 1097 5348 ⁷⁷
1137 5314 1389 5439 Egiston
1434 5335 1636 5388 parem.
1672 5314 1928 5383 Omnino,
1956 5329 2070 5374 tum
2103 5327 2446 5389 argumento.
2507 5326 2623 5371 tum
2673 5314 2872 5384 νοθείᾳ.
2926 5316 3058 5380 Quae

531 5391 656 5437 sunt
678 5384 828 5439 iuxta
849 5385 1152 5439 versionem
1232 5388 1330 5439 arii
1356 5388 1691 5439 Mercatoris.
1720 5390 1853 5439 Vide
1882 5405 2068 5439 suum.
2095 5404 2147 5439 η.
2187 5402 2265 5439 ιιι.
2342 5388 2387 5421 ’³
2417 5386 2613 5439 Crucif.
2657 5394 2750 5439 est.
2788 5383 2911 5437 Hinc
2949 5383 3058 5437 add

1990 5405 2068 5453 ra,
2095 5378 2304 5470 p.13!“
2342 5388 2387 5421 "
2417 5386 2755 5470 (irrideant.
2788 5378 2911 5470 Hine
2949 5378 3213 5470 addenda
3253 5383 3493 5470 fuern'nt.
3535 5378 3615 5470 ..⁷ο

529 5391 656 5452 sunt
675 5384 828 5452 juxta
849 5385 1152 5439 versionem
1182 5384 1330 5442 Marii
1356 5384 1691 5443 Me'rcatoris.
1720 5390 1853 5443 Vide
1882 5405 1943 5442 sn

529 5450 902 5529 qu§d§m_.flc.
924 5453 1108 5529 ⁸[Ἒὶιιιο
1135 5456 1293 5529 aliter
1316 5458 1421 5529 leg.
1458 5474 1643 5529 supra,
1680 5459 1716 5512 l.
1760 5476 1808 5511 ι’.
1848 5527 1853 5529 Α
1882 5459 1927 5490 ⁸⁰
1949 5450 2148 5529 Inquit.
2176 5528 2179 5529 ν
2205 5457 2554 5529 νίι1εςιρίςς1.Δ
2576 5450 2675 5529 :8},
2742 5462 2782 5505 t.
2827 5453 2915 5517 IV,

3119 5323 3425 5382 sequuntur
3441 5352 3456 5375 ,
3515 5325 3777 5382 expressa

2956 5469 3010 5524 ρ.
3055 5452 3206 5508 1142.
3284 5452 3325 5482 ⁸¹
3391 5451 3588 5521 lnquit.
3650 5447 3776 5505 Vid.

522 5520 689 5590 epist.
733 5523 818 5587 79,
850 5530 888 5575 t.
924 5522 1012 5587 IV,
1051 5540 1103 5593 [ο.
1140 5525 1291 5578 1154.
1368 5520 1412 5557 δ’
1445 5520 1542 5579 Αιί
1570 5527 1719 5579 Eutr.
1761 5527 1877 5582 Viti.
1930 5520 2085 5598 ιῚιίἑῐ.

2186 5532 2215 5594 ν,
2246 5536 2283 5583 t.
2324 5520 2419 5591 Iv,"
2451 5542 2501 5595 ρ.
2540 5525 2689 5579 H36.
