  <div class='ocr_page' id='page_1' title='image "/cluster/home/n/w/nwhite01/storage/ocr_20150623/84/hvd.32044073502213/074.png"; bbox 0 0 4060 6180; ppageno 0'>
   <div class='ocr_carea' id='block_1_1' title="bbox 287 311 388 373">
    <p class='ocr_par' dir='ltr' id='par_1_1' title="bbox 287 311 388 373">
     <span class='ocr_line' id='line_1_1' title="bbox 287 311 388 373; baseline 0.02 -2"><span class='ocrx_word' id='word_1_1' title='bbox 287 311 388 373; x_wconf 61' lang='grc' dir='ltr'><strong>περ</strong></span> 
     </span>
    </p>
   </div>
   <div class='ocr_carea' id='block_1_2' title="bbox 1447 307 2351 372">
    <p class='ocr_par' dir='ltr' id='par_1_2' title="bbox 1447 307 2351 372">
     <span class='ocr_line' id='line_1_2' title="bbox 1447 307 2351 372; baseline 0 0"><span class='ocrx_word' id='word_1_2' title='bbox 1447 310 1808 372; x_wconf 76' lang='lat' dir='ltr'><strong>HISTORIA</strong></span> <span class='ocrx_word' id='word_1_3' title='bbox 1844 307 2351 372; x_wconf 83' lang='lat' dir='ltr'><strong>THEODORETI.</strong></span> 
     </span>
    </p>
   </div>
   <div class='ocr_carea' id='block_1_3' title="bbox 3438 323 3540 386">
    <p class='ocr_par' dir='ltr' id='par_1_3' title="bbox 3438 323 3540 386">
     <span class='ocr_line' id='line_1_3' title="bbox 3438 323 3540 386; baseline 0.02 -2"><span class='ocrx_word' id='word_1_4' title='bbox 3438 323 3540 386; x_wconf 74' lang='grc'><strong>130</strong></span> 
     </span>
    </p>
   </div>
   <div class='ocr_carea' id='block_1_4' title="bbox 284 423 3539 496">
    <p class='ocr_par' dir='ltr' id='par_1_4' title="bbox 284 423 3539 496">
     <span class='ocr_line' id='line_1_4' title="bbox 284 423 3539 496; baseline 0.004 -18"><span class='ocrx_word' id='word_1_5' title='bbox 284 423 557 491; x_wconf 77' lang='lat' dir='ltr'><strong>Quoniam</strong></span> <span class='ocrx_word' id='word_1_6' title='bbox 584 423 672 476; x_wconf 88' lang='lat' dir='ltr'><strong>ille</strong></span> <span class='ocrx_word' id='word_1_7' title='bbox 702 423 944 477; x_wconf 87' lang='lat' dir='ltr'><strong>civitatis</strong></span> <span class='ocrx_word' id='word_1_8' title='bbox 975 424 1122 478; x_wconf 90' lang='lat' dir='ltr'><strong>illius</strong></span> <span class='ocrx_word' id='word_1_9' title='bbox 1155 425 1448 494; x_wconf 90' lang='lat' dir='ltr'><strong>episcopus</strong></span> <span class='ocrx_word' id='word_1_10' title='bbox 1487 424 1706 479; x_wconf 86' lang='lat' dir='ltr'><strong>assidue</strong></span> <span class='ocrx_word' id='word_1_11' title='bbox 1731 436 1862 474; x_wconf 89' lang='lat' dir='ltr'><strong>con-</strong></span> <span class='ocrx_word' id='word_1_12' title='bbox 1897 423 1937 474; x_wconf 81' lang='grc' dir='ltr'><strong>Α</strong></span> <span class='ocrx_word' id='word_1_13' title='bbox 1970 428 2074 475; x_wconf 85' lang='lat' dir='ltr'><strong>tam</strong></span> <span class='ocrx_word' id='word_1_14' title='bbox 2106 437 2436 494; x_wconf 86' lang='lat' dir='ltr'><strong>posuerunt,</strong></span> <span class='ocrx_word' id='word_1_15' title='bbox 2465 429 2616 496; x_wconf 87' lang='lat' dir='ltr'><strong>quasi</strong></span> <span class='ocrx_word' id='word_1_16' title='bbox 2653 429 2706 482; x_wconf 91' lang='lat' dir='ltr'><strong>in</strong></span> <span class='ocrx_word' id='word_1_17' title='bbox 2740 429 2879 484; x_wconf 89' lang='lat' dir='ltr'><strong>duos</strong></span> <span class='ocrx_word' id='word_1_18' title='bbox 2913 430 3052 486; x_wconf 89' lang='lat' dir='ltr'><strong>filios</strong></span> <span class='ocrx_word' id='word_1_19' title='bbox 3089 432 3366 487; x_wconf 73' lang='lat' dir='ltr'><strong>Christum</strong></span> <span class='ocrx_word' id='word_1_20' title='bbox 3397 435 3539 490; x_wconf 90' lang='lat' dir='ltr'><strong>divi-</strong></span> 
     </span>
    </p>
   </div>
   <div class='ocr_carea' id='block_1_5' title="bbox 284 513 1863 585">
    <p class='ocr_par' dir='ltr' id='par_1_5' title="bbox 284 513 1863 585">
     <span class='ocr_line' id='line_1_5' title="bbox 284 513 1863 585; baseline 0 -17"><span class='ocrx_word' id='word_1_21' title='bbox 284 521 476 585; x_wconf 85' lang='lat' dir='ltr'><strong>gregat</strong></span> <span class='ocrx_word' id='word_1_22' title='bbox 529 513 789 582; x_wconf 84' lang='lat' dir='ltr'><strong>synodos,</strong></span> <span class='ocrx_word' id='word_1_23' title='bbox 827 515 1121 582; x_wconf 76' lang='lat' dir='ltr'><strong>turbatque</strong></span> <span class='ocrx_word' id='word_1_24' title='bbox 1159 531 1222 568; x_wconf 90' lang='lat' dir='ltr'><strong>ea</strong></span> <span class='ocrx_word' id='word_1_25' title='bbox 1272 532 1328 569; x_wconf 88' lang='lat' dir='ltr'><strong>re</strong></span> <span class='ocrx_word' id='word_1_26' title='bbox 1377 516 1743 578; x_wconf 83' lang='lat' dir='ltr'><strong>orthodoxos,</strong></span> <span class='ocrx_word' id='word_1_27' title='bbox 1796 514 1863 568; x_wconf 90' lang='lat' dir='ltr'><strong>da</strong></span> 
     </span>
    </p>
   </div>
   <div class='ocr_carea' id='block_1_6' title="bbox 283 605 1865 675">
    <p class='ocr_par' dir='ltr' id='par_1_6' title="bbox 283 605 1865 675">
     <span class='ocr_line' id='line_1_6' title="bbox 283 605 1865 675; baseline 0 -16"><span class='ocrx_word' id='word_1_28' title='bbox 283 620 509 674; x_wconf 87' lang='lat' dir='ltr'><strong>operam</strong></span> <span class='ocrx_word' id='word_1_29' title='bbox 543 605 869 673; x_wconf 88' lang='lat' dir='ltr'><strong>congruenti</strong></span> <span class='ocrx_word' id='word_1_30' title='bbox 891 605 1269 661; x_wconf 83' lang='lat' dir='ltr'><strong>moderatione</strong></span> <span class='ocrx_word' id='word_1_31' title='bbox 1291 623 1355 660; x_wconf 88' lang='lat' dir='ltr'><strong>ac</strong></span> <span class='ocrx_word' id='word_1_32' title='bbox 1381 606 1694 675; x_wconf 78' lang='lat' dir='ltr'><strong>prudentia,</strong></span> <span class='ocrx_word' id='word_1_33' title='bbox 1728 614 1786 659; x_wconf 93' lang='lat' dir='ltr'><strong>ut</strong></span> <span class='ocrx_word' id='word_1_34' title='bbox 1818 607 1865 659; x_wconf 90' lang='lat' dir='ltr'><strong>is</strong></span> 
     </span>
    </p>
   </div>
   <div class='ocr_carea' id='block_1_7' title="bbox 281 694 1863 767">
    <p class='ocr_par' dir='ltr' id='par_1_7' title="bbox 281 694 1863 767">
     <span class='ocr_line' id='line_1_7' title="bbox 281 694 1863 767; baseline -0.002 -17"><span class='ocrx_word' id='word_1_35' title='bbox 281 694 426 767; x_wconf 80' lang='lat' dir='ltr'><strong>Cyro</strong></span> <span class='ocrx_word' id='word_1_36' title='bbox 457 710 515 749; x_wconf 89' lang='lat' dir='ltr'><strong>se</strong></span> <span class='ocrx_word' id='word_1_37' title='bbox 553 694 857 760; x_wconf 89' lang='lat' dir='ltr'><strong>contineat,</strong></span> <span class='ocrx_word' id='word_1_38' title='bbox 897 711 998 751; x_wconf 91' lang='lat' dir='ltr'><strong>nec</strong></span> <span class='ocrx_word' id='word_1_39' title='bbox 1022 696 1089 750; x_wconf 92' lang='lat' dir='ltr'><strong>ad</strong></span> <span class='ocrx_word' id='word_1_40' title='bbox 1129 697 1288 751; x_wconf 89' lang='lat' dir='ltr'><strong>aliam</strong></span> <span class='ocrx_word' id='word_1_41' title='bbox 1323 698 1598 751; x_wconf 88' lang='lat' dir='ltr'><strong>civitatem</strong></span> <span class='ocrx_word' id='word_1_42' title='bbox 1643 695 1863 766; x_wconf 84' lang='lat' dir='ltr'><strong>profici-</strong></span> 
     </span>
    </p>
   </div>
   <div class='ocr_carea' id='block_1_8' title="bbox 285 799 544 842">
    <p class='ocr_par' dir='ltr' id='par_1_8' title="bbox 285 799 544 842">
     <span class='ocr_line' id='line_1_8' title="bbox 285 799 544 842; baseline -0.015 0"><span class='ocrx_word' id='word_1_43' title='bbox 285 799 493 842; x_wconf 90' lang='lat' dir='ltr'><strong>scatur.</strong></span> <span class='ocrx_word' id='word_1_44' title='bbox 527 807 544 838; x_wconf 71' lang='grc' dir='ltr'><strong><em>ι</em></strong></span> 
     </span>
    </p>
   </div>
   <div class='ocr_carea' id='block_1_9' title="bbox 356 878 1860 950">
    <p class='ocr_par' dir='ltr' id='par_1_9' title="bbox 356 878 1860 950">
     <span class='ocr_line' id='line_1_9' title="bbox 356 878 1860 950; baseline 0 -18"><span class='ocrx_word' id='word_1_45' title='bbox 356 881 470 934; x_wconf 75' lang='grc' dir='ltr'><strong>νη.</strong></span> <span class='ocrx_word' id='word_1_46' title='bbox 499 881 556 934; x_wconf 90' lang='lat' dir='ltr'><strong>ln</strong></span> <span class='ocrx_word' id='word_1_47' title='bbox 593 878 954 934; x_wconf 82' lang='lat' dir='ltr'><strong>domesticum</strong></span> <span class='ocrx_word' id='word_1_48' title='bbox 982 880 1116 934; x_wconf 91' lang='lat' dir='ltr'><strong>illud</strong></span> <span class='ocrx_word' id='word_1_49' title='bbox 1138 881 1414 944; x_wconf 84' lang='lat' dir='ltr'><strong>exsilium,</strong></span> <span class='ocrx_word' id='word_1_50' title='bbox 1449 881 1591 934; x_wconf 81' lang='lat' dir='ltr'><strong>sicut</strong></span> <span class='ocrx_word' id='word_1_51' title='bbox 1627 881 1742 950; x_wconf 89' lang='lat' dir='ltr'><strong>ipse</strong></span> <span class='ocrx_word' id='word_1_52' title='bbox 1780 880 1860 933; x_wconf 89' lang='lat' dir='ltr'><strong>lo-</strong></span> 
     </span>
    </p>
   </div>
   <div class='ocr_carea' id='block_1_10' title="bbox 284 970 1863 1039">
    <p class='ocr_par' dir='ltr' id='par_1_10' title="bbox 284 970 1863 1039">
     <span class='ocr_line' id='line_1_10' title="bbox 284 970 1863 1039; baseline 0 -17"><span class='ocrx_word' id='word_1_53' title='bbox 284 970 497 1038; x_wconf 80' lang='lat' dir='ltr'><strong>quitur,</strong></span> <span class='ocrx_word' id='word_1_54' title='bbox 533 970 743 1038; x_wconf 88' lang='lat' dir='ltr'><strong>ejectus</strong></span> <span class='ocrx_word' id='word_1_55' title='bbox 792 979 878 1024; x_wconf 89' lang='lat' dir='ltr'><strong>est</strong></span> <span class='ocrx_word' id='word_1_56' title='bbox 920 985 1065 1022; x_wconf 85' lang='lat' dir='ltr'><strong>anno</strong></span> <span class='ocrx_word' id='word_1_57' title='bbox 1117 971 1240 1032; x_wconf 69' lang='lat'><strong>445,</strong></span> <span class='ocrx_word' id='word_1_58' title='bbox 1273 986 1384 1038; x_wconf 89' lang='lat' dir='ltr'><strong>quo</strong></span> <span class='ocrx_word' id='word_1_59' title='bbox 1443 985 1587 1024; x_wconf 87' lang='lat' dir='ltr'><strong>anno</strong></span> <span class='ocrx_word' id='word_1_60' title='bbox 1637 970 1863 1039; x_wconf 81' lang='lat' dir='ltr'><strong>gerebat</strong></span> 
     </span>
    </p>
   </div>
   <div class='ocr_carea' id='block_1_11' title="bbox 285 1055 1860 1128">
    <p class='ocr_par' dir='ltr' id='par_1_11' title="bbox 285 1055 1860 1128">
     <span class='ocr_line' id='line_1_11' title="bbox 285 1055 1860 1128; baseline 0.001 -18"><span class='ocrx_word' id='word_1_61' title='bbox 285 1057 633 1110; x_wconf 82' lang='lat' dir='ltr'><strong>consulatum</strong></span> <span class='ocrx_word' id='word_1_62' title='bbox 662 1058 890 1112; x_wconf 80' lang='lat' dir='ltr'><strong>Nemus.</strong></span> <span class='ocrx_word' id='word_1_63' title='bbox 915 1059 1025 1112; x_wconf 86' lang='lat' dir='ltr'><strong>Etsi</strong></span> <span class='ocrx_word' id='word_1_64' title='bbox 1071 1069 1252 1112; x_wconf 90' lang='lat' dir='ltr'><strong>autem</strong></span> <span class='ocrx_word' id='word_1_65' title='bbox 1269 1055 1407 1128; x_wconf 50' lang='lat' dir='ltr'><strong>Lpra:</strong></span> <span class='ocrx_word' id='word_1_66' title='bbox 1443 1075 1500 1114; x_wconf 90' lang='lat' dir='ltr'><strong>se</strong></span> <span class='ocrx_word' id='word_1_67' title='bbox 1533 1059 1703 1114; x_wconf 87' lang='lat' dir='ltr'><strong>ferret</strong></span> <span class='ocrx_word' id='word_1_68' title='bbox 1731 1074 1860 1113; x_wconf 88' lang='lat' dir='ltr'><strong>con-</strong></span> 
     </span>
    </p>
   </div>
   <div class='ocr_carea' id='block_1_12' title="bbox 286 1147 1861 1214">
    <p class='ocr_par' dir='ltr' id='par_1_12' title="bbox 286 1147 1861 1214">
     <span class='ocr_line' id='line_1_12' title="bbox 286 1147 1861 1214; baseline 0.002 -14"><span class='ocrx_word' id='word_1_69' title='bbox 286 1148 544 1202; x_wconf 71' lang='lat' dir='ltr'><strong>stantiam</strong></span> <span class='ocrx_word' id='word_1_70' title='bbox 579 1147 746 1201; x_wconf 92' lang='lat' dir='ltr'><strong>animi</strong></span> <span class='ocrx_word' id='word_1_71' title='bbox 783 1147 835 1201; x_wconf 89' lang='lat' dir='ltr'><strong>in</strong></span> <span class='ocrx_word' id='word_1_72' title='bbox 865 1149 968 1202; x_wconf 86' lang='lat' dir='ltr'><strong>hac</strong></span> <span class='ocrx_word' id='word_1_73' title='bbox 999 1151 1305 1204; x_wconf 86' lang='lat' dir='ltr'><strong>calamitate</strong></span> <span class='ocrx_word' id='word_1_74' title='bbox 1325 1191 1338 1214; x_wconf 97' lang='lat'><strong>,</strong></span> <span class='ocrx_word' id='word_1_75' title='bbox 1372 1151 1646 1205; x_wconf 86' lang='lat' dir='ltr'><strong>neminem</strong></span> <span class='ocrx_word' id='word_1_76' title='bbox 1677 1160 1861 1204; x_wconf 89' lang='lat' dir='ltr'><strong>tamen</strong></span> 
     </span>
    </p>
   </div>
   <div class='ocr_carea' id='block_1_13' title="bbox 284 1237 1859 1306">
    <p class='ocr_par' dir='ltr' id='par_1_13' title="bbox 284 1237 1859 1306">
     <span class='ocr_line' id='line_1_13' title="bbox 284 1237 1859 1306; baseline 0.001 -16"><span class='ocrx_word' id='word_1_77' title='bbox 284 1253 394 1290; x_wconf 91' lang='lat' dir='ltr'><strong>non</strong></span> <span class='ocrx_word' id='word_1_78' title='bbox 442 1237 741 1299; x_wconf 80' lang='lat' dir='ltr'><strong>invocavit,</strong></span> <span class='ocrx_word' id='word_1_79' title='bbox 797 1237 942 1292; x_wconf 90' lang='lat' dir='ltr'><strong>unde</strong></span> <span class='ocrx_word' id='word_1_80' title='bbox 979 1248 1230 1306; x_wconf 84' lang='lat' dir='ltr'><strong>speraret</strong></span> <span class='ocrx_word' id='word_1_81' title='bbox 1278 1239 1585 1293; x_wconf 75' lang='lat' dir='ltr'><strong>auxilium:</strong></span> <span class='ocrx_word' id='word_1_82' title='bbox 1635 1254 1759 1292; x_wconf 89' lang='lat' dir='ltr'><strong>nam</strong></span> <span class='ocrx_word' id='word_1_83' title='bbox 1807 1246 1859 1292; x_wconf 90' lang='lat' dir='ltr'><strong>et</strong></span> 
     </span>
    </p>
   </div>
   <div class='ocr_carea' id='block_1_14' title="bbox 281 1327 1861 1399">
    <p class='ocr_par' dir='ltr' id='par_1_14' title="bbox 281 1327 1861 1399">
     <span class='ocr_line' id='line_1_14' title="bbox 281 1327 1861 1399; baseline 0.001 -17"><span class='ocrx_word' id='word_1_84' title='bbox 281 1327 539 1382; x_wconf 77' lang='lat' dir='ltr'><strong>Anatolio</strong></span> <span class='ocrx_word' id='word_1_85' title='bbox 564 1328 609 1358; x_wconf 82' lang='grc'><strong>⁸³</strong></span> <span class='ocrx_word' id='word_1_86' title='bbox 630 1328 884 1396; x_wconf 87' lang='lat' dir='ltr'><strong>patricio,</strong></span> <span class='ocrx_word' id='word_1_87' title='bbox 910 1335 965 1382; x_wconf 91' lang='lat' dir='ltr'><strong>et</strong></span> <span class='ocrx_word' id='word_1_88' title='bbox 987 1329 1282 1383; x_wconf 83' lang='lat' dir='ltr'><strong>Eutrechio</strong></span> <span class='ocrx_word' id='word_1_89' title='bbox 1310 1329 1586 1399; x_wconf 64' lang='lat' dir='ltr'><strong>praefecto,</strong></span> <span class='ocrx_word' id='word_1_90' title='bbox 1610 1338 1666 1382; x_wconf 90' lang='lat' dir='ltr'><strong>et</strong></span> <span class='ocrx_word' id='word_1_91' title='bbox 1689 1330 1861 1384; x_wconf 86' lang='lat' dir='ltr'><strong>Nemo</strong></span> 
     </span>
    </p>
   </div>
   <div class='ocr_carea' id='block_1_15' title="bbox 284 1417 1860 1487">
    <p class='ocr_par' dir='ltr' id='par_1_15' title="bbox 284 1417 1860 1487">
     <span class='ocr_line' id='line_1_15' title="bbox 284 1417 1860 1487; baseline 0.002 -15"><span class='ocrx_word' id='word_1_92' title='bbox 284 1419 495 1472; x_wconf 87' lang='lat' dir='ltr'><strong>consuli</strong></span> <span class='ocrx_word' id='word_1_93' title='bbox 516 1417 1182 1487; x_wconf 86' lang='lat' dir='ltr'><strong>lamentabiliterquestns</strong></span> <span class='ocrx_word' id='word_1_94' title='bbox 1199 1428 1302 1481; x_wconf 87' lang='lat' dir='ltr'><strong>est,</strong></span> <span class='ocrx_word' id='word_1_95' title='bbox 1328 1435 1384 1474; x_wconf 90' lang='lat' dir='ltr'><strong>se</strong></span> <span class='ocrx_word' id='word_1_96' title='bbox 1425 1420 1670 1474; x_wconf 86' lang='lat' dir='ltr'><strong>inaudita</strong></span> <span class='ocrx_word' id='word_1_97' title='bbox 1698 1436 1860 1475; x_wconf 87' lang='lat' dir='ltr'><strong>causa</strong></span> 
     </span>
    </p>
   </div>
   <div class='ocr_carea' id='block_1_16' title="bbox 283 1511 1860 1581">
    <p class='ocr_par' dir='ltr' id='par_1_16' title="bbox 283 1511 1860 1581">
     <span class='ocr_line' id='line_1_16' title="bbox 283 1511 1860 1581; baseline 0.001 -17"><span class='ocrx_word' id='word_1_98' title='bbox 283 1511 625 1573; x_wconf 81' lang='lat' dir='ltr'><strong>damnatum,</strong></span> <span class='ocrx_word' id='word_1_99' title='bbox 655 1526 780 1564; x_wconf 93' lang='lat' dir='ltr'><strong>cum</strong></span> <span class='ocrx_word' id='word_1_100' title='bbox 803 1528 872 1565; x_wconf 90' lang='lat' dir='ltr'><strong>ne</strong></span> <span class='ocrx_word' id='word_1_101' title='bbox 900 1511 1226 1565; x_wconf 89' lang='lat' dir='ltr'><strong>incendiarii</strong></span> <span class='ocrx_word' id='word_1_102' title='bbox 1261 1511 1482 1580; x_wconf 89' lang='lat' dir='ltr'><strong>quidem</strong></span> <span class='ocrx_word' id='word_1_103' title='bbox 1517 1521 1678 1581; x_wconf 89' lang='lat' dir='ltr'><strong>atque</strong></span> <span class='ocrx_word' id='word_1_104' title='bbox 1694 1511 1860 1566; x_wconf 76' lang='lat' dir='ltr'><strong>eﬂ‘os-</strong></span> 
     </span>
    </p>
   </div>
   <div class='ocr_carea' id='block_1_17' title="bbox 284 1602 1856 1671">
    <p class='ocr_par' dir='ltr' id='par_1_17' title="bbox 284 1602 1856 1671">
     <span class='ocr_line' id='line_1_17' title="bbox 284 1602 1856 1671; baseline -0.001 -15"><span class='ocrx_word' id='word_1_105' title='bbox 284 1617 436 1656; x_wconf 87' lang='lat' dir='ltr'><strong>sores</strong></span> <span class='ocrx_word' id='word_1_106' title='bbox 482 1602 885 1671; x_wconf 89' lang='lat' dir='ltr'><strong>sepulcrorum,</strong></span> <span class='ocrx_word' id='word_1_107' title='bbox 911 1603 1022 1655; x_wconf 90' lang='lat' dir='ltr'><strong>imo</strong></span> <span class='ocrx_word' id='word_1_108' title='bbox 1070 1615 1127 1655; x_wconf 88' lang='lat' dir='ltr'><strong>et</strong></span> <span class='ocrx_word' id='word_1_109' title='bbox 1177 1602 1462 1671; x_wconf 67' lang='lat' dir='ltr'><strong>parricidae</strong></span> <span class='ocrx_word' id='word_1_110' title='bbox 1507 1602 1856 1664; x_wconf 88' lang='lat' dir='ltr'><strong>damnentur,</strong></span> 
     </span>
    </p>
   </div>
   <div class='ocr_carea' id='block_1_18' title="bbox 283 1693 1859 1763">
    <p class='ocr_par' dir='ltr' id='par_1_18' title="bbox 283 1693 1859 1763">
     <span class='ocr_line' id='line_1_18' title="bbox 283 1693 1859 1763; baseline 0 -17"><span class='ocrx_word' id='word_1_111' title='bbox 283 1694 603 1763; x_wconf 87' lang='lat' dir='ltr'><strong>priusquam</strong></span> <span class='ocrx_word' id='word_1_112' title='bbox 629 1693 694 1747; x_wconf 89' lang='lat' dir='ltr'><strong>ad</strong></span> <span class='ocrx_word' id='word_1_113' title='bbox 731 1693 1006 1762; x_wconf 87' lang='lat' dir='ltr'><strong>objeclum</strong></span> <span class='ocrx_word' id='word_1_114' title='bbox 1039 1693 1246 1748; x_wconf 80' lang='lat' dir='ltr'><strong>crimen</strong></span> <span class='ocrx_word' id='word_1_115' title='bbox 1277 1694 1656 1761; x_wconf 86' lang='lat' dir='ltr'><strong>responderint</strong></span> <span class='ocrx_word' id='word_1_116' title='bbox 1685 1711 1696 1745; x_wconf 93' lang='lat'><strong>:</strong></span> <span class='ocrx_word' id='word_1_117' title='bbox 1726 1693 1859 1762; x_wconf 83' lang='lat' dir='ltr'><strong>quin</strong></span> 
     </span>
    </p>
   </div>
   <div class='ocr_carea' id='block_1_19' title="bbox 281 1781 1854 1854">
    <p class='ocr_par' dir='ltr' id='par_1_19' title="bbox 281 1781 1854 1854">
     <span class='ocr_line' id='line_1_19' title="bbox 281 1781 1854 1854; baseline -0.001 -17"><span class='ocrx_word' id='word_1_118' title='bbox 281 1795 334 1837; x_wconf 85' lang='lat' dir='ltr'><strong>et</strong></span> <span class='ocrx_word' id='word_1_119' title='bbox 371 1783 641 1854; x_wconf 81' lang='lat' dir='ltr'><strong>synodum</strong></span> <span class='ocrx_word' id='word_1_120' title='bbox 660 1785 1043 1852; x_wconf 89' lang='lat' dir='ltr'><strong>episcoporum</strong></span> <span class='ocrx_word' id='word_1_121' title='bbox 1075 1782 1193 1852; x_wconf 82' lang='lat' dir='ltr'><strong>cogi</strong></span> <span class='ocrx_word' id='word_1_122' title='bbox 1227 1783 1484 1852; x_wconf 90' lang='lat' dir='ltr'><strong>postulat,</strong></span> <span class='ocrx_word' id='word_1_123' title='bbox 1513 1781 1606 1835; x_wconf 91' lang='lat' dir='ltr'><strong>sed</strong></span> <span class='ocrx_word' id='word_1_124' title='bbox 1643 1797 1854 1845; x_wconf 91' lang='lat' dir='ltr'><strong>eorum,</strong></span> 
     </span>
    </p>
   </div>
   <div class='ocr_carea' id='block_1_20' title="bbox 281 1874 1857 1943">
    <p class='ocr_par' dir='ltr' id='par_1_20' title="bbox 281 1874 1857 1943">
     <span class='ocr_line' id='line_1_20' title="bbox 281 1874 1857 1943; baseline 0.001 -17"><span class='ocrx_word' id='word_1_125' title='bbox 281 1875 372 1942; x_wconf 89' lang='lat' dir='ltr'><strong>qui</strong></span> <span class='ocrx_word' id='word_1_126' title='bbox 402 1874 676 1943; x_wconf 80' lang='lat' dir='ltr'><strong>judicium</strong></span> <span class='ocrx_word' id='word_1_127' title='bbox 712 1874 856 1928; x_wconf 88' lang='lat' dir='ltr'><strong>ferre</strong></span> <span class='ocrx_word' id='word_1_128' title='bbox 890 1874 1103 1942; x_wconf 88' lang='lat' dir='ltr'><strong>possint</strong></span> <span class='ocrx_word' id='word_1_129' title='bbox 1146 1874 1214 1928; x_wconf 91' lang='lat' dir='ltr'><strong>de</strong></span> <span class='ocrx_word' id='word_1_130' title='bbox 1264 1874 1531 1937; x_wconf 87' lang='lat' dir='ltr'><strong>doctrina,</strong></span> <span class='ocrx_word' id='word_1_131' title='bbox 1557 1882 1612 1927; x_wconf 90' lang='lat' dir='ltr'><strong>et</strong></span> <span class='ocrx_word' id='word_1_132' title='bbox 1653 1875 1705 1927; x_wconf 92' lang='lat' dir='ltr'><strong>in</strong></span> <span class='ocrx_word' id='word_1_133' title='bbox 1749 1890 1857 1943; x_wconf 90' lang='lat' dir='ltr'><strong>qua</strong></span> 
     </span>
    </p>
   </div>
   <div class='ocr_carea' id='block_1_21' title="bbox 281 1965 1860 2036">
    <p class='ocr_par' dir='ltr' id='par_1_21' title="bbox 281 1965 1860 2036">
     <span class='ocr_line' id='line_1_21' title="bbox 281 1965 1860 2036; baseline 0.001 -17"><span class='ocrx_word' id='word_1_134' title='bbox 281 1967 637 2034; x_wconf 65' lang='lat' dir='ltr'><strong>magistratus</strong></span> <span class='ocrx_word' id='word_1_135' title='bbox 692 1967 1070 2036; x_wconf 84' lang='lat' dir='ltr'><strong>pronuntient,</strong></span> <span class='ocrx_word' id='word_1_136' title='bbox 1125 1982 1245 2036; x_wconf 76' lang='lat' dir='ltr'><strong>quae</strong></span> <span class='ocrx_word' id='word_1_137' title='bbox 1299 1965 1700 2035; x_wconf 88' lang='lat' dir='ltr'><strong>disputantium</strong></span> <span class='ocrx_word' id='word_1_138' title='bbox 1761 1965 1860 2020; x_wconf 90' lang='lat' dir='ltr'><strong>do-</strong></span> 
     </span>
    </p>
   </div>
   <div class='ocr_carea' id='block_1_22' title="bbox 282 2055 1857 2126">
    <p class='ocr_par' dir='ltr' id='par_1_22' title="bbox 282 2055 1857 2126">
     <span class='ocr_line' id='line_1_22' title="bbox 282 2055 1857 2126; baseline -0.001 -16"><span class='ocrx_word' id='word_1_139' title='bbox 282 2058 462 2110; x_wconf 79' lang='lat' dir='ltr'><strong>ctrina</strong></span> <span class='ocrx_word' id='word_1_140' title='bbox 495 2057 808 2126; x_wconf 70' lang='lat' dir='ltr'><strong>apostolicae</strong></span> <span class='ocrx_word' id='word_1_141' title='bbox 831 2057 1164 2112; x_wconf 86' lang='lat' dir='ltr'><strong>conformior</strong></span> <span class='ocrx_word' id='word_1_142' title='bbox 1199 2057 1289 2110; x_wconf 86' lang='lat' dir='ltr'><strong>sit.</strong></span> <span class='ocrx_word' id='word_1_143' title='bbox 1321 2056 1402 2111; x_wconf 88' lang='lat' dir='ltr'><strong>Ad</strong></span> <span class='ocrx_word' id='word_1_144' title='bbox 1442 2055 1560 2111; x_wconf 55' lang='lat' dir='ltr'><strong>hac</strong></span> <span class='ocrx_word' id='word_1_145' title='bbox 1597 2057 1857 2110; x_wconf 88' lang='lat' dir='ltr'><strong>innocen-</strong></span> 
     </span>
    </p>
   </div>
   <div class='ocr_carea' id='block_1_23' title="bbox 283 2149 1858 2220">
    <p class='ocr_par' dir='ltr' id='par_1_23' title="bbox 283 2149 1858 2220">
     <span class='ocr_line' id='line_1_23' title="bbox 283 2149 1858 2220; baseline 0.001 -18"><span class='ocrx_word' id='word_1_146' title='bbox 283 2150 415 2203; x_wconf 88' lang='lat' dir='ltr'><strong>tiam</strong></span> <span class='ocrx_word' id='word_1_147' title='bbox 455 2165 610 2203; x_wconf 90' lang='lat' dir='ltr'><strong>suam</strong></span> <span class='ocrx_word' id='word_1_148' title='bbox 640 2149 989 2218; x_wconf 73' lang='lat' dir='ltr'><strong>deprzedicat,</strong></span> <span class='ocrx_word' id='word_1_149' title='bbox 1008 2165 1244 2219; x_wconf 90' lang='lat' dir='ltr'><strong>suosque</strong></span> <span class='ocrx_word' id='word_1_150' title='bbox 1274 2165 1377 2220; x_wconf 91' lang='lat' dir='ltr'><strong>pro</strong></span> <span class='ocrx_word' id='word_1_151' title='bbox 1409 2149 1512 2204; x_wconf 85' lang='lat' dir='ltr'><strong>fide</strong></span> <span class='ocrx_word' id='word_1_152' title='bbox 1545 2149 1762 2204; x_wconf 84' lang='lat' dir='ltr'><strong>labores</strong></span> <span class='ocrx_word' id='word_1_153' title='bbox 1795 2163 1858 2203; x_wconf 90' lang='lat' dir='ltr'><strong>ac</strong></span> 
     </span>
    </p>
   </div>
   <div class='ocr_carea' id='block_1_24' title="bbox 280 2240 1855 2306">
    <p class='ocr_par' dir='ltr' id='par_1_24' title="bbox 280 2240 1855 2306">
     <span class='ocr_line' id='line_1_24' title="bbox 280 2240 1855 2306; baseline 0.001 -13"><span class='ocrx_word' id='word_1_154' title='bbox 280 2240 469 2294; x_wconf 76' lang='lat' dir='ltr'><strong>efﬁcax</strong></span> <span class='ocrx_word' id='word_1_155' title='bbox 522 2241 575 2294; x_wconf 92' lang='lat' dir='ltr'><strong>in</strong></span> <span class='ocrx_word' id='word_1_156' title='bbox 609 2241 882 2295; x_wconf 63' lang='lat' dir='ltr'><strong>hmreticis</strong></span> <span class='ocrx_word' id='word_1_157' title='bbox 925 2242 1314 2296; x_wconf 89' lang='lat' dir='ltr'><strong>convertendis</strong></span> <span class='ocrx_word' id='word_1_158' title='bbox 1349 2241 1611 2306; x_wconf 90' lang='lat' dir='ltr'><strong>studium,</strong></span> <span class='ocrx_word' id='word_1_159' title='bbox 1641 2257 1855 2295; x_wconf 87' lang='lat' dir='ltr'><strong>necnon</strong></span> 
     </span>
    </p>
   </div>
   <div class='ocr_carea' id='block_1_25' title="bbox 280 2332 1855 2403">
    <p class='ocr_par' dir='ltr' id='par_1_25' title="bbox 280 2332 1855 2403">
     <span class='ocr_line' id='line_1_25' title="bbox 280 2332 1855 2403; baseline 0.001 -18"><span class='ocrx_word' id='word_1_160' title='bbox 280 2334 408 2386; x_wconf 67' lang='lat' dir='ltr'><strong>vita:</strong></span> <span class='ocrx_word' id='word_1_161' title='bbox 430 2333 500 2386; x_wconf 91' lang='lat' dir='ltr'><strong>ab</strong></span> <span class='ocrx_word' id='word_1_162' title='bbox 533 2333 691 2386; x_wconf 91' lang='lat' dir='ltr'><strong>initio</strong></span> <span class='ocrx_word' id='word_1_163' title='bbox 712 2342 846 2386; x_wconf 68' lang='lat' dir='ltr'><strong>actae</strong></span> <span class='ocrx_word' id='word_1_164' title='bbox 871 2333 1274 2403; x_wconf 81' lang='lat' dir='ltr'><strong>integritatem;</strong></span> <span class='ocrx_word' id='word_1_165' title='bbox 1318 2337 1335 2356; x_wconf 76' lang='lat'><strong><em>’</em></strong></span> <span class='ocrx_word' id='word_1_166' title='bbox 1362 2333 1598 2401; x_wconf 88' lang='lat' dir='ltr'><strong>denique</strong></span> <span class='ocrx_word' id='word_1_167' title='bbox 1640 2332 1855 2386; x_wconf 80' lang='lat' dir='ltr'><strong>infracti</strong></span> 
     </span>
    </p>
   </div>
   <div class='ocr_carea' id='block_1_26' title="bbox 281 2419 1854 2489">
    <p class='ocr_par' dir='ltr' id='par_1_26' title="bbox 281 2419 1854 2489">
     <span class='ocr_line' id='line_1_26' title="bbox 281 2419 1854 2489; baseline 0 -15"><span class='ocrx_word' id='word_1_168' title='bbox 281 2421 441 2474; x_wconf 84' lang='lat' dir='ltr'><strong>malis</strong></span> <span class='ocrx_word' id='word_1_169' title='bbox 454 2421 621 2472; x_wconf 87' lang='lat' dir='ltr'><strong>animi</strong></span> <span class='ocrx_word' id='word_1_170' title='bbox 644 2419 950 2474; x_wconf 86' lang='lat' dir='ltr'><strong>ﬁrmitatem</strong></span> <span class='ocrx_word' id='word_1_171' title='bbox 974 2428 1243 2474; x_wconf 86' lang='lat' dir='ltr'><strong>sustentat</strong></span> <span class='ocrx_word' id='word_1_172' title='bbox 1262 2420 1667 2489; x_wconf 84' lang='lat' dir='ltr'><strong>exspectatione</strong></span> <span class='ocrx_word' id='word_1_173' title='bbox 1685 2419 1854 2474; x_wconf 89' lang='lat' dir='ltr'><strong>divini</strong></span> 
     </span>
    </p>
   </div>
   <div class='ocr_carea' id='block_1_27' title="bbox 273 2511 1856 2582">
    <p class='ocr_par' dir='ltr' id='par_1_27' title="bbox 273 2511 1856 2582">
     <span class='ocr_line' id='line_1_27' title="bbox 273 2511 1856 2582; baseline 0.002 -18"><span class='ocrx_word' id='word_1_174' title='bbox 273 2511 496 2580; x_wconf 83' lang='lat' dir='ltr'><strong>judieii,</strong></span> <span class='ocrx_word' id='word_1_175' title='bbox 523 2511 589 2564; x_wconf 89' lang='lat' dir='ltr'><strong>ad</strong></span> <span class='ocrx_word' id='word_1_176' title='bbox 618 2511 762 2581; x_wconf 90' lang='lat' dir='ltr'><strong>quod</strong></span> <span class='ocrx_word' id='word_1_177' title='bbox 795 2511 1159 2576; x_wconf 86' lang='lat' dir='ltr'><strong>adversarios,</strong></span> <span class='ocrx_word' id='word_1_178' title='bbox 1188 2512 1302 2566; x_wconf 85' lang='lat' dir='ltr'><strong>sive</strong></span> <span class='ocrx_word' id='word_1_179' title='bbox 1326 2513 1418 2582; x_wconf 90' lang='lat' dir='ltr'><strong>qui</strong></span> <span class='ocrx_word' id='word_1_180' title='bbox 1441 2521 1720 2577; x_wconf 85' lang='lat' dir='ltr'><strong>accusant,</strong></span> <span class='ocrx_word' id='word_1_181' title='bbox 1742 2513 1856 2567; x_wconf 88' lang='lat' dir='ltr'><strong>sive</strong></span> 
     </span>
    </p>
   </div>
   <div class='ocr_carea' id='block_1_28' title="bbox 276 2595 1857 2665">
    <p class='ocr_par' dir='ltr' id='par_1_28' title="bbox 276 2595 1857 2665">
     <span class='ocr_line' id='line_1_28' title="bbox 276 2595 1857 2665; baseline 0.005 -17"><span class='ocrx_word' id='word_1_182' title='bbox 276 2595 374 2665; x_wconf 88' lang='lat' dir='ltr'><strong>qui</strong></span> <span class='ocrx_word' id='word_1_183' title='bbox 397 2595 682 2663; x_wconf 89' lang='lat' dir='ltr'><strong>damnant,</strong></span> <span class='ocrx_word' id='word_1_184' title='bbox 705 2606 800 2654; x_wconf 88' lang='lat' dir='ltr'><strong>aut</strong></span> <span class='ocrx_word' id='word_1_185' title='bbox 822 2599 987 2654; x_wconf 87' lang='lat' dir='ltr'><strong>etiam</strong></span> <span class='ocrx_word' id='word_1_186' title='bbox 1012 2600 1270 2655; x_wconf 86' lang='lat' dir='ltr'><strong>damnare</strong></span> <span class='ocrx_word' id='word_1_187' title='bbox 1290 2601 1495 2665; x_wconf 89' lang='lat' dir='ltr'><strong>sinunt,</strong></span> <span class='ocrx_word' id='word_1_188' title='bbox 1519 2602 1857 2657; x_wconf 74' lang='lat' dir='ltr'><strong>confidenter</strong></span> 
     </span>
    </p>
   </div>
   <div class='ocr_carea' id='block_1_29' title="bbox 277 2689 432 2742">
    <p class='ocr_par' dir='ltr' id='par_1_29' title="bbox 277 2689 432 2742">
     <span class='ocr_line' id='line_1_29' title="bbox 277 2689 432 2742; baseline -0.013 0"><span class='ocrx_word' id='word_1_189' title='bbox 277 2689 432 2742; x_wconf 86' lang='lat' dir='ltr'><strong>citat.</strong></span> 
     </span>
    </p>
   </div>
   <div class='ocr_carea' id='block_1_30' title="bbox 347 2778 1853 2854">
    <p class='ocr_par' dir='ltr' id='par_1_30' title="bbox 347 2778 1853 2854">
     <span class='ocr_line' id='line_1_30' title="bbox 347 2778 1853 2854; baseline 0.004 -22"><span class='ocrx_word' id='word_1_190' title='bbox 347 2778 488 2832; x_wconf 79' lang='lat' dir='ltr'><strong>Vill.</strong></span> <span class='ocrx_word' id='word_1_191' title='bbox 521 2779 591 2834; x_wconf 88' lang='lat' dir='ltr'><strong>Ut</strong></span> <span class='ocrx_word' id='word_1_192' title='bbox 622 2795 825 2847; x_wconf 71' lang='lat' dir='ltr'><strong>aegrum</strong></span> <span class='ocrx_word' id='word_1_193' title='bbox 863 2781 1102 2836; x_wconf 89' lang='lat' dir='ltr'><strong>animum</strong></span> <span class='ocrx_word' id='word_1_194' title='bbox 1141 2782 1428 2847; x_wconf 86' lang='lat' dir='ltr'><strong>solaretur,</strong></span> <span class='ocrx_word' id='word_1_195' title='bbox 1465 2799 1605 2852; x_wconf 82' lang='lat' dir='ltr'><strong>Opus</strong></span> <span class='ocrx_word' id='word_1_196' title='bbox 1629 2799 1853 2854; x_wconf 90' lang='lat' dir='ltr'><strong>compo-</strong></span> 
     </span>
    </p>
   </div>
   <div class='ocr_carea' id='block_1_31' title="bbox 276 2871 1852 2945">
    <p class='ocr_par' dir='ltr' id='par_1_31' title="bbox 276 2871 1852 2945">
     <span class='ocr_line' id='line_1_31' title="bbox 276 2871 1852 2945; baseline 0.003 -21"><span class='ocrx_word' id='word_1_197' title='bbox 276 2871 407 2934; x_wconf 84' lang='lat' dir='ltr'><strong>suit,</strong></span> <span class='ocrx_word' id='word_1_198' title='bbox 441 2871 530 2924; x_wconf 90' lang='lat' dir='ltr'><strong>cui</strong></span> <span class='ocrx_word' id='word_1_199' title='bbox 575 2887 772 2924; x_wconf 91' lang='lat' dir='ltr'><strong>nomen</strong></span> <span class='ocrx_word' id='word_1_200' title='bbox 813 2871 941 2926; x_wconf 89' lang='lat' dir='ltr'><strong>fecit</strong></span> <span class='ocrx_word' id='word_1_201' title='bbox 970 2872 1235 2927; x_wconf 70' lang='lat' dir='ltr'><strong>Eranistze</strong></span> <span class='ocrx_word' id='word_1_202' title='bbox 1264 2889 1358 2927; x_wconf 90' lang='lat' dir='ltr'><strong>seu</strong></span> <span class='ocrx_word' id='word_1_203' title='bbox 1389 2874 1759 2945; x_wconf 76' lang='lat' dir='ltr'><strong>Polymorpbi.</strong></span> <span class='ocrx_word' id='word_1_204' title='bbox 1794 2875 1852 2928; x_wconf 85' lang='lat' dir='ltr'><strong>In</strong></span> 
     </span>
    </p>
   </div>
   <div class='ocr_carea' id='block_1_32' title="bbox 277 2962 1851 3031">
    <p class='ocr_par' dir='ltr' id='par_1_32' title="bbox 277 2962 1851 3031">
     <span class='ocr_line' id='line_1_32' title="bbox 277 2962 1851 3031; baseline 0.003 -16"><span class='ocrx_word' id='word_1_205' title='bbox 277 2964 384 3016; x_wconf 89' lang='lat' dir='ltr'><strong>hoc</strong></span> <span class='ocrx_word' id='word_1_206' title='bbox 411 2962 460 2992; x_wconf 67' lang='grc'><strong>⁸⁸</strong></span> <span class='ocrx_word' id='word_1_207' title='bbox 482 2963 617 3016; x_wconf 87' lang='lat' dir='ltr'><strong>mira</strong></span> <span class='ocrx_word' id='word_1_208' title='bbox 645 2964 878 3031; x_wconf 82' lang='lat' dir='ltr'><strong>quadam</strong></span> <span class='ocrx_word' id='word_1_209' title='bbox 901 2973 1019 3018; x_wconf 89' lang='lat' dir='ltr'><strong>arte</strong></span> <span class='ocrx_word' id='word_1_210' title='bbox 1043 2967 1329 3020; x_wconf 88' lang='lat' dir='ltr'><strong>consilium</strong></span> <span class='ocrx_word' id='word_1_211' title='bbox 1353 2967 1664 3022; x_wconf 86' lang='lat' dir='ltr'><strong>dissimulat</strong></span> <span class='ocrx_word' id='word_1_212' title='bbox 1687 2985 1699 3020; x_wconf 89' lang='lat'><strong>:</strong></span> <span class='ocrx_word' id='word_1_213' title='bbox 1726 2983 1851 3021; x_wconf 90' lang='lat' dir='ltr'><strong>nam</strong></span> 
     </span>
    </p>
   </div>
   <div class='ocr_carea' id='block_1_33' title="bbox 1965 516 3538 584">
    <p class='ocr_par' dir='ltr' id='par_1_33' title="bbox 1965 516 3538 584">
     <span class='ocr_line' id='line_1_33' title="bbox 1965 516 3538 584; baseline 0.008 -14"><span class='ocrx_word' id='word_1_214' title='bbox 1965 516 2144 580; x_wconf 80' lang='lat' dir='ltr'><strong>sisset,</strong></span> <span class='ocrx_word' id='word_1_215' title='bbox 2174 527 2228 572; x_wconf 91' lang='lat' dir='ltr'><strong>et</strong></span> <span class='ocrx_word' id='word_1_216' title='bbox 2253 519 2557 573; x_wconf 88' lang='lat' dir='ltr'><strong>latitantem</strong></span> <span class='ocrx_word' id='word_1_217' title='bbox 2590 521 2641 574; x_wconf 89' lang='lat' dir='ltr'><strong>in</strong></span> <span class='ocrx_word' id='word_1_218' title='bbox 2667 521 2856 576; x_wconf 89' lang='lat' dir='ltr'><strong>Cilicia</strong></span> <span class='ocrx_word' id='word_1_219' title='bbox 2877 524 3262 580; x_wconf 87' lang='lat' dir='ltr'><strong>Nestorianum</strong></span> <span class='ocrx_word' id='word_1_220' title='bbox 3293 545 3538 584; x_wconf 81' lang='lat' dir='ltr'><strong>errorem</strong></span> 
     </span>
    </p>
   </div>
   <div class='ocr_carea' id='block_1_34' title="bbox 1965 610 3542 685">
    <p class='ocr_par' dir='ltr' id='par_1_34' title="bbox 1965 610 3542 685">
     <span class='ocr_line' id='line_1_34' title="bbox 1965 610 3542 685; baseline 0.01 -26"><span class='ocrx_word' id='word_1_221' title='bbox 1965 610 2321 677; x_wconf 88' lang='lat' dir='ltr'><strong>propalasset.</strong></span> <span class='ocrx_word' id='word_1_222' title='bbox 2348 611 2402 664; x_wconf 89' lang='lat' dir='ltr'><strong>ld</strong></span> <span class='ocrx_word' id='word_1_223' title='bbox 2427 613 2672 668; x_wconf 90' lang='lat' dir='ltr'><strong>criminis</strong></span> <span class='ocrx_word' id='word_1_224' title='bbox 2692 623 2751 667; x_wconf 91' lang='lat' dir='ltr'><strong>ut</strong></span> <span class='ocrx_word' id='word_1_225' title='bbox 2777 617 3138 685; x_wconf 85' lang='lat' dir='ltr'><strong>propulsaret,</strong></span> <span class='ocrx_word' id='word_1_226' title='bbox 3159 619 3368 674; x_wconf 88' lang='lat' dir='ltr'><strong>litteras</strong></span> <span class='ocrx_word' id='word_1_227' title='bbox 3390 621 3542 675; x_wconf 88' lang='lat' dir='ltr'><strong>dedit</strong></span> 
     </span>
    </p>
   </div>
   <div class='ocr_carea' id='block_1_35' title="bbox 1964 697 3542 764">
    <p class='ocr_par' dir='ltr' id='par_1_35' title="bbox 1964 697 3542 764">
     <span class='ocr_line' id='line_1_35' title="bbox 1964 697 3542 764; baseline 0.008 -14"><span class='ocrx_word' id='word_1_228' title='bbox 1964 697 2223 751; x_wconf 89' lang='lat' dir='ltr'><strong>Dioscoro</strong></span> <span class='ocrx_word' id='word_1_229' title='bbox 2251 700 2296 730; x_wconf 76' lang='grc'><strong>⁸³</strong></span> <span class='ocrx_word' id='word_1_230' title='bbox 2330 699 2384 753; x_wconf 91' lang='lat' dir='ltr'><strong>in</strong></span> <span class='ocrx_word' id='word_1_231' title='bbox 2433 700 2547 756; x_wconf 63' lang='lat' dir='ltr'><strong>haec</strong></span> <span class='ocrx_word' id='word_1_232' title='bbox 2580 703 2746 756; x_wconf 89' lang='lat' dir='ltr'><strong>verba</strong></span> <span class='ocrx_word' id='word_1_233' title='bbox 2777 722 2789 755; x_wconf 87' lang='lat'><strong>:</strong></span> <span class='ocrx_word' id='word_1_234' title='bbox 2832 723 2848 753; x_wconf 85' lang='grc'><strong>«</strong></span> <span class='ocrx_word' id='word_1_235' title='bbox 2889 705 3011 760; x_wconf 76' lang='lat' dir='ltr'><strong>Haec</strong></span> <span class='ocrx_word' id='word_1_236' title='bbox 3035 707 3278 761; x_wconf 90' lang='lat' dir='ltr'><strong>scribere</strong></span> <span class='ocrx_word' id='word_1_237' title='bbox 3319 720 3542 764; x_wconf 89' lang='lat' dir='ltr'><strong>coactus</strong></span> 
     </span>
    </p>
   </div>
   <div class='ocr_carea' id='block_1_36' title="bbox 1963 795 3538 868">
    <p class='ocr_par' dir='ltr' id='par_1_36' title="bbox 1963 795 3538 868">
     <span class='ocr_line' id='line_1_36' title="bbox 1963 795 3538 868; baseline 0.01 -26"><span class='ocrx_word' id='word_1_238' title='bbox 1963 803 2104 852; x_wconf 90' lang='lat' dir='ltr'><strong>sum,</strong></span> <span class='ocrx_word' id='word_1_239' title='bbox 2131 806 2255 843; x_wconf 84' lang='lat' dir='ltr'><strong>eum</strong></span> <span class='ocrx_word' id='word_1_240' title='bbox 2302 795 2612 849; x_wconf 86' lang='lat' dir='ltr'><strong>sanctitatis</strong></span> <span class='ocrx_word' id='word_1_241' title='bbox 2658 805 2764 850; x_wconf 73' lang='lat' dir='ltr'><strong>tua:</strong></span> <span class='ocrx_word' id='word_1_242' title='bbox 2798 797 3012 852; x_wconf 91' lang='lat' dir='ltr'><strong>litteras</strong></span> <span class='ocrx_word' id='word_1_243' title='bbox 3036 799 3288 868; x_wconf 81' lang='lat' dir='ltr'><strong>legissem</strong></span> <span class='ocrx_word' id='word_1_244' title='bbox 3332 802 3400 855; x_wconf 90' lang='lat' dir='ltr'><strong>ad</strong></span> <span class='ocrx_word' id='word_1_245' title='bbox 3441 803 3538 857; x_wconf 87' lang='lat' dir='ltr'><strong>Dei</strong></span> 
     </span>
    </p>
   </div>
   <div class='ocr_carea' id='block_1_37' title="bbox 1962 885 3534 964">
    <p class='ocr_par' dir='ltr' id='par_1_37' title="bbox 1962 885 3534 964">
     <span class='ocr_line' id='line_1_37' title="bbox 1962 885 3534 964; baseline 0.008 -30"><span class='ocrx_word' id='word_1_246' title='bbox 1962 885 2394 940; x_wconf 87' lang='lat' dir='ltr'><strong>amantissimum</strong></span> <span class='ocrx_word' id='word_1_247' title='bbox 2466 889 2984 960; x_wconf 86' lang='lat' dir='ltr'><strong>sanctissimumque</strong></span> <span class='ocrx_word' id='word_1_248' title='bbox 3059 893 3534 964; x_wconf 87' lang='lat' dir='ltr'><strong>archiepiscopum</strong></span> 
     </span>
    </p>
   </div>
   <div class='ocr_carea' id='block_1_38' title="bbox 1961 975 3538 1051">
    <p class='ocr_par' dir='ltr' id='par_1_38' title="bbox 1961 975 3538 1051">
     <span class='ocr_line' id='line_1_38' title="bbox 1961 975 3538 1051; baseline 0.007 -24"><span class='ocrx_word' id='word_1_249' title='bbox 1961 975 2241 1031; x_wconf 87' lang='lat' dir='ltr'><strong>dominum</strong></span> <span class='ocrx_word' id='word_1_250' title='bbox 2267 980 2537 1034; x_wconf 84' lang='lat' dir='ltr'><strong>Domuum</strong></span> <span class='ocrx_word' id='word_1_251' title='bbox 2568 983 2820 1051; x_wconf 84' lang='lat' dir='ltr'><strong>scriptas.</strong></span> <span class='ocrx_word' id='word_1_252' title='bbox 2848 982 2906 1036; x_wconf 92' lang='lat' dir='ltr'><strong>In</strong></span> <span class='ocrx_word' id='word_1_253' title='bbox 2941 984 3048 1038; x_wconf 90' lang='lat' dir='ltr'><strong>illis</strong></span> <span class='ocrx_word' id='word_1_254' title='bbox 3078 985 3224 1038; x_wconf 84' lang='lat' dir='ltr'><strong>enim</strong></span> <span class='ocrx_word' id='word_1_255' title='bbox 3262 985 3366 1040; x_wconf 92' lang='lat' dir='ltr'><strong>hoc</strong></span> <span class='ocrx_word' id='word_1_256' title='bbox 3394 987 3538 1039; x_wconf 89' lang='lat' dir='ltr'><strong>inter</strong></span> 
     </span>
    </p>
   </div>
   <div class='ocr_carea' id='block_1_39' title="bbox 1963 1071 3535 1141">
    <p class='ocr_par' dir='ltr' id='par_1_39' title="bbox 1963 1071 3535 1141">
     <span class='ocr_line' id='line_1_39' title="bbox 1963 1071 3535 1141; baseline 0.008 -22"><span class='ocrx_word' id='word_1_257' title='bbox 1963 1075 2158 1120; x_wconf 60' lang='lat' dir='ltr'><strong>cetera</strong></span> <span class='ocrx_word' id='word_1_258' title='bbox 2179 1071 2580 1135; x_wconf 88' lang='lat' dir='ltr'><strong>continebatur,</strong></span> <span class='ocrx_word' id='word_1_259' title='bbox 2607 1073 2869 1141; x_wconf 79' lang='lat' dir='ltr'><strong>quosdam</strong></span> <span class='ocrx_word' id='word_1_260' title='bbox 2896 1075 2960 1128; x_wconf 93' lang='lat' dir='ltr'><strong>ad</strong></span> <span class='ocrx_word' id='word_1_261' title='bbox 2995 1076 3285 1130; x_wconf 76' lang='lat' dir='ltr'><strong>maximam</strong></span> <span class='ocrx_word' id='word_1_262' title='bbox 3321 1077 3535 1138; x_wconf 85' lang='lat' dir='ltr'><strong>urbem,</strong></span> 
     </span>
    </p>
   </div>
   <div class='ocr_carea' id='block_1_40' title="bbox 1962 1163 3535 1234">
    <p class='ocr_par' dir='ltr' id='par_1_40' title="bbox 1962 1163 3535 1234">
     <span class='ocr_line' id='line_1_40' title="bbox 1962 1163 3535 1234; baseline 0.006 -22"><span class='ocrx_word' id='word_1_263' title='bbox 1962 1173 2083 1227; x_wconf 49' lang='lat' dir='ltr'><strong>qua),</strong></span> <span class='ocrx_word' id='word_1_264' title='bbox 2109 1175 2139 1213; x_wconf 87' lang='lat' dir='ltr'><strong>a</strong></span> <span class='ocrx_word' id='word_1_265' title='bbox 2167 1163 2453 1217; x_wconf 86' lang='lat' dir='ltr'><strong>sanctitate</strong></span> <span class='ocrx_word' id='word_1_266' title='bbox 2483 1173 2574 1218; x_wconf 88' lang='lat' dir='ltr'><strong>tua</strong></span> <span class='ocrx_word' id='word_1_267' title='bbox 2605 1167 2833 1234; x_wconf 81' lang='lat' dir='ltr'><strong>regitur,</strong></span> <span class='ocrx_word' id='word_1_268' title='bbox 2869 1183 2991 1221; x_wconf 93' lang='lat' dir='ltr'><strong>cum</strong></span> <span class='ocrx_word' id='word_1_269' title='bbox 3024 1171 3324 1233; x_wconf 84' lang='lat' dir='ltr'><strong>venissent,</strong></span> <span class='ocrx_word' id='word_1_270' title='bbox 3371 1186 3535 1223; x_wconf 86' lang='lat' dir='ltr'><strong>accu-</strong></span> 
     </span>
    </p>
   </div>
   <div class='ocr_carea' id='block_1_41' title="bbox 1963 1255 3535 1321">
    <p class='ocr_par' dir='ltr' id='par_1_41' title="bbox 1963 1255 3535 1321">
     <span class='ocr_line' id='line_1_41' title="bbox 1963 1255 3535 1321; baseline 0.007 -18"><span class='ocrx_word' id='word_1_271' title='bbox 1963 1264 2110 1304; x_wconf 87' lang='lat' dir='ltr'><strong>sasse</strong></span> <span class='ocrx_word' id='word_1_272' title='bbox 2149 1267 2270 1312; x_wconf 86' lang='lat' dir='ltr'><strong>nos,</strong></span> <span class='ocrx_word' id='word_1_273' title='bbox 2301 1255 2456 1321; x_wconf 87' lang='lat' dir='ltr'><strong>quasi</strong></span> <span class='ocrx_word' id='word_1_274' title='bbox 2488 1255 2542 1308; x_wconf 92' lang='lat' dir='ltr'><strong>in</strong></span> <span class='ocrx_word' id='word_1_275' title='bbox 2590 1255 2728 1310; x_wconf 91' lang='lat' dir='ltr'><strong>duos</strong></span> <span class='ocrx_word' id='word_1_276' title='bbox 2781 1258 2919 1313; x_wconf 86' lang='lat' dir='ltr'><strong>ﬁlios</strong></span> <span class='ocrx_word' id='word_1_277' title='bbox 2962 1259 3328 1314; x_wconf 89' lang='lat' dir='ltr'><strong>dividercmus</strong></span> <span class='ocrx_word' id='word_1_278' title='bbox 3366 1277 3535 1314; x_wconf 91' lang='lat' dir='ltr'><strong>unum</strong></span> 
     </span>
    </p>
   </div>
   <div class='ocr_carea' id='block_1_42' title="bbox 1961 1341 3534 1422">
    <p class='ocr_par' dir='ltr' id='par_1_42' title="bbox 1961 1341 3534 1422">
     <span class='ocr_line' id='line_1_42' title="bbox 1961 1341 3534 1422; baseline 0.009 -26"><span class='ocrx_word' id='word_1_279' title='bbox 1961 1341 2253 1399; x_wconf 90' lang='lat' dir='ltr'><strong>Dominum</strong></span> <span class='ocrx_word' id='word_1_280' title='bbox 2305 1356 2550 1401; x_wconf 84' lang='lat' dir='ltr'><strong>nostrum</strong></span> <span class='ocrx_word' id='word_1_281' title='bbox 2606 1349 2788 1403; x_wconf 85' lang='lat' dir='ltr'><strong>Jesnm</strong></span> <span class='ocrx_word' id='word_1_282' title='bbox 2831 1351 3110 1406; x_wconf 85' lang='lat' dir='ltr'><strong>Christum</strong></span> <span class='ocrx_word' id='word_1_283' title='bbox 3153 1371 3164 1404; x_wconf 89' lang='lat'><strong>:</strong></span> <span class='ocrx_word' id='word_1_284' title='bbox 3200 1353 3363 1422; x_wconf 90' lang='lat' dir='ltr'><strong>idque</strong></span> <span class='ocrx_word' id='word_1_285' title='bbox 3409 1369 3534 1410; x_wconf 91' lang='lat' dir='ltr'><strong>cum</strong></span> 
     </span>
    </p>
   </div>
   <div class='ocr_carea' id='block_1_43' title="bbox 1961 1434 3535 1515">
    <p class='ocr_par' dir='ltr' id='par_1_43' title="bbox 1961 1434 3535 1515">
     <span class='ocr_line' id='line_1_43' title="bbox 1961 1434 3535 1515; baseline 0.01 -31"><span class='ocrx_word' id='word_1_286' title='bbox 1961 1434 2104 1502; x_wconf 92' lang='lat' dir='ltr'><strong>apud</strong></span> <span class='ocrx_word' id='word_1_287' title='bbox 2130 1435 2473 1491; x_wconf 86' lang='lat' dir='ltr'><strong>Antiochiam</strong></span> <span class='ocrx_word' id='word_1_288' title='bbox 2495 1439 2909 1502; x_wconf 77' lang='lat' dir='ltr'><strong>dissereremus,</strong></span> <span class='ocrx_word' id='word_1_289' title='bbox 2930 1443 3020 1494; x_wconf 90' lang='lat' dir='ltr'><strong>uhi</strong></span> <span class='ocrx_word' id='word_1_290' title='bbox 3055 1444 3238 1497; x_wconf 66' lang='lat' dir='ltr'><strong>multae</strong></span> <span class='ocrx_word' id='word_1_291' title='bbox 3261 1445 3535 1515; x_wconf 76' lang='lat' dir='ltr'><strong>myriades</strong></span> 
     </span>
    </p>
   </div>
   <div class='ocr_carea' id='block_1_44' title="bbox 1961 1523 3538 1606">
    <p class='ocr_par' dir='ltr' id='par_1_44' title="bbox 1961 1523 3538 1606">
     <span class='ocr_line' id='line_1_44' title="bbox 1961 1523 3538 1606; baseline 0.01 -31"><span class='ocrx_word' id='word_1_292' title='bbox 1961 1523 2273 1580; x_wconf 88' lang='lat' dir='ltr'><strong>auditorum</strong></span> <span class='ocrx_word' id='word_1_293' title='bbox 2304 1528 2368 1581; x_wconf 89' lang='lat' dir='ltr'><strong>ad</strong></span> <span class='ocrx_word' id='word_1_294' title='bbox 2392 1530 2710 1584; x_wconf 90' lang='lat' dir='ltr'><strong>concionem</strong></span> <span class='ocrx_word' id='word_1_295' title='bbox 2739 1546 3136 1588; x_wconf 87' lang='lat' dir='ltr'><strong>convenerunt.</strong></span> <span class='ocrx_word' id='word_1_296' title='bbox 3163 1535 3231 1588; x_wconf 80' lang='lat' dir='ltr'><strong>At</strong></span> <span class='ocrx_word' id='word_1_297' title='bbox 3264 1553 3362 1606; x_wconf 83' lang='lat' dir='ltr'><strong>ego</strong></span> <span class='ocrx_word' id='word_1_298' title='bbox 3414 1538 3538 1592; x_wconf 91' lang='lat' dir='ltr'><strong>illos</strong></span> 
     </span>
    </p>
   </div>
   <div class='ocr_carea' id='block_1_45' title="bbox 1961 1615 3534 1690">
    <p class='ocr_par' dir='ltr' id='par_1_45' title="bbox 1961 1615 3534 1690">
     <span class='ocr_line' id='line_1_45' title="bbox 1961 1615 3534 1690; baseline 0.01 -23"><span class='ocrx_word' id='word_1_299' title='bbox 1961 1615 2178 1682; x_wconf 88' lang='lat' dir='ltr'><strong>quidem</strong></span> <span class='ocrx_word' id='word_1_300' title='bbox 2195 1616 2491 1686; x_wconf 88' lang='lat' dir='ltr'><strong>deploravi,</strong></span> <span class='ocrx_word' id='word_1_301' title='bbox 2511 1621 2602 1690; x_wconf 93' lang='lat' dir='ltr'><strong>qui</strong></span> <span class='ocrx_word' id='word_1_302' title='bbox 2633 1622 2974 1678; x_wconf 80' lang='lat' dir='ltr'><strong>manifestam</strong></span> <span class='ocrx_word' id='word_1_303' title='bbox 2994 1626 3320 1679; x_wconf 85' lang='lat' dir='ltr'><strong>calumniam</strong></span> <span class='ocrx_word' id='word_1_304' title='bbox 3352 1637 3534 1683; x_wconf 76' lang='lat' dir='ltr'><strong>texere</strong></span> 
     </span>
    </p>
   </div>
   <div class='ocr_carea' id='block_1_46' title="bbox 1963 1705 3535 1788">
    <p class='ocr_par' dir='ltr' id='par_1_46' title="bbox 1963 1705 3535 1788">
     <span class='ocr_line' id='line_1_46' title="bbox 1963 1705 3535 1788; baseline 0.01 -32"><span class='ocrx_word' id='word_1_305' title='bbox 1963 1705 2078 1758; x_wconf 91' lang='lat' dir='ltr'><strong>ausi</strong></span> <span class='ocrx_word' id='word_1_306' title='bbox 2113 1716 2279 1760; x_wconf 90' lang='lat' dir='ltr'><strong>sunt:</strong></span> <span class='ocrx_word' id='word_1_307' title='bbox 2326 1709 2476 1763; x_wconf 89' lang='lat' dir='ltr'><strong>dolui</strong></span> <span class='ocrx_word' id='word_1_308' title='bbox 2528 1729 2677 1777; x_wconf 90' lang='lat' dir='ltr'><strong>vero,</strong></span> <span class='ocrx_word' id='word_1_309' title='bbox 2724 1723 2779 1768; x_wconf 91' lang='lat' dir='ltr'><strong>et</strong></span> <span class='ocrx_word' id='word_1_310' title='bbox 2825 1715 3064 1785; x_wconf 82' lang='lat' dir='ltr'><strong>ignosce,</strong></span> <span class='ocrx_word' id='word_1_311' title='bbox 3112 1718 3360 1781; x_wconf 89' lang='lat' dir='ltr'><strong>Domine,</strong></span> <span class='ocrx_word' id='word_1_312' title='bbox 3406 1719 3535 1788; x_wconf 88' lang='lat' dir='ltr'><strong>quia</strong></span> 
     </span>
    </p>
   </div>
   <div class='ocr_carea' id='block_1_47' title="bbox 1961 1801 3533 1872">
    <p class='ocr_par' dir='ltr' id='par_1_47' title="bbox 1961 1801 3533 1872">
     <span class='ocr_line' id='line_1_47' title="bbox 1961 1801 3533 1872; baseline 0.008 -23"><span class='ocrx_word' id='word_1_313' title='bbox 1961 1811 2149 1851; x_wconf 88' lang='lat' dir='ltr'><strong>vocem</strong></span> <span class='ocrx_word' id='word_1_314' title='bbox 2183 1801 2438 1868; x_wconf 80' lang='lat' dir='ltr'><strong>exprimit</strong></span> <span class='ocrx_word' id='word_1_315' title='bbox 2485 1802 2660 1867; x_wconf 89' lang='lat' dir='ltr'><strong>dolor,</strong></span> <span class='ocrx_word' id='word_1_316' title='bbox 2689 1805 2835 1872; x_wconf 88' lang='lat' dir='ltr'><strong>quod</strong></span> <span class='ocrx_word' id='word_1_317' title='bbox 2884 1806 3014 1859; x_wconf 90' lang='lat' dir='ltr'><strong>mihi</strong></span> <span class='ocrx_word' id='word_1_318' title='bbox 3061 1823 3250 1860; x_wconf 90' lang='lat' dir='ltr'><strong>aurem</strong></span> <span class='ocrx_word' id='word_1_319' title='bbox 3305 1807 3533 1862; x_wconf 87' lang='lat' dir='ltr'><strong>alteram</strong></span> 
     </span>
    </p>
   </div>
   <div class='ocr_carea' id='block_1_48' title="bbox 1959 1888 3606 1963">
    <p class='ocr_par' dir='ltr' id='par_1_48' title="bbox 1959 1888 3606 1963">
     <span class='ocr_line' id='line_1_48' title="bbox 1959 1888 3606 1963; baseline 0.007 -25"><span class='ocrx_word' id='word_1_320' title='bbox 1959 1895 2048 1940; x_wconf 89' lang='lat' dir='ltr'><strong>tua</strong></span> <span class='ocrx_word' id='word_1_321' title='bbox 2078 1888 2377 1943; x_wconf 89' lang='lat' dir='ltr'><strong>secundum</strong></span> <span class='ocrx_word' id='word_1_322' title='bbox 2409 1891 2577 1944; x_wconf 90' lang='lat' dir='ltr'><strong>Deum</strong></span> <span class='ocrx_word' id='word_1_323' title='bbox 2606 1893 2869 1961; x_wconf 80' lang='lat' dir='ltr'><strong>perfectio</strong></span> <span class='ocrx_word' id='word_1_324' title='bbox 2909 1895 3172 1963; x_wconf 82' lang='lat' dir='ltr'><strong>integram</strong></span> <span class='ocrx_word' id='word_1_325' title='bbox 3202 1910 3307 1947; x_wconf 92' lang='lat' dir='ltr'><strong>non</strong></span> <span class='ocrx_word' id='word_1_326' title='bbox 3354 1912 3534 1948; x_wconf 89' lang='lat' dir='ltr'><strong>reser-</strong></span> <span class='ocrx_word' id='word_1_327' title='bbox 3603 1953 3606 1958; x_wconf 64' lang='grc'><strong>,</strong></span> 
     </span>
    </p>
   </div>
   <div class='ocr_carea' id='block_1_49' title="bbox 1957 1977 3530 2049">
    <p class='ocr_par' dir='ltr' id='par_1_49' title="bbox 1957 1977 3530 2049">
     <span class='ocr_line' id='line_1_49' title="bbox 1957 1977 3530 2049; baseline 0.006 -21"><span class='ocrx_word' id='word_1_328' title='bbox 1957 1977 2102 2030; x_wconf 85' lang='lat' dir='ltr'><strong>vavit</strong></span> <span class='ocrx_word' id='word_1_329' title='bbox 2121 1995 2134 2042; x_wconf 92' lang='lat'><strong>;</strong></span> <span class='ocrx_word' id='word_1_330' title='bbox 2156 1979 2252 2033; x_wconf 87' lang='lat' dir='ltr'><strong>sed</strong></span> <span class='ocrx_word' id='word_1_331' title='bbox 2277 1980 2343 2033; x_wconf 90' lang='lat' dir='ltr'><strong>iis</strong></span> <span class='ocrx_word' id='word_1_332' title='bbox 2371 1997 2490 2049; x_wconf 74' lang='lat' dir='ltr'><strong>qua:</strong></span> <span class='ocrx_word' id='word_1_333' title='bbox 2515 1981 2650 2036; x_wconf 90' lang='lat' dir='ltr'><strong>falso</strong></span> <span class='ocrx_word' id='word_1_334' title='bbox 2674 1983 2741 2036; x_wconf 90' lang='lat' dir='ltr'><strong>ab</strong></span> <span class='ocrx_word' id='word_1_335' title='bbox 2767 1983 2874 2038; x_wconf 90' lang='lat' dir='ltr'><strong>illis</strong></span> <span class='ocrx_word' id='word_1_336' title='bbox 2900 1983 3044 2038; x_wconf 90' lang='lat' dir='ltr'><strong>dicta</strong></span> <span class='ocrx_word' id='word_1_337' title='bbox 3069 1994 3216 2040; x_wconf 89' lang='lat' dir='ltr'><strong>sunt.</strong></span> <span class='ocrx_word' id='word_1_338' title='bbox 3249 1983 3407 2037; x_wconf 77' lang='lat' dir='ltr'><strong>fidem</strong></span> <span class='ocrx_word' id='word_1_339' title='bbox 3433 1985 3530 2038; x_wconf 84' lang='lat' dir='ltr'><strong>ha-</strong></span> 
     </span>
    </p>
   </div>
   <div class='ocr_carea' id='block_1_50' title="bbox 1958 2066 2158 2120">
    <p class='ocr_par' dir='ltr' id='par_1_50' title="bbox 1958 2066 2158 2120">
     <span class='ocr_line' id='line_1_50' title="bbox 1958 2066 2158 2120; baseline -0.015 -1"><span class='ocrx_word' id='word_1_340' title='bbox 1958 2066 2096 2120; x_wconf 90' lang='lat' dir='ltr'><strong>buit.</strong></span> <span class='ocrx_word' id='word_1_341' title='bbox 2143 2087 2158 2116; x_wconf 71' lang='grc' dir='ltr'><strong><em>ι</em></strong></span> 
     </span>
    </p>
   </div>
   <div class='ocr_carea' id='block_1_51' title="bbox 2028 2159 3533 2227">
    <p class='ocr_par' dir='ltr' id='par_1_51' title="bbox 2028 2159 3533 2227">
     <span class='ocr_line' id='line_1_51' title="bbox 2028 2159 3533 2227; baseline 0.01 -15"><span class='ocrx_word' id='word_1_342' title='bbox 2028 2159 2230 2214; x_wconf 81' lang='lat' dir='ltr'><strong>Habuit</strong></span> <span class='ocrx_word' id='word_1_343' title='bbox 2287 2177 2417 2215; x_wconf 89' lang='lat' dir='ltr'><strong>vero</strong></span> <span class='ocrx_word' id='word_1_344' title='bbox 2472 2163 2872 2220; x_wconf 82' lang='lat' dir='ltr'><strong>Alexandrinus</strong></span> <span class='ocrx_word' id='word_1_345' title='bbox 2925 2167 3139 2223; x_wconf 88' lang='lat' dir='ltr'><strong>clericis</strong></span> <span class='ocrx_word' id='word_1_346' title='bbox 3187 2185 3253 2224; x_wconf 93' lang='lat' dir='ltr'><strong>eo</strong></span> <span class='ocrx_word' id='word_1_347' title='bbox 3318 2172 3533 2227; x_wconf 89' lang='lat' dir='ltr'><strong>facilius</strong></span> 
     </span>
    </p>
   </div>
   <div class='ocr_carea' id='block_1_52' title="bbox 1958 2249 3530 2328">
    <p class='ocr_par' dir='ltr' id='par_1_52' title="bbox 1958 2249 3530 2328">
     <span class='ocr_line' id='line_1_52' title="bbox 1958 2249 3530 2328; baseline 0.008 -25"><span class='ocrx_word' id='word_1_348' title='bbox 1958 2249 2142 2314; x_wconf 80' lang='lat' dir='ltr'><strong>fidem,</strong></span> <span class='ocrx_word' id='word_1_349' title='bbox 2182 2268 2292 2321; x_wconf 91' lang='lat' dir='ltr'><strong>quo</strong></span> <span class='ocrx_word' id='word_1_350' title='bbox 2342 2254 2497 2322; x_wconf 89' lang='lat' dir='ltr'><strong>pejus</strong></span> <span class='ocrx_word' id='word_1_351' title='bbox 2543 2255 2725 2308; x_wconf 87' lang='lat' dir='ltr'><strong>animo</strong></span> <span class='ocrx_word' id='word_1_352' title='bbox 2767 2267 2885 2311; x_wconf 87' lang='lat' dir='ltr'><strong>erat</strong></span> <span class='ocrx_word' id='word_1_353' title='bbox 2943 2273 3069 2328; x_wconf 87' lang='lat' dir='ltr'><strong>erga</strong></span> <span class='ocrx_word' id='word_1_354' title='bbox 3123 2259 3530 2316; x_wconf 84' lang='lat' dir='ltr'><strong>Theodoretum</strong></span> 
     </span>
    </p>
   </div>
   <div class='ocr_carea' id='block_1_53' title="bbox 1957 2341 3533 2420">
    <p class='ocr_par' dir='ltr' id='par_1_53' title="bbox 1957 2341 3533 2420">
     <span class='ocr_line' id='line_1_53' title="bbox 1957 2341 3533 2420; baseline 0.007 -25"><span class='ocrx_word' id='word_1_355' title='bbox 1957 2341 2186 2396; x_wconf 78' lang='lat' dir='ltr'><strong>affectus</strong></span> <span class='ocrx_word' id='word_1_356' title='bbox 2213 2361 2226 2396; x_wconf 91' lang='lat'><strong>:</strong></span> <span class='ocrx_word' id='word_1_357' title='bbox 2254 2360 2378 2397; x_wconf 93' lang='lat' dir='ltr'><strong>eum</strong></span> <span class='ocrx_word' id='word_1_358' title='bbox 2430 2345 2573 2398; x_wconf 90' lang='lat' dir='ltr'><strong>enim</strong></span> <span class='ocrx_word' id='word_1_359' title='bbox 2623 2348 2827 2401; x_wconf 87' lang='lat' dir='ltr'><strong>sciebat</strong></span> <span class='ocrx_word' id='word_1_360' title='bbox 2873 2348 3076 2420; x_wconf 82' lang='lat' dir='ltr'><strong>Cyrillo</strong></span> <span class='ocrx_word' id='word_1_361' title='bbox 3103 2351 3302 2419; x_wconf 84' lang='lat' dir='ltr'><strong>passim</strong></span> <span class='ocrx_word' id='word_1_362' title='bbox 3329 2353 3533 2406; x_wconf 86' lang='lat' dir='ltr'><strong>calum-</strong></span> 
     </span>
    </p>
   </div>
   <div class='ocr_carea' id='block_1_54' title="bbox 1956 2431 3532 2508">
    <p class='ocr_par' dir='ltr' id='par_1_54' title="bbox 1956 2431 3532 2508">
     <span class='ocr_line' id='line_1_54' title="bbox 1956 2431 3532 2508; baseline 0.009 -25"><span class='ocrx_word' id='word_1_363' title='bbox 1956 2431 2119 2494; x_wconf 89' lang='lat' dir='ltr'><strong>niari,</strong></span> <span class='ocrx_word' id='word_1_364' title='bbox 2144 2433 2315 2487; x_wconf 92' lang='lat' dir='ltr'><strong>totius</strong></span> <span class='ocrx_word' id='word_1_365' title='bbox 2338 2432 2630 2490; x_wconf 88' lang='lat' dir='ltr'><strong>Orientalis</strong></span> <span class='ocrx_word' id='word_1_366' title='bbox 2659 2436 2914 2493; x_wconf 76' lang='lat' dir='ltr'><strong>dimcesis</strong></span> <span class='ocrx_word' id='word_1_367' title='bbox 2941 2440 3231 2508; x_wconf 75' lang='lat' dir='ltr'><strong>przesulum</strong></span> <span class='ocrx_word' id='word_1_368' title='bbox 3255 2442 3532 2497; x_wconf 89' lang='lat' dir='ltr'><strong>mentibus</strong></span> 
     </span>
    </p>
   </div>
   <div class='ocr_carea' id='block_1_55' title="bbox 1957 2521 3531 2602">
    <p class='ocr_par' dir='ltr' id='par_1_55' title="bbox 1957 2521 3531 2602">
     <span class='ocr_line' id='line_1_55' title="bbox 1957 2521 3531 2602; baseline 0.011 -30"><span class='ocrx_word' id='word_1_369' title='bbox 1957 2535 2093 2590; x_wconf 89' lang='lat' dir='ltr'><strong>pene</strong></span> <span class='ocrx_word' id='word_1_370' title='bbox 2132 2521 2423 2585; x_wconf 90' lang='lat' dir='ltr'><strong>dominari,</strong></span> <span class='ocrx_word' id='word_1_371' title='bbox 2456 2523 2511 2578; x_wconf 94' lang='lat' dir='ltr'><strong>in</strong></span> <span class='ocrx_word' id='word_1_372' title='bbox 2556 2539 2682 2579; x_wconf 89' lang='lat' dir='ltr'><strong>suas</strong></span> <span class='ocrx_word' id='word_1_373' title='bbox 2725 2537 2908 2595; x_wconf 89' lang='lat' dir='ltr'><strong>partes</strong></span> <span class='ocrx_word' id='word_1_374' title='bbox 2942 2531 3318 2586; x_wconf 87' lang='lat' dir='ltr'><strong>sanctissimos</strong></span> <span class='ocrx_word' id='word_1_375' title='bbox 3365 2549 3531 2602; x_wconf 91' lang='lat' dir='ltr'><strong>quos-</strong></span> 
     </span>
    </p>
   </div>
   <div class='ocr_carea' id='block_1_56' title="bbox 1955 2613 3530 2683">
    <p class='ocr_par' dir='ltr' id='par_1_56' title="bbox 1955 2613 3530 2683">
     <span class='ocr_line' id='line_1_56' title="bbox 1955 2613 3530 2683; baseline 0.01 -21"><span class='ocrx_word' id='word_1_376' title='bbox 1955 2625 2062 2679; x_wconf 87' lang='lat' dir='ltr'><strong>que</strong></span> <span class='ocrx_word' id='word_1_377' title='bbox 2110 2613 2424 2675; x_wconf 87' lang='lat' dir='ltr'><strong>monachos,</strong></span> <span class='ocrx_word' id='word_1_378' title='bbox 2467 2615 2664 2683; x_wconf 88' lang='lat' dir='ltr'><strong>partim</strong></span> <span class='ocrx_word' id='word_1_379' title='bbox 2691 2616 2815 2670; x_wconf 74' lang='lat' dir='ltr'><strong>vitze</strong></span> <span class='ocrx_word' id='word_1_380' title='bbox 2862 2620 3151 2673; x_wconf 87' lang='lat' dir='ltr'><strong>sanctitate</strong></span> <span class='ocrx_word' id='word_1_381' title='bbox 3186 2629 3240 2674; x_wconf 90' lang='lat' dir='ltr'><strong>et</strong></span> <span class='ocrx_word' id='word_1_382' title='bbox 3267 2621 3530 2678; x_wconf 75' lang='lat' dir='ltr'><strong>doctrinm</strong></span> 
     </span>
    </p>
   </div>
   <div class='ocr_carea' id='block_1_57' title="bbox 1956 2699 3529 2782">
    <p class='ocr_par' dir='ltr' id='par_1_57' title="bbox 1956 2699 3529 2782">
     <span class='ocr_line' id='line_1_57' title="bbox 1956 2699 3529 2782; baseline 0.01 -31"><span class='ocrx_word' id='word_1_383' title='bbox 1956 2699 2116 2762; x_wconf 90' lang='lat' dir='ltr'><strong>fama,</strong></span> <span class='ocrx_word' id='word_1_384' title='bbox 2140 2705 2337 2769; x_wconf 88' lang='lat' dir='ltr'><strong>partim</strong></span> <span class='ocrx_word' id='word_1_385' title='bbox 2369 2703 2680 2771; x_wconf 87' lang='lat' dir='ltr'><strong>eloquentia</strong></span> <span class='ocrx_word' id='word_1_386' title='bbox 2706 2706 2757 2758; x_wconf 91' lang='lat' dir='ltr'><strong>in</strong></span> <span class='ocrx_word' id='word_1_387' title='bbox 2785 2707 3163 2770; x_wconf 89' lang='lat' dir='ltr'><strong>coneionibus,</strong></span> <span class='ocrx_word' id='word_1_388' title='bbox 3193 2711 3529 2782; x_wconf 88' lang='lat' dir='ltr'><strong>laudumque</strong></span> 
     </span>
    </p>
   </div>
   <div class='ocr_carea' id='block_1_58' title="bbox 1954 2788 3528 2863">
    <p class='ocr_par' dir='ltr' id='par_1_58' title="bbox 1954 2788 3528 2863">
     <span class='ocr_line' id='line_1_58' title="bbox 1954 2788 3528 2863; baseline 0.01 -23"><span class='ocrx_word' id='word_1_389' title='bbox 1954 2788 2109 2857; x_wconf 83' lang='lat' dir='ltr'><strong>quasi</strong></span> <span class='ocrx_word' id='word_1_390' title='bbox 2135 2789 2468 2856; x_wconf 81' lang='lat' dir='ltr'><strong>adulatione,</strong></span> <span class='ocrx_word' id='word_1_391' title='bbox 2499 2791 2550 2846; x_wconf 91' lang='lat' dir='ltr'><strong>in</strong></span> <span class='ocrx_word' id='word_1_392' title='bbox 2581 2793 2807 2848; x_wconf 85' lang='lat' dir='ltr'><strong>historia</strong></span> <span class='ocrx_word' id='word_1_393' title='bbox 2839 2795 3133 2863; x_wconf 82' lang='lat' dir='ltr'><strong>Philothei,</strong></span> <span class='ocrx_word' id='word_1_394' title='bbox 3171 2801 3420 2855; x_wconf 87' lang='lat' dir='ltr'><strong>traxisse.</strong></span> <span class='ocrx_word' id='word_1_395' title='bbox 3448 2802 3528 2855; x_wconf 74' lang='lat' dir='ltr'><strong>Ad</strong></span> 
     </span>
    </p>
   </div>
   <div class='ocr_carea' id='block_1_59' title="bbox 1955 2877 3531 2950">
    <p class='ocr_par' dir='ltr' id='par_1_59' title="bbox 1955 2877 3531 2950">
     <span class='ocr_line' id='line_1_59' title="bbox 1955 2877 3531 2950; baseline 0.008 -20"><span class='ocrx_word' id='word_1_396' title='bbox 1955 2877 2070 2932; x_wconf 69' lang='lat' dir='ltr'><strong>haec</strong></span> <span class='ocrx_word' id='word_1_397' title='bbox 2096 2889 2325 2933; x_wconf 82' lang='lat' dir='ltr'><strong>noverat</strong></span> <span class='ocrx_word' id='word_1_398' title='bbox 2356 2880 2523 2935; x_wconf 90' lang='lat' dir='ltr'><strong>fuisse</strong></span> <span class='ocrx_word' id='word_1_399' title='bbox 2551 2880 2908 2938; x_wconf 82' lang='lat' dir='ltr'><strong>Antiochenis</strong></span> <span class='ocrx_word' id='word_1_400' title='bbox 2940 2895 3240 2950; x_wconf 89' lang='lat' dir='ltr'><strong>auctorem,</strong></span> <span class='ocrx_word' id='word_1_401' title='bbox 3271 2899 3329 2941; x_wconf 90' lang='lat' dir='ltr'><strong>ut</strong></span> <span class='ocrx_word' id='word_1_402' title='bbox 3355 2889 3531 2943; x_wconf 89' lang='lat' dir='ltr'><strong>tribu-</strong></span> 
     </span>
    </p>
   </div>
   <div class='ocr_carea' id='block_1_60' title="bbox 1957 2967 3528 3047">
    <p class='ocr_par' dir='ltr' id='par_1_60' title="bbox 1957 2967 3528 3047">
     <span class='ocr_line' id='line_1_60' title="bbox 1957 2967 3528 3047; baseline 0.008 -26"><span class='ocrx_word' id='word_1_403' title='bbox 1957 2975 2062 3022; x_wconf 90' lang='lat' dir='ltr'><strong>tam</strong></span> <span class='ocrx_word' id='word_1_404' title='bbox 2132 2967 2743 3040; x_wconf 71' lang='lat' dir='ltr'><strong>Constantinopolitanze</strong></span> <span class='ocrx_word' id='word_1_405' title='bbox 2798 2974 2910 3027; x_wconf 88' lang='lat' dir='ltr'><strong>sedi</strong></span> <span class='ocrx_word' id='word_1_406' title='bbox 2963 2990 2993 3028; x_wconf 88' lang='lat' dir='ltr'><strong>a</strong></span> <span class='ocrx_word' id='word_1_407' title='bbox 3037 2977 3273 3031; x_wconf 89' lang='lat' dir='ltr'><strong>secunda</strong></span> <span class='ocrx_word' id='word_1_408' title='bbox 3321 2979 3528 3047; x_wconf 82' lang='lat' dir='ltr'><strong>synodo</strong></span> 
     </span>
    </p>
   </div>
   <div class='ocr_carea' id='block_1_61' title="bbox 276 3054 3528 3137">
    <p class='ocr_par' dir='ltr' id='par_1_61' title="bbox 276 3054 3528 3137">
     <span class='ocr_line' id='line_1_61' title="bbox 276 3054 3528 3137; baseline 0.005 -29"><span class='ocrx_word' id='word_1_409' title='bbox 276 3071 401 3109; x_wconf 89' lang='lat' dir='ltr'><strong>cum</strong></span> <span class='ocrx_word' id='word_1_410' title='bbox 432 3070 534 3124; x_wconf 89' lang='lat' dir='ltr'><strong>per</strong></span> <span class='ocrx_word' id='word_1_411' title='bbox 567 3054 949 3125; x_wconf 87' lang='lat' dir='ltr'><strong>dialogismum</strong></span> <span class='ocrx_word' id='word_1_412' title='bbox 973 3056 1028 3109; x_wconf 93' lang='lat' dir='ltr'><strong>in</strong></span> <span class='ocrx_word' id='word_1_413' title='bbox 1052 3057 1469 3126; x_wconf 85' lang='lat' dir='ltr'><strong>Apollinaristas</strong></span> <span class='ocrx_word' id='word_1_414' title='bbox 1492 3059 1771 3128; x_wconf 89' lang='lat' dir='ltr'><strong>disputare</strong></span> <span class='ocrx_word' id='word_1_415' title='bbox 1792 3075 1850 3113; x_wconf 89' lang='lat' dir='ltr'><strong>se</strong></span> <span class='ocrx_word' id='word_1_416' title='bbox 1877 3069 1922 3128; x_wconf 75' lang='grc' dir='ltr'>ο</span> <span class='ocrx_word' id='word_1_417' title='bbox 1955 3058 2210 3113; x_wconf 70' lang='lat' dir='ltr'><strong>secunda:</strong></span> <span class='ocrx_word' id='word_1_418' title='bbox 2235 3071 2358 3128; x_wconf 92' lang='lat' dir='ltr'><strong>post</strong></span> <span class='ocrx_word' id='word_1_419' title='bbox 2383 3061 2684 3115; x_wconf 84' lang='lat' dir='ltr'><strong>Romanam</strong></span> <span class='ocrx_word' id='word_1_420' title='bbox 2733 3065 2880 3118; x_wconf 88' lang='lat' dir='ltr'><strong>sedis</strong></span> <span class='ocrx_word' id='word_1_421' title='bbox 2923 3067 3332 3135; x_wconf 68' lang='lat' dir='ltr'><strong>prmrogativam</strong></span> <span class='ocrx_word' id='word_1_422' title='bbox 3361 3085 3528 3137; x_wconf 85' lang='lat' dir='ltr'><strong>agno-</strong></span> 
     </span>
    </p>
   </div>
   <div class='ocr_carea' id='block_1_62' title="bbox 278 3144 1851 3218">
    <p class='ocr_par' dir='ltr' id='par_1_62' title="bbox 278 3144 1851 3218">
     <span class='ocr_line' id='line_1_62' title="bbox 278 3144 1851 3218; baseline 0.002 -20"><span class='ocrx_word' id='word_1_423' title='bbox 278 3145 453 3216; x_wconf 85' lang='lat' dir='ltr'><strong>ﬁngit,</strong></span> <span class='ocrx_word' id='word_1_424' title='bbox 486 3144 744 3217; x_wconf 83' lang='lat' dir='ltr'><strong>Cyrillum</strong></span> <span class='ocrx_word' id='word_1_425' title='bbox 776 3161 966 3200; x_wconf 88' lang='lat' dir='ltr'><strong>revera</strong></span> <span class='ocrx_word' id='word_1_426' title='bbox 993 3155 1048 3202; x_wconf 86' lang='lat' dir='ltr'><strong>et</strong></span> <span class='ocrx_word' id='word_1_427' title='bbox 1077 3147 1387 3202; x_wconf 80' lang='lat' dir='ltr'><strong>Catholieos</strong></span> <span class='ocrx_word' id='word_1_428' title='bbox 1415 3148 1714 3218; x_wconf 82' lang='lat' dir='ltr'><strong>impugnat,</strong></span> <span class='ocrx_word' id='word_1_429' title='bbox 1743 3148 1851 3201; x_wconf 88' lang='lat' dir='ltr'><strong>imo</strong></span> 
     </span>
    </p>
   </div>
   <div class='ocr_carea' id='block_1_63' title="bbox 276 3236 1849 3307">
    <p class='ocr_par' dir='ltr' id='par_1_63' title="bbox 276 3236 1849 3307">
     <span class='ocr_line' id='line_1_63' title="bbox 276 3236 1849 3307; baseline 0 -17"><span class='ocrx_word' id='word_1_430' title='bbox 276 3237 588 3291; x_wconf 89' lang='lat' dir='ltr'><strong>doctrinam</strong></span> <span class='ocrx_word' id='word_1_431' title='bbox 613 3237 851 3291; x_wconf 79' lang='lat' dir='ltr'><strong>Nestorii</strong></span> <span class='ocrx_word' id='word_1_432' title='bbox 876 3236 1364 3302; x_wconf 89' lang='lat' dir='ltr'><strong>demonstratione,</strong></span> <span class='ocrx_word' id='word_1_433' title='bbox 1397 3247 1458 3292; x_wconf 91' lang='lat' dir='ltr'><strong>ut</strong></span> <span class='ocrx_word' id='word_1_434' title='bbox 1488 3239 1604 3306; x_wconf 86' lang='lat' dir='ltr'><strong>ipse</strong></span> <span class='ocrx_word' id='word_1_435' title='bbox 1629 3238 1849 3307; x_wconf 91' lang='lat' dir='ltr'><strong>quidem</strong></span> 
     </span>
    </p>
   </div>
   <div class='ocr_carea' id='block_1_64' title="bbox 277 3326 1852 3398">
    <p class='ocr_par' dir='ltr' id='par_1_64' title="bbox 277 3326 1852 3398">
     <span class='ocr_line' id='line_1_64' title="bbox 277 3326 1852 3398; baseline 0.001 -19"><span class='ocrx_word' id='word_1_436' title='bbox 277 3326 541 3395; x_wconf 90' lang='lat' dir='ltr'><strong>loquitur,</strong></span> <span class='ocrx_word' id='word_1_437' title='bbox 573 3327 898 3380; x_wconf 82' lang='lat' dir='ltr'><strong>confirmare</strong></span> <span class='ocrx_word' id='word_1_438' title='bbox 933 3327 1143 3381; x_wconf 92' lang='lat' dir='ltr'><strong>nititur.</strong></span> <span class='ocrx_word' id='word_1_439' title='bbox 1177 3327 1388 3384; x_wconf 84' lang='lat' dir='ltr'><strong>Laudat</strong></span> <span class='ocrx_word' id='word_1_440' title='bbox 1417 3327 1637 3396; x_wconf 88' lang='lat' dir='ltr'><strong>quidem</strong></span> <span class='ocrx_word' id='word_1_441' title='bbox 1682 3327 1852 3398; x_wconf 79' lang='lat' dir='ltr'><strong>Cyril-</strong></span> 
     </span>
    </p>
   </div>
   <div class='ocr_carea' id='block_1_65' title="bbox 277 3417 1847 3489">
    <p class='ocr_par' dir='ltr' id='par_1_65' title="bbox 277 3417 1847 3489">
     <span class='ocr_line' id='line_1_65' title="bbox 277 3417 1847 3489; baseline 0.001 -20"><span class='ocrx_word' id='word_1_442' title='bbox 277 3417 386 3470; x_wconf 89' lang='lat' dir='ltr'><strong>lum</strong></span> <span class='ocrx_word' id='word_1_443' title='bbox 433 3419 487 3470; x_wconf 91' lang='lat' dir='ltr'><strong>in</strong></span> <span class='ocrx_word' id='word_1_444' title='bbox 529 3417 745 3488; x_wconf 83' lang='lat' dir='ltr'><strong>dialogo</strong></span> <span class='ocrx_word' id='word_1_445' title='bbox 773 3418 1036 3483; x_wconf 86' lang='lat' dir='ltr'><strong>secundo,</strong></span> <span class='ocrx_word' id='word_1_446' title='bbox 1066 3418 1159 3472; x_wconf 90' lang='lat' dir='ltr'><strong>sed</strong></span> <span class='ocrx_word' id='word_1_447' title='bbox 1208 3418 1442 3489; x_wconf 87' lang='lat' dir='ltr'><strong>maligna</strong></span> <span class='ocrx_word' id='word_1_448' title='bbox 1468 3418 1650 3472; x_wconf 91' lang='lat' dir='ltr'><strong>laude.</strong></span> <span class='ocrx_word' id='word_1_449' title='bbox 1676 3417 1847 3484; x_wconf 86' lang='lat' dir='ltr'><strong>Quem</strong></span> 
     </span>
    </p>
   </div>
   <div class='ocr_carea' id='block_1_66' title="bbox 274 3508 1846 3580">
    <p class='ocr_par' dir='ltr' id='par_1_66' title="bbox 274 3508 1846 3580">
     <span class='ocr_line' id='line_1_66' title="bbox 274 3508 1846 3580; baseline 0 -18"><span class='ocrx_word' id='word_1_450' title='bbox 274 3510 419 3562; x_wconf 85' lang='lat' dir='ltr'><strong>enim</strong></span> <span class='ocrx_word' id='word_1_451' title='bbox 457 3510 668 3564; x_wconf 87' lang='lat' dir='ltr'><strong>sciebat</strong></span> <span class='ocrx_word' id='word_1_452' title='bbox 705 3509 774 3563; x_wconf 90' lang='lat' dir='ltr'><strong>ab</strong></span> <span class='ocrx_word' id='word_1_453' title='bbox 811 3508 1068 3564; x_wconf 90' lang='lat' dir='ltr'><strong>omnibus</strong></span> <span class='ocrx_word' id='word_1_454' title='bbox 1098 3509 1289 3563; x_wconf 88' lang='lat' dir='ltr'><strong>audire</strong></span> <span class='ocrx_word' id='word_1_455' title='bbox 1319 3510 1482 3563; x_wconf 89' lang='lat' dir='ltr'><strong>unius</strong></span> <span class='ocrx_word' id='word_1_456' title='bbox 1520 3508 1846 3580; x_wconf 77' lang='lat' dir='ltr'><strong>hypostasis,</strong></span> 
     </span>
    </p>
   </div>
   <div class='ocr_carea' id='block_1_67' title="bbox 280 3600 1846 3672">
    <p class='ocr_par' dir='ltr' id='par_1_67' title="bbox 280 3600 1846 3672">
     <span class='ocr_line' id='line_1_67' title="bbox 280 3600 1846 3672; baseline 0 -20"><span class='ocrx_word' id='word_1_457' title='bbox 280 3601 327 3652; x_wconf 86' lang='lat' dir='ltr'><strong>id</strong></span> <span class='ocrx_word' id='word_1_458' title='bbox 353 3609 459 3662; x_wconf 84' lang='lat' dir='ltr'><strong>est,</strong></span> <span class='ocrx_word' id='word_1_459' title='bbox 487 3612 546 3654; x_wconf 89' lang='lat' dir='ltr'><strong>ut</strong></span> <span class='ocrx_word' id='word_1_460' title='bbox 569 3601 729 3672; x_wconf 82' lang='lat' dir='ltr'><strong>vulgo</strong></span> <span class='ocrx_word' id='word_1_461' title='bbox 744 3601 1046 3664; x_wconf 88' lang='lat' dir='ltr'><strong>ferebatur,</strong></span> <span class='ocrx_word' id='word_1_462' title='bbox 1073 3600 1235 3655; x_wconf 88' lang='lat' dir='ltr'><strong>unius</strong></span> <span class='ocrx_word' id='word_1_463' title='bbox 1255 3611 1464 3654; x_wconf 76' lang='lat' dir='ltr'><strong>natura:</strong></span> <span class='ocrx_word' id='word_1_464' title='bbox 1484 3600 1846 3665; x_wconf 88' lang='lat' dir='ltr'><strong>defensorem,</strong></span> 
     </span>
    </p>
   </div>
   <div class='ocr_carea' id='block_1_68' title="bbox 279 3691 1848 3762">
    <p class='ocr_par' dir='ltr' id='par_1_68' title="bbox 279 3691 1848 3762">
     <span class='ocr_line' id='line_1_68' title="bbox 279 3691 1848 3762; baseline -0.001 -17"><span class='ocrx_word' id='word_1_465' title='bbox 279 3694 422 3746; x_wconf 87' lang='lat' dir='ltr'><strong>hunc</strong></span> <span class='ocrx_word' id='word_1_466' title='bbox 457 3703 716 3762; x_wconf 86' lang='lat' dir='ltr'><strong>tanquam</strong></span> <span class='ocrx_word' id='word_1_467' title='bbox 743 3691 1139 3747; x_wconf 90' lang='lat' dir='ltr'><strong>inconfusionis</strong></span> <span class='ocrx_word' id='word_1_468' title='bbox 1158 3692 1372 3747; x_wconf 88' lang='lat' dir='ltr'><strong>hostem</strong></span> <span class='ocrx_word' id='word_1_469' title='bbox 1402 3692 1659 3761; x_wconf 64' lang='lat' dir='ltr'><strong>praedicat</strong></span> <span class='ocrx_word' id='word_1_470' title='bbox 1683 3709 1695 3744; x_wconf 88' lang='lat'><strong>:</strong></span> <span class='ocrx_word' id='word_1_471' title='bbox 1721 3707 1848 3744; x_wconf 90' lang='lat' dir='ltr'><strong>nam</strong></span> 
     </span>
    </p>
   </div>
   <div class='ocr_carea' id='block_1_69' title="bbox 277 3781 1849 3851">
    <p class='ocr_par' dir='ltr' id='par_1_69' title="bbox 277 3781 1849 3851">
     <span class='ocr_line' id='line_1_69' title="bbox 277 3781 1849 3851; baseline -0.001 -16"><span class='ocrx_word' id='word_1_472' title='bbox 277 3783 613 3851; x_wconf 89' lang='lat' dir='ltr'><strong>prudentum</strong></span> <span class='ocrx_word' id='word_1_473' title='bbox 651 3783 858 3851; x_wconf 89' lang='lat' dir='ltr'><strong>judicio</strong></span> <span class='ocrx_word' id='word_1_474' title='bbox 893 3781 1141 3836; x_wconf 89' lang='lat' dir='ltr'><strong>convinci</strong></span> <span class='ocrx_word' id='word_1_475' title='bbox 1168 3797 1327 3851; x_wconf 88' lang='lat' dir='ltr'><strong>posse</strong></span> <span class='ocrx_word' id='word_1_476' title='bbox 1350 3797 1417 3835; x_wconf 78' lang='lat' dir='ltr'><strong>ex</strong></span> <span class='ocrx_word' id='word_1_477' title='bbox 1454 3796 1521 3835; x_wconf 92' lang='lat' dir='ltr'><strong>eo</strong></span> <span class='ocrx_word' id='word_1_478' title='bbox 1543 3781 1849 3835; x_wconf 86' lang='lat' dir='ltr'><strong>arbitraba—</strong></span> 
     </span>
    </p>
   </div>
   <div class='ocr_carea' id='block_1_70' title="bbox 277 3872 1846 3944">
    <p class='ocr_par' dir='ltr' id='par_1_70' title="bbox 277 3872 1846 3944">
     <span class='ocr_line' id='line_1_70' title="bbox 277 3872 1846 3944; baseline -0.001 -17"><span class='ocrx_word' id='word_1_479' title='bbox 277 3886 364 3928; x_wconf 91' lang='lat' dir='ltr'><strong>tur</strong></span> <span class='ocrx_word' id='word_1_480' title='bbox 386 3874 564 3944; x_wconf 78' lang='lat' dir='ltr'><strong>egisse</strong></span> <span class='ocrx_word' id='word_1_481' title='bbox 591 3873 868 3937; x_wconf 88' lang='lat' dir='ltr'><strong>Proteum,</strong></span> <span class='ocrx_word' id='word_1_482' title='bbox 892 3873 944 3927; x_wconf 90' lang='lat' dir='ltr'><strong>id</strong></span> <span class='ocrx_word' id='word_1_483' title='bbox 985 3881 1089 3938; x_wconf 89' lang='lat' dir='ltr'><strong>est,</strong></span> <span class='ocrx_word' id='word_1_484' title='bbox 1119 3882 1212 3927; x_wconf 90' lang='lat' dir='ltr'><strong>aut</strong></span> <span class='ocrx_word' id='word_1_485' title='bbox 1247 3887 1469 3927; x_wconf 90' lang='lat' dir='ltr'><strong>errores</strong></span> <span class='ocrx_word' id='word_1_486' title='bbox 1497 3872 1625 3926; x_wconf 86' lang='lat' dir='ltr'><strong>olim</strong></span> <span class='ocrx_word' id='word_1_487' title='bbox 1655 3873 1846 3927; x_wconf 87' lang='lat' dir='ltr'><strong>defen—</strong></span> 
     </span>
    </p>
   </div>
   <div class='ocr_carea' id='block_1_71' title="bbox 273 3962 1846 4033">
    <p class='ocr_par' dir='ltr' id='par_1_71' title="bbox 273 3962 1846 4033">
     <span class='ocr_line' id='line_1_71' title="bbox 273 3962 1846 4033; baseline 0 -17"><span class='ocrx_word' id='word_1_488' title='bbox 273 3964 440 4026; x_wconf 88' lang='lat' dir='ltr'><strong>disse,</strong></span> <span class='ocrx_word' id='word_1_489' title='bbox 476 3973 532 4018; x_wconf 89' lang='lat' dir='ltr'><strong>et</strong></span> <span class='ocrx_word' id='word_1_490' title='bbox 572 3963 914 4032; x_wconf 89' lang='lat' dir='ltr'><strong>postmodum</strong></span> <span class='ocrx_word' id='word_1_491' title='bbox 968 3964 1234 4033; x_wconf 88' lang='lat' dir='ltr'><strong>ejurasse,</strong></span> <span class='ocrx_word' id='word_1_492' title='bbox 1270 3971 1366 4016; x_wconf 89' lang='lat' dir='ltr'><strong>aut</strong></span> <span class='ocrx_word' id='word_1_493' title='bbox 1401 3962 1594 4017; x_wconf 87' lang='lat' dir='ltr'><strong>iisdem</strong></span> <span class='ocrx_word' id='word_1_494' title='bbox 1637 3970 1846 4031; x_wconf 91' lang='lat' dir='ltr'><strong>tempo-</strong></span> 
     </span>
    </p>
   </div>
   <div class='ocr_carea' id='block_1_72' title="bbox 275 4052 1845 4122">
    <p class='ocr_par' dir='ltr' id='par_1_72' title="bbox 275 4052 1845 4122">
     <span class='ocr_line' id='line_1_72' title="bbox 275 4052 1845 4122; baseline -0.001 -15"><span class='ocrx_word' id='word_1_495' title='bbox 275 4054 429 4107; x_wconf 90' lang='lat' dir='ltr'><strong>ribus</strong></span> <span class='ocrx_word' id='word_1_496' title='bbox 452 4053 750 4122; x_wconf 84' lang='lat' dir='ltr'><strong>pugnantia</strong></span> <span class='ocrx_word' id='word_1_497' title='bbox 776 4054 1040 4108; x_wconf 91' lang='lat' dir='ltr'><strong>locutum.</strong></span> <span class='ocrx_word' id='word_1_498' title='bbox 1069 4053 1248 4122; x_wconf 89' lang='lat' dir='ltr'><strong>Atque</strong></span> <span class='ocrx_word' id='word_1_499' title='bbox 1281 4053 1444 4109; x_wconf 89' lang='lat' dir='ltr'><strong>etiam</strong></span> <span class='ocrx_word' id='word_1_500' title='bbox 1474 4054 1591 4108; x_wconf 64' lang='lat' dir='ltr'><strong>haec</strong></span> <span class='ocrx_word' id='word_1_501' title='bbox 1617 4052 1845 4106; x_wconf 89' lang='lat' dir='ltr'><strong>fortasse</strong></span> 
     </span>
    </p>
   </div>
   <div class='ocr_carea' id='block_1_73' title="bbox 273 4139 1843 4212">
    <p class='ocr_par' dir='ltr' id='par_1_73' title="bbox 273 4139 1843 4212">
     <span class='ocr_line' id='line_1_73' title="bbox 273 4139 1843 4212; baseline -0.001 -18"><span class='ocrx_word' id='word_1_502' title='bbox 273 4157 438 4196; x_wconf 86' lang='lat' dir='ltr'><strong>causa</strong></span> <span class='ocrx_word' id='word_1_503' title='bbox 488 4139 611 4205; x_wconf 84' lang='lat' dir='ltr'><strong>fuit,</strong></span> <span class='ocrx_word' id='word_1_504' title='bbox 647 4156 747 4195; x_wconf 89' lang='lat' dir='ltr'><strong>cur</strong></span> <span class='ocrx_word' id='word_1_505' title='bbox 789 4140 944 4211; x_wconf 89' lang='lat' dir='ltr'><strong>operi</strong></span> <span class='ocrx_word' id='word_1_506' title='bbox 989 4140 1388 4212; x_wconf 85' lang='lat' dir='ltr'><strong>Polymorphus</strong></span> <span class='ocrx_word' id='word_1_507' title='bbox 1432 4141 1843 4202; x_wconf 89' lang='lat' dir='ltr'><strong>inscriberetur,</strong></span> 
     </span>
    </p>
   </div>
   <div class='ocr_carea' id='block_1_74' title="bbox 273 4231 1846 4300">
    <p class='ocr_par' dir='ltr' id='par_1_74' title="bbox 273 4231 1846 4300">
     <span class='ocr_line' id='line_1_74' title="bbox 273 4231 1846 4300; baseline -0.001 -16"><span class='ocrx_word' id='word_1_508' title='bbox 273 4245 590 4300; x_wconf 88' lang='lat' dir='ltr'><strong>quanquam</strong></span> <span class='ocrx_word' id='word_1_509' title='bbox 620 4239 676 4284; x_wconf 90' lang='lat' dir='ltr'><strong>et</strong></span> <span class='ocrx_word' id='word_1_510' title='bbox 699 4231 869 4285; x_wconf 88' lang='lat' dir='ltr'><strong>altera</strong></span> <span class='ocrx_word' id='word_1_511' title='bbox 900 4246 1020 4286; x_wconf 89' lang='lat' dir='ltr'><strong>esse</strong></span> <span class='ocrx_word' id='word_1_512' title='bbox 1056 4231 1254 4300; x_wconf 89' lang='lat' dir='ltr'><strong>potuit,</strong></span> <span class='ocrx_word' id='word_1_513' title='bbox 1290 4248 1396 4300; x_wconf 89' lang='lat' dir='ltr'><strong>qua</strong></span> <span class='ocrx_word' id='word_1_514' title='bbox 1437 4246 1547 4285; x_wconf 89' lang='lat' dir='ltr'><strong>non</strong></span> <span class='ocrx_word' id='word_1_515' title='bbox 1593 4231 1846 4285; x_wconf 86' lang='lat' dir='ltr'><strong>adversa-</strong></span> 
     </span>
    </p>
   </div>
   <div class='ocr_carea' id='block_1_75' title="bbox 275 4322 1844 4392">
    <p class='ocr_par' dir='ltr' id='par_1_75' title="bbox 275 4322 1844 4392">
     <span class='ocr_line' id='line_1_75' title="bbox 275 4322 1844 4392; baseline 0.002 -19"><span class='ocrx_word' id='word_1_516' title='bbox 275 4322 386 4375; x_wconf 88' lang='lat' dir='ltr'><strong>rius</strong></span> <span class='ocrx_word' id='word_1_517' title='bbox 426 4330 664 4386; x_wconf 85' lang='lat' dir='ltr'><strong>tantum,</strong></span> <span class='ocrx_word' id='word_1_518' title='bbox 701 4322 796 4376; x_wconf 89' lang='lat' dir='ltr'><strong>sed</strong></span> <span class='ocrx_word' id='word_1_519' title='bbox 833 4322 974 4378; x_wconf 90' lang='lat' dir='ltr'><strong>liber</strong></span> <span class='ocrx_word' id='word_1_520' title='bbox 1009 4323 1124 4392; x_wconf 89' lang='lat' dir='ltr'><strong>ipse</strong></span> <span class='ocrx_word' id='word_1_521' title='bbox 1154 4323 1558 4392; x_wconf 87' lang='lat' dir='ltr'><strong>appellaretur:</strong></span> <span class='ocrx_word' id='word_1_522' title='bbox 1588 4323 1844 4392; x_wconf 90' lang='lat' dir='ltr'><strong>quoniam</strong></span> 
     </span>
    </p>
   </div>
   <div class='ocr_carea' id='block_1_76' title="bbox 1959 3153 3523 3222">
    <p class='ocr_par' dir='ltr' id='par_1_76' title="bbox 1959 3153 3523 3222">
     <span class='ocr_line' id='line_1_76' title="bbox 1959 3153 3523 3222; baseline 0.006 -18"><span class='ocrx_word' id='word_1_523' title='bbox 1959 3157 2178 3204; x_wconf 87' lang='lat' dir='ltr'><strong>scerent</strong></span> <span class='ocrx_word' id='word_1_524' title='bbox 2210 3166 2222 3201; x_wconf 86' lang='lat'><strong>:</strong></span> <span class='ocrx_word' id='word_1_525' title='bbox 2262 3160 2491 3204; x_wconf 90' lang='lat' dir='ltr'><strong>noverat</strong></span> <span class='ocrx_word' id='word_1_526' title='bbox 2532 3153 2694 3206; x_wconf 89' lang='lat' dir='ltr'><strong>etiam</strong></span> <span class='ocrx_word' id='word_1_527' title='bbox 2727 3162 3112 3222; x_wconf 90' lang='lat' dir='ltr'><strong>opportunam,</strong></span> <span class='ocrx_word' id='word_1_528' title='bbox 3141 3157 3402 3212; x_wconf 86' lang='lat' dir='ltr'><strong>exsistere</strong></span> <span class='ocrx_word' id='word_1_529' title='bbox 3427 3174 3523 3214; x_wconf 83' lang='lat' dir='ltr'><strong>oc-</strong></span> 
     </span>
    </p>
   </div>
   <div class='ocr_carea' id='block_1_77' title="bbox 1958 3241 3524 3315">
    <p class='ocr_par' dir='ltr' id='par_1_77' title="bbox 1958 3241 3524 3315">
     <span class='ocr_line' id='line_1_77' title="bbox 1958 3241 3524 3315; baseline 0.008 -21"><span class='ocrx_word' id='word_1_530' title='bbox 1958 3241 2229 3295; x_wconf 84' lang='lat' dir='ltr'><strong>casionem</strong></span> <span class='ocrx_word' id='word_1_531' title='bbox 2257 3243 2487 3296; x_wconf 88' lang='lat' dir='ltr'><strong>nocendi</strong></span> <span class='ocrx_word' id='word_1_532' title='bbox 2517 3243 2744 3308; x_wconf 88' lang='lat' dir='ltr'><strong>homini,</strong></span> <span class='ocrx_word' id='word_1_533' title='bbox 2772 3261 2932 3313; x_wconf 91' lang='lat' dir='ltr'><strong>quem</strong></span> <span class='ocrx_word' id='word_1_534' title='bbox 2964 3249 3308 3315; x_wconf 89' lang='lat' dir='ltr'><strong>imperatoris</strong></span> <span class='ocrx_word' id='word_1_535' title='bbox 3331 3250 3524 3306; x_wconf 79' lang='lat' dir='ltr'><strong>oﬂ‘ensi</strong></span> 
     </span>
    </p>
   </div>
   <div class='ocr_carea' id='block_1_78' title="bbox 1959 3332 3525 3408">
    <p class='ocr_par' dir='ltr' id='par_1_78' title="bbox 1959 3332 3525 3408">
     <span class='ocr_line' id='line_1_78' title="bbox 1959 3332 3525 3408; baseline 0.007 -23"><span class='ocrx_word' id='word_1_536' title='bbox 1959 3332 2038 3385; x_wconf 90' lang='lat' dir='ltr'><strong>ira</strong></span> <span class='ocrx_word' id='word_1_537' title='bbox 2082 3341 2526 3401; x_wconf 89' lang='lat' dir='ltr'><strong>persequeretur,</strong></span> <span class='ocrx_word' id='word_1_538' title='bbox 2563 3335 2844 3404; x_wconf 90' lang='lat' dir='ltr'><strong>jussioque</strong></span> <span class='ocrx_word' id='word_1_539' title='bbox 2880 3337 3149 3391; x_wconf 86' lang='lat' dir='ltr'><strong>inclusum</strong></span> <span class='ocrx_word' id='word_1_540' title='bbox 3201 3341 3356 3408; x_wconf 89' lang='lat' dir='ltr'><strong>quasi</strong></span> <span class='ocrx_word' id='word_1_541' title='bbox 3403 3356 3525 3395; x_wconf 85' lang='lat' dir='ltr'><strong>ear—</strong></span> 
     </span>
    </p>
   </div>
   <div class='ocr_carea' id='block_1_79' title="bbox 1957 3423 3523 3490">
    <p class='ocr_par' dir='ltr' id='par_1_79' title="bbox 1957 3423 3523 3490">
     <span class='ocr_line' id='line_1_79' title="bbox 1957 3423 3523 3490; baseline 0.004 -14"><span class='ocrx_word' id='word_1_542' title='bbox 1957 3437 2083 3476; x_wconf 88' lang='lat' dir='ltr'><strong>ccre</strong></span> <span class='ocrx_word' id='word_1_543' title='bbox 2131 3431 2363 3485; x_wconf 87' lang='lat' dir='ltr'><strong>teneret,</strong></span> <span class='ocrx_word' id='word_1_544' title='bbox 2403 3431 2566 3490; x_wconf 87' lang='lat' dir='ltr'><strong>atque</strong></span> <span class='ocrx_word' id='word_1_545' title='bbox 2611 3423 2748 3476; x_wconf 90' lang='lat' dir='ltr'><strong>adeo</strong></span> <span class='ocrx_word' id='word_1_546' title='bbox 2789 3423 3106 3478; x_wconf 88' lang='lat' dir='ltr'><strong>defensione</strong></span> <span class='ocrx_word' id='word_1_547' title='bbox 3151 3426 3523 3483; x_wconf 86' lang='lat' dir='ltr'><strong>interdiceret.</strong></span> 
     </span>
    </p>
   </div>
   <div class='ocr_carea' id='block_1_80' title="bbox 1956 3513 3522 3586">
    <p class='ocr_par' dir='ltr' id='par_1_80' title="bbox 1956 3513 3522 3586">
     <span class='ocr_line' id='line_1_80' title="bbox 1956 3513 3522 3586; baseline 0.005 -21"><span class='ocrx_word' id='word_1_548' title='bbox 1956 3513 2134 3579; x_wconf 88' lang='lat' dir='ltr'><strong>Quare</strong></span> <span class='ocrx_word' id='word_1_549' title='bbox 2165 3513 2306 3567; x_wconf 85' lang='lat' dir='ltr'><strong>datis</strong></span> <span class='ocrx_word' id='word_1_550' title='bbox 2346 3513 2410 3567; x_wconf 89' lang='lat' dir='ltr'><strong>ad</strong></span> <span class='ocrx_word' id='word_1_551' title='bbox 2449 3514 2716 3566; x_wconf 88' lang='lat' dir='ltr'><strong>Domuum</strong></span> <span class='ocrx_word' id='word_1_552' title='bbox 2749 3515 2974 3584; x_wconf 77' lang='lat' dir='ltr'><strong>ejusque</strong></span> <span class='ocrx_word' id='word_1_553' title='bbox 3005 3517 3272 3586; x_wconf 74' lang='lat' dir='ltr'><strong>synodum</strong></span> <span class='ocrx_word' id='word_1_554' title='bbox 3300 3519 3522 3583; x_wconf 88' lang='lat' dir='ltr'><strong>litteris,</strong></span> 
     </span>
    </p>
   </div>
   <div class='ocr_carea' id='block_1_81' title="bbox 1955 3603 3525 3679">
    <p class='ocr_par' dir='ltr' id='par_1_81' title="bbox 1955 3603 3525 3679">
     <span class='ocr_line' id='line_1_81' title="bbox 1955 3603 3525 3679; baseline 0.003 -20"><span class='ocrx_word' id='word_1_555' title='bbox 1955 3614 2186 3676; x_wconf 78' lang='lat' dir='ltr'><strong>questus</strong></span> <span class='ocrx_word' id='word_1_556' title='bbox 2219 3612 2303 3659; x_wconf 90' lang='lat' dir='ltr'><strong>est</strong></span> <span class='ocrx_word' id='word_1_557' title='bbox 2329 3606 2570 3675; x_wconf 84' lang='lat' dir='ltr'><strong>graviter</strong></span> <span class='ocrx_word' id='word_1_558' title='bbox 2612 3604 2679 3658; x_wconf 91' lang='lat' dir='ltr'><strong>de</strong></span> <span class='ocrx_word' id='word_1_559' title='bbox 2723 3603 2928 3660; x_wconf 66' lang='lat' dir='ltr'><strong>Ciliciae</strong></span> <span class='ocrx_word' id='word_1_560' title='bbox 2962 3607 3253 3676; x_wconf 89' lang='lat' dir='ltr'><strong>episcopis,</strong></span> <span class='ocrx_word' id='word_1_561' title='bbox 3297 3608 3525 3679; x_wconf 88' lang='lat' dir='ltr'><strong>ipsoque</strong></span> 
     </span>
    </p>
   </div>
   <div class='ocr_carea' id='block_1_82' title="bbox 1956 3692 3526 3760">
    <p class='ocr_par' dir='ltr' id='par_1_82' title="bbox 1956 3692 3526 3760">
     <span class='ocr_line' id='line_1_82' title="bbox 1956 3692 3526 3760; baseline 0 -11"><span class='ocrx_word' id='word_1_562' title='bbox 1956 3695 2280 3749; x_wconf 89' lang='lat' dir='ltr'><strong>nominatim</strong></span> <span class='ocrx_word' id='word_1_563' title='bbox 2333 3692 2757 3754; x_wconf 88' lang='lat' dir='ltr'><strong>Theodoreto,a</strong></span> <span class='ocrx_word' id='word_1_564' title='bbox 2808 3708 2917 3760; x_wconf 90' lang='lat' dir='ltr'><strong>quo</strong></span> <span class='ocrx_word' id='word_1_565' title='bbox 2966 3708 3090 3746; x_wconf 88' lang='lat' dir='ltr'><strong>cum</strong></span> <span class='ocrx_word' id='word_1_566' title='bbox 3143 3694 3352 3748; x_wconf 87' lang='lat' dir='ltr'><strong>litteras</strong></span> <span class='ocrx_word' id='word_1_567' title='bbox 3375 3710 3526 3749; x_wconf 86' lang='lat' dir='ltr'><strong>acce-</strong></span> 
     </span>
    </p>
   </div>
   <div class='ocr_carea' id='block_1_83' title="bbox 1954 3783 3525 3858">
    <p class='ocr_par' dir='ltr' id='par_1_83' title="bbox 1954 3783 3525 3858">
     <span class='ocr_line' id='line_1_83' title="bbox 1954 3783 3525 3858; baseline -0.001 -20"><span class='ocrx_word' id='word_1_568' title='bbox 1954 3787 2143 3856; x_wconf 89' lang='lat' dir='ltr'><strong>pisset,</strong></span> <span class='ocrx_word' id='word_1_569' title='bbox 2174 3784 2350 3854; x_wconf 84' lang='lat' dir='ltr'><strong>magni</strong></span> <span class='ocrx_word' id='word_1_570' title='bbox 2388 3783 2554 3852; x_wconf 77' lang='lat' dir='ltr'><strong>animi</strong></span> <span class='ocrx_word' id='word_1_571' title='bbox 2586 3783 3025 3858; x_wconf 86' lang='lat' dir='ltr'><strong>calumniamque</strong></span> <span class='ocrx_word' id='word_1_572' title='bbox 3051 3783 3386 3852; x_wconf 86' lang='lat' dir='ltr'><strong>indignantis</strong></span> <span class='ocrx_word' id='word_1_573' title='bbox 3409 3785 3525 3853; x_wconf 87' lang='lat' dir='ltr'><strong>ple-</strong></span> 
     </span>
    </p>
   </div>
   <div class='ocr_carea' id='block_1_84' title="bbox 1954 3875 3524 3945">
    <p class='ocr_par' dir='ltr' id='par_1_84' title="bbox 1954 3875 3524 3945">
     <span class='ocr_line' id='line_1_84' title="bbox 1954 3875 3524 3945; baseline -0.003 -13"><span class='ocrx_word' id='word_1_574' title='bbox 1954 3895 2072 3942; x_wconf 88' lang='lat' dir='ltr'><strong>nas,</strong></span> <span class='ocrx_word' id='word_1_575' title='bbox 2107 3892 2173 3931; x_wconf 91' lang='lat' dir='ltr'><strong>eo</strong></span> <span class='ocrx_word' id='word_1_576' title='bbox 2198 3892 2370 3945; x_wconf 89' lang='lat' dir='ltr'><strong>usque</strong></span> <span class='ocrx_word' id='word_1_577' title='bbox 2394 3875 2751 3929; x_wconf 84' lang='lat' dir='ltr'><strong>exacerbatus</strong></span> <span class='ocrx_word' id='word_1_578' title='bbox 2780 3883 2883 3935; x_wconf 89' lang='lat' dir='ltr'><strong>est,</strong></span> <span class='ocrx_word' id='word_1_579' title='bbox 2918 3883 2978 3926; x_wconf 89' lang='lat' dir='ltr'><strong>ut</strong></span> <span class='ocrx_word' id='word_1_580' title='bbox 3003 3875 3202 3942; x_wconf 87' lang='lat' dir='ltr'><strong>ipsum.</strong></span> <span class='ocrx_word' id='word_1_581' title='bbox 3233 3875 3363 3928; x_wconf 90' lang='lat' dir='ltr'><strong>licet</strong></span> <span class='ocrx_word' id='word_1_582' title='bbox 3387 3890 3524 3944; x_wconf 68' lang='lat' dir='ltr'><strong>prte-</strong></span> 
     </span>
    </p>
   </div>
   <div class='ocr_carea' id='block_1_85' title="bbox 1953 3963 3519 4027">
    <p class='ocr_par' dir='ltr' id='par_1_85' title="bbox 1953 3963 3519 4027">
     <span class='ocr_line' id='line_1_85' title="bbox 1953 3963 3519 4027; baseline -0.001 -6"><span class='ocrx_word' id='word_1_583' title='bbox 1953 3969 2127 4022; x_wconf 91' lang='lat' dir='ltr'><strong>sulem</strong></span> <span class='ocrx_word' id='word_1_584' title='bbox 2169 3965 2396 4021; x_wconf 89' lang='lat' dir='ltr'><strong>alterius</strong></span> <span class='ocrx_word' id='word_1_585' title='bbox 2447 3965 2717 4027; x_wconf 70' lang='lat' dir='ltr'><strong>dioecesis,</strong></span> <span class='ocrx_word' id='word_1_586' title='bbox 2763 3964 2815 4016; x_wconf 91' lang='lat' dir='ltr'><strong>in</strong></span> <span class='ocrx_word' id='word_1_587' title='bbox 2861 3964 3105 4016; x_wconf 85' lang='lat' dir='ltr'><strong>Ecclesia</strong></span> <span class='ocrx_word' id='word_1_588' title='bbox 3153 3963 3519 4019; x_wconf 86' lang='lat' dir='ltr'><strong>Alexandrina</strong></span> 
     </span>
    </p>
   </div>
   <div class='ocr_carea' id='block_1_86' title="bbox 1953 4054 3520 4123">
    <p class='ocr_par' dir='ltr' id='par_1_86' title="bbox 1953 4054 3520 4123">
     <span class='ocr_line' id='line_1_86' title="bbox 1953 4054 3520 4123; baseline -0.001 -10"><span class='ocrx_word' id='word_1_589' title='bbox 1953 4075 2118 4113; x_wconf 92' lang='lat' dir='ltr'><strong>ausus</strong></span> <span class='ocrx_word' id='word_1_590' title='bbox 2149 4059 2221 4113; x_wconf 89' lang='lat' dir='ltr'><strong>sit</strong></span> <span class='ocrx_word' id='word_1_591' title='bbox 2265 4057 2610 4111; x_wconf 87' lang='lat' dir='ltr'><strong>anathemate</strong></span> <span class='ocrx_word' id='word_1_592' title='bbox 2636 4055 2803 4108; x_wconf 87' lang='lat' dir='ltr'><strong>ferire</strong></span> <span class='ocrx_word' id='word_1_593' title='bbox 2840 4072 2852 4107; x_wconf 91' lang='lat'>:</span> <span class='ocrx_word' id='word_1_594' title='bbox 2886 4069 2993 4108; x_wconf 92' lang='lat' dir='ltr'><strong>non</strong></span> <span class='ocrx_word' id='word_1_595' title='bbox 3039 4054 3182 4123; x_wconf 89' lang='lat' dir='ltr'><strong>quod</strong></span> <span class='ocrx_word' id='word_1_596' title='bbox 3211 4056 3520 4111; x_wconf 84' lang='lat' dir='ltr'><strong>exercuerit</strong></span> 
     </span>
    </p>
   </div>
   <div class='ocr_carea' id='block_1_87' title="bbox 1953 4146 3519 4218">
    <p class='ocr_par' dir='ltr' id='par_1_87' title="bbox 1953 4146 3519 4218">
     <span class='ocr_line' id='line_1_87' title="bbox 1953 4146 3519 4218; baseline -0.003 -13"><span class='ocrx_word' id='word_1_597' title='bbox 1953 4151 2019 4205; x_wconf 92' lang='lat' dir='ltr'><strong>de</strong></span> <span class='ocrx_word' id='word_1_598' title='bbox 2052 4150 2395 4203; x_wconf 83' lang='lat' dir='ltr'><strong>Theodoreto</strong></span> <span class='ocrx_word' id='word_1_599' title='bbox 2421 4147 2710 4218; x_wconf 91' lang='lat' dir='ltr'><strong>judicium,</strong></span> <span class='ocrx_word' id='word_1_600' title='bbox 2735 4146 2826 4216; x_wconf 90' lang='lat' dir='ltr'><strong>qui</strong></span> <span class='ocrx_word' id='word_1_601' title='bbox 2860 4146 3052 4200; x_wconf 89' lang='lat' dir='ltr'><strong>fuisset</strong></span> <span class='ocrx_word' id='word_1_602' title='bbox 3083 4161 3350 4200; x_wconf 87' lang='lat' dir='ltr'><strong>canonum</strong></span> <span class='ocrx_word' id='word_1_603' title='bbox 3380 4148 3519 4200; x_wconf 87' lang='lat' dir='ltr'><strong>into-</strong></span> 
     </span>
    </p>
   </div>
   <div class='ocr_carea' id='block_1_88' title="bbox 1951 4236 3518 4307">
    <p class='ocr_par' dir='ltr' id='par_1_88' title="bbox 1951 4236 3518 4307">
     <span class='ocr_line' id='line_1_88' title="bbox 1951 4236 3518 4307; baseline -0.001 -12"><span class='ocrx_word' id='word_1_604' title='bbox 1951 4242 2196 4295; x_wconf 89' lang='lat' dir='ltr'><strong>lerabilis</strong></span> <span class='ocrx_word' id='word_1_605' title='bbox 2217 4245 2598 4306; x_wconf 89' lang='lat' dir='ltr'><strong>contemptus;</strong></span> <span class='ocrx_word' id='word_1_606' title='bbox 2629 4236 2724 4292; x_wconf 90' lang='lat' dir='ltr'><strong>sed</strong></span> <span class='ocrx_word' id='word_1_607' title='bbox 2759 4237 2953 4291; x_wconf 88' lang='lat' dir='ltr'><strong>callide</strong></span> <span class='ocrx_word' id='word_1_608' title='bbox 2978 4237 3296 4302; x_wconf 87' lang='lat' dir='ltr'><strong>monachos,</strong></span> <span class='ocrx_word' id='word_1_609' title='bbox 3327 4238 3420 4307; x_wconf 90' lang='lat' dir='ltr'><strong>qui</strong></span> <span class='ocrx_word' id='word_1_610' title='bbox 3451 4255 3518 4294; x_wconf 82' lang='lat' dir='ltr'><strong>ex</strong></span> 
     </span>
    </p>
   </div>
   <div class='ocr_carea' id='block_1_89' title="bbox 1950 4325 3514 4392">
    <p class='ocr_par' dir='ltr' id='par_1_89' title="bbox 1950 4325 3514 4392">
     <span class='ocr_line' id='line_1_89' title="bbox 1950 4325 3514 4392; baseline -0.003 -7"><span class='ocrx_word' id='word_1_611' title='bbox 1950 4331 2175 4386; x_wconf 90' lang='lat' dir='ltr'><strong>Oriente</strong></span> <span class='ocrx_word' id='word_1_612' title='bbox 2203 4336 2517 4382; x_wconf 89' lang='lat' dir='ltr'><strong>accusatum</strong></span> <span class='ocrx_word' id='word_1_613' title='bbox 2540 4335 2826 4387; x_wconf 85' lang='lat' dir='ltr'><strong>venerant,</strong></span> <span class='ocrx_word' id='word_1_614' title='bbox 2860 4325 2914 4378; x_wconf 92' lang='lat' dir='ltr'><strong>in</strong></span> <span class='ocrx_word' id='word_1_615' title='bbox 2941 4325 3228 4379; x_wconf 88' lang='lat' dir='ltr'><strong>ecclesiam</strong></span> <span class='ocrx_word' id='word_1_616' title='bbox 3264 4327 3514 4392; x_wconf 80' lang='lat' dir='ltr'><strong>induxit;</strong></span> 
     </span>
    </p>
   </div>
   <div class='ocr_carea' id='block_1_90' title="bbox 274 4413 3518 4490">
    <p class='ocr_par' dir='ltr' id='par_1_90' title="bbox 274 4413 3518 4490">
     <span class='ocr_line' id='line_1_90' title="bbox 274 4413 3518 4490; baseline -0.002 -24"><span class='ocrx_word' id='word_1_617' title='bbox 274 4413 479 4466; x_wconf 74' lang='lat' dir='ltr'><strong>striata:</strong></span> <span class='ocrx_word' id='word_1_618' title='bbox 511 4413 688 4468; x_wconf 89' lang='lat' dir='ltr'><strong>instar</strong></span> <span class='ocrx_word' id='word_1_619' title='bbox 732 4413 984 4485; x_wconf 87' lang='lat' dir='ltr'><strong>imaginis</strong></span> <span class='ocrx_word' id='word_1_620' title='bbox 1013 4415 1190 4470; x_wconf 86' lang='lat' dir='ltr'><strong>varias</strong></span> <span class='ocrx_word' id='word_1_621' title='bbox 1253 4429 1352 4484; x_wconf 89' lang='lat' dir='ltr'><strong>pro</strong></span> <span class='ocrx_word' id='word_1_622' title='bbox 1382 4415 1536 4469; x_wconf 89' lang='lat' dir='ltr'><strong>vario</strong></span> <span class='ocrx_word' id='word_1_623' title='bbox 1581 4414 1846 4468; x_wconf 88' lang='lat' dir='ltr'><strong>intuentis</strong></span> <span class='ocrx_word' id='word_1_624' title='bbox 1875 4413 1922 4472; x_wconf 88' lang='lat' dir='ltr'><strong>D</strong></span> <span class='ocrx_word' id='word_1_625' title='bbox 1947 4434 2246 4490; x_wconf 77' lang='lat' dir='ltr'><strong>eorumque</strong></span> <span class='ocrx_word' id='word_1_626' title='bbox 2276 4419 2436 4490; x_wconf 74' lang='lat'><strong>178</strong></span> <span class='ocrx_word' id='word_1_627' title='bbox 2461 4426 2574 4471; x_wconf 89' lang='lat' dir='ltr'><strong>arte</strong></span> <span class='ocrx_word' id='word_1_628' title='bbox 2617 4418 2689 4470; x_wconf 86' lang='lat' dir='ltr'><strong>ita</strong></span> <span class='ocrx_word' id='word_1_629' title='bbox 2715 4417 3006 4470; x_wconf 85' lang='lat' dir='ltr'><strong>concitavit</strong></span> <span class='ocrx_word' id='word_1_630' title='bbox 3033 4418 3316 4486; x_wconf 80' lang='lat' dir='ltr'><strong>populum,</strong></span> <span class='ocrx_word' id='word_1_631' title='bbox 3342 4427 3402 4470; x_wconf 84' lang='grc' dir='ltr'><strong>ιιι</strong></span> <span class='ocrx_word' id='word_1_632' title='bbox 3434 4425 3518 4471; x_wconf 82' lang='grc' dir='ltr'><strong>ιιι-</strong></span> 
     </span>
    </p>
   </div>
   <div class='ocr_carea' id='block_1_91' title="bbox 272 4507 1840 4578">
    <p class='ocr_par' dir='ltr' id='par_1_91' title="bbox 272 4507 1840 4578">
     <span class='ocr_line' id='line_1_91' title="bbox 272 4507 1840 4578; baseline -0.001 -16"><span class='ocrx_word' id='word_1_633' title='bbox 272 4517 495 4578; x_wconf 84' lang='lat' dir='ltr'><strong>aspectu</strong></span> <span class='ocrx_word' id='word_1_634' title='bbox 521 4508 730 4563; x_wconf 87' lang='lat' dir='ltr'><strong>formas</strong></span> <span class='ocrx_word' id='word_1_635' title='bbox 761 4509 1004 4564; x_wconf 81' lang='lat' dir='ltr'><strong>exhibet.</strong></span> <span class='ocrx_word' id='word_1_636' title='bbox 1034 4510 1237 4566; x_wconf 80' lang='lat' dir='ltr'><strong>Verum</strong></span> <span class='ocrx_word' id='word_1_637' title='bbox 1263 4509 1364 4564; x_wconf 88' lang='lat' dir='ltr'><strong>hac</strong></span> <span class='ocrx_word' id='word_1_638' title='bbox 1386 4507 1455 4563; x_wconf 89' lang='lat' dir='ltr'><strong>de</strong></span> <span class='ocrx_word' id='word_1_639' title='bbox 1478 4523 1535 4562; x_wconf 90' lang='lat' dir='ltr'><strong>re</strong></span> <span class='ocrx_word' id='word_1_640' title='bbox 1566 4507 1621 4561; x_wconf 88' lang='lat' dir='ltr'><strong>in</strong></span> <span class='ocrx_word' id='word_1_641' title='bbox 1649 4523 1840 4562; x_wconf 85' lang='lat' dir='ltr'><strong>recen-</strong></span> 
     </span>
    </p>
   </div>
   <div class='ocr_carea' id='block_1_92' title="bbox 271 4597 1116 4670">
    <p class='ocr_par' dir='ltr' id='par_1_92' title="bbox 271 4597 1116 4670">
     <span class='ocr_line' id='line_1_92' title="bbox 271 4597 1116 4670; baseline 0.005 -21"><span class='ocrx_word' id='word_1_642' title='bbox 271 4597 428 4653; x_wconf 87' lang='lat' dir='ltr'><strong>sione</strong></span> <span class='ocrx_word' id='word_1_643' title='bbox 454 4598 582 4652; x_wconf 90' lang='lat' dir='ltr'><strong>libri</strong></span> <span class='ocrx_word' id='word_1_644' title='bbox 628 4599 894 4668; x_wconf 82' lang='lat' dir='ltr'><strong>prolixius</strong></span> <span class='ocrx_word' id='word_1_645' title='bbox 920 4600 1116 4670; x_wconf 83' lang='lat' dir='ltr'><strong>agitur.</strong></span> 
     </span>
    </p>
   </div>
   <div class='ocr_carea' id='block_1_93' title="bbox 346 4686 1838 4758">
    <p class='ocr_par' dir='ltr' id='par_1_93' title="bbox 346 4686 1838 4758">
     <span class='ocr_line' id='line_1_93' title="bbox 346 4686 1838 4758; baseline -0.001 -16"><span class='ocrx_word' id='word_1_646' title='bbox 346 4687 506 4756; x_wconf 77' lang='lat'><strong>177</strong></span> <span class='ocrx_word' id='word_1_647' title='bbox 536 4686 628 4741; x_wconf 79' lang='lat' dir='ltr'><strong>1X.</strong></span> <span class='ocrx_word' id='word_1_648' title='bbox 657 4686 778 4742; x_wconf 85' lang='lat' dir='ltr'><strong>Non</strong></span> <span class='ocrx_word' id='word_1_649' title='bbox 807 4695 1016 4742; x_wconf 90' lang='lat' dir='ltr'><strong>tantum</strong></span> <span class='ocrx_word' id='word_1_650' title='bbox 1043 4687 1188 4758; x_wconf 90' lang='lat' dir='ltr'><strong>apud</strong></span> <span class='ocrx_word' id='word_1_651' title='bbox 1219 4688 1606 4758; x_wconf 89' lang='lat' dir='ltr'><strong>imperatorem</strong></span> <span class='ocrx_word' id='word_1_652' title='bbox 1630 4688 1838 4758; x_wconf 89' lang='lat' dir='ltr'><strong>ipsum-</strong></span> 
     </span>
    </p>
   </div>
   <div class='ocr_carea' id='block_1_94' title="bbox 269 4779 1840 4852">
    <p class='ocr_par' dir='ltr' id='par_1_94' title="bbox 269 4779 1840 4852">
     <span class='ocr_line' id='line_1_94' title="bbox 269 4779 1840 4852; baseline 0.004 -23"><span class='ocrx_word' id='word_1_653' title='bbox 269 4792 377 4844; x_wconf 87' lang='lat' dir='ltr'><strong>que</strong></span> <span class='ocrx_word' id='word_1_654' title='bbox 412 4779 664 4832; x_wconf 86' lang='lat' dir='ltr'><strong>Proclum</strong></span> <span class='ocrx_word' id='word_1_655' title='bbox 699 4781 861 4850; x_wconf 81' lang='lat' dir='ltr'><strong>regiae</strong></span> <span class='ocrx_word' id='word_1_656' title='bbox 886 4780 1038 4834; x_wconf 88' lang='lat' dir='ltr'><strong>urbis</strong></span> <span class='ocrx_word' id='word_1_657' title='bbox 1079 4781 1396 4851; x_wconf 82' lang='lat' dir='ltr'><strong>episcopum</strong></span> <span class='ocrx_word' id='word_1_658' title='bbox 1438 4783 1840 4852; x_wconf 84' lang='lat' dir='ltr'><strong>expostulatum</strong></span> 
     </span>
    </p>
   </div>
   <div class='ocr_carea' id='block_1_95' title="bbox 269 4868 1838 4944">
    <p class='ocr_par' dir='ltr' id='par_1_95' title="bbox 269 4868 1838 4944">
     <span class='ocr_line' id='line_1_95' title="bbox 269 4868 1838 4944; baseline 0.005 -25"><span class='ocrx_word' id='word_1_659' title='bbox 269 4877 354 4921; x_wconf 86' lang='lat' dir='ltr'><strong>est</strong></span> <span class='ocrx_word' id='word_1_660' title='bbox 381 4868 448 4922; x_wconf 88' lang='lat' dir='ltr'><strong>de</strong></span> <span class='ocrx_word' id='word_1_661' title='bbox 475 4869 840 4935; x_wconf 90' lang='lat' dir='ltr'><strong>Theodoreto,</strong></span> <span class='ocrx_word' id='word_1_662' title='bbox 871 4872 966 4926; x_wconf 89' lang='lat' dir='ltr'><strong>sed</strong></span> <span class='ocrx_word' id='word_1_663' title='bbox 993 4872 1137 4942; x_wconf 88' lang='lat' dir='ltr'><strong>apud</strong></span> <span class='ocrx_word' id='word_1_664' title='bbox 1162 4872 1591 4927; x_wconf 84' lang='lat' dir='ltr'><strong>Alexandrinum</strong></span> <span class='ocrx_word' id='word_1_665' title='bbox 1620 4889 1838 4944; x_wconf 90' lang='lat' dir='ltr'><strong>quoque</strong></span> 
     </span>
    </p>
   </div>
   <div class='ocr_carea' id='block_1_96' title="bbox 271 4957 1838 5032">
    <p class='ocr_par' dir='ltr' id='par_1_96' title="bbox 271 4957 1838 5032">
     <span class='ocr_line' id='line_1_96' title="bbox 271 4957 1838 5032; baseline 0.004 -22"><span class='ocrx_word' id='word_1_666' title='bbox 271 4957 614 5024; x_wconf 88' lang='lat' dir='ltr'><strong>Dioscorum;</strong></span> <span class='ocrx_word' id='word_1_667' title='bbox 641 4959 708 5014; x_wconf 87' lang='lat' dir='ltr'><strong>ad</strong></span> <span class='ocrx_word' id='word_1_668' title='bbox 734 4975 897 5031; x_wconf 90' lang='lat' dir='ltr'><strong>quem</strong></span> <span class='ocrx_word' id='word_1_669' title='bbox 924 4976 1049 5015; x_wconf 90' lang='lat' dir='ltr'><strong>cum</strong></span> <span class='ocrx_word' id='word_1_670' title='bbox 1095 4963 1457 5017; x_wconf 88' lang='lat' dir='ltr'><strong>accessissent</strong></span> <span class='ocrx_word' id='word_1_671' title='bbox 1495 4963 1682 5018; x_wconf 90' lang='lat' dir='ltr'><strong>clerici</strong></span> <span class='ocrx_word' id='word_1_672' title='bbox 1713 4963 1838 5032; x_wconf 90' lang='lat' dir='ltr'><strong>qui-</strong></span> 
     </span>
    </p>
   </div>
   <div class='ocr_carea' id='block_1_97' title="bbox 269 5049 1838 5116">
    <p class='ocr_par' dir='ltr' id='par_1_97' title="bbox 269 5049 1838 5116">
     <span class='ocr_line' id='line_1_97' title="bbox 269 5049 1838 5116; baseline 0.006 -15"><span class='ocrx_word' id='word_1_673' title='bbox 269 5049 397 5102; x_wconf 89' lang='lat' dir='ltr'><strong>dam</strong></span> <span class='ocrx_word' id='word_1_674' title='bbox 444 5050 771 5116; x_wconf 86' lang='lat' dir='ltr'><strong>Osdroenes,</strong></span> <span class='ocrx_word' id='word_1_675' title='bbox 823 5054 1187 5111; x_wconf 86' lang='lat' dir='ltr'><strong>anathematis</strong></span> <span class='ocrx_word' id='word_1_676' title='bbox 1242 5053 1513 5110; x_wconf 86' lang='lat' dir='ltr'><strong>sententia</strong></span> <span class='ocrx_word' id='word_1_677' title='bbox 1559 5069 1589 5108; x_wconf 89' lang='lat' dir='ltr'><strong>a</strong></span> <span class='ocrx_word' id='word_1_678' title='bbox 1631 5055 1838 5110; x_wconf 90' lang='lat' dir='ltr'><strong>Domno</strong></span> 
     </span>
    </p>
   </div>
   <div class='ocr_carea' id='block_1_98' title="bbox 267 5142 1838 5214">
    <p class='ocr_par' dir='ltr' id='par_1_98' title="bbox 267 5142 1838 5214">
     <span class='ocr_line' id='line_1_98' title="bbox 267 5142 1838 5214; baseline 0.003 -20"><span class='ocrx_word' id='word_1_679' title='bbox 267 5142 537 5208; x_wconf 85' lang='lat' dir='ltr'><strong>percussi,</strong></span> <span class='ocrx_word' id='word_1_680' title='bbox 581 5142 953 5208; x_wconf 87' lang='lat' dir='ltr'><strong>Theodoreto,</strong></span> <span class='ocrx_word' id='word_1_681' title='bbox 984 5145 1176 5199; x_wconf 90' lang='lat' dir='ltr'><strong>Domni</strong></span> <span class='ocrx_word' id='word_1_682' title='bbox 1230 5144 1408 5198; x_wconf 86' lang='lat' dir='ltr'><strong>amico</strong></span> <span class='ocrx_word' id='word_1_683' title='bbox 1449 5143 1733 5214; x_wconf 87' lang='lat' dir='ltr'><strong>singulari,</strong></span> <span class='ocrx_word' id='word_1_684' title='bbox 1781 5145 1838 5199; x_wconf 90' lang='lat' dir='ltr'><strong>in</strong></span> 
     </span>
    </p>
   </div>
   <div class='ocr_carea' id='block_1_99' title="bbox 264 5232 1836 5304">
    <p class='ocr_par' dir='ltr' id='par_1_99' title="bbox 264 5232 1836 5304">
     <span class='ocr_line' id='line_1_99' title="bbox 264 5232 1836 5304; baseline 0.003 -18"><span class='ocrx_word' id='word_1_685' title='bbox 264 5232 503 5287; x_wconf 84' lang='lat' dir='ltr'><strong>crimine</strong></span> <span class='ocrx_word' id='word_1_686' title='bbox 548 5235 755 5290; x_wconf 84' lang='lat' dir='ltr'><strong>nefario</strong></span> <span class='ocrx_word' id='word_1_687' title='bbox 798 5236 1120 5291; x_wconf 89' lang='lat' dir='ltr'><strong>concionem</strong></span> <span class='ocrx_word' id='word_1_688' title='bbox 1153 5236 1209 5290; x_wconf 93' lang='lat' dir='ltr'><strong>in</strong></span> <span class='ocrx_word' id='word_1_689' title='bbox 1255 5235 1410 5291; x_wconf 89' lang='lat' dir='ltr'><strong>obitu</strong></span> <span class='ocrx_word' id='word_1_690' title='bbox 1436 5234 1626 5304; x_wconf 82' lang='lat' dir='ltr'><strong>Cyrilli</strong></span> <span class='ocrx_word' id='word_1_691' title='bbox 1674 5236 1836 5291; x_wconf 86' lang='lat' dir='ltr'><strong>habi-</strong></span> 
     </span>
    </p>
   </div>
   <div class='ocr_carea' id='block_1_100' title="bbox 1949 4507 3511 4567">
    <p class='ocr_par' dir='ltr' id='par_1_100' title="bbox 1949 4507 3511 4567">
     <span class='ocr_line' id='line_1_100' title="bbox 1949 4507 3511 4567; baseline -0.003 0"><span class='ocrx_word' id='word_1_692' title='bbox 1949 4512 2258 4567; x_wconf 88' lang='lat' dir='ltr'><strong>multuatim</strong></span> <span class='ocrx_word' id='word_1_693' title='bbox 2311 4509 2598 4563; x_wconf 88' lang='lat' dir='ltr'><strong>anathema</strong></span> <span class='ocrx_word' id='word_1_694' title='bbox 2647 4507 2992 4560; x_wconf 86' lang='lat' dir='ltr'><strong>Theodoreto</strong></span> <span class='ocrx_word' id='word_1_695' title='bbox 3058 4508 3511 4564; x_wconf 87' lang='lat' dir='ltr'><strong>conclamaretur.</strong></span> 
     </span>
    </p>
   </div>
   <div class='ocr_carea' id='block_1_101' title="bbox 1949 4593 3512 4665">
    <p class='ocr_par' dir='ltr' id='par_1_101' title="bbox 1949 4593 3512 4665">
     <span class='ocr_line' id='line_1_101' title="bbox 1949 4593 3512 4665; baseline -0.006 -8"><span class='ocrx_word' id='word_1_696' title='bbox 1949 4601 2266 4656; x_wconf 89' lang='lat' dir='ltr'><strong>Tumultum</strong></span> <span class='ocrx_word' id='word_1_697' title='bbox 2299 4613 2432 4652; x_wconf 91' lang='lat' dir='ltr'><strong>vero</strong></span> <span class='ocrx_word' id='word_1_698' title='bbox 2463 4595 2660 4665; x_wconf 73' lang='lat' dir='ltr'><strong>przesul</strong></span> <span class='ocrx_word' id='word_1_699' title='bbox 2707 4609 2816 4646; x_wconf 90' lang='lat' dir='ltr'><strong>non</strong></span> <span class='ocrx_word' id='word_1_700' title='bbox 2862 4593 3026 4646; x_wconf 90' lang='lat' dir='ltr'><strong>modo</strong></span> <span class='ocrx_word' id='word_1_701' title='bbox 3065 4609 3171 4647; x_wconf 90' lang='lat' dir='ltr'><strong>non</strong></span> <span class='ocrx_word' id='word_1_702' title='bbox 3230 4597 3512 4663; x_wconf 83' lang='lat' dir='ltr'><strong>repressit,</strong></span> 
     </span>
    </p>
   </div>
   <div class='ocr_carea' id='block_1_102' title="bbox 1947 4682 3511 4749">
    <p class='ocr_par' dir='ltr' id='par_1_102' title="bbox 1947 4682 3511 4749">
     <span class='ocr_line' id='line_1_102' title="bbox 1947 4682 3511 4749; baseline -0.008 0"><span class='ocrx_word' id='word_1_703' title='bbox 1947 4693 2043 4749; x_wconf 88' lang='lat' dir='ltr'><strong>sed</strong></span> <span class='ocrx_word' id='word_1_704' title='bbox 2071 4701 2222 4747; x_wconf 89' lang='lat' dir='ltr'><strong>stans</strong></span> <span class='ocrx_word' id='word_1_705' title='bbox 2245 4691 2298 4742; x_wconf 91' lang='lat' dir='ltr'><strong>in</strong></span> <span class='ocrx_word' id='word_1_706' title='bbox 2336 4689 2534 4740; x_wconf 87' lang='lat' dir='ltr'><strong>throno</strong></span> <span class='ocrx_word' id='word_1_707' title='bbox 2560 4682 3020 4740; x_wconf 84' lang='lat' dir='ltr'><strong>conclamantium</strong></span> <span class='ocrx_word' id='word_1_708' title='bbox 3046 4682 3204 4738; x_wconf 85' lang='lat' dir='ltr'><strong>fidem</strong></span> <span class='ocrx_word' id='word_1_709' title='bbox 3236 4684 3511 4739; x_wconf 88' lang='lat' dir='ltr'><strong>laudavit:</strong></span> 
     </span>
    </p>
   </div>
   <div class='ocr_carea' id='block_1_103' title="bbox 1948 4775 3516 4846">
    <p class='ocr_par' dir='ltr' id='par_1_103' title="bbox 1948 4775 3516 4846">
     <span class='ocr_line' id='line_1_103' title="bbox 1948 4775 3516 4846; baseline -0.008 -4"><span class='ocrx_word' id='word_1_710' title='bbox 1948 4800 2050 4841; x_wconf 84' lang='lat' dir='ltr'><strong>nec</strong></span> <span class='ocrx_word' id='word_1_711' title='bbox 2076 4799 2143 4838; x_wconf 89' lang='lat' dir='ltr'><strong>eo</strong></span> <span class='ocrx_word' id='word_1_712' title='bbox 2168 4788 2480 4841; x_wconf 84' lang='lat' dir='ltr'><strong>contentus,</strong></span> <span class='ocrx_word' id='word_1_713' title='bbox 2508 4775 3039 4846; x_wconf 72' lang='lat' dir='ltr'><strong>Constantinopolim</strong></span> <span class='ocrx_word' id='word_1_714' title='bbox 3072 4777 3389 4845; x_wconf 85' lang='lat' dir='ltr'><strong>episcopum</strong></span> <span class='ocrx_word' id='word_1_715' title='bbox 3438 4777 3516 4830; x_wconf 91' lang='lat' dir='ltr'><strong>le-</strong></span> 
     </span>
    </p>
   </div>
   <div class='ocr_carea' id='block_1_104' title="bbox 1945 4865 3512 4947">
    <p class='ocr_par' dir='ltr' id='par_1_104' title="bbox 1945 4865 3512 4947">
     <span class='ocr_line' id='line_1_104' title="bbox 1945 4865 3512 4947; baseline -0.006 -18"><span class='ocrx_word' id='word_1_716' title='bbox 1945 4875 2111 4947; x_wconf 77' lang='lat' dir='ltr'><strong>gavit,</strong></span> <span class='ocrx_word' id='word_1_717' title='bbox 2158 4871 2252 4941; x_wconf 91' lang='lat' dir='ltr'><strong>qui</strong></span> <span class='ocrx_word' id='word_1_718' title='bbox 2308 4869 2378 4923; x_wconf 88' lang='lat' dir='ltr'><strong>de</strong></span> <span class='ocrx_word' id='word_1_719' title='bbox 2418 4867 2792 4922; x_wconf 90' lang='lat' dir='ltr'><strong>Orientalibus</strong></span> <span class='ocrx_word' id='word_1_720' title='bbox 2822 4867 3229 4936; x_wconf 83' lang='lat' dir='ltr'><strong>expostularet,</strong></span> <span class='ocrx_word' id='word_1_721' title='bbox 3281 4875 3337 4920; x_wconf 87' lang='lat' dir='ltr'><strong>et</strong></span> <span class='ocrx_word' id='word_1_722' title='bbox 3386 4865 3512 4922; x_wconf 87' lang='lat' dir='ltr'><strong>facti</strong></span> 
     </span>
    </p>
   </div>
   <div class='ocr_carea' id='block_1_105' title="bbox 1943 4959 3243 5023">
    <p class='ocr_par' dir='ltr' id='par_1_105' title="bbox 1943 4959 3243 5023">
     <span class='ocr_line' id='line_1_105' title="bbox 1943 4959 3243 5023; baseline -0.009 0"><span class='ocrx_word' id='word_1_723' title='bbox 1943 4968 2208 5023; x_wconf 88' lang='lat' dir='ltr'><strong>adversus</strong></span> <span class='ocrx_word' id='word_1_724' title='bbox 2233 4962 2637 5018; x_wconf 84' lang='lat' dir='ltr'><strong>Theodoretum</strong></span> <span class='ocrx_word' id='word_1_725' title='bbox 2671 4961 2941 5014; x_wconf 89' lang='lat' dir='ltr'><strong>rationem</strong></span> <span class='ocrx_word' id='word_1_726' title='bbox 2967 4959 3243 5013; x_wconf 88' lang='lat' dir='ltr'><strong>redderet.</strong></span> 
     </span>
    </p>
   </div>
   <div class='ocr_carea' id='block_1_106' title="bbox 2014 5037 3514 5122">
    <p class='ocr_par' dir='ltr' id='par_1_106' title="bbox 2014 5037 3514 5122">
     <span class='ocr_line' id='line_1_106' title="bbox 2014 5037 3514 5122; baseline -0.005 -11"><span class='ocrx_word' id='word_1_727' title='bbox 2014 5057 2082 5111; x_wconf 83' lang='lat' dir='ltr'><strong>X.</strong></span> <span class='ocrx_word' id='word_1_728' title='bbox 2118 5057 2256 5110; x_wconf 90' lang='lat' dir='ltr'><strong>Dum</strong></span> <span class='ocrx_word' id='word_1_729' title='bbox 2280 5055 2396 5108; x_wconf 69' lang='lat' dir='ltr'><strong>haec</strong></span> <span class='ocrx_word' id='word_1_730' title='bbox 2417 5059 2684 5122; x_wconf 88' lang='lat' dir='ltr'><strong>geruntur</strong></span> <span class='ocrx_word' id='word_1_731' title='bbox 2706 5051 2770 5113; x_wconf 78' lang='grc'>⁸⁸,</span> <span class='ocrx_word' id='word_1_732' title='bbox 2812 5057 2905 5103; x_wconf 91' lang='lat' dir='ltr'><strong>aut</strong></span> <span class='ocrx_word' id='word_1_733' title='bbox 2933 5048 3096 5117; x_wconf 87' lang='lat' dir='ltr'><strong>paulo</strong></span> <span class='ocrx_word' id='word_1_734' title='bbox 3125 5056 3272 5110; x_wconf 88' lang='lat' dir='ltr'><strong>ante,</strong></span> <span class='ocrx_word' id='word_1_735' title='bbox 3305 5061 3372 5100; x_wconf 88' lang='lat' dir='ltr'><strong>ex</strong></span> <span class='ocrx_word' id='word_1_736' title='bbox 3409 5037 3514 5103; x_wconf 85' lang='lat' dir='ltr'><strong>hac</strong></span> 
     </span>
    </p>
   </div>
   <div class='ocr_carea' id='block_1_107' title="bbox 1943 5136 3506 5207">
    <p class='ocr_par' dir='ltr' id='par_1_107' title="bbox 1943 5136 3506 5207">
     <span class='ocr_line' id='line_1_107' title="bbox 1943 5136 3506 5207; baseline -0.005 -8"><span class='ocrx_word' id='word_1_737' title='bbox 1943 5148 2054 5201; x_wconf 84' lang='lat' dir='ltr'><strong>vita</strong></span> <span class='ocrx_word' id='word_1_738' title='bbox 2106 5145 2341 5200; x_wconf 85' lang='lat' dir='ltr'><strong>decessit</strong></span> <span class='ocrx_word' id='word_1_739' title='bbox 2400 5141 2656 5203; x_wconf 89' lang='lat' dir='ltr'><strong>Proclus,</strong></span> <span class='ocrx_word' id='word_1_740' title='bbox 2705 5140 2790 5193; x_wconf 90' lang='lat' dir='ltr'><strong>vir</strong></span> <span class='ocrx_word' id='word_1_741' title='bbox 2844 5137 3090 5207; x_wconf 89' lang='lat' dir='ltr'><strong>apprime</strong></span> <span class='ocrx_word' id='word_1_742' title='bbox 3135 5136 3437 5193; x_wconf 89' lang='lat' dir='ltr'><strong>catholicus</strong></span> <span class='ocrx_word' id='word_1_743' title='bbox 3485 5156 3506 5191; x_wconf 67' lang='grc' dir='ltr'>ι</span> 
     </span>
    </p>
   </div>
   <div class='ocr_carea' id='block_1_108' title="bbox 1942 5226 3511 5300">
    <p class='ocr_par' dir='ltr' id='par_1_108' title="bbox 1942 5226 3511 5300">
     <span class='ocr_line' id='line_1_108' title="bbox 1942 5226 3511 5300; baseline -0.006 -7"><span class='ocrx_word' id='word_1_744' title='bbox 1942 5235 2188 5294; x_wconf 86' lang='lat' dir='ltr'><strong>succedit</strong></span> <span class='ocrx_word' id='word_1_745' title='bbox 2217 5235 2272 5288; x_wconf 90' lang='lat' dir='ltr'><strong>in</strong></span> <span class='ocrx_word' id='word_1_746' title='bbox 2313 5231 2496 5288; x_wconf 89' lang='lat' dir='ltr'><strong>sedem</strong></span> <span class='ocrx_word' id='word_1_747' title='bbox 2522 5230 2677 5285; x_wconf 89' lang='lat' dir='ltr'><strong>urbis</strong></span> <span class='ocrx_word' id='word_1_748' title='bbox 2712 5231 2872 5299; x_wconf 65' lang='lat' dir='ltr'><strong>regiae</strong></span> <span class='ocrx_word' id='word_1_749' title='bbox 2915 5226 3224 5290; x_wconf 82' lang='lat' dir='ltr'><strong>Flavianus,</strong></span> <span class='ocrx_word' id='word_1_750' title='bbox 3264 5228 3511 5300; x_wconf 85' lang='lat' dir='ltr'><strong>martyrii</strong></span> 
     </span>
    </p>
   </div>
   <div class='ocr_carea' id='block_1_109' title="bbox 1605 5398 2189 5459">
    <p class='ocr_par' dir='ltr' id='par_1_109' title="bbox 1605 5398 2189 5459">
     <span class='ocr_line' id='line_1_109' title="bbox 1605 5398 2189 5459; baseline -0.009 -1"><span class='ocrx_word' id='word_1_751' title='bbox 1605 5400 1918 5459; x_wconf 79' lang='lat' dir='ltr'><strong>SCHL‘LZII</strong></span> <span class='ocrx_word' id='word_1_752' title='bbox 1959 5398 2189 5454; x_wconf 80' lang='grc' dir='ltr'><strong>ΝΟΤᾹΞ.</strong></span> 
     </span>
    </p>
   </div>
   <div class='ocr_carea' id='block_1_110' title="bbox 338 5552 1674 5631">
    <p class='ocr_par' dir='ltr' id='par_1_110' title="bbox 338 5552 1674 5631">
     <span class='ocr_line' id='line_1_110' title="bbox 338 5552 1674 5631; baseline 0.005 -24"><span class='ocrx_word' id='word_1_753' title='bbox 338 5552 388 5631; x_wconf 59' lang='grc' dir='ltr'><strong>’ξ</strong></span> <span class='ocrx_word' id='word_1_754' title='bbox 414 5555 682 5631; x_wconf 68' lang='lat' dir='ltr'><strong>Anatolio,</strong></span> <span class='ocrx_word' id='word_1_755' title='bbox 719 5568 825 5613; x_wconf 89' lang='lat' dir='ltr'><strong>ete.</strong></span> <span class='ocrx_word' id='word_1_756' title='bbox 857 5559 979 5624; x_wconf 72' lang='lat' dir='ltr'><strong>vid.</strong></span> <span class='ocrx_word' id='word_1_757' title='bbox 1021 5561 1181 5631; x_wconf 89' lang='lat' dir='ltr'><strong>epist.</strong></span> <span class='ocrx_word' id='word_1_758' title='bbox 1217 5561 1304 5626; x_wconf 87' lang='lat'><strong>79,</strong></span> <span class='ocrx_word' id='word_1_759' title='bbox 1341 5561 1430 5626; x_wconf 90' lang='lat'><strong>80,</strong></span> <span class='ocrx_word' id='word_1_760' title='bbox 1467 5561 1558 5623; x_wconf 84' lang='lat'><strong>8|,</strong></span> <span class='ocrx_word' id='word_1_761' title='bbox 1587 5561 1674 5618; x_wconf 81' lang='grc'><strong>91.</strong></span> 
     </span>
    </p>
   </div>
   <div class='ocr_carea' id='block_1_111' title="bbox 267 5622 2328 5704">
    <p class='ocr_par' dir='ltr' id='par_1_111' title="bbox 267 5622 2328 5704">
     <span class='ocr_line' id='line_1_111' title="bbox 267 5622 2328 5704; baseline -0.004 -20"><span class='ocrx_word' id='word_1_762' title='bbox 267 5622 397 5704; x_wconf 43' lang='lat' dir='ltr'><strong>ﬁet!</strong></span> <span class='ocrx_word' id='word_1_763' title='bbox 421 5627 626 5704; x_wconf 80' lang='lat' dir='ltr'><strong>nemini</strong></span> <span class='ocrx_word' id='word_1_764' title='bbox 674 5644 824 5683; x_wconf 79' lang='lat' dir='ltr'><strong>vana:</strong></span> <span class='ocrx_word' id='word_1_765' title='bbox 874 5622 1003 5704; x_wconf 36' lang='lat' dir='ltr'><strong>suae;</strong></span> <span class='ocrx_word' id='word_1_766' title='bbox 1036 5622 1360 5704; x_wconf 61' lang='lat' dir='ltr'><strong>conjecturae</strong></span> <span class='ocrx_word' id='word_1_767' title='bbox 1390 5622 1698 5704; x_wconf 72' lang='lat' dir='ltr'><strong>_veritatc_m</strong></span> <span class='ocrx_word' id='word_1_768' title='bbox 1747 5626 2076 5704; x_wconf 82' lang='lat' dir='ltr'><strong>persuadere</strong></span> <span class='ocrx_word' id='word_1_769' title='bbox 2131 5624 2328 5704; x_wconf 72' lang='lat' dir='ltr'><strong>potuit.</strong></span> 
     </span>
    </p>
   </div>
   <div class='ocr_carea' id='block_1_112' title="bbox 1767 5549 3499 5621">
    <p class='ocr_par' dir='ltr' id='par_1_112' title="bbox 1767 5549 3499 5621">
     <span class='ocr_line' id='line_1_112' title="bbox 1767 5549 3499 5621; baseline -0.008 -8"><span class='ocrx_word' id='word_1_770' title='bbox 1767 5559 1812 5591; x_wconf 67' lang='lat'><strong>3&quot;</strong></span> <span class='ocrx_word' id='word_1_771' title='bbox 1845 5558 1908 5612; x_wconf 81' lang='grc' dir='ltr'><strong>1η</strong></span> <span class='ocrx_word' id='word_1_772' title='bbox 1947 5558 2061 5620; x_wconf 84' lang='lat' dir='ltr'><strong>hoc,</strong></span> <span class='ocrx_word' id='word_1_773' title='bbox 2095 5563 2200 5610; x_wconf 89' lang='lat' dir='ltr'><strong>etc.</strong></span> <span class='ocrx_word' id='word_1_774' title='bbox 2229 5551 2487 5608; x_wconf 88' lang='lat' dir='ltr'><strong>Eamdem</strong></span> <span class='ocrx_word' id='word_1_775' title='bbox 2517 5551 2702 5605; x_wconf 90' lang='lat' dir='ltr'><strong>tibiam</strong></span> <span class='ocrx_word' id='word_1_776' title='bbox 2737 5550 2888 5606; x_wconf 82' lang='lat' dir='ltr'><strong>inﬂat</strong></span> <span class='ocrx_word' id='word_1_777' title='bbox 2907 5551 2960 5604; x_wconf 89' lang='lat' dir='ltr'><strong>in</strong></span> <span class='ocrx_word' id='word_1_778' title='bbox 2996 5550 3128 5606; x_wconf 87' lang='lat' dir='ltr'><strong>diss.</strong></span> <span class='ocrx_word' id='word_1_779' title='bbox 3157 5550 3211 5615; x_wconf 75' lang='lat'><strong>2,</strong></span> <span class='ocrx_word' id='word_1_780' title='bbox 3233 5565 3283 5606; x_wconf 85' lang='lat' dir='ltr'><strong>e.</strong></span> <span class='ocrx_word' id='word_1_781' title='bbox 3311 5549 3364 5614; x_wconf 87' lang='lat'><strong>6,</strong></span> <span class='ocrx_word' id='word_1_782' title='bbox 3393 5549 3418 5621; x_wconf 59' lang='grc' dir='ltr'>ᾗ</span> <span class='ocrx_word' id='word_1_783' title='bbox 3453 5550 3499 5602; x_wconf 74' lang='lat' dir='ltr'><strong>i.</strong></span> 
     </span>
    </p>
   </div>
   <div class='ocr_carea' id='block_1_113' title="bbox 2419 5620 3496 5689">
    <p class='ocr_par' dir='ltr' id='par_1_113' title="bbox 2419 5620 3496 5689">
     <span class='ocr_line' id='line_1_113' title="bbox 2419 5620 3496 5689; baseline 0.001 -15"><span class='ocrx_word' id='word_1_784' title='bbox 2419 5623 2464 5656; x_wconf 75' lang='grc' dir='ltr'><strong><em>οι</em></strong></span> <span class='ocrx_word' id='word_1_785' title='bbox 2497 5621 2766 5676; x_wconf 79' lang='lat' dir='ltr'><strong>Dioscoro.</strong></span> <span class='ocrx_word' id='word_1_786' title='bbox 2818 5621 2940 5678; x_wconf 82' lang='lat' dir='ltr'><strong>Vid.</strong></span> <span class='ocrx_word' id='word_1_787' title='bbox 2989 5630 3028 5676; x_wconf 81' lang='grc' dir='ltr'><strong>ι.</strong></span> <span class='ocrx_word' id='word_1_788' title='bbox 3088 5621 3187 5686; x_wconf 85' lang='lat' dir='ltr'><strong>IV,</strong></span> <span class='ocrx_word' id='word_1_789' title='bbox 3236 5635 3290 5689; x_wconf 77' lang='grc' dir='ltr'><strong>ρ.</strong></span> <span class='ocrx_word' id='word_1_790' title='bbox 3344 5620 3496 5675; x_wconf 71' lang='lat' dir='ltr'><strong>tm.</strong></span> 
     </span>
    </p>
   </div>
   <div class='ocr_carea' id='block_1_114' title="bbox 265 5691 2585 5770">
    <p class='ocr_par' dir='ltr' id='par_1_114' title="bbox 265 5691 2585 5770">
     <span class='ocr_line' id='line_1_114' title="bbox 265 5691 2585 5770; baseline 0.001 -22"><span class='ocrx_word' id='word_1_791' title='bbox 265 5693 311 5723; x_wconf 84' lang='grc'><strong>⁹¹</strong></span> <span class='ocrx_word' id='word_1_792' title='bbox 355 5694 490 5748; x_wconf 76' lang='lat' dir='ltr'><strong>Dum</strong></span> <span class='ocrx_word' id='word_1_793' title='bbox 523 5698 632 5750; x_wconf 63' lang='lat' dir='ltr'><strong>have</strong></span> <span class='ocrx_word' id='word_1_794' title='bbox 664 5709 938 5767; x_wconf 82' lang='lat' dir='ltr'><strong>geruntur.</strong></span> <span class='ocrx_word' id='word_1_795' title='bbox 971 5691 1188 5756; x_wconf 76' lang='lat' dir='ltr'><strong>Scilicet</strong></span> <span class='ocrx_word' id='word_1_796' title='bbox 1212 5715 1355 5755; x_wconf 86' lang='lat' dir='ltr'><strong>anno</strong></span> <span class='ocrx_word' id='word_1_797' title='bbox 1378 5701 1500 5762; x_wconf 72' lang='grc'><strong>447,</strong></span> <span class='ocrx_word' id='word_1_798' title='bbox 1541 5708 1599 5753; x_wconf 82' lang='grc' dir='ltr'><strong>ιιι</strong></span> <span class='ocrx_word' id='word_1_799' title='bbox 1645 5701 1698 5754; x_wconf 91' lang='lat' dir='ltr'><strong>in</strong></span> <span class='ocrx_word' id='word_1_800' title='bbox 1739 5691 1978 5770; x_wconf 81' lang='lat' dir='ltr'><strong>margine</strong></span> <span class='ocrx_word' id='word_1_801' title='bbox 2007 5691 2220 5750; x_wconf 76' lang='lat' dir='ltr'><strong>monuit</strong></span> <span class='ocrx_word' id='word_1_802' title='bbox 2265 5691 2585 5750; x_wconf 84' lang='lat' dir='ltr'><strong>Garnerius.</strong></span> 
     </span>
    </p>
   </div>
  </div>
