4054 6138
435 225 532 291 131

1561 216 1941 280 GARNERII
1979 213 2480 276 DISSERTATIO
2521 217 2568 275 Ι.

3591 210 3693 278 132

432 343 610 414 palma
635 341 856 398 futurus
877 341 1100 396 nobilis.
1134 340 1214 394 Ad
1237 341 1386 393 hunc
1407 335 1812 400 Theodoretus,
1839 349 2002 405 quem
2038 340 2079 392 Α
2107 347 2318 397 errore,
2341 331 2509 395 hunc,
2536 329 2910 386 admonitione
2943 339 3281 400 contempta,
3308 329 3582 387 obstinate
3611 348 3702 388 re-

433 434 539 489 sibi
575 434 938 490 faventiorem
970 433 1166 486 Proclo
1197 429 1473 500 sperabat,
1515 428 1669 483 dedit
1706 427 1920 482 litteras
1949 427 2018 491 ⁸⁷,

431 522 822 593 gratulatorias
864 521 1125 591 primum,
1173 533 1299 572 mox
1349 514 1774 587 deprecatorias,
1821 513 2022 582 quibus

437 611 764 680 imploraret
793 625 978 680 opem,
1008 617 1354 678 peteretque,
1389 622 1462 662 ne
1500 606 1788 660 audiretur
1820 604 2024 658 missus

440 701 496 753 in
525 701 722 756 urbem
759 700 962 770 regiam
990 713 1020 752 a
1047 698 1310 753 Dioscoro
1347 697 1663 768 episcopus,
1685 694 1781 764 qui
1813 702 1868 749 et
1896 708 2024 748 cau—

434 808 523 847 sas
571 792 704 847 dicti
751 791 1095 846 Alexandriae
1127 790 1183 845 in
1210 789 1623 845 Theodoretum
1655 787 2025 842 anathematis

431 889 753 952 exponeret,
797 889 854 934 et
882 881 1272 950 imperatorem
1315 881 1536 950 gravius
1566 887 1808 952 urgeret.
1850 898 1868 929 (
1899 880 2026 934 Dio-

437 991 652 1038 scorus,
700 975 883 1044 inquit
929 973 997 1040 3",
1054 974 1522 1030 calumniantibus
1572 989 1736 1029 aures
1780 974 2022 1037 tradens,

436 1081 551 1118 rem
584 1081 875 1136 aggressus
897 1074 1002 1130 est,
1029 1081 1150 1135 quae
1175 1066 1323 1120 credi
1357 1067 1671 1122 nullatenus
1699 1075 1886 1135 queat,
1918 1065 2026 1121 nisi

443 1164 640 1210 testem
686 1157 917 1211 haberet
954 1157 1274 1210 Ecclesiam.
1324 1157 1473 1212 Tulit
1523 1159 1671 1212 enim
1722 1159 1881 1223 illos,
1931 1156 2028 1227 qui

447 1247 608 1301 nobis
631 1247 955 1302 'anathema
973 1247 1250 1312 dicebant,
1277 1263 1618 1318 surgensque
1643 1256 1698 1302 et
1721 1249 2028 1303 acclamans

439 1339 658 1393 illorum
693 1355 860 1393 voces
891 1338 1241 1394 conﬁrmavit
1269 1357 1280 1393 :
1310 1340 1380 1393 ad
1428 1339 1546 1393 haec
1578 1339 1794 1408 aliquos
1822 1355 1891 1393 ex
1915 1339 2027 1394 Deo

439 1429 783 1484 charissimis
809 1430 1085 1500 episcopis
1106 1431 1160 1484 in
1191 1430 1385 1484 urbem
1410 1428 1615 1500 regiam
1645 1429 1815 1494 misit,
1846 1438 1908 1484 ut
1941 1445 2032 1485 ac-

440 1521 709 1589 cepimus,
750 1520 984 1592 majores
1025 1536 1253 1590 sperans
1283 1528 1476 1574 contra
1515 1534 1616 1574 nos
1645 1520 1912 1576 tumultus
1937 1537 2031 1575 ex-

441 1612 708 1666 citandos.
749 1631 767 1664 ι

510 1701 601 1755 XI.
631 1703 834 1757 Eodem
859 1708 1182 1772 argumento
1200 1702 1421 1771 scripsit
1442 1701 1486 1733 "
1513 1702 1693 1756 Tauro
1713 1711 1770 1757 et
1796 1702 2023 1758 Floren-

443 1793 521 1847 tio
553 1793 820 1863 patriciis,
853 1791 1125 1861 Lupicino
1162 1792 1426 1862 magistro
1467 1791 1797 1857 oﬁiciorum,
1825 1793 2024 1848 Eutre-

443 1883 568 1936 chio
610 1884 894 1951 praefecto,
923 1892 978 1937 et
1020 1882 1274 1937 Anatolio
1313 1883 1565 1952 patricio.
1610 1883 1838 1954 Scripsit
1882 1885 1928 1916 ⁹⁹
1970 1885 2026 1940 in

442 1975 691 2029 eamdem
717 1977 1047 2030 sententiam
1077 1975 1143 2028 ad
1173 1975 1314 2029 alios
1338 1976 1501 2029 etiam
1530 1973 1738 2044 plures,
1769 1977 1883 2032 sive
1913 1992 2029 2031 ma-

444 2076 656 2134 gnates,
683 2066 795 2120 sive
826 2067 1144 2136 episcopos,
1171 2066 1285 2120 sive
1337 2067 1503 2120 etiam
1560 2067 1800 2121 illustres
1844 2068 2028 2123 diaco-

445 2158 622 2211 nissas
645 2157 801 2221 duas,
824 2166 882 2211 ut
903 2173 970 2211 ne
993 2158 1276 2213 videretur
1299 2157 1496 2212 famam
1523 2173 1675 2213 suam
1701 2161 2026 2230 neglexisse,

447 2261 608 2313 quam
637 2244 902 2314 integram
927 2245 1192 2314 praestari,
1211 2245 1437 2314 putabat
1457 2245 1714 2300 Ecclesiae
1739 2245 2025 2300 interesse.

446 2333 589 2401 Quin
623 2343 678 2388 et
711 2335 883 2404 ipsius
912 2336 1149 2404 impulsu
1189 2337 1435 2390 Domnus
1475 2335 1854 2390 Antiochenus
1879 2336 2032 2391 misit

449 2441 548 2480 sua
577 2439 644 2479 ex
675 2425 897 2480 dioecesi
931 2429 1240 2496 episc0pos,
1275 2426 1368 2496 qui
1408 2426 1568 2480 simul
1596 2433 1653 2480 et
1698 2427 2031 2482 Theodoreti

450 2515 818 2585 patrocinium
871 2517 1235 2586 susciperent,
1286 2524 1341 2570 et
1404 2515 1609 2570 illatam
1662 2516 2033 2573 Orientalibus

451 2605 787 2662 Nestoriana:
844 2605 1067 2660 haeresis
1117 2605 1446 2660 calumniam
1491 2604 1784 2669 diluerent,
1819 2612 1874 2658 et
1921 2613 2031 2660 tota

451 2711 617 2765 opum
661 2696 714 2750 vi
763 2710 819 2750 se
869 2705 1210 2766 Opponerent
1257 2695 1499 2750 Dioscori
1552 2695 1805 2758 ausibus,
1843 2695 2035 2750 alienat

455 2784 711 2840 dimcesis
739 2786 792 2840 in
818 2787 942 2856 jura
967 2785 1278 2840 involantis.

1013 2885 1018 2890 ’
1067 2894 1293 2950 CAPUT
1323 2895 1418 2950 IX.

452 2983 498 3040 1.
530 2983 836 3063 __Synodus_
879 2984 1334 3063 Constantinopoli
1409 2987 1660 3063 adversus
1742 2985 2029 3063 Eutychen.
2060 3007 2102 3063 ρ

529 3053 752 3125 11ίρηὶδ
821 3056 982 3125 ipsius
1035 3053 1236 3109 errorf
1268 3057 1354 3110 Ill.
1410 3057 1710 3110 Damnatur
1769 3053 2032 3110 obnitente

527 3122 852 3194 Chrysaphio
879 3127 1127 3196 eunucho.
1159 3126 1244 3180 IV.
1278 3125 1507 3180 Laborat
1536 3125 1881 3196 Theodoretus
1905 3143 2030 3196 pro-

531 3202 647 3267 pter
673 3195 1059 3267 ordinationem
1089 3195 1533 3267 Irpnwidigami.
1570 3195 1633 3250 V.
1666 3195 1925 3249 Indicitur
1949 3213 2034 3267 sg-

530 3263 696 3334 nodus
737 3264 1002 3332 Ephesina
1055 3281 1110 3316 ιι.
1140 3266 1224 3324 VI.
1270 3263 1421 3318 Vetat
1455 3267 1764 3334 imperator,
1790 3282 1862 3334 ne
1898 3263 2036 3320 adsit

527 3332 892 3414 Theodoretus.
924 3334 1035 3387 VII.
1065 3334 1138 3386 De
1162 3334 1506 3404 metmpolitis
1529 3332 1762 3456 kqupti.
1781 3333 1915 3388 VIII.
1939 3336 2035 3390 In-

533 3402 809 3456 dictionem
842 3419 978 3456 mare
1013 3404 1108 3456 fert
1137 3403 1506 3456 Theodoretus.
1527 3402 1618 3456 IX.
1704 3443 1716 3456 .
1736 3404 2035 3456 Damnatur

533 3402 809 3456 dictionem
842 3419 978 3471 (egre
1011 3404 1108 3470 fert
1137 3402 1506 3456 Theoderetus.
1527 3402 1618 3466 IX,
1641 3402 1716 3456 Χ.
1736 3404 2037 3458 Damnatur

528 3471 795 3542 cumaliis
826 3473 896 3542 in
922 3472 1141 3540 synodo,
1177 3473 1232 3524 in
1265 3489 1370 3542 qua
1416 3471 1553 3542 ﬁunt
1579 3474 1754 3526 omnia
1787 3489 1879 3542 per
1910 3477 2034 3530 vim.

531 3539 623 3612 XI,
652 3539 775 3612 XII.
800 3541 931 3612 Acta
955 3539 1210 3612 rescindit
1236 3539 1460 3612 sanctus
1487 3541 1621 3612 Leo,
1639 3544 1731 3612 qui
1763 3539 1940 3597 scribit
1969 3546 2039 3599 ad

531 3609 869 3681 Theodosium
894 3609 956 3681 de
976 3610 1173 3681 synodo
1189 3611 1515 3681 abroganda.
1533 3609 1671 3665 XIII.
1693 3610 2038 3669 Theodoretus

533 3677 768 3752 appellat
802 3677 1038 3752 sedem"
1060 3677 1433 3752 apostolicam,
1495 3680 1797 3752 legatosque
1856 3685 2034 3738 mittit.

531 3746 670 3802 XIV.
696 3747 832 3800 Petit
895 3746 1387 3819 facultateml79
1439 3746 1882 3806 sibi-’dari'eundi
1930 3753 2039 3807 Ro-

533 3834 696 3893 mam,
726 3827 817 3870 aut
855 3818 923 3871 ad
950 3818 1483 3893 ηιιξιίαδῑετὶιιίῃἶίξὶνἐ
1502 3820 1801 3893 Imperator
1831 3824 2040 3893 repellit

531 3888 1027 3960 petitionemsaucti
1053 3889 1254 3942 Leonis.
1280 3889 1417 3944 XVI.
1443 3888 1724 3945 Pulclteria
1756 3888 1912 3960 fratri
1936 3911 2039 3948 non

532 3955 751 4010 obsistit.
786 3957 945 4010 XVII.
986 3958 1329 4012 Theodoretus
1359 3976 1414 4012 se
1463 3969 1511 4011 et
1541 3955 2039 4018 amicos'consortes

531 4025 755 4080 solatur.
796 4025 981 4082 XVIII.
1029 4027 1219 4082 Scribit
1265 4029 1556 4083 Historiam
1605 4029 2036 4087 ecclesiasticam.

867 4139 942 4188 Ab
965 4153 1094 4188 anno
1120 4137 1298 4190 Christi
1332 4141 1420 4188 149
1443 4141 1504 4190 ad
1527 4142 1638 4190 451.

529 4243 572 4297 1.
604 4241 804 4298 Coacta
833 4253 917 4299 est
952 4245 1173 4299 interim
1210 4245 1682 4316 Constantinopoli
1719 4263 1749 4301 a
1780 4247 2040 4303 Flaviano

2123 425 2385 478 tinuerat.

2192 516 2256 570 11.
2288 517 2419 572 Erat
2451 517 2727 590 Eutyches
2772 515 3198 572 archimandrita
3228 515 3574 572 celeberrimi
3611 533 3701 573 cu-

2119 606 2335 676 jusdam
2369 609 2424 662 in
2456 609 2590 662 urbe
2637 608 2784 679 regia
2824 606 3162 670 monasterii,
3191 606 3287 676 qui
3330 606 3463 660 olim
3511 607 3701 663 Nesto-

2125 699 2291 754 riana:
2317 699 2512 755 haeresi
2539 699 2897 771 proﬂiganda:
2919 713 3031 752 non
3065 696 3398 752 mediocrem
3428 713 3552 754 cum
3576 715 3705 755 san-

2126 799 2216 844 cto
2243 790 2511 844 Dalmatio
2538 798 2762 845 navarat
2782 803 3023 859 operam.
3063 787 3452 843 Partiebantur
3481 789 3558 843 illi
3593 790 3706 844 duo

2127 881 2382 936 monachi
2423 881 2808 936 auctoritatem
2830 880 3002 947 aulae;
3032 888 3088 934 et
3116 887 3381 949 quantum
3408 880 3708 937 Dalmatius

2127 973 2275 1042 apud
2315 975 2704 1043 imperatorem
2757 981 2984 1044 propter
3022 973 3327 1029 sanctitatis
3367 973 3706 1044 Opinionem,

2129 1072 2341 1116 tantum
2371 1063 2646 1134 Eutychos
2671 1063 2814 1133 apud
2857 1062 3257 1134 Chrysaphium
3285 1063 3499 1133 imperii
3526 1063 3708 1118 admio

2127 1153 2385 1218 nistrum,
2414 1169 2684 1224 suumque
2715 1154 2770 1208 in
2808 1155 3085 1224 baptismo
3119 1163 3456 1223 susceptum,
3479 1158 3708 1226 propter

2131 1244 2512 1314 cognationem
2537 1244 2872 1315 spiritualem
2903 1244 3139 1299 valebat.
3171 1244 3413 1314 Uterque
3436 1259 3570 1299 vero
3603 1244 3710 1300 fuit

2135 1335 2547 1391 addictissimus
2601 1335 2804 1406 Cyrillo
2847 1352 2860 1388 :
2904 1350 3030 1390 nam
3082 1335 3167 1390 vir
3219 1334 3705 1404 prudentissimus,

2128 1437 2491 1499 praeterquam
2531 1427 2680 1498 quod
2721 1443 2821 1498 pro
2853 1426 2958 1482 ﬁde
2999 1427 3200 1482 acriter
3229 1427 3524 1497 pu’gnabat,
3558 1426 3706 1496 quod

2129 1517 2235 1572 fuit
2275 1518 2410 1573 viris
2453 1519 2615 1574 bonis
2661 1520 2998 1574 incentivum
3044 1518 3114 1574 ad
3173 1533 3452 1583 amorem,
3508 1519 3710 1574 litteris

2131 1611 2248 1665 suis
2277 1609 2672 1664 monachorum
2695 1610 2848 1664 urbis
2887 1609 3049 1681 regia:
3068 1610 3279 1674 Patres,
3303 1625 3442 1678 quos
3479 1617 3710 1664 noverat

2130 1699 2186 1754 in
2223 1700 2346 1755 aula
2380 1699 2634 1772 religiosa
2664 1701 2803 1755 nihil
2831 1715 2942 1754 non
2968 1715 3156 1770 posse,
3193 1703 3250 1754 in
3284 1707 3492 1769 partem
3523 1700 3711 1754 consi-

2125 1791 2330 1846 liorum
2357 1799 2414 1847 et
2439 1807 2634 1862 pugna:
2661 1807 2886 1856 vocans,
2908 1792 3109 1846 mirum
3145 1799 3415 1861 quantum
3441 1791 3546 1846 sibi
3573 1807 3709 1847 con-

2128 1881 2428 1937 ciliaverat.
2461 1883 2533 1938 Ut
2561 1890 2743 1936 autem
2769 1881 2894 1937 ﬁdei
2917 1883 3088 1947 zelus,
3123 1882 3480 1952 virorumque
3521 1882 3715 1938 docto—

2129 1987 2253 2024 rum
2307 1985 2480 2035 amor,
2511 1971 2556 2026 si
2601 1971 2822 2040 quando
2870 1971 3124 2026 inciderit
3171 1972 3225 2026 in
3266 1972 3517 2027 homines
3552 1974 3714 2028 valde

2130 2061 2338 2127 bonos,
2381 2077 2477 2116 eos
2530 2062 2714 2116 reddit
2763 2062 2953 2117 faciles
2997 2063 3176 2132 decipi
3231 2080 3261 2118 a
3312 2066 3714 2122 veteratoribus

2129 2153 2389 2223 pietatem
2429 2153 2711 2218 mentitis;
2737 2153 2816 2208 sic
2838 2153 3123 2225 Eutychen
3142 2155 3439 2224 propensio
3460 2155 3512 2208 in
3537 2154 3714 2226 Cyril-

2128 2245 2265 2310 lum,
2289 2253 2345 2299 et
2367 2244 2552 2299 odium
2578 2245 2839 2309 Nestorii,
2863 2246 3148 2300 monachis
3168 2245 3418 2300 Armenis
3446 2246 3713 2318 Cyrillum

2131 2352 2272 2407 pene
2317 2335 2696 2400 adorantibus,
2747 2336 3059 2391 Nestorium
3109 2337 3261 2392 velut
3301 2338 3452 2393 orbis
3504 2347 3713 2408 pestem

2131 2423 2567 2488 exsecrantibus,
2593 2423 2688 2477 sed
2717 2423 3038 2493 Apollinarii
3073 2425 3262 2480 morbo
3294 2425 3526 2490 aﬁ‘ectis,
3551 2441 3716 2482 aures

2132 2513 2376 2582 prabere
2411 2514 2697 2584 compulit,
2723 2529 2787 2570 ac
2812 2515 3160 2571 sermonibus
3185 2515 3344 2570 ﬁdem
3370 2515 3522 2572 dare.

2207 2603 2439 2673 Propter
2475 2603 2767 2658 nonnullas
2806 2605 2975 2674 igitur
3017 2603 3204 2676 Cyrilli
3247 2606 3548 2662 sententias
3572 2607 3715 2662 male

2137 2697 2465 2764 intellectas,
2490 2697 2706 2753 somnio
2738 2698 2973 2753 similem
2994 2697 3124 2753 fecit
3147 2698 3400 2762 hmresin,
3441 2707 3535 2752 aut
3563 2698 3716 2755 faece

2134 2788 2321 2858 potius
2346 2787 2417 2842 ab
2458 2788 2714 2844 Armenis
2745 2788 3030 2843 monachis
3058 2803 3258 2843 nomen
3301 2787 3475 2844 dedit.
3499 2788 3711 2854 Aiebat,

2136 2886 2198 2932 ut
2236 2877 2440 2942 ferunt,
2469 2877 2607 2933 duas
2646 2876 2814 2932 fuisse
2846 2877 3068 2947 quidem
3095 2885 3222 2932 ante
3254 2877 3513 2933 unionem
3559 2887 3717 2933 natu-

2137 2983 2247 3034 ras,
2272 2968 2368 3024 sed
2412 2969 2481 3023 ab
2517 2969 2767 3024 unitione
2806 2983 2972 3023 unam
3021 2984 3306 3023 remanere
3361 2969 3416 3023 in
3462 2966 3712 3030 Christo:

2135 3057 2257 3128 ejus
2283 3073 2504 3113 carnem
2532 3073 2642 3113 non
2670 3074 2791 3114 esse
2819 3069 3022 3114 nostra)
3048 3059 3592 3121 consubstantialem,
3617 3059 3716 3115 sed

2136 3150 2277 3205 caelo
2301 3150 2528 3220 lapsam,
2574 3165 2673 3220 per
2707 3150 2948 3221 Virginis
2979 3158 3199 3205 uterum
3231 3151 3514 3206 transiisse
3545 3152 3717 3205 veluti

2136 3253 2236 3307 per
2259 3240 2505 3294 canalem
2526 3281 2540 3304 ,
2577 3248 2633 3294 et
2655 3239 2730 3294 ita
2765 3241 2821 3293 in
2853 3240 3032 3295 lucem
3058 3239 3327 3310 prodiisse
3354 3259 3366 3294 :
3404 3258 3524 3311 qua:
3552 3257 3718 3297 causa

2137 3329 2265 3394 fuit,
2289 3340 2350 3384 ut
2377 3346 2405 3384 a
2431 3329 2620 3404 Leone
2654 3332 2846 3402 Magno
2875 3333 2919 3363 ⁹¹
2955 3331 3234 3387 diceretur
3265 3333 3424 3402 180
3450 3332 3505 3386 in
3529 3349 3720 3387 veram

2140 3420 2376 3490 Virginis
2421 3408 2849 3487 maternitatem,
2901 3423 3130 3494 perinde
3183 3439 3247 3478 ac
3279 3424 3584 3488 Nestorius,
3632 3440 3722 3479 er-

2141 3523 2313 3563 rasse.
2354 3509 2559 3565 Verum
2593 3505 2869 3566 hominis
2924 3513 3248 3583 desipientis
3303 3513 3372 3568 ab
3423 3521 3603 3579 aetate,
3661 3525 3722 3570 et

2141 3600 2318 3670 ignari
2351 3617 2452 3671 per
2488 3617 2568 3667 se,
2589 3611 2647 3658 et
2671 3620 2701 3658 a
2732 3605 3223 3674 praestigiatoribus
3245 3605 3496 3659 Armenis
3515 3604 3718 3670 delusi,

2139 3699 2197 3745 et
2234 3691 2350 3747 suis
2396 3693 2613 3748 duobus
2657 3696 2942 3752 monachis
2981 3695 3344 3751 Constantino
3391 3703 3446 3750 et
3498 3696 3720 3752 Eleusio

2141 3783 2385 3848 creduli,
2421 3784 2630 3854 opinio,
2662 3802 2764 3841 nec
2814 3803 2921 3841 una
2972 3787 3110 3853 fuit,
3145 3802 3248 3842 nec
3295 3797 3572 3852 constans,
3619 3787 3720 3843 sed

2141 3876 2566 3941 commutabilis,
2599 3886 2763 3946 prout
2796 3879 3135 3933 contrarium
3159 3877 3421 3948 quiddam
3450 3877 3538 3933 vel
3573 3877 3725 3948 obji-

2142 3976 2388 4032 ceretur,
2424 3969 2509 4023 vel
2531 3968 2698 4022 etiam
2729 3969 3031 4025 diceretur.

2209 4059 2299 4113 Ill.
2329 4060 2627 4116 Damnatus
2655 4069 2739 4116 est
2766 4077 2796 4115 a
2820 4060 3062 4115 Flaviani
3085 4059 3314 4132 synodo,
3346 4057 3722 4130 nequidquam

2143 4150 2430 4207 obtinente
2473 4151 2814 4224 Chrysapbio
2864 4152 3143 4214 eunucho,
3186 4166 3352 4222 quem
3393 4150 3574 4206 minus
3604 4149 3723 4204 Eu-

2147 4241 2326 4313 tychis
2366 4257 2539 4308 amor,
2563 4259 2726 4312 quam
2778 4243 3019 4297 Flaviani
3059 4242 3245 4296 odium
3287 4241 3535 4312 urgebat.
3561 4241 3728 4295 Dam-

464 4333 727 4404 synodus,
768 4350 889 4402 qua:
943 4335 1294 4406 consignatur
1338 4335 1558 4391 Zenone
1588 4347 1644 4392 et
1685 4337 2039 4393 Postumiano
2069 4352 2120 4412 ι)
2144 4333 2422 4387 nationem
2456 4345 2766 4389 consecuta:
2797 4343 2929 4389 sunt
2949 4334 3141 4399 turbae,
3161 4340 3387 4403 propter
3407 4347 3544 4402 quas
3571 4342 3726 4402 post-

465 4438 606 4478 coss.
643 4440 715 4478 rv.
748 4424 828 4478 ld.
853 4424 1116 4479 Novemb.
1143 4426 1264 4480 Non
1307 4426 1412 4481 fuit
1464 4426 1696 4482 fortasse
1739 4427 2040 4494 ordinaria,

465 4514 560 4570 sed
583 4523 644 4569 ut
675 4515 879 4570 habent
901 4524 1042 4581 acta,
1068 4516 1396 4588 ὲνδημοῦσα,
1421 4534 1489 4574 ex
1517 4519 1586 4573 iis
1610 4533 1808 4588 nempe
1830 4518 2046 4588 episco-

465 4605 572 4675 pis,
597 4606 692 4675 qui
737 4607 939 4676 reperti
988 4617 1117 4662 sunt
1160 4609 1216 4663 in
1259 4609 1550 4665 comitatu.
1576 4609 1747 4664 Erant
1795 4626 1930 4666 vero
1975 4611 2045 4666 de

467 4710 621 4750 more
669 4696 911 4767 plurimi.
957 4696 1315 4754 Occasionem
1357 4699 1401 4730 "
1447 4699 1704 4768 cogendae
1745 4699 1876 4754 fecit
1921 4708 2042 4756 orta

467 4787 699 4857 quaastio
747 4789 890 4844 inter
920 4789 1262 4844 Florentium
1324 4789 1576 4845 Sardium
1629 4790 1952 4855 antistitem,
1987 4798 2046 4845 et

469 4877 609 4934 duos
642 4881 762 4950 ejus
792 4880 1090 4950 provincia:
1136 4878 1425 4949 episcopos
1445 4880 1709 4935 Joannem
1755 4888 1813 4934 et
1851 4879 2036 4935 Cossi-

470 4969 625 5024 nium
657 4988 671 5024 :
703 4987 809 5040 qua
842 4971 1001 5026 facile
1041 4969 1212 5036 ﬁnita,
1241 4977 1423 5024 actum
1467 4978 1572 5035 est,
1610 4979 1905 5026 accusante
1937 4971 2047 5026 Eu-

475 5057 628 5113 sebio
655 5060 884 5130 Dorylaei
909 5059 1190 5129 episcopo,
1213 5057 1281 5113 de
1307 5058 1554 5129 Eutyche
1579 5059 1920 5130 presbytero,
1950 5061 2046 5129 qui

473 5147 674 5216 saepius
704 5149 772 5204 ab
801 5149 1037 5205 Eusebio
1074 5150 1249 5206 amice
1288 5148 1603 5204 admonitus
1637 5147 1705 5204 de
1739 5149 2049 5222 abjiciendo

2149 4422 2373 4477 modum
2423 4424 2759 4479 latrocinalis
2802 4424 3038 4494 primum
3090 4423 3332 4495 synodus
3378 4423 3652 4493 Ephesina
3689 4438 3721 4477 a

2151 4514 2482 4578 Theodosio,
2524 4515 2724 4569 deinde
2769 4515 3232 4570 Chalcedonensis
3285 4515 3623 4570 (acumenica
3693 4530 3728 4569 ει

2151 4605 2444 4670 Marciano,
2473 4605 3077 4676 ConstantinOpelitana
3120 4610 3135 4626 ‘
3169 4605 3408 4676 denique
3453 4606 3728 4678 generalis

2151 4696 2392 4752 secunda
2439 4697 2602 4768 longo
2649 4704 2775 4767 post
2803 4705 3044 4768 tempore
3091 4711 3120 4750 a
3169 4696 3479 4752 Iustiniano
3532 4706 3727 4753 coacta

2148 4794 2252 4842 est.

2222 4882 2312 4938 IV.
2362 4883 2587 4940 Interim
2621 4884 3002 4941 Theodoretus
3043 4883 3518 4954 Constantinopoli
3580 4881 3729 4938 male

2151 4973 2430 5039 audiebat,
2450 4991 2556 5030 non
2591 4984 2799 5030 tantum
2823 4975 3088 5031 doctrina;
3110 4990 3275 5031 causa
3303 4976 3726 5044 turbarumque,

2152 5079 2290 5133 quas
2319 5063 2518 5130 ciebat,
2554 5065 2649 5119 sed
2682 5067 2844 5120 etiam
2892 5075 3120 5136 propter
3164 5066 3569 5122 ordinationem
3615 5065 3731 5120 Ire-

2154 5153 2256 5208 naai
2281 5154 2502 5225 digami.
2545 5155 2670 5210 Fuit
2718 5157 2956 5212 [remeas
2985 5172 3171 5212 comes
3216 5157 3344 5224 ille,
3372 5159 3531 5229 cujus
3582 5156 3730 5210 inter

1801 5301 2113 5360 SCIIULZII
2156 5305 2388 5364 ΝΟΤᾸΕ.

560 5416 606 5449 οτ
639 5414 890 5486 Litteras.
918 5413 1237 5486 Vid.‘epist.
1276 5431 1314 5469 ιι
1359 5424 1416 5471 et
1467 5417 1556 5480 se,
1604 5425 1644 5472 t.
1674 5419 1761 5474 ιν.

477 5486 640 5554 epist.
675 5484 742 5554 88
775 5483 864 5554 91.

1867 5420 1912 5452 ⁸⁸
1946 5419 2144 5488 Inquit.
2185 5420 2308 5476 Vid.
2365 5431 2402 5478 t.
2457 5423 2545 5488 IV,

974 5485 1020 5515 9°
1044 5483 1285 5560 Scripsit,
1319 5498 1426 5541 etc.
1458 5487 1581 5560 Vid.
1610 5497 1650 5560 t.
1693 5489 1782 5560 IV,
1811 5491 1971 5560 epist.
2006 5483 2231 5546 93-108.

2577 5439 2631 5496 p.
2699 5423 2854 5478 1156.
2948 5423 3002 5496 δέ
3031 5423 3272 5496 Scripsit.
3339 5424 3560 5496 Vidul.
3630 5423 3726 5489 IV,

2333 5493 2374 5524 "
2411 5491 2767 5555 Occasionem,
2804 5503 2912 5549 etc.
2945 5495 3067 5550 Vid.
3111 5491 3233 5550 A'ct.
3266 5510 3420 5550 conc.
3455 5493 3731 5548 Constan-

480 5553 826 5636 tinopoljtani
863 5553 1068 5610 inserta
1126 5553 1275 5609 Actis
1314 5570 1468 5609 conc.
1522 5553 2005 5614 Chalcedenénsis.
2081 5561 2126 5591 ⁹¹
2168 5560 2230 5615 Ut
2269 5581 2300 5616 a
2331 5561 2501 5617 Leone
2554 5572 2658 5617 etc.
2712 5553 2831 5617 Vid.
2873 5563 3073 5621 Leonis
3119 5565 3189 5620 M.
3220 5565 3527 5636 epistolam,
3560 5573 3599 5618 t.
3632 5561 3728 5631 IV,

478 5637 531 5691 p.
570 5626 589 5679 I
601 5621 627 5675 ⁷1
641 5621 708 5674 93
737 5639 896 5692 seqq.
