4060 6180
283 239 382 305 133

1429 243 1789 302 HISTORIA
1827 243 2337 307 THEODORETI.

3443 254 3544 315 134

280 347 553 419 agendum
586 346 655 401 de
713 344 924 417 synodo
962 344 1236 413 Ephesina
1284 347 1489 399 mentio
1535 347 1658 411 fuit,
1702 349 1866 401 homo

1975 353 2059 420 qui
2097 355 2188 406 sub
2218 355 2379 425 ipsius
2412 358 2656 426 degerent
2690 360 2911 425 diceccsi,
2947 372 2993 413 et
3026 362 3143 415 aliis
3184 362 3425 418 similiter
3455 369 3546 421 de-

281 450 506 512 propter
535 437 820 509 perfidiam
862 437 1181 506 imperatori
1217 438 1447 502 invisus,
1477 439 1570 507 qui
1599 440 1864 509 dignitate

282 528 497 591 comitis
531 534 801 603 privatus,
829 541 884 586 et
924 533 1135 602 eiectus
1171 532 1315 595 aula,
1360 532 1413 585 in
1453 532 1733 587 Orientem
1780 549 1867 587 se-

282 636 521 683 ccﬁerat
542 626 688 695 apud
713 640 828 680 suae
853 624 1109 678 factionis
1147 616 1371 679 amicos.
1400 624 1699 679 Ordinatus
1724 636 1806 679 est
1834 641 1867 680 a

282 717 633 773 Theodoreto
660 715 954 785 episc0pus
985 714 1136 786 Tyri,
1180 732 1490 785 quanquam
1522 732 1630 770 non
1661 727 1770 770 tam
1795 718 1865 771 ob

285 809 553 865 secundas
582 824 711 863 suas
739 808 981 878 nuptias,
1012 823 1176 876 quam
1221 808 1291 862 ob
1340 818 1650 877 suspectam
1703 810 1866 863 fidem

286 910 338 954 et
382 899 619 955 Nestorii
671 900 926 969 pertinax
974 898 1219 952 studium
1277 898 1533 969 indignus
1583 907 1725 964 erat,
1772 899 1865 969 qui

286 992 585 1047 Ecclesiam
617 992 783 1045 ullam
816 998 1051 1060 regeret,
1094 991 1268 1043 multo
1293 990 1473 1043 minus
1498 990 1716 1061 Tyriam
1748 1006 1866 1045 me-

286 1085 618 1155 tropolitano
639 1084 767 1154 jure
800 1082 1041 1136 nobilem
1081 1099 1093 1134 :
1132 1097 1303 1150 quare
1332 1082 1683 1151 imperatoris
1710 1085 1867 1154 jussu

286 1180 339 1233 in
387 1177 642 1231 ordinem
681 1175 934 1229 redactus
970 1182 1089 1237 est,
1124 1188 1187 1226 ac
1239 1174 1421 1243 patrio
1456 1174 1574 1227 solo
1627 1174 1868 1227 circum-

286 1268 546 1337 scriptus.
1076 1270 1083 1277 '

353 1361 507 1415 Fecit
561 1369 624 1415 ea
683 1368 808 1423 res,
852 1368 912 1413 ut
954 1359 1337 1413 Theodoretus
1384 1358 1656 1428 penderet
1696 1357 1867 1411 animi

286 1451 507 1515 dubius,
535 1449 668 1519 quid
710 1457 835 1519 post
883 1448 1244 1519 dejectionem
1289 1448 1477 1502 lrenrei
1518 1456 1703 1517 ageret
1746 1465 1757 1499 :
1799 1463 1869 1502 an

288 1543 571 1598 ordinaret
605 1541 837 1595 alterum
860 1581 873 1606 ,
902 1540 1183 1610 profectus
1235 1539 1472 1610 Tyrum;
1504 1554 1573 1592 an
1624 1555 1682 1593 se
1726 1539 1869 1610 Cyro

288 1635 617 1697 contineret,
649 1641 708 1686 ut
756 1639 875 1686 erat
913 1632 1134 1702 jussus,
1182 1631 1516 1700 viduamque
1573 1630 1699 1701 Tyri
1770 1632 1870 1686 Ec-

288 1727 508 1781 clesiam
566 1725 926 1794 relinqueret.
965 1723 1233 1792 Utrinque
1278 1723 1600 1792 perplexum
1644 1723 1870 1778 videbat

287 1816 591 1886 negotium,
613 1831 736 1870 cum
766 1824 961 1869 neutra
1000 1828 1125 1882 pars
1170 1812 1377 1865 invidia
1410 1822 1652 1877 careret,
1679 1823 1733 1866 et
1753 1812 1872 1866 ani-

287 1926 409 1964 mus
463 1918 645 1962 tamen
690 1908 745 1961 in
771 1907 1059 1970 Irenaeum,
1086 1904 1444 1959 consiliorum
1491 1905 1620 1959 olim
1660 1904 1873 1975 adjuto—

287 2016 423 2061 rem,
457 1999 845 2069 prapenderet.

357 2093 419 2147 V.
450 2091 677 2145 Interim
702 2091 746 2120 ⁸³
776 2089 1106 2159 Chrysaphii
1146 2089 1389 2143 eunuchi
1417 2087 1652 2149 artibus,
1684 2086 1869 2140 Eudo-

289 2185 499 2252 xiaeque
546 2182 769 2251 reginae,
802 2180 1062 2235 muliebri
1098 2180 1155 2234 in
1210 2180 1525 2234 Flavianum
1569 2176 1872 2231 Pulcherim

289 2278 560 2331 faventem
592 2275 719 2328 odio
748 2273 950 2328 factum
980 2282 1083 2336 est,
1108 2282 1167 2326 ut
1189 2273 1380 2326 uxoria
1406 2271 1667 2325 facilitate
1689 2269 1870 2322 Theo-

290 2369 481 2422 dosius
502 2367 768 2438 Eutychis
791 2381 1011 2420 causam
1043 2366 1359 2436 recognosci
1388 2364 1569 2426 vellet,
1600 2362 1871 2430 simulque

290 2457 358 2510 de
408 2457 668 2511 Flaviano
713 2454 903 2509 haberi
940 2454 1229 2525 judicium.
1269 2454 1323 2506 ld
1370 2467 1501 2506 vero
1538 2450 1719 2504 aiebat
1761 2464 1872 2518 prie

292 2548 547 2602 illusione
596 2544 648 2599 id
690 2546 867 2614 ipsum
912 2560 1067 2607 esse,
1125 2542 1273 2612 quod
1325 2541 1656 2610 Ephesinam
1708 2538 1871 2593 fidem

295 2637 500 2692 firmari
530 2655 543 2690 :
569 2651 737 2705 quare
764 2635 910 2705 quod
928 2634 1251 2705 jamdudum
1278 2641 1593 2701 susceperat
1619 2630 1873 2701 cogendae

293 2730 485 2802 synodi
511 2728 865 2785 mcumenicaa
888 2726 1205 2789 consilium,
1228 2726 1669 2794 deposueratque
1696 2722 1870 2793 gravi-

295 2824 396 2879 bus
439 2822 509 2876 de
534 2822 735 2885 causis,
775 2820 1070 2889 resumpsit
1116 2818 1355 2881 tandem,
1383 2816 1758 2887 synodumque
1804 2815 1869 2869 ad

293 2912 564 2969 Kalendas
611 2911 839 2981 Augusti
898 2911 1101 2979 Ephesi
1148 2907 1553 2971 celebrandam,
1611 2906 1872 2960 Dioscoro

296 3006 525 3077 praeside
565 3006 779 3059 indixit.

362 3098 524 3152 Missa
546 3098 595 3128 ”
618 3105 703 3151 est
750 3096 1063 3151 evocatoria
1087 3093 1297 3150 sanctio
1332 3092 1402 3148 ad
1429 3109 1620 3149 omnes
1648 3107 1871 3163 magna-

296 3206 416 3244 rum
480 3189 697 3244 sedium
754 3188 1049 3253 antistites,
1087 3187 1142 3241 id
1171 3194 1278 3252 est,
1315 3186 1384 3240 ad
1427 3195 1675 3241 sanctum
1729 3185 1871 3239 Leo-

294 3296 420 3335 nem
468 3281 677 3344 Romae,
707 3280 865 3349 181
905 3280 1226 3334 Dioscorum
1256 3276 1598 3333 Alexandria:
1616 3318 1630 3343 ,
1657 3276 1873 3331 Flavia-

295 3386 426 3425 num
452 3368 1024 3440 Constantinopoleos,
1060 3370 1332 3423 Damnum
1362 3368 1686 3430 Antiochiae,
1711 3368 1875 3423 Juve-

296 3463 479 3517 nalem
537 3462 1040 3532 Hierosolymorum
1100 3460 1422 3529 episcopum
1476 3476 1488 3511 :
1547 3457 1734 3522 missa,
1786 3457 1874 3511 in-

294 3567 482 3621 quam,
530 3551 731 3621 partim
787 3549 1000 3611 eadem,
1024 3549 1071 3603 si
1120 3549 1260 3603 ratio
1301 3548 1570 3603 habeatur
1611 3548 1874 3618 przecipui

296 3642 540 3712 negotii;
571 3641 770 3710 partim
800 3641 1038 3705 diversa,
1074 3640 1118 3693 si
1151 3638 1405 3709 specialia
1451 3639 1703 3709 quzedam
1752 3653 1873 3692 mo-

295 3735 410 3788 nita
440 3742 499 3788 et
521 3733 672 3803 jussa
697 3742 1034 3803 spectantur.
1064 3731 1122 3786 ld
1147 3731 1469 3802 intelligitur
1488 3747 1555 3785 ex
1582 3731 1719 3786 actis
1741 3747 1875 3786 con-

296 3825 429 3879 cilii.
464 3824 726 3900 Eamdem
773 3822 1134 3886 demonstrat,
1179 3821 1325 3891 quod
1356 3830 1479 3891 post
1527 3822 1723 3876 lectam
1748 3837 1875 3876 san-

296 3918 543 3972 ctionum
603 3931 801 3980 unam,
840 3914 1233 3970 Constantinus
1283 3914 1504 3968 concilii
1553 3915 1880 3970 secretarius

297 4008 462 4071 dixit,
495 4007 674 4061 eodem
712 4016 891 4060 tenore
915 4006 1171 4077 scriptum
1206 4020 1315 4058 esse
1354 4004 1474 4059 aliis
1506 4005 1875 4059 reverendissi-

298 4100 398 4152 mis
429 4100 704 4168 episcopis,
726 4107 783 4151 ut
814 4099 868 4150 in
905 4098 1165 4168 synodum
1195 4098 1547 4149 convenirent.
1580 4095 1875 4151 Diversita-

299 4200 411 4245 tem
460 4191 722 4256 ostendit,
771 4190 917 4260 quod
956 4197 1115 4245 antea
1170 4188 1390 4259 legitur,
1431 4187 1620 4241 haberi
1681 4202 1876 4255 nempe

299 4296 409 4351 pra
449 4279 704 4335 manibus
756 4279 823 4331 τὰ
853 4278 972 4331 θεῖα
1003 4278 1306 4349 Γράμματα
1351 4277 1419 4330 τὰ
1445 4277 1711 4348 διαφόρως
1740 4278 1877 4330 ἁπο-

1966 460 2075 496 cem
2105 447 2300 499 sanctis
2330 449 2602 517 episcopis,
2632 466 2874 503 sermone
2904 462 2950 505 et
2983 456 3085 506 vita
3118 457 3340 520 ornatis,
3372 460 3461 525 qui
3494 461 3548 512 in

1967 536 2205 591 doctrina
2253 548 2301 592 et
2354 543 2571 595 scientia
2625 554 2778 596 recta:
2826 555 2983 615 atque
3027 548 3383 603 immaculata:
3423 551 3550 619 fidei

1967 630 2110 701 apud
2148 640 2355 684 cunctos
2395 636 2701 695 eminerent,
2741 640 2991 706 proximis
3035 639 3288 694 Kalendis
3327 643 3551 712 Augusti

1967 720 2232 790 Ephesum
2271 726 2545 777 convenire
2593 727 2885 794 festinaret.
2931 729 3065 782 Cum
3118 731 3310 785 eodem
3363 742 3552 788 tenore

1967 812 2233 880 scriptum
2270 815 2341 867 sit
2374 824 2424 868 et
2463 817 2586 870 aliis
2617 819 2910 888 episcopis,
2950 821 3003 874 id
3040 837 3107 875 eo
3145 838 3309 877 sensu
3346 824 3552 878 intelli-

1968 904 2205 973 gendum
2237 908 2426 975 procul
2458 908 2627 962 dubio
2668 920 2773 973 est,
2815 928 2925 981 quo
2962 914 3243 982 pertinere
3276 917 3452 984 potuit
3482 915 3551 971 ad

1969 996 2234 1066 singulos,
2270 1014 2467 1068 nempe
2518 1010 2577 1053 ut
2617 1002 2708 1069 qui
2741 1006 3116 1073 metr0politas
3157 1006 3382 1060 haberet
3424 1023 3552 1077 pro-

1970 1088 2087 1158 prie
2130 1088 2338 1154 dictos,
2394 1100 2455 1144 ut
2487 1092 2895 1159 Antiochenus,
2937 1111 3032 1150 eos
3082 1098 3407 1163 adduceret;
3455 1100 3551 1168 qui

1969 1187 2203 1243 careret,
2236 1182 2637 1251 przecipuarum
2685 1184 2969 1240 civitatum
3014 1190 3341 1258 praesulibus
3377 1192 3551 1245 comi-

1971 1267 2217 1322 tantibus
2253 1271 2485 1324 veniret.

2040 1358 2151 1413 Vll.
2194 1360 2531 1417 Evocatoriae
2568 1365 2671 1418 ista
2710 1364 3092 1437 interpretatio
3126 1372 3325 1426 evertit
3361 1372 3556 1428 funda-

1970 1456 2240 1514 mentum,
2271 1465 2381 1519 quo
2420 1466 2574 1505 suam
2618 1464 2873 1509 astruunt
2917 1457 3258 1526 opinionem,
3297 1460 3391 1530 qui
3435 1477 3552 1515 me-

1971 1541 2259 1610 tropolitas
2292 1544 2511 1612 proprie
2540 1544 2717 1598 dictos
2752 1546 2837 1599 bis
2871 1550 3210 1617 temporibus
3240 1552 3293 1604 in
3328 1552 3553 1607 dioecesi

1971 1632 2285 1704 .Egyptiaca
2312 1633 2476 1689 fuisse
2499 1636 2713 1706 aliquos
2745 1640 3010 1694 scribunt.
3038 1640 3393 1711 Metropolitae
3422 1659 3555 1713 pro-

1973 1725 2089 1793 prie
2113 1724 2392 1791 dicuntur,
2425 1742 2533 1781 non
2559 1729 2650 1797 qui
2680 1730 3075 1798 przecipuarum
3102 1733 3318 1787 urbium
3344 1734 3557 1803 episco-

1974 1824 2159 1884 patum
2201 1826 2413 1887 gerant.
2454 1819 2551 1872 sed
2595 1820 2689 1888 qui
2732 1823 3067 1875 convocandi
3113 1840 3223 1878 sua:
3264 1825 3555 1894 provincia:

1973 1908 2227 1971 concilii,
2273 1910 2675 1979 exercendique
2723 1911 2790 1965 de
2838 1913 3100 1982 subjectis
3149 1915 3422 1983 episcopis
3462 1917 3552 1986 ju-

1972 1996 2101 2049 dicii
2149 1996 2239 2064 jus
2287 1997 2591 2053 obtineant.
2635 2000 2769 2054 Nam
2826 2002 3038 2055 tametsi
3090 2004 3371 2067 noverim,
3412 2004 3556 2058 inter

1971 2085 2219 2138 eruditos
2253 2085 2308 2139 in
2341 2089 2776 2143 controversiam
2809 2091 3012 2154 vocari,
3044 2106 3111 2144 an
3142 2093 3291 2145 solus
3318 2092 3554 2146 Alexan-

1972 2176 2167 2229 drinus
2196 2177 2286 2246 jus
2312 2177 2560 2242 haberet,
2592 2181 2739 2249 quod
2772 2180 2978 2235 dictum
3010 2191 3112 2245 est,
3135 2183 3333 2251 aliique
3365 2199 3557 2237 omnes

1974 2268 2142 2321 totius
2176 2268 2509 2339 Egyptiacze
2550 2270 2807 2325 dioecesis
2846 2274 3107 2341 praesules
3146 2289 3306 2342 pares
3342 2274 3554 2342 aliqua-

1973 2366 2133 2413 tenus
2173 2369 2386 2425 essent;
2438 2363 2683 2416 noverim
2734 2364 2943 2432 pariter
2986 2381 3153 2434 super
3195 2382 3259 2419 ea
3307 2382 3364 2419 re
3410 2367 3557 2420 viros

1973 2448 2111 2503 duos
2157 2451 2372 2519 egregie
2418 2450 2608 2505 doctos
2658 2454 2874 2521 scriptis
2906 2469 3216 2523 pugnasse:
3252 2455 3427 2508 dicam
3472 2464 3554 2508 ta-

1975 2558 2122 2605 men,
2162 2542 2364 2610 quibus
2414 2543 2719 2596 rationibus
2763 2544 3034 2597 adductus
3074 2544 3198 2609 sim,
3238 2545 3308 2598 ad
3345 2547 3553 2616 negati-

1972 2650 2094 2687 vam
2132 2645 2341 2702 partem
2380 2632 2801 2688 defendendam.

2043 2727 2422 2781 Animadverti
2458 2728 2637 2797 primo
2664 2729 2716 2781 in
2744 2729 3022 2799 prioribus
3046 2739 3283 2799 quatuor
3306 2729 3557 2784 conciliis

1974 2818 2347 2881 (ecumenicis,
2381 2821 2580 2888 quibus
2616 2822 2991 2875 interfuerunt
3030 2822 3168 2876 bene
3202 2822 3357 2875 multi
3397 2820 3558 2891 [Egy-

1973 2909 2092 2976 ptii,
2117 2912 2585 2979 metropolitarum
2602 2912 2980 2982 Aigyptiorum
3018 2914 3221 2965 nullam
3254 2913 3370 2965 fieri
3400 2927 3554 2965 men-

1973 3000 2210 3063 tionem,
2243 3001 2332 3053 ubi
2370 3003 2597 3055 maxime
2623 3005 2788 3065 solet,
2822 3018 3019 3070 nempe
3044 3003 3098 3055 in
3128 3001 3555 3070 subscriptioni-

1975 3090 2078 3144 hus
2106 3109 2117 3143 :
2151 3092 2352 3143 nullam
2379 3092 2631 3146 similiter
2657 3093 2710 3145 in
2734 3093 3008 3160 Ephesino
3045 3092 3355 3146 Latrocinio
3383 3110 3395 3144 :
3427 3092 3559 3146 nul-

1974 3180 2080 3234 lam
2108 3182 2162 3234 in
2188 3181 2435 3234 conciliis
2462 3182 2619 3251 182
2651 3182 3083 3250 provincialibus
3114 3184 3165 3235 in
3190 3182 3424 3254 {Egypto
3460 3184 3555 3239 ha-

1974 3272 2104 3327 bitis
2141 3290 2153 3325 :
2191 3273 2395 3326 nullam
2446 3273 2499 3325 in
2544 3274 2761 3337 litteris,
2796 3274 2912 3328 sive
2951 3274 3259 3338 Athanasii,
3304 3275 3418 3329 sive
3450 3275 3555 3346 Cy-

1975 3365 2082 3418 rilli
2140 3363 2207 3417 ad
2249 3380 2360 3419 suae
2400 3365 2695 3433 provinciae
2728 3365 3045 3434 episcopos;
3082 3366 3281 3421 deinde
3326 3381 3422 3420 eos
3461 3366 3557 3435 qui

1976 3463 2350 3509 memorantur
2379 3471 2410 3509 a
2442 3455 2763 3510 recentioris
2782 3456 2885 3509 aevi
2924 3456 3307 3525 scriptoribus,
3345 3458 3361 3474 ‘
3395 3456 3557 3509 insti~

1977 3556 2124 3603 tutos
2160 3564 2270 3602 non
2294 3564 2416 3602 esse
2437 3555 2563 3601 ante
2604 3547 2898 3601 Justiniani
2922 3547 3272 3616 imperatoris
3291 3555 3554 3616 tempora.

1977 3641 2090 3695 imo
2117 3640 2263 3710 quod
2291 3639 2357 3693 ad
2418 3655 2535 3693 rem
2569 3649 2894 3709 praesentem
2940 3638 3088 3701 facit,
3130 3654 3159 3691 a
3212 3639 3428 3692 nemine
3474 3655 3561 3692 re-

1978 3733 2280 3786 centiorum
2341 3730 2715 3799 metropolitas
2756 3729 2947 3783 decem
2999 3728 3283 3798 appellari,
3330 3729 3425 3783 sed
3472 3728 3559 3782 vel

1979 3832 2110 3887 tres,
2156 3822 2391 3894 Egypti,
2434 3821 2814 3890 Pentapoleos,
2840 3828 2894 3874 et
2918 3820 3143 3891 Libyes;
3180 3821 3264 3874 vel
3289 3828 3431 3883 octo,
3468 3819 3557 3873 vel

1979 3916 2047 3970 ad
2084 3931 2356 3969 summum
2389 3929 2604 3969 novem.
2645 3915 2845 3968 Verum
2882 3912 2949 3967 de
2984 3914 3069 3966 bis
3101 3914 3386 3968 hactenus.

2048 4008 2186 4063 VII.
2222 4008 2418 4062 Audita
2452 4008 2750 4062 indictione
2778 4006 2968 4078 synodi
2998 4005 3380 4061 Tbeodoretus
3401 4008 3559 4063 haesit

1979 4099 2243 4153 attonitus
2286 4116 2299 4150 :
2342 4098 2601 4152 credebat
2649 4098 2796 4152 enim
2843 4098 3227 4166 imperatorem
3267 4100 3558 4154 consilium

1980 4190 2049 4246 de
2082 4191 2379 4245 indictione
2422 4190 2647 4245 omnino
2688 4190 3031 4260 deposuisse,
3073 4208 3139 4246 ex
3171 4208 3281 4262 quo
3312 4194 3558 4247 reconci-

1980 4282 2143 4339 liatus
2164 4291 2284 4337 erat
2307 4297 2430 4335 cum
2457 4282 2732 4346 Flaviano,
2760 4282 3102 4338 abalienatus
3131 4284 3309 4339 fuerat
3338 4294 3560 4353 propter

301 4372 587 4437 σταλέντα,
641 4386 825 4426 sacras
874 4370 1114 4425 Litteras
1154 4384 1279 4424 cum
1322 4368 1632 4424 ditl‘erentia
1662 4369 1874 4424 missas.
1908 4397 1954 4452 ι)
1983 4376 2274 4431 indicatam
2313 4374 2611 4427 Pulcheriae
2649 4373 3007 4438 molitionem,
3036 4374 3103 4428 de
3136 4375 3250 4443 ipsa
3280 4376 3332 4428 in
3372 4375 3559 4445 diaco-

372 4463 460 4517 Yl.
520 4462 814 4517 Prohibuit
874 4462 1195 4532 imperator,
1247 4477 1316 4516 ne
1379 4462 1762 4516 admitteretur
1824 4463 1880 4516 in

300 4568 622 4609 consessum
657 4553 1059 4617 Theodoretus,
1087 4553 1263 4607 donec
1298 4551 1556 4607 concordi
1598 4553 1767 4607 totius
1799 4568 1885 4624 sy-

300 4646 435 4700 nodi
484 4646 761 4702 sententia
805 4645 1181 4701 admittendus
1230 4644 1530 4698 diceretur.
1570 4642 1882 4699 Observan-

300 4737 435 4792 dum
480 4752 615 4792 vero
661 4737 715 4791 id
757 4737 1011 4807 praecepti
1062 4735 1291 4806 singulis
1337 4734 1713 4789 sanctionibus
1752 4750 1881 4789 con-

303 4829 471 4884 tineri
508 4846 522 4881 :
557 4832 873 4885 continetur
922 4843 986 4882 ea
1027 4837 1210 4889 certe,
1256 4840 1377 4894 qua:
1423 4825 1491 4880 ad
1538 4825 1879 4890 Dioscorum,

302 4936 537 4991 quaeque
575 4919 643 4973 ad
682 4919 1001 4975 Iuvenalem
1030 4926 1086 4972 et
1116 4916 1462 4971 Thalassium
1489 4916 1557 4971 de
1588 4915 1884 4985 praesiden-

305 5013 383 5066 tia
414 5012 618 5082 scripta
658 5021 771 5077 est;
809 5026 911 5066 nec
947 5008 1178 5064 dubium
1214 5007 1351 5078 quin
1387 5007 1510 5062 aliis
1544 5007 1781 5073 duabus,
1815 5010 1881 5064 ad

302 5103 550 5157 Leonem
581 5112 639 5171 et
676 5102 1014 5157 Flavianum.

380 5193 670 5249 laudabat
697 5195 743 5227 "
780 5210 911 5266 ergo
944 5194 1239 5263 imperator
1268 5190 1550 5260 Dioscoro,
1577 5201 1637 5247 ut
1659 5196 1884 5265 sumptis

301 5302 483 5340 secum
529 5288 703 5342 decem
738 5285 1177 5342 reverendissimis
1218 5283 1560 5356 metrOpolitis
1607 5288 1881 5358 episcopis.

1980 4468 2183 4522 nissam
2231 4465 2557 4526 ordinanda,
2593 4472 2649 4518 et
2696 4480 2725 4517 a
2778 4464 3013 4532 publicis
3060 4466 3226 4518 rebus
3271 4482 3367 4533 per
3420 4467 3560 4519 hanc

1980 4564 2156 4611 artem
2204 4553 2535 4608 removenda
2578 4571 2590 4605 :
2625 4568 2793 4621 quare
2837 4553 2988 4606 velut
3024 4568 3197 4622 augur
3235 4554 3428 4617 futuri,
3466 4563 3560 4607 aut

1980 4644 2313 4701 conscientia
2359 4644 2541 4713 potius
2582 4643 2894 4710 instinctus,
2934 4644 3157 4714 scripsit
3188 4645 3397 4699 Domno
3440 4647 3557 4715 epi-

1980 4739 2197 4801 stolam,
2229 4752 2337 4806 qua
2380 4746 2435 4791 et
2476 4737 2551 4791 rei
2596 4737 2902 4802 historiam,
2935 4746 2991 4792 et
3022 4738 3183 4792 animi
3221 4738 3301 4791 sui
3339 4737 3563 4807 aegritu-

1982 4830 2166 4885 dinem
2199 4844 2325 4899 erga
2361 4828 2620 4900 Cyrillum
2663 4830 2890 4900 ejusque
2940 4844 3312 4885 successorem
3356 4829 3557 4897 prodit.

1990 4943 2007 4975 ‹
2047 4922 2324 4985 Cessasse,
2366 4922 2542 4990 inquit
2574 4922 2641 4985 9°,
2683 4922 2860 4976 tristia
2910 4923 3266 4990 speravimus,
3305 4936 3427 4973 cum
3473 4920 3559 4973 in.

1984 5015 2259 5070 dicassent
2306 5014 2465 5069 nobis
2513 5015 2755 5084 quidam,
2803 5014 3124 5067 exstinctam
3179 5028 3299 5067 esse
3338 5012 3560 5068 victoris

1983 5106 2329 5175 imperatoris
2372 5105 2540 5158 animi
2597 5103 3014 5173 :egritudinem,
3048 5102 3356 5172 factamque
3416 5105 3560 5157 inter

1986 5197 2280 5267 ipsummet
2318 5204 2373 5249 et
2404 5196 2515 5250 Deo
2548 5192 2929 5247 charissimum
2962 5193 3281 5264 episcopum
3316 5195 3560 5249 reconci-

1985 5288 2298 5353 liationem;
2350 5302 2411 5341 ac
2459 5286 2647 5358 synodi
2696 5284 2915 5354 quidem
2965 5287 3407 5343 convocationem
3465 5286 3561 5340 de-

1644 5445 1960 5504 SCHULZII
2001 5447 2229 5503 NOTAE.

381 5585 431 5619 ”
457 5583 973 5649 Interim,etc.Vid.
1003 5583 1135 5638 Acta
1163 5578 1721 5649 conc.Cbalc.,part.
1769 5597 1806 5634 ι.
1881 5582 1925 5613 ⁸⁵
1981 5582 2293 5644 Hissa,etc.
2342 5581 2463 5637 Vid.
2507 5583 2672 5640 Cone.
2720 5586 3001 5649 Chalced.,
3052 5586 3229 5647 act.l,
3297 5585 3351 5638 in
3410 5587 3556 5640 Arus

302 5657 514 5728 Ephes.
547 5654 870 5710 Latrocinii.
943 5654 989 5688 ”
1019 5651 1327 5716 laudabat,
1365 5657 1472 5705 etc.
1512 5650 1569 5703 ln
1600 5665 1752 5705 sacra
1794 5651 1860 5706 ad
1902 5652 2220 5709 Dioscorum

2336 5653 2381 5683 "
2414 5650 2611 5724 Inquit.
2642 5657 2789 5723 V'id.,
2831 5667 2961 5712 tom.
3009 5657 3095 5718 IV,
3124 5656 3285 5723 epist.
3316 5655 3434 5709 ΜΞ.
