4048 6174
410 277 510 342 I35

1491 264 1868 328 GAHNERII
1902 260 2400 324 DISSERTATIO
2439 263 2486 320 Ι.

3543 252 3676 324 136

395 386 959 459 siisse,Ecclesiarum
1009 399 1138 439 vero
1185 396 1371 452 pacem
1417 379 1666 435 rediisse.
1706 380 1814 436 Sed
1848 395 1969 450 quae
1997 379 2044 436 Α
2071 374 2248 429 oculis
2285 383 2674 444 usurpaverat;
2711 374 2804 428 sed
2841 373 3004 428 etiam
3041 371 3237 426 litteris
3270 371 3524 426 rescitum
3561 385 3646 429 est

405 481 568 537 modo
605 496 636 534 a
687 479 973 534 sanctitate
1024 486 1113 530 tua
1158 474 1359 542 scripta
1405 481 1552 534 sunt,
1596 471 1834 542 graviter
1871 486 1973 525 nos

405 574 846 627 contristarunt:
884 568 1017 622 nihil
1057 566 1205 620 enim
1255 549 1384 618 boni
1425 579 1491 617 ex
1531 565 1731 634 jactata
1765 562 1974 634 synodo

406 670 724 732 exspectare
775 660 934 720 licet,
986 655 1093 709 nisi
1141 652 1455 706 misericors
1509 651 1774 705 Dominus
1817 650 1974 704 solita

411 761 572 807 utens
625 749 986 821 providentia,
1030 746 1466 800 turbulentorum
1512 743 1817 798 dwmonum
1857 758 1973 797 ma-

409 845 600 898 chinas
651 843 912 897 destruat.
955 859 973 891 ›
1039 837 1176 892 Tum
1232 835 1531 907 interjectis
1584 835 1860 891 nonnullis
1907 835 1974 890 de

409 934 609 988 infelici
637 933 783 988 exitu
822 932 1060 1002 plurium
1091 930 1423 1002 synodorum
1459 947 1471 981 :
1509 947 1526 978 ι
1574 928 1698 982 Haec
1731 929 1971 992 intuens,

406 1032 462 1076 et
500 1021 692 1076 similia
731 1021 1086 1091 prospiciens,
1125 1020 1306 1074 infelix
1343 1019 1519 1073 anima
1557 1034 1675 1072 mea
1716 1020 1971 1088 suspirat,

409 1115 686 1184 lugetque,
721 1111 859 1166 nihil
897 1121 1216 1180 exspectans
1264 1111 1392 1164 boni
1439 1127 1451 1163 :
1490 1126 1667 1179 neque
1703 1107 1848 1166 enim
1890 1113 1974 1166 in-

407 1205 574 1259 situm
608 1203 662 1256 in
702 1201 992 1256 duodecim
1024 1202 1297 1270 capitibus
1329 1216 1597 1255 venenum
1627 1211 1850 1265 norunt,
1882 1203 1974 1271 qui

407 1295 631 1348 aliarum
659 1301 787 1348 sunt
813 1292 1162 1355 dioecesium;
1198 1289 1292 1345 sed
1325 1292 1464 1361 ejus,
1497 1291 1591 1360 qui
1625 1291 1713 1345 illa
1735 1292 1973 1360 scripsit,

407 1384 708 1438 claritatem
735 1381 1100 1445 attendentes,
1136 1382 1266 1435 nihil
1293 1381 1575 1436 sinistrum
1603 1382 1972 1450 suspicantur,

408 1481 464 1527 et
503 1473 598 1543 qui
647 1474 766 1542 ejus
814 1473 928 1526 sedi
979 1472 1258 1536 successit,
1297 1473 1499 1534 omnia,
1535 1473 1752 1541 opinor,
1775 1483 1973 1536 movet,

413 1572 471 1619 ut
499 1565 666 1618 altera
700 1563 908 1634 synodo
942 1563 1032 1617 illa
1065 1561 1350 1617 confirmet
1379 1579 1392 1614 :
1428 1562 1522 1631 qui
1555 1563 1703 1616 enim
1739 1578 1838 1631 pro
1873 1563 1976 1616 im-

409 1657 563 1724 perio
597 1671 771 1724 nuper
799 1654 900 1708 ista
931 1654 1168 1723 scripsit,
1201 1663 1258 1708 et
1293 1654 1361 1707 iis
1393 1654 1486 1722 qui
1517 1654 1864 1723 acquiescere
1893 1655 1980 1710 his

410 1747 644 1808 nollent,
683 1746 970 1800 anathema
995 1745 1158 1808 dixit,
1192 1746 1355 1814 quid,
1387 1745 1685 1815 praesidens
1725 1747 1976 1812 concilio,

409 1854 517 1892 non
552 1839 709 1908 aget?
740 1838 808 1892 At
841 1839 999 1899 scito,
1036 1837 1276 1900 domine,
1321 1839 1597 1892 neminem
1640 1853 1854 1901 eorum,
1885 1839 1979 1908 qui

411 1930 627 1984 insitam
658 1929 712 1982 in
747 1929 833 1984 his
862 1928 1095 1983 hzeresin
1120 1938 1343 1991 norunt,
1377 1929 1672 1983 adductum
1704 1930 1788 1994 iri,
1824 1939 1884 1984 ut
1917 1945 1980 1984 ea

413 2021 656 2090 recipiat,
693 2021 942 2089 quamvis
974 2020 1139 2089 duplo
1173 2021 1358 2090 plures
1389 2021 1704 2076 decernant.
1744 2041 1762 2073 ι
1802 2023 1982 2092 Pergit

410 2121 600 2180 postea
635 2111 876 2164 animum
909 2111 1104 2165 efferre
1146 2111 1200 2164 in
1247 2111 1501 2180 capitula.
1541 2111 1598 2164 ld
1632 2120 1812 2165 autem
1855 2127 1978 2166 cum

410 2215 554 2253 anno
592 2200 696 2253 449
734 2200 956 2253 ineunte
998 2199 1317 2268 contigerit,
1361 2198 1540 2269 magni
1587 2199 1754 2253 refert
1794 2200 1983 2255 obser-

411 2305 587 2351 vasse,
617 2289 682 2342 ad
717 2289 1149 2358 perspiciendam
1183 2289 1513 2343 Theodoreti
1546 2299 1803 2353 mentem,
1839 2293 1985 2362 ejus-

411 2395 518 2449 que
553 2379 606 2433 in
646 2381 916 2434 sententia
965 2379 1033 2434 de
1070 2379 1325 2450 capitulis
1361 2380 1720 2434 constantiam
1761 2390 1856 2435 aut
1887 2397 1984 2450 po,

413 2471 522 2525 tius
558 2471 931 2540 pertinaciam.

483 2560 574 2615 IX.
612 2561 1002 2618 Convenerunt
1045 2562 1208 2633 igitur
1248 2563 1520 2633 Ephesum
1567 2565 1808 2634 undique
1847 2578 1984 2633 pra:-

414 2653 562 2707 sules
599 2669 724 2707 cum
761 2654 936 2708 tribus
986 2655 1131 2710 sedis
1175 2657 1484 2725 apostolicae
1526 2657 1735 2728 legatis,
1770 2655 1985 2710 Juliano

413 2744 690 2812 episcopo,
745 2743 953 2798 Renato
1000 2745 1341 2815 presbytero,
1378 2753 1434 2800 et
1474 2745 1659 2799 Hilaro
1704 2744 1934 2798 diacono
1969 2760 1982 2795 :

418 2833 784 2888 interfuerunt
833 2836 1098 2905 majorum
1143 2835 1354 2890 sedium
1408 2837 1680 2890 antistites
1728 2844 1981 2906 quatuor,

416 2924 711 2978 Dioscorus
761 2924 1159 2988 Alexandrinae,
1201 2927 1440 2980 Demnus
1477 2927 1848 2988 Antiocbcnm,
1886 2929 1984 2982 Ju-

2073 464 2468 520 exsecrandum
2523 474 2578 520 et
2624 465 2919 519 nefandum
2968 463 3209 518 Dioscori
3261 461 3492 526 facinus,
3535 479 3645 532 quo

2074 578 2266 632 nempe
2299 577 2366 616 eo
2407 577 2581 632 usque
2621 560 2854 616 vesaniae
2886 560 3173 629 prolapsus
3197 567 3301 620 est,
3334 565 3391 610 ut
3422 573 3642 611 excomo

2075 653 2458 708 municationis
2523 652 2889 716 sententiam,
2957 652 3132 705 tribus
3188 659 3311 720 post
3375 648 3644 720 synodum

2075 745 2286 810 diebus,
2325 746 2381 800 in
2419 746 2658 800 Leonem
2704 745 2880 814 ipsum
2921 741 3148 806 diceret,
3190 741 3344 811 quasi
3389 740 3646 795 omnibus

2076 837 2402 906 patriarchis
2429 836 2650 901 attritis,
2677 836 2826 891 solus
2856 834 3123 889 dominari
3149 833 3332 887 vellet.

2147 928 2260 982 ΧΠ.
2288 928 2464 994 Quare
2495 943 2742 982 summus
2767 926 3009 996 pontifex
3036 926 3090 978 in
3117 924 3344 995 synodo,
3369 939 3488 993 qua:
3515 932 3649 977 tunc

2077 1023 2144 1077 de
2188 1037 2339 1076 more
2375 1039 2431 1076 Ill
2458 1022 2572 1076 Kal.
2607 1019 2862 1075 Octobris
2915 1026 3264 1081 convenerat,
3310 1018 3571 1072 rescindit
3600 1019 3646 1050 “

2077 1123 2194 1168 acta
2237 1113 2540 1182 Ephesina;
2590 1112 2874 1183 Eutychen
2925 1126 3051 1165 cum
3096 1109 3355 1163 Dioscoro
3400 1108 3643 1170 damnat,

2077 1222 2268 1261 omnes
2296 1221 2397 1274 pro
2433 1205 2536 1258 fide
2569 1220 2756 1274 passos
2779 1219 2930 1257 suam
2959 1203 3013 1256 in
3039 1201 3477 1256 communionem
3513 1198 3648 1253 reci—

2077 1299 2178 1368 pit,
2224 1306 2280 1352 et
2332 1297 2632 1366 apostolico
2676 1296 2864 1366 vigore
2922 1310 3035 1349 rem
3090 1292 3344 1349 Ecclesia:
3395 1291 3648 1345 afflictam

2078 1389 2318 1443 restituit
2358 1406 2371 1442 :
2414 1388 2729 1456 litterasque
2767 1385 2860 1439 dat
2892 1399 2957 1439 ex
3005 1383 3233 1454 synodo,
3271 1381 3456 1435 Idibus
3487 1380 3650 1435 Octo-

2078 1481 2214 1541 bris,
2251 1480 2318 1534 ad
2363 1480 2766 1549 imperatorem,
2804 1476 2871 1529 ad
2921 1473 3286 1535 Pulcheriam,
3327 1471 3391 1524 ad
3441 1470 3648 1524 Flavia-

2079 1590 2230 1638 num,
2265 1573 2334 1626 ad
2383 1567 3044 1636 Constantinopolitanum
3094 1564 3323 1624 clerum,
3359 1561 3426 1614 ad
3472 1561 3654 1615 archi-

2082 1663 2399 1716 mandritas.
2436 1659 2619 1715 Vetuit
2653 1659 2698 1690 ”
2737 1670 2902 1726 porro
2934 1663 3052 1710 acta
3088 1651 3377 1722 propalari,
3411 1650 3587 1704 donec
3616 1665 3647 1704 a

2082 1751 2389 1804 Theodosio
2446 1748 2771 1817 rescriptum
2817 1745 2979 1799 foret.
3026 1742 3247 1796 Litteris
3297 1741 3441 1795 enim
3489 1739 3649 1794 enixe

2078 1843 2308 1913 petierat
2351 1840 2748 1896 mcumenicum
2797 1836 3086 1891 concilium
3132 1834 3271 1888 intra
3311 1831 3446 1886 fines
3483 1832 3652 1886 Italia:

2079 1935 2218 2004 c0gi,
2258 1948 2367 2002 quo
2417 1933 2666 2000 ipsemet,
2701 1929 2915 1998 cognita
2967 1927 3312 1997 judicataque
3361 1922 3648 1976 turbarum

2079 2041 2274 2086 causa,
2320 2039 2450 2094 pace
2501 2038 2690 2076 omnes
2739 2020 3010 2074 Ecclesias
3068 2017 3314 2070 donaret.
3361 2015 3562 2068 Verum
3617 2028 3649 2065 a

2080 2116 2390 2171 Theodosio
2416 2114 2709 2183 repulsam,
2728 2127 2758 2165 a
2783 2110 3069 2166 Pulcheria
3095 2107 3302 2162 nullum
3329 2121 3648 2175 responsum

2080 2207 2289 2276 accepit
2325 2224 2339 2261 :
2373 2203 2762 2276 ingemiscebat
2796 2202 2940 2256 enim
2989 2200 3042 2254 in
3092 2198 3371 2253 Hebdomo
3400 2195 3649 2264 religiosa

2080 2299 2342 2368 Augusta,
2376 2300 2391 2316 ‘
2428 2306 2502 2359 et,
2550 2303 2610 2349 ut
2651 2302 2808 2348 erant
2834 2302 3098 2361 tempora,
3137 2288 3390 2344 Ecclesiae
3431 2285 3650 2340 calami-

2083 2398 2220 2443 tates
2245 2388 2351 2458 piis
2378 2387 2621 2456 quidem,
2656 2384 2749 2439 sed
2784 2384 3037 2438 inanibus
3070 2383 3322 2454 lacrymis
3356 2394 3646 2454 proseque-

2082 2483 2260 2536 batur.

2154 2573 2251 2626 Vix
2278 2588 2308 2625 a
2342 2571 2560 2639 scriptis
2584 2568 2781 2622 litteris
2810 2567 3011 2621 mensis
3036 2580 3178 2619 unus
3205 2564 3506 2625 efﬂuxerat,
3526 2578 3648 2615 cum

2085 2659 2498 2715 Valentinianus
2540 2659 2856 2727 imperator,
2894 2656 3279 2711 comitantibus
3321 2666 3491 2708 matre
3534 2653 3653 2708 Pla-

2086 2753 2227 2806 cidia
2261 2759 2314 2805 et
2346 2750 2588 2806 Eudoxia
2624 2750 2873 2818 conjuge,
2907 2750 3130 2802 Romam
3163 2748 3418 2801 Ravenna
3448 2745 3651 2814 ample-

2085 2843 2282 2896 ctenda:
2322 2841 2585 2910 religionis
2619 2855 2780 2892 causa
2819 2837 2986 2892 venit.
3016 2837 3332 2890 lmminebat
3364 2836 3509 2889 enim
3553 2852 3652 2889 an-

2087 2931 2426 2986 niversarias
2461 2929 2620 3000 184.
2653 2929 2771 2982 dies
2808 2928 3167 2982 dedicationis
3207 2926 3442 2980 basilica:
3469 2925 3652 2979 Sancti

415 3013 623 3067 venalis
679 3014 1198 3085 Hierolosymitame,
1238 3025 1292 3071 et
1345 3017 1632 3072 Flavianus
1677 3017 1986 3072 Constanti-
2011 3029 2054 3087 (ς
2089 3025 2230 3078 Petri
2256 3042 2270 3088 ;
2296 3039 2404 3091 quo
2434 3031 2677 3090 tempore
2713 3021 3030 3088 frequentes
3058 3019 3445 3074 concursiones
3475 3017 3527 3071 in
3555 3017 3658 3071 Ur-

418 3101 776 3171 nopolitanae;
811 3103 906 3157 sed
943 3103 1031 3158 hic
1067 3114 1128 3158 ut
1161 3121 1287 3160 reus
1326 3114 1556 3170 tantum,
1592 3108 1793 3176 quippe
1831 3110 1986 3177 cujus

417 3202 536 3247 acta
582 3194 637 3246 in
681 3193 985 3265 Eutychen,
1023 3196 1180 3266 183
1218 3197 1442 3267 ipsaque
1481 3198 1612 3252 fides
1646 3199 1713 3251 ad
1759 3213 1984 3252 examen

421 3285 660 3340 vocanda
685 3295 848 3341 esset.
875 3287 1062 3341 Adfuit
1086 3289 1358 3359 Eutychos
1384 3305 1509 3344 cum
1536 3291 1656 3344 aliis
1683 3292 1985 3355 monachis,

418 3393 655 3447 quorum
701 3377 812 3431 dux
862 3379 1151 3433 Barsumas
1191 3398 1204 3431 :
1253 3382 1617 3448 praesidebant
1675 3383 1986 3443 Dioscorus,

419 3469 733 3524 Thalassius
763 3478 818 3523 et
845 3469 1143 3523 Juvenalis.
1182 3469 1324 3535 Quid
1370 3473 1556 3539 plura?
1585 3473 1773 3527 datum
1809 3475 1991 3528 conci-

422 3559 495 3613 lio
549 3559 762 3612 initium
819 3558 907 3612 die
959 3559 1170 3613 decima
1220 3560 1477 3630 Augusti,
1538 3563 1662 3616 finis
1707 3564 1992 3632 impositus

423 3647 785 3714 duodecima;
826 3648 1024 3702 relecta
1080 3649 1295 3712 triduo,
1353 3666 1473 3719 qua:
1522 3650 1986 3720 ConstantinOpoli

423 3737 713 3792 Flavianus
762 3747 880 3792 acta
940 3737 1286 3804 confecerat;
1347 3741 1630 3796 absolutus
1687 3743 1989 3814 Eutychos;

425 3828 711 3882 damnatus
734 3827 1020 3883 Flavianus
1047 3838 1102 3884 et
1127 3831 1180 3884 in
1208 3831 1456 3886 exsilium
1485 3833 1700 3902 pulsus;
1729 3834 1989 3904 episcopi,

425 3916 710 3970 intentatis
742 3917 932 3987 jugulo
978 3918 1190 3988 gladiis,
1244 3919 1297 3973 in
1347 3935 1483 3988 pura
1521 3921 1713 3976 charta
1751 3923 1993 3978 subscri-

426 4008 556 4063 bere
591 4010 794 4075 coacti;
830 4009 1075 4080 dejectus
1117 4027 1147 4066 a
1185 4013 1382 4066 throno
1433 4014 1694 4078 Domnus,
1731 4031 1855 4069 cum
1889 4016 1996 4070 Eu-

426 4099 576 4154 sebio
624 4101 875 4172 Dorylaei,
915 4101 1208 4157 Sabiniano
1254 4105 1494 4169 Perrhae,
1536 4106 1627 4160 lba
1663 4107 1898 4169 Edessae,
1932 4122 1996 4162 ac

427 4190 774 4246 Thcodoreto
846 4190 970 4263 Cyri
1040 4195 1347 4266 episcopis;
1428 4199 1692 4270 Evagrius
1771 4200 1998 4271 dejectis

427 4281 741 4351 Aquilinum
783 4283 934 4355 Bybli
971 4295 1249 4354 accenset;
1286 4290 1566 4360 conjectus
1615 4291 1669 4345 in
1720 4307 1994 4346 carcerem

2089 3116 2210 3169 bem
2254 3113 2474 3168 fiebant.
2514 3113 2817 3167 Voluerunt
2852 3126 3046 3180 nempe
3083 3108 3467 3180 religiosissimi
3503 3105 3654 3176 prin-

2089 3207 2240 3274 cipes
2285 3203 2487 3274 templis
2520 3213 2823 3257 sanctorum
2858 3202 3188 3271 praesentiam
3218 3215 3367 3252 suam
3397 3198 3653 3259 exhibere,

2088 3297 2423 3368 sacrilegium
2453 3311 2562 3348 esse
2593 3294 2718 3357 rati,
2748 3294 2793 3346 si
2825 3290 3134 3345 sofemnium
3165 3290 3396 3342 ordinem
3427 3287 3656 3355 denega-

2091 3395 2222 3438 rent.

2159 3473 2321 3538 Quid,
2362 3473 2706 3527 occasionem
2735 3480 2927 3525 nactus
2957 3467 3216 3539 pontifex,
3249 3482 3368 3521 cum
3402 3467 3659 3536 Augustis

2092 3562 2268 3616 tribus
2325 3561 2534 3630 egerit,
2585 3568 2775 3613 narrat
2826 3560 3118 3627 imperator
3167 3558 3281 3626 ipse
3325 3556 3379 3609 in
3435 3556 3549 3610 suis
3591 3556 3658 3610 ad

2092 3651 2461 3706 Theodosium
2496 3651 2710 3703 litteris.
2755 3668 2772 3698 ι
2813 3650 2947 3703 Cum
2983 3649 3344 3709 advenissem,
3378 3646 3573 3716 inquit,
3604 3646 3658 3699 in

2092 3745 2286 3798 urbem
2315 3744 2539 3797 Romam
2570 3742 2636 3795 ad
2661 3740 3008 3796 Divinitatem
3042 3739 3380 3808 placandam,
3409 3738 3660 3807 sequenti

2093 3834 2182 3888 die
2230 3834 2298 3888 ad
2348 3833 2627 3887 basilicam
2668 3831 2895 3900 apostoli
2951 3829 3094 3884 Petri
3139 3829 3403 3898 processi,
3443 3836 3497 3881 et
3551 3828 3662 3880 illic

2093 3934 2217 3995 post
2241 3924 2603 3979 venerabilem
2630 3933 2846 3977 noctem
2869 3921 2978 3976 diei
3009 3921 3260 3990 apostoli,
3281 3929 3336 3974 et
3365 3935 3395 3974 a
3418 3921 3662 3974 Romano

2093 4017 2370 4086 episcopo,
2405 4026 2460 4070 et
2502 4017 2571 4070 ab
2599 4017 2720 4069 aliis
2743 4030 2866 4070 cum
2897 4029 2964 4069 eo
3001 4029 3065 4066 ex
3105 4013 3334 4066 diversis
3363 4009 3664 4080 provinciis

2095 4111 2437 4181 congregatis
2490 4117 2708 4180 rogatus
2744 4123 2863 4161 sum
2907 4105 3146 4161 scribere
3180 4113 3372 4158 vestrae
3412 4118 3664 4157 mansue-

2097 4197 2273 4252 tudini
2317 4199 2384 4251 de
2427 4198 2551 4252 fide.
2597 4216 2614 4248 ι
2654 4197 2792 4250 Tum
2840 4195 3172 4257 admonens,
3217 4208 3322 4262 qua
3373 4191 3664 4246 devotione

2099 4289 2323 4344 deberet
2369 4289 2688 4343 intemerata
2742 4286 2976 4356 propriae
3018 4283 3386 4340 venerationis
3430 4281 3666 4347 dignitas

429 4371 729 4440 Eusebius;
780 4375 1068 4432 Flavianus
1117 4377 1490 4448 deportandus
1536 4381 1768 4437 militum
1811 4365 1992 4438 manui
2028 4363 2071 4417 Ῑ)
2099 4382 2258 4435 beato
2294 4382 2457 4434 Petro
2490 4381 2559 4434 ab
2597 4378 3017 4448 imperatoribus
3057 4375 3388 4440 conservari,
3427 4393 3445 4424 ι
3477 4382 3666 4442 quate-

427 4461 688 4529 traditus;
725 4466 906 4520 omnia
934 4467 1084 4522 velut
1125 4467 1180 4523 in
1224 4469 1526 4526 latrocinali
1560 4475 1794 4528 tumultu
1823 4485 1994 4545 gesta,

429 4555 573 4610 unde
600 4557 761 4611 etiam
790 4560 996 4630 synodo
1025 4559 1227 4617 factum
1263 4562 1462 4618 infame
1495 4579 1714 4621 nomen.

499 4644 566 4699 Χ.
608 4646 825 4703 Hilarus
861 4651 906 4682 ’⁷
951 4650 1253 4721 legatorum
1299 4669 1461 4718 unus,
1498 4669 1622 4710 cum
1669 4657 1762 4710 diu
1797 4657 2000 4712 frustra

431 4737 690 4794 Dioscoro
740 4751 1128 4812 repugnasset,
1172 4743 1412 4798 Leonem
1455 4761 1724 4801 summum
1777 4747 2000 4818 pontiﬁ-

432 4843 552 4884 cem
589 4832 896 4886 moniturus
926 4833 1094 4904 fugit;
1132 4835 1423 4902 incertum,
1456 4838 1588 4905 quid
1627 4853 1807 4907 operae
1837 4856 2003 4895 nava-

434 4919 506 4973 rit
555 4921 835 4988 Julianus;
895 4923 1136 4978 Renatus
1190 4933 1340 4979 certe
1399 4941 1608 4982 summa
1671 4929 1998 4985 confidentia

435 5009 647 5066 obstitit
693 5013 881 5084 synodi
923 5014 1332 5084 malignantium
1371 5016 1607 5084 praesidi,
1641 5025 1697 5071 et
1725 5018 1851 5073 inde
1886 5020 2001 5074 lau-

435 5100 560 5155 dem
590 5119 619 5156 a
647 5119 859 5160 summo
893 5105 1148 5176 pontiﬁce
1171 5107 1488 5176 promeruit.

508 5190 597 5244 XI.
635 5193 753 5247 Non
805 5205 1012 5251 tantum
1059 5197 1308 5261 Hilarus,
1377 5212 1500 5252 cum
1534 5198 1759 5252 Romam
1800 5213 1997 5268 perve-

439 5281 628 5346 nisset,
653 5285 835 5338 retulit
871 5285 938 5341 ad
972 5295 1216 5343 sanctum
1245 5287 1478 5344 Leonem
1504 5287 1572 5342 de
1608 5303 1666 5343 re
1699 5296 1809 5343 tota
1839 5304 2002 5358 quam

2098 4486 2202 4525 nus
2248 4470 2597 4525 beatissimus
2643 4469 2898 4523 Romanae
2935 4466 3174 4523 civitatis
3207 4466 3528 4534 episcopus,
3573 4462 3665 4516 cui

2098 4561 2464 4631 principatum
2493 4560 2776 4614 sacerdotii
2804 4575 2970 4629 super
2993 4573 3182 4613 omnes
3205 4557 3502 4625 antiquitas
3531 4569 3668 4607 con-

2101 4653 2248 4714 tulit,
2277 4653 2455 4706 locum
2494 4652 2690 4705 habeat
2722 4666 2786 4705 ac
2816 4651 3126 4704 facultatem
3161 4649 3229 4703 de
3262 4648 3366 4701 fide
3395 4655 3452 4700 et
3480 4659 3666 4697 sacer-

2103 4743 2326 4800 dotibus
2353 4741 2623 4812 judicare,
2664 4761 2682 4793 ι
2731 4741 2946 4811 pergit:
2991 4758 3008 4790 ‹
3037 4738 3211 4808 Hujus
3239 4737 3318 4791 rei
3359 4735 3554 4805 gratia,
3587 4747 3672 4786 se-

2104 4834 2345 4889 cundum
2376 4833 2773 4888 solemnitatem
2808 4830 3184 4891 conciliorum,
3210 4826 3670 4894 Constantinopo-

2104 4927 2306 4980 litanus
2335 4925 2626 4995 epiSCOpus
2667 4939 2792 4979 eum
2835 4921 3148 4992 appellavit,
3187 4925 3413 4989 propter
3441 4924 3671 4971 conten-

2107 5017 2331 5078 tionem,
2356 5030 2477 5084 quae
2506 5023 2621 5068 orta
2649 5021 2734 5068 est
2752 5013 2819 5067 de
2844 5012 2968 5066 fide.
2997 5009 3135 5063 Huic
3161 5009 3346 5077 itaque
3373 5001 3670 5075 postulanti

2105 5118 2163 5164 et
2193 5109 2498 5178 conjuranti
2523 5107 2749 5161 salutem
2775 5113 3014 5159 nostram
3037 5114 3402 5162 communem,
3429 5109 3672 5152 annuere

2107 5213 2217 5252 non
2265 5197 2496 5268 negavi,
2551 5204 2823 5266 quatenus
2875 5193 2943 5246 ad
2995 5201 3143 5248 tuam
3198 5187 3670 5244 mansuetudinem

2109 5304 2283 5345 meam
2311 5291 2629 5359 petitionem
2660 5290 2984 5359 ingererem,
3007 5292 3068 5338 ut
3095 5283 3390 5354 praedictus
3417 5279 3673 5337 sacerdos

1781 5439 2093 5497 SCHULZII
2135 5443 2368 5500 NOTAE.

512 5550 555 5623 ξτ
582 5549 820 5623 Hilarus,
847 5559 958 5623 etc.
986 5551 1108 5623 Vid.
1142 5554 1316 5623 Epist.
1369 5553 1426 5607 S.
1473 5554 1691 5616 Leonis.
1731 5556 1822 5615 24,
1848 5557 1936 5613 25.
1974 5559 1984 5611 ε

2095 5558 2163 5614 27
2198 5569 2254 5614 et
2303 5559 2393 5615 29.

442 5619 684 5689 "Vetuit,
720 5631 826 5678 etc.
857 5621 982 5678 Vid.
1030 5622 1066 5676 l.
1107 5637 1156 5677 c.
1188 5619 1350 5692 epist.
1387 5623 1460 5676 25
1504 5634 1559 5677 et
1611 5625 1702 5688 26,
1760 5634 1866 5680 etc.

2509 5559 2552 5589 "
2577 5557 2864 5613 Best-indit.
2915 5555 3032 5612 Vid.
3061 5556 3099 5612 Ι.
3134 5568 3186 5610 c.
3217 5551 3377 5623 epist.
3403 5549 3474 5604 22
3495 5556 3551 5605 ct
3583 5546 3670 5601 25.
