4048 6174
335 217 431 281 1·ἒῖ

1502 231 1866 290 HISTORIA.
1905 233 2411 297 THEODORETI.

3490 245 3591 310 133

327 340 677 408 congregatis
711 355 775 394 ex
814 342 963 396 omni
994 343 1127 397 orbe
1161 343 1324 398 etiam
1359 347 1584 416 reliquis
1617 349 1912 403 saccrdoti-
1942 357 1984 410 Λ
2016 353 2320 407 remedium
2361 354 2430 407 ab
2461 369 2526 407 eo
2557 354 2852 424 acciperet,
2879 356 2965 411 cui
2997 356 3202 426 primas
3245 359 3300 411 in
3335 362 3589 418 omnibus

329 431 436 484 bus
468 431 613 484 intra
637 432 868 496 Italiam,
896 435 1044 487 omni
1072 436 1391 506 prmjudicio
1413 439 1686 504 submoto,
1712 457 1741 494 a
1769 441 1912 510 prin-

327 521 475 590 cipio
519 536 740 575 omnem
783 538 1023 586 causam,
1059 540 1181 593 qua:
1227 527 1481 592 vertitur,
1520 529 1749 584 sollicita
1785 546 1913 600 pro-

329 612 552 666 batione
583 628 940 682 cognoscens,
966 616 1289 669 sententiam
1323 617 1480 682 ferat,
1508 634 1669 688 quam
1703 619 1836 675 ﬁdes
1857 629 1912 674 et

329 703 472 756 ratio
504 719 650 757 vene
679 704 985 758 divinitatis
1015 709 1345 776 expostulat.
1376 730 1392 760 ι

398 794 857 864 Congressionem
911 797 1188 865 pontiﬁcis
1240 815 1364 853 cum
1424 800 1750 870 imperatore
1799 806 1913 858 suis

327 899 453 937 cum
499 885 775 954 adjunctis
819 887 1059 941 Placidia
1112 892 1329 943 curiose
1370 902 1591 945 narrat:
1638 913 1655 942 ‹
1690 893 1823 948 Cum
1857 896 1911 949 in

327 977 451 1046 ipso
478 977 731 1046 ingressu
760 977 999 1032 civitatis
1023 980 1259 1049 antiquae
1295 982 1435 1036 hanc
1471 999 1657 1036 curant
1691 985 1914 1040 habuis-

327 1084 536 1131 semus,
568 1077 628 1120 ut
661 1069 868 1122 cultum
899 1069 1218 1124 beatissimo
1250 1073 1411 1126 Petro
1440 1076 1686 1142 apostolo
1719 1076 1913 1129 redde-

327 1175 536 1220 remus,
570 1160 624 1212 in
673 1160 791 1228 ipso
833 1161 1114 1215 adorando
1152 1163 1307 1215 altari
1349 1165 1624 1234 martyris,
1658 1182 1914 1221 reveren-

326 1250 588 1305 dissimus
613 1250 724 1304 Leo
751 1251 1043 1321 episcopus
1063 1254 1346 1323 paululum
1375 1270 1431 1310 se
1459 1265 1583 1325 post
1607 1259 1910 1312 orationem

329 1342 604 1404 retinens,
651 1351 874 1411 propter
915 1344 1241 1399 catholicam
1284 1347 1445 1401 ﬁdem
1493 1347 1637 1417 apud
1684 1365 1784 1402 nos
1817 1349 1913 1404 de-

328 1431 503 1491 flevit,
535 1431 714 1500 ipsum
740 1431 992 1487 similiter
1013 1450 1284 1488 summum
1322 1437 1715 1505 apostolorum,
1748 1455 1909 1508 quem

327 1540 475 1578 nunc
505 1539 685 1592 nuper
711 1523 1042 1589 adieramus,
1077 1535 1269 1580 testem
1305 1527 1589 1597 objiciens.
1625 1531 1912 1601 episcopo-

328 1631 450 1668 rum
490 1614 847 1670 multitudine
884 1616 1315 1686 circumseptus,
1337 1633 1476 1688 qnos
1503 1634 1567 1671 ea
1601 1619 1911 1675 innumera-

326 1705 533 1759 bilibus
581 1704 900 1758 civitatibus
941 1705 1143 1768 Italia},
1193 1722 1292 1776 pro
1339 1708 1646 1777 principatu
1705 1711 1909 1779 proprii

325 1798 455 1859 loci,
490 1812 586 1850 seu
637 1796 902 1866 dignitate
951 1797 1193 1868 collegit,
1245 1807 1300 1852 et
1345 1799 1529 1853 verbis
1574 1801 1910 1869 permiscens

324 1890 612 1960 lacrymas,
649 1888 717 1943 ad
743 1889 1188 1944 communionem
1220 1890 1306 1944 sui
1338 1889 1500 1946 ﬂetus
1535 1901 1752 1948 nostros
1774 1909 1910 1963 quo-

322 1997 434 2051 que
457 1981 696 2051 gemitus
727 1981 1065 2051 provocavit,
1101 2001 1118 2032 ι
1149 1991 1256 2036 etc.

397 2072 591 2126 Tantis
625 2073 882 2142 precibus
913 2073 1050 2126 nihil
1083 2073 1314 2128 indulsit
1340 2073 1704 2140 Theodosius,
1736 2091 1910 2144 usque

321 2163 462 2218 adeo
490 2161 818 2233 Chrysaphii
847 2162 1060 2217 artibus
1094 2163 1455 2228 illudebatur;
1496 2163 1606 2217 imo
1635 2180 1738 2218 nec
1764 2165 1909 2219 aliud

323 2270 655 2323 responsum
709 2254 894 2318 dedit,
945 2269 1109 2324 quam
1159 2270 1269 2324 quo
1318 2254 1634 2308 Flavianum
1682 2256 1911 2309 turbatae

322 2343 588 2398 Ecclesiae
619 2342 822 2397 invidia
851 2352 1127 2406 oneraret,
1157 2343 1426 2412 velletque
1445 2343 1570 2413 jure
1600 2343 1910 2412 depositum

323 2432 503 2488 credi.
562 2433 820 2488 Nondum
875 2433 1254 2489 sanctissimus
1298 2433 1423 2488 ﬁdei
1476 2433 1734 2488 defensor
1797 2435 1912 2504 glo-

325 2526 480 2580 rioso
524 2524 630 2579 ﬁne
671 2525 814 2579 diem
855 2525 1154 2591 clauserat;
1194 2525 1288 2580 sed
1317 2525 1568 2597 Hyptepis
1602 2526 1656 2579 in
1690 2525 1910 2580 civitate

326 2617 514 2688 Lydiae
538 2617 844 2681 exsulabat,
872 2617 963 2670 ubi
988 2625 1107 2686 post
1137 2633 1230 2672 sex
1251 2634 1279 2671 a
1302 2617 1644 2687 depositione
1672 2633 1908 2681 menses,

327 2723 427 2762 seu
473 2707 896 2778 superveniente
943 2717 1151 2773 morte,
1192 2724 1284 2762 seu
1332 2709 1573 2779 ingesta,
1620 2708 1914 2764 defunctus

327 2812 436 2857 est.

403 2891 542 2946 XIII.
574 2892 710 2946 Dum
737 2892 849 2946 haec
876 2899 1165 2961 geruntur,
1191 2890 1594 2955 Theodoretus,
1620 2900 1909 2961 postquam

331 2999 391 3037 se
418 2985 730 3053 depositum
759 2983 969 3048 didicit,
999 2983 1241 3037 decrevit
1272 2983 1337 3036 ad
1372 2983 1555 3036 sedem
1593 2982 1748 3052 185
1779 2999 1909 3052 apo-

331 3076 604 3137 stolicam,
634 3075 738 3129 hoc
765 3081 868 3137 est,
893 3073 958 3126 ad
985 3073 1374 3135 Ecclesiarum,
1405 3089 1526 3142 quae
1562 3074 1614 3127 in
1647 3082 1759 3127 toto
1782 3084 1910 3127 sunt

331 3166 489 3229 orbe,
517 3164 890 3236 principatum
931 3163 1171 3227 mittere,
1207 3163 1299 3232 qui
1348 3178 1501 3216 suam
1542 3177 1759 3216 causam
1789 3179 1913 3233 age—

333 3266 457 3312 rent
493 3271 676 3310 coram
713 3255 860 3324 justo
890 3253 1062 3308 sancti
1101 3253 1302 3307 Leonis
1334 3253 1619 3307 tribunali.
1655 3253 1730 3306 Ea
1767 3253 1913 3322 lega-

331 3349 485 3402 tione
510 3347 681 3400 functi
707 3354 834 3400 sunt
859 3343 1237 3414 chorepisc0pi
1267 3345 1396 3409 duo,
1427 3344 1724 3397 Abramius
1749 3353 1911 3413 atque

334 3438 634 3509 Hypatius,
685 3453 808 3492 cum
859 3435 1055 3507 Alypio
1101 3435 1492 3489 monachorum
1541 3435 1912 3504 Euphratesize

330 3531 595 3584 exarcho.
641 3529 879 3582 Litteras
910 3528 988 3581 illi
1023 3527 1362 3589 detulerunt,
1385 3526 1588 3595 quibus
1619 3525 1684 3579 ad
1727 3527 1912 3582 sedem

333 3618 690 3688 apostolicam
726 3617 1111 3671 Theodoretus
1146 3615 1482 3678 recurrebat,
1518 3634 1534 3666 ‹
1572 3626 1631 3670 ut
1663 3631 1783 3685 quae
1818 3616 1914 3669 ha-

334 3709 510 3771 beret,
542 3708 722 3777 inquit
749 3711 788 3772 ¹,
813 3706 1201 3769 Ecelesiarum,
1234 3721 1355 3776 qure
1382 3705 1436 3758 in
1467 3713 1579 3760 toto
1609 3716 1733 3761 sunt
1757 3707 1910 3772 orbe,

333 3801 738 3870 principatum,
785 3799 972 3853 multis
1022 3798 1369 3864 nominibus,
1422 3808 1585 3869 atque
1642 3800 1746 3854 hoc
1787 3811 1912 3854 ante

331 3887 539 3949 omnia,
571 3887 715 3956 quod
745 3887 813 3940 ab
841 3886 1098 3941 haeretica
1125 3887 1250 3942 tabe
1277 3887 1537 3943 immunis
1563 3889 1780 3951 mansit,
1810 3904 1912 3943 nec

334 3978 480 4030 ullus
504 3977 780 4031 contraria
822 3977 1068 4032 sentiens
1100 3977 1153 4030 in
1195 3977 1290 4031 illa
1326 3979 1488 4042 sedit,
1526 3979 1620 4032 sed
1654 3979 1912 4048 apostoli-

333 4086 454 4124 cam
502 4071 730 4140 gratiam
775 4070 1043 4140 integram
1093 4071 1460 4124 conservavit.
1499 4089 1517 4120 ›

401 4162 480 4214 De
507 4177 732 4215 recursu
761 4161 1091 4215 Theodoreti
1129 4161 1197 4214 ad
1230 4162 1414 4216 sedem
1441 4162 1791 4231 apostolicam
1816 4178 1914 4216 no-

333 4251 558 4305 vissime
596 4251 1000 4306 contenderunt
1042 4252 1280 4322 theologi
1324 4251 1454 4315 duo,
1503 4252 1616 4307 suis
1654 4253 1914 4321 Operibus

2017 451 2202 496 tenere
2234 445 2512 498 convenit.
2540 466 2558 495 ι
2595 444 2648 498 2.
2680 444 2816 500 Cum
2847 445 3165 501 damnatum
3198 461 3261 501 se
3288 456 3346 502 et
3372 448 3590 519 deposi-

2017 543 2128 586 tum
2185 534 2384 604 injuria
2431 545 2780 604 quereretur,
2819 537 3063 605 petiisse,
3102 549 3162 592 ut
3210 540 3591 596 sanctissimus

2012 633 2068 677 et
2131 623 2484 679 beatissimus
2539 627 2726 680 Romae
2792 627 3240 700 archiepisc0pus
3292 633 3590 700 apostolica

2013 725 2283 783 potestate
2344 725 2613 781 uteretur,
2667 727 2721 772 et
2777 729 3095 787 querentem
3151 723 3472 792 praeciperet
3520 725 3589 778 ad

2013 822 2172 860 suum
2219 807 2514 862 concilium
2561 810 2837 864 advolare.
2883 812 2934 863 5.
2985 813 3317 877 Postulasse,
3355 823 3415 868 ut
3444 816 3593 885 judi-

2013 900 2156 954 cium
2191 917 2254 953 ex
2287 901 2508 970 scriptis
2544 902 2994 956 constitueretur.
3028 904 3081 956 4.
3114 903 3322 957 Misisse
3363 914 3472 960 tres
3513 907 3593 960 lo-

2011 999 2193 1059 gatos,
2243 991 2335 1058 qui
2381 991 2626 1044 absentis
2675 999 2856 1060 partes
2900 1001 3143 1060 agerent.
3186 993 3237 1046 5.
3274 993 3590 1051 Institutum

2014 1080 2178 1134 fuisse
2201 1081 2492 1150 judicium,
2520 1082 2664 1150 quod
2690 1082 3152 1138 Chalcedonensis
3179 1085 3439 1154 synodus,
3465 1087 3592 1142 licet

2013 1168 2291 1221 nonnullis
2329 1169 2487 1223 initio
2522 1169 2906 1233 renitentibus,
2949 1179 3137 1225 secuta
3169 1171 3257 1225 sit.
3291 1172 3342 1226 6.
3387 1173 3592 1228 Reddi-

2012 1266 2121 1310 tam
2156 1258 2342 1312 sedem
2380 1259 2610 1323 homini,
2644 1276 2807 1328 quem
2854 1260 3096 1331 synodus
3127 1262 3434 1332 dejccisset.
3467 1263 3594 1320 Hac

2011 1358 2194 1400 autem
2243 1350 2286 1401 si
2331 1351 2602 1419 appellare
2626 1351 2869 1420 judicent
2915 1366 3022 1405 non
3061 1362 3165 1417 est,
3196 1353 3325 1424 quid
3371 1354 3591 1409 tandem

2010 1443 2124 1495 est?

2082 1535 2216 1589 XIV.
2251 1534 2482 1603 Scripsit
2506 1534 2698 1589 eodem
2739 1536 2853 1591 fere
2893 1547 3140 1606 tempore
3165 1539 3181 1555 ‘
3213 1537 3594 1594 Theodoretus

2011 1624 2076 1678 ad
2127 1625 2439 1679 Anatolium
2496 1625 2786 1695 patricium
2833 1627 2875 1688 ³,
2923 1643 3032 1694 quo
3077 1634 3312 1696 patrono
3358 1627 3592 1683 maxime

1945 1695 1984 1750 Β
2014 1716 2291 1777 utebatur,
2326 1717 2484 1769 enixe
2520 1723 2794 1784 precatus,
2827 1724 2888 1769 ut
2921 1718 2989 1770 ab
3019 1695 3350 1788 imperatore
3377 1719 3597 1776 obtine-

2014 1815 2098 1860 ret
2119 1806 2221 1860 sibi
2253 1805 2564 1859 facultatem
2594 1805 2734 1866 tieri,
2752 1808 2840 1861 vel
2859 1807 3024 1861 eundi
3048 1808 3276 1862 Romam
3298 1809 3364 1864 ad
3391 1809 3591 1865 summi

2013 1895 2288 1964 pontiﬁcis
2317 1895 2609 1964 judicium,
2655 1897 2740 1951 vel
2791 1912 2848 1950 se
2899 1896 2966 1950 ad
3017 1899 3410 1952 monasterium
3453 1901 3598 1956 reci—

2011 1982 2219 2052 piendi,
2239 1983 2384 2051 quod
2409 1993 2628 2037 centum
2650 1993 2705 2038 et
2721 1984 2912 2054 viginti
2937 1984 3180 2039 millibus
3194 1985 3357 2057 Cyro,
3376 1995 3595 2056 septua-

2010 2075 2157 2145 ginta
2184 2076 2426 2144 quinque
2456 2076 2768 2140 Antiochia,
2797 2077 3036 2146 Apamea
3068 2078 3246 2133 tribus
3271 2079 3482 2134 aberat.

2083 2165 2222 2220 Sunt
2276 2166 2370 2235 qui
2426 2174 2652 2235 putent,
2708 2176 2966 2221 neutrum
3018 2166 3343 2236 impetrasse
3403 2169 3590 2233 illum,

2011 2255 2336 2311 obﬁrmante
2376 2256 2723 2326 imperatoris
2760 2257 3002 2311 animum
3044 2255 3392 2328 Chrysaphio
3424 2276 3438 2312 :
3469 2273 3595 2328 pro-

2012 2346 2249 2401 babilius
2285 2356 2462 2402 tamen
2499 2355 2604 2410 est,
2639 2361 2766 2400 eum
2800 2363 2926 2401 cum
2972 2347 3320 2416 imperatoris
3347 2347 3507 2402 venia
3535 2349 3594 2403 in

2011 2438 2406 2492 monasterium
2458 2438 2785 2502 secessisse,
2841 2438 2896 2492 in
2951 2452 3127 2507 eoque
3183 2437 3346 2490 vitam
3401 2436 3594 2506 procul

2013 2531 2250 2584 tumultu
2284 2530 2625 2600 negotiisque
2657 2529 2913 2596 duxisse;
2948 2528 3001 2584 id
3033 2529 3181 2584 enim
3229 2529 3366 2598 ipse,
3403 2529 3449 2582 si
3484 2543 3594 2583 non

2011 2627 2199 2690 aperte
2233 2619 2495 2684 declarat,
2541 2619 2722 2672 innuit
2746 2619 2766 2649 ⁸
2797 2628 2945 2673 certe
2992 2619 3047 2672 in
3086 2618 3286 2672 litteris
3322 2616 3389 2671 ad
3427 2615 3598 2671 Andi-

2011 2712 2187 2766 berim
2221 2718 2277 2765 et
2304 2711 2547 2780 Apellam
2586 2718 2710 2780 post
2744 2709 3063 2764 latrocinale
3101 2707 3396 2763 concilium
3430 2707 3594 2770 datis,

2013 2804 2067 2857 in
2118 2803 2320 2873 quibus
2361 2802 2428 2855 de
2475 2817 2576 2856 suo
2625 2801 2966 2869 aliorumque
3011 2800 3097 2854 sui
3137 2798 3534 2854 studiosiorum
3564 2814 3596 2853 e

2011 2895 2232 2949 civitate
2263 2895 2508 2949 discessu
2545 2894 2813 2962 loquitur.
2846 2893 3007 2962 186
3042 2890 3224 2945 lnnuit
3252 2891 3272 2922 '
3296 2901 3351 2944 et
3388 2889 3442 2944 in
3482 2887 3598 2958 epi-

2019 2988 2154 3040 stola
2189 2987 2253 3040 ad
2296 3001 2610 3041 oeconomos
2646 2985 2901 3039 Ecclesiae
2929 2999 3061 3047 suae,
3104 2982 3596 3052 presbyterumquc

2020 3077 2387 3139 Theodotum,
2421 3075 2623 3144 quibus
2646 3075 2846 3128 absens
2869 3074 2982 3125 haec
3007 3070 3199 3125 scribit
3231 3088 3243 3122 :
3279 3089 3296 3120 ‹
3326 3069 3437 3139 Ego
3463 3083 3598 3137 quo-

2019 3185 2124 3240 quc
2161 3169 2180 3199 ⁸
2217 3168 2626 3222 incumbentem
2677 3165 2850 3219 deﬁeo
2895 3163 3295 3226 calamitatem,
3353 3172 3409 3216 et
3462 3159 3599 3215 mihi

2020 3275 2150 3314 sane
2185 3260 2452 3330 gratulor,
2498 3256 2592 3326 qui
2636 3272 2702 3310 ex
2747 3255 3074 3309 tumultibus
3104 3255 3397 3318 evaserim,
3435 3250 3598 3308 mihi-

2019 3367 2125 3421 que
2158 3360 2305 3420 grata
2336 3350 2486 3403 fruar
2519 3347 2936 3418 tranquillitate,
2970 3365 2986 3396 ι
3021 3356 3126 3400 etc.
3165 3346 3284 3400 Non
3327 3343 3596 3398 absimilis

2020 3448 2148 3495 sunt
2201 3456 2319 3508 qua:
2360 3437 2426 3491 ad
2469 3437 2776 3507 Longinum
2811 3433 3298 3491 archimandritam
3344 3431 3599 3486 Doliches

2019 3529 2236 3598 scripsit
2281 3529 2341 3580 τε
2380 3545 2400 3578 ς
2445 3526 2906 3582 Communicastis
2964 3524 3313 3596 passionihus
3358 3523 3595 3586 nostris,

2021 3629 2133 3674 tum
2181 3635 2278 3688 per
2326 3619 2538 3672 litteras
2569 3618 2936 3681 consolantes,
2971 3627 3084 3672 tum
3127 3616 3406 3669 mittentes
3443 3629 3600 3668 reve-

2021 3708 2374 3763 rendissimos
2399 3724 2464 3761 ac
2488 3707 2931 3776 religiosissimos
2960 3706 3269 3759 Matthzeum
3288 3712 3343 3759 et
3365 3703 3596 3758 Isacium

2019 3800 2308 3861 diaconos;
2358 3799 2724 3867 audietisque,
2774 3807 2856 3852 sat
2900 3797 3043 3862 seio,
3087 3813 3116 3850 a
3160 3798 3310 3867 justo
3351 3796 3543 3851 Judice
3583 3814 3593 3847 :

2018 3891 2082 3946 In
2113 3908 2322 3944 carcere
2353 3907 2522 3952 eram,
2565 3899 2613 3942 et
2642 3891 2850 3942 venistis
2875 3889 2944 3940 ad
2974 3904 3055 3942 me
3078 3899 3138 3952 ω,
3179 3907 3196 3938 ι
3242 3897 3348 3941 etc.

2089 3981 2204 4035 XV.
2246 3981 2377 4036 Utnt
2424 3997 2482 4035 se
2527 3997 2613 4034 res
2641 3979 2830 4042 habet,
2870 3979 2980 4033 Leo
3017 3989 3164 4033 certe
3204 3995 3233 4032 a
3266 3978 3594 4039 Theodosio,

2019 4073 2197 4142 quoad
2231 4073 2510 4142 negotium
2546 4070 2909 4140 congregandi
2947 4071 3001 4124 in
3039 4069 3190 4123 Italia
3223 4069 3462 4133 concilii,
3490 4085 3594 4122 una

2019 4179 2142 4218 cum
2178 4165 2561 4220 Valentiniano
2609 4164 2938 4232 imperatore
2987 4171 3042 4216 et
3088 4161 3346 4232 Augustis
3382 4159 3598 4214 duabus

2020 4270 2212 4325 passus
2245 4262 2330 4309 est
2369 4254 2642 4322 repulsam
2679 4270 2690 4305 :
2721 4252 2937 4322 negavit
2976 4251 3124 4306 enim
3155 4267 3294 4321 opus
3328 4266 3447 4306 esse
3489 4250 3596 4303 ulla

333 4341 548 4396 nobiles
578 4360 590 4395 :
621 4343 758 4397 alter
795 4343 1105 4414 confugisse
1142 4352 1353 4397 tantum
1403 4344 1521 4397 vult
1557 4351 1812 4413 tanquam
1842 4343 1910 4397 ad
1945 4383 1993 4441 ο
2021 4347 2248 4419 synodo,
2284 4362 2386 4400 nec
2432 4345 2630 4414 Ephesi
2674 4345 2970 4413 quidquam
3021 4353 3201 4397 actum
3248 4343 3466 4412 injuria,
3498 4341 3593 4395 sed

332 4433 682 4503 praesidium;
728 4435 900 4497 alter,
948 4436 1246 4505 appellasse
1292 4435 1443 4489 velut
1488 4435 1750 4505 judieem.
1801 4435 1910 4490 Sua

335 4532 466 4578 sunt
514 4525 732 4594 utrique
783 4535 1133 4596 argumenta,
1194 4527 1398 4596 quibus
1445 4527 1536 4580 ille
1583 4535 1907 4595 potestatem

333 4617 683 4684 apostolicam
719 4632 972 4672 coercere
1006 4618 1177 4673 videri
1224 4628 1410 4688 queat,
1455 4619 1557 4674 iste
1589 4621 1906 4674 extendere.

405 4707 611 4772 Li-tem,
656 4718 716 4762 ut
762 4725 850 4765 res
897 4719 1052 4775 sunt,
1102 4711 1426 4765 invidiosam
1476 4712 1758 4774 dirimere,
1809 4728 1912 4766 nec

335 4807 522 4853 nostra
556 4799 806 4866 interest,
842 4818 1018 4872 neque
1060 4812 1144 4857 est
1182 4803 1418 4857 animus.
1464 4802 1625 4857 Certe
1651 4807 1668 4834 ³
1698 4813 1910 4858 constat

334 4886 765 4954 Theodoretum,
809 4892 855 4946 si
901 4892 1079 4962 ipsum
1126 4893 1402 4955 audimus,
1441 4894 1460 4945 1
1497 4909 1510 4944 :
1556 4912 1572 4942 ι
1608 4891 1686 4946 Ad
1723 4892 1907 4946 sedem

338 4979 688 5046 apostolicam
744 4985 1082 5046 accurrisse,
1120 4995 1180 5037 ut
1222 4983 1591 5038 Ecclesiarum
1638 4981 1913 5037 ulceribus

407 5145 446 5172 σι
477 5136 661 5190 Matth.
689 5154 812 5202 xxv,
852 5139 939 5192 56.

2018 4437 2332 4492 substitutis
2369 4437 2421 4489 in
2466 4437 2646 4489 locum
2695 4434 3044 4504 indignorum
3089 4433 3434 4503 dignioribus
3472 4431 3607 4509 epi-q

2018 4529 2200 4598 scopis
2247 4542 2470 4596 regnare
2512 4526 2563 4578 in
2603 4525 2845 4580 Ecclesia
2889 4524 3236 4579 concordiam
3287 4531 3342 4576 et
3390 4521 3588 4576 verita-

2019 4628 2150 4675 tem.
2204 4617 2398 4688 Operaa
2446 4616 2682 4687 pretium
2728 4629 2813 4672 est
2845 4617 3106 4671 exhibere
3144 4614 3451 4686 epistolam,
3487 4629 3592 4682 qua

2019 4711 2314 4781 respondet
2350 4709 2761 4774 Valentiniano;
2795 4708 2981 4779 prodit
3010 4708 3156 4761 enim
3191 4719 3474 4776 quousque
3500 4718 3596 4755 eu-

2019 4803 2185 4858 nuchi
2219 4802 2432 4856 artibus
2457 4800 2726 4856 abductus
2757 4800 2810 4854 in
2836 4814 3079 4854 errorem
3119 4805 3265 4853 esset
3292 4813 3302 4846 :
3339 4791 3594 4863 prmfatus

2015 4894 2182 4966 igitur
2213 4909 2334 4965 quae
2365 4892 2676 4948 humanitas
2704 4892 2879 4946 solet:
2914 4909 2932 4942 ‹
2968 4889 3112 4944 Nihil
3144 4886 3312 4948 aliud,
3348 4881 3523 4952 inquit
3547 4881 3589 4941 ⁸.

2015 4986 2301 5048 volumus,
2349 4999 2509 5054 quam
2573 4991 2913 5037 sacramenta
2970 4991 3192 5050 paterna
3238 4992 3333 5048 per
3369 4990 3592 5029 succes-

1669 5252 1991 5309 SCIIULZII
2033 5252 2259 5307 NOT'A'Z.

411 5342 426 5372 ⁸
459 5341 574 5396 Ιηαι

333 5359 656 5469 astitit:
695 5359 897 5476 ‘.'.°iv‘;
923 5359 1249 5484 stant.

335 5493 543 5538 natum.
621 5485 645 5515 ⁸
674 5482 878 5548 lnnuit,
913 5481 1019 5539 etc.
1059 5483 1181 5537 Vid.
1241 5492 1278 5538 t.
1310 5482 1398 5545 IV,
1421 5483 1580 5554 epist.
1638 5481 1756 5544 106,
1789 5482 1890 5537 107
1911 5492 1967 5537 et
1994 5481 2112 5537 146.
2196 5483 2216 5513 ⁸
2245 5482 2357 5551 Ego
2388 5497 2616 5549 quoque,

338 5568 522 5608 ranam
571 5554 954 5610 scholasticam
1007 5554 1290 5619 desumpta
1345 5561 1493 5608 sunt.
1599 5554 1616 5581 ⁷
1649 5549 1884 5619 Scripsit.
1926 5552 2040 5603 Vid.
2111 5563 2148 5601 τ.
2201 5552 2287 5610 IV.
2321 5550 2481 5619 epist.
2527 5551 2618 5605 151

338 5568 522 5623 ranam
571 5554 954 5610 scholasticam
1007 5554 1290 5623 desumpta
1345 5561 1493 5608 sunt.

333 5621 614 5684 Cltalccd..
666 5635 805 5696 part.
853 5639 888 5678 ι.

651 5717 919 5778 ΡΑτιιοι..
967 5717 1080 5778 Gtt.
1130 5707 1442 5777 LXXXIV.

575 5343 656 5415 tit.
690 5343 812 5415 V'id.
857 5352 897 5397 t.
943 5345 1033 5409 IV,
1065 5344 1226 5415 epist.
1262 5341 1361 5415 ll3_
1387 5353 1442 5415 e_t
1469 5345 1590 5398 116.
1669 5345 1688 5374 ⁸
1721 5343 1891 5415 Certe,
1917 5344 2176 5415 etc.7Vid.
2210 5344 2376 5415 epist.
2414 5343 2627 5415 citatas
2651 5350 2726 5415 εξ
2762 5341 3078 5415 A_ct_a_conc_.
3106 5334 3386 5415 Chalced.
3417 5401 3433 5415 _
3461 5332 3593 5415 :Ad

1352 5413 1372 5444 ⁸
1398 5413 1603 5474 lnnuit,
1654 5422 1761 5466 etc.
1803 5401 1902 5467 Viti

2013 5414 2120 5470 list.
2166 5401 2364 5472 utet
2404 5401 2609 5477 “5,1.
2651 5410 2738 5466 tv.
2791 5408 2932 5478 Add.
2977 5407 3138 5478 epist.
3187 5405 3328 5478 tte,
3364 5401 3452 5478 ad_
3479 5402 3586 5478 ξεε.

2196 5483 2216 5513 ⁸
2245 5482 2357 5551 Ego
2388 5471 2616 5549 quoque,
2651 5488 2758 5534 etc.
2789 5477 2914 5534 Hac
2937 5471 3202 5570 [eiep’ist
3235 5474 3356 5535 IQ‘.
3386 5471 3452 5527 ad
3479 5471 3583 5526 Ma—

2201 5552 2268 5582 n7
2321 5550 2462 5582 ολὲρο
2527 5551 2615 5582 νυ
2742 5551 2762 5582 ι
2797 5548 2968 5582 ι-ηιηο
3055 5545 3154 5582 τιυὶ
3247 5543 3372 5582 Arta
3425 5552 3581 5582 rnnc-

2790 5548 2987 5618 lnquit.
3055 5543 3176 5602 Vid.
3242 5543 3374 5598 Acta
3425 5552 3581 5594 conc.

3221 5703 3256 5766 5
