4048 6174
418 232 535 298 ’139

1558 222 1929 283 GARNERl-l
1974 221 2468 284 DISSERTATIO
2510 225 2556 284 I.

3572 226 3680 292 140

428 335 638 399 aionem
691 341 849 395 nobis
884 337 1085 394 tradita
1121 337 1506 391 inviolabiliter
1534 335 1799 391 custodiri
1832 353 1844 387 :
1877 350 2004 404 pro-
2040 342 2076 395 Λ
2110 350 2215 405 que
2252 345 2623 406 paupertatem
2643 336 2819 406 plenis
2845 353 3101 392 curarum
3130 335 3337 391 divitiis
3373 347 3673 406 antepona-

418 442 554 503 -pter
594 433 736 486 hanc
767 446 1010 492 causam,
1050 429 1307 498 quoniam
1348 427 1611 495 quosdam
1649 427 2004 496 cognovimus

429 525 810 578 sanctissimas
864 519 1138 575 Ecclesias
1199 517 1424 571 nocibili
1481 515 1723 571 novitate
1759 514 2000 576 turbare,

428 615 698 685 synodum
747 610 1090 667 decrevimus
1147 608 1348 677 Ephesi
1409 606 1554 671 fieri;
1605 609 1666 661 in
1715 605 2002 675 praesentia

428 704 631 773 quippe
660 700 1242 757 reverendissimorum
1265 697 1665 767 episcoporum,
1684 712 1806 750 cum
1832 697 2003 750 multa

426 795 682 850 libertate
717 808 781 848 ac
820 792 1031 861 integra
1065 789 1320 851 veritate,
1351 795 1408 841 et
1446 786 1653 857 indigni
1696 786 2003 841 sacerdotio

426 886 621 940 remoti
649 891 795 947 sunt,
825 889 881 937 et
902 882 995 951 qui
1019 880 1250 951 judicati
1273 886 1404 933 sunt
1426 893 1546 932 esse
1565 877 1736 947 digni,
1763 878 2000 946 suscepti

423 982 584 1037 sunt;
620 972 756 1026 nihil
803 971 972 1042 igitur
1014 969 1082 1024 ab
1122 968 1209 1022 his
1249 967 1588 1022 contrarium
1635 967 1835 1036 regula:
1875 966 2001 1022 ﬁdei

419 1072 519 1119 aut
551 1062 780 1134 iustitiae
815 1061 1021 1116 factum
1053 1072 1175 1115 esse
1213 1059 1596 1129 cognovimus;
1633 1058 1814 1112 omnis
1868 1074 2002 1113 con-

418 1153 596 1207 tentio
642 1166 800 1206 sacro
841 1150 1052 1221 judicio
1097 1148 1406 1204 examinata
1436 1156 1538 1202 est.
1584 1147 1872 1201 Flavianus
1900 1162 2001 1201 au-

410 1252 566 1305 tem,
618 1241 712 1310 qui
755 1254 884 1295 reus
922 1238 1196 1293 iinventus
1266 1246 1352 1292 est
1408 1236 1653 1292 laesibilis
1714 1236 1997 1300 novitatis,

421 1333 663 1388 debitam
682 1347 899 1401 pinnam
932 1330 1172 1399 recepit;
1207 1337 1262 1383 et
1297 1329 1401 1383 hoc
1433 1336 1662 1392 remoto,
1697 1328 1876 1382 omnis
1898 1342 2001 1396 pax

421 1434 475 1479 et
495 1423 674 1478 omnis
694 1422 987 1478 concordia
1018 1431 1207 1492 regnat
1228 1421 1283 1475 in
1310 1420 1586 1480 Ecelesiis,
1610 1430 1664 1474 ct
1688 1419 1824 1473 nihil
1849 1419 1999 1474 aliud

418 1530 583 1583 quam
618 1513 821 1568 veritas
850 1512 1018 1581 viget.
1056 1529 1074 1562 ι

494 1625 628 1680 XVI.
670 1622 812 1690 Quid
865 1621 1084 1677 interim
1133 1620 1454 1675 Pulcheria?
1501 1621 1999 1690 Quantumcunque

2106 441 2249 481 IIIUS.
2283 447 2300 478 ι

2178 540 2274 595 llis
2309 550 2358 597 et
2385 540 2506 594 aliis
2545 541 2887 595 sustentabat
2918 542 3160 597 animum
3180 546 3291 616 jam
3342 544 3505 598 malis
3539 543 3679 598 edo-

2100 627 2332 691 'mitum,
2361 636 2417 682 et
2454 643 2482 682 a
2512 628 2745 697 pristino
2797 645 2987 686 errore
3034 648 3229 704 magna
3263 648 3331 688 ex
3361 642 3519 703 parte
3549 649 3680 688 cor—

2105 726 2335 773 rectum.
2370 719 2623 776 Errorem
2655 737 2784 776 vero
2812 723 2914 779 etsi
2939 723 3155 778 erudita
3204 724 3544 794 professione
3585 726 3679 779 lit-

2106 808 2243 863 teris
2278 810 2347 864 ad
2391 810 2741 867 Timotheum
2768 815 2809 846 “
2864 814 3183 884 episcopum
3236 816 3456 885 scriptis
3494 816 3679 885 reipsa

2106 906 2364 963 revocat,
2408 916 2697 958 revocasse
2736 911 2918 959 tamen
2962 904 3135 959 videri
3181 921 3290 959 non
3324 907 3477 972 vult;
3536 903 3679 961 adéo

2104 985 2325 1041 diﬁicile
2353 996 2437 1042 est
2463 991 2823 1060 magnanimis
2855 994 2869 1009 '
2894 989 3273 1060 pmnitentiam
3295 990 3473 1046 fateri.

2103 1130 2106 1134 .
2176 1078 2255 1132 Ad
2295 1079 2667 1136 discutiendas
2712 1083 2917 1137 erroris
2974 1082 3205 1137 nebulas
3252 1083 3486 1138 multum
3535 1084 3680 1138 lueis

2104 1171 2337 1224 contulit
2391 1172 2618 1241 epistola
2671 1175 2847 1229 sancti
2891 1174 3093 1229 Leonis
3135 1175 3204 1229 ad
3258 1175 3577 1233 Flavianum
3607 1182 3680 1231 de

2103 1261 2480 1317 incarnatione
2516 1281 2529 1317 :
2558 1279 2678 1319 eam
2721 1265 2870 1320 enim
2897 1267 2939 1297 ι’
2985 1267 3384 1329 Theodoretus.
3421 1270 3554 1322 dum
3588 1282 3677 1322 at-

2103 1353 2309 1406 tentius
2332 1354 3186 1428 perlegeret,distinctionemque
3212 1364 3532 1416 naturarum
3561 1375 3680 1414 am-

2102 1443 2331 1509 barum,
2350 1447 2553 1515 quibus
2599 1446 2853 1502 Christus
2883 1458 3117 1515 constat,
3157 1459 3347 1520 aperte
3368 1441 3677 1521 praedicari

2102 1532 2602 1600 animadverteret,
2656 1550 2809 1591 suam
2848 1537 2953 1592 sibi
2996 1554 3125 1593 cum
3167 1539 3468 1596 Christiani
3518 1540 3678 1596 orbis

2104 1623 2361 1693 magistro
2386 1625 2806 1680 consensionem
2838 1628 3162 1697 gratulatus,
3211 1628 3265 1684 id
3296 1629 3500 1695 effecit,
3549 1631 3674 1702 opi-

419 1715 782 1769 inclinaretur
816 1714 889 1768 lin
932 1722 1123 1783 partes
1165 1713 1363 1767 summi
1410 1712 1713 1782 pontificis,
1762 1713 1997 1768 volentis
2032 1692 2071 1746 Β
2101 1692 2221 1779 nor,
2266 1715 2413 1785 quod
2460 1716 2754 1786 aliquando
2781 1692 3101 1787 praestitisse
3133 1730 3345 1776 certum
3374 1731 3459 1777 est
3490 1740 3505 1777 :
3557 1692 3677 1793 epi-

417 1808 759 1862 tecumenico
786 1805 1022 1861 concilio
1055 1798 1404 1859 latrocinium
1438 1804 1774 1873 Ephesinum
1809 1820 1999 1859 emen-

412 1893 566 1958 dari;
596 1910 773 1966 eoque
806 1895 1047 1950 ferretur
1068 1895 1277 1964 ,partim
1313 1894 1513 1949 Leonis
1544 1894 1760 1956 litteris,
1796 1895 1993 1965 partim

414 1983 742 2057 Chrysaphii
782 1983 931 2048 odio,
965 1986 1162 2053 partim
1201 1989 1395 2052 sponte
1440 1996 1559 2044 sua,
1590 1991 1646 2035 et
1678 1979 1803 2035 ﬁdei
1843 1980 1989 2047 zelo;

419 2076 640 2130 nolebat
667 2085 848 2131 tamen
881 2091 968 2130 res
993 2073 1303 2130 Orientales
1330 2073 1385 2127 in
1411 2071 1710 2128 Occidente
1740 2071 1846 2142 agi,
1878 2079 1993 2125 tum

418 2174 478 2219 ut
526 2172 846 2235 parceretur
898 2164 1121 2220 Patrum
1167 2162 1334 2217 maris
1378 2159 1781 2232 impatientium
1833 2176 1995 2215 vexa-

418 2256 585 2320 tioni;
626 2263 741 2309 tum
790 2270 862 2309 ne
901 2251 1472 2322 Orientalisimperii,
1505 2250 1851 2319 seniorisque
1883 2254 1993 2304 Au-

416 2347 562 2417 gusti
606 2347 860 2417 maiestas
895 2345 1258 2409 minueretur,
1303 2353 1420 2398 tum
1465 2342 1704 2412 denique
1740 2356 1811 2395 ne
1857 2355 1994 2410 prae-

415 2448 561 2493 esset
592 2437 852 2503 Placidia,
877 2438 965 2493 cui
1006 2436 1260 2492 muliebri
1294 2433 1641 2491 aemulatione
1675 2447 1815 2502 pene
1845 2430 1990 2486 invi—

416 2530 580 2584 debat
618 2549 631 2584 :
663 2545 835 2599 quare
891 2528 1085 2584 maluit
1136 2536 1376 2584 mentem
1424 2533 1642 2598 tegere,
1691 2539 1761 2578 ne
1804 2522 1992 2577 fratris

416 2620 659 2675 animum
696 2618 1084 2689 suspiciosum,
1121 2633 1224 2673 nec
1264 2616 1398 2672 satis
1417 2630 1637 2686 aequum
1678 2610 1857 2669 sorori
1895 2626 1993 2665 an-

414 2719 586 2779 geret,
619 2724 687 2763 eo
729 2709 1031 2778 praesertim
1071 2714 1339 2777 tempore,
1370 2719 1481 2776 quo
1502 2719 1645 2775 aegra
1677 2700 1990 2758 valetudine

406 2803 694 2866 utebatur,
721 2815 825 2856 nec
861 2800 957 2855 diu
989 2800 1240 2854 victurus
1267 2798 1442 2854 videri
1470 2804 1705 2868 poterat.

489 2915 645 2985 187
676 2912 839 2967 XVII.
863 2911 1087 2966 interim
1120 2910 1502 2965 Theodoretus
1549 2907 1906 2963 Sabinianum
1934 2914 1989 2960 et

2098 1806 2252 1862 stolze
2274 1808 2474 1862 summi
2500 1808 2778 1878 pontiﬁcis
2802 1810 3086 1881 subjunxit
3124 1828 3235 1868 non
3259 1829 3414 1869 suam
3458 1822 3674 1870 tantum

2098 1896 2586 1968 subscriptionem,
2611 1899 2757 1969 quod
2789 1901 2973 1956 minus
2988 1902 3313 1970 videbatur;
3364 1905 3458 1960 sed
3483 1921 3548 1960 ea
3588 1905 3675 1960 in-

2097 2001 2264 2055 super
2316 1988 2627 2044 testimonia
2669 2006 2789 2059 quae
2838 2006 2907 2046 ex
2951 1991 3266 2049 Occidentis
3319 1994 3672 2067 Orientisque

2095 2076 2351 2132 Patribus
2400 2088 2526 2134 ante
2570 2089 2808 2151 quatuor
2858 2098 3032 2139 annos
3087 2085 3400 2157 collegerat,
3456 2104 3675 2159 suoque

2094 2166 2331 2238 dialogo,
2362 2169 2454 2237 qui
2484 2170 2810 2227 lnconfusus
2847 2173 3187 2241 inscribitur,
3219 2177 3486 2234 adversus
3533 2196 3670 2235 con-

2094 2256 2364 2314 fusionem
2422 2260 2805 2331 imperitorum
2863 2266 3263 2322 monachorum
3322 2268 3668 2336 inseruerat,

2044 2339 2055 2346 ’
2093 2365 2204 2419 quo
2224 2350 2630 2422 subscriptores
2654 2368 2839 2409 secum
2876 2356 3195 2421 adduceret,
3239 2359 3495 2417 Ecclesia:
3532 2378 3672 2432 prae-

2094 2438 2462 2494 SIantissimos
2488 2442 2794 2511 magistros.

2166 2548 2316 2605 lianc
2341 2551 2590 2606 eamdem
2631 2554 2917 2624 epistolam
2950 2557 3258 2615 certissimo
3285 2576 3386 2616 suo
3433 2571 3668 2631 patrono

2091 2638 2345 2693 Anatolio
2371 2641 2603 2710 patricio
2629 2645 3162 2716 Constantinopolim
3192 2650 3495 2706 transmisit
3519 2669 3531 2704 :
3552 2667 3667 2707 non

2092 2726 2284 2795 utique
2352 2729 2578 2794 nudam,
2622 2730 2765 2785 sicut
2805 2747 3066 2801 venerat;
3101 2737 3234 2806 quid
3270 2738 3416 2792 enim
3472 2739 3668 2795 fuisset

2092 2831 2251 2888 Opus,
2281 2835 2407 2873 cum
2472 2821 2526 2875 in
2563 2823 2699 2877 urbe
2740 2825 2886 2895 regia
2912 2835 3186 2882 tereretur
3214 2830 3461 2884 omnium
3490 2831 3668 2884 mani-

2091 2910 2237 2965 bus?
2261 2912 2422 2983 188
2450 2914 2546 2969 sed
2578 2916 2927 2982 testimoniis,
2958 2935 3078 2988 quae
3105 2920 3240 2987 dixi,
3288 2922 3510 2977 Patrum
3545 2939 3667 2978 mu-

413 3006 584 3069 lham,
608 3005 960 3074 seipsumque
988 3001 1189 3056 litteris
1212 3000 1513 3064 solabatur,
1539 3007 1596 3054 et
1642 2998 1799 3068 quasi
1831 2997 1985 3052 frue-
2017 3018 2058 3073 ο
2090 3002 2283 3068 nitam,
2310 3015 2370 3059 ut
2393 3006 2553 3060 ﬁdem
2576 3022 2730 3061 suam
2755 3008 2999 3079 apertius
3025 3012 3363 3068 ostenderet.
3402 3033 3420 3064 ‹
3455 3015 3661 3069 Rerum

414 3098 576 3152 batur
592 3095 1032 3151 adversariorum
1049 3094 1149 3157 ira,
1170 3092 1224 3146 in
1249 3092 1317 3147 iis
1337 3107 1592 3162 magnum
1619 3091 1841 3161 quidem
1860 3088 1987 3143 ﬁdei

414 3186 677 3250 studium,
732 3199 1091 3257 magnamque
1121 3183 1346 3239 honoris
1383 3190 1438 3237 et
1487 3181 1634 3237 sedis
1676 3180 1981 3250 despicien~

414 3278 546 3332 tiam
567 3276 929 3348 praferebat;
954 3276 1050 3332 sed
1080 3275 1349 3346 prodebat
1398 3282 1580 3328 tamen
1616 3272 1876 3357 indolem,
1905 3271 1991 3326 in-

411 3368 691 3439 situmque
716 3367 903 3422 animo
920 3367 1166 3422 dolorem
1195 3383 1208 3420 :
1238 3365 1597 3435 quamobrem
1625 3363 1984 3418 Sabinianum

413 3460 587 3515 amice
610 3459 812 3530 arguit,
864 3457 1010 3528 quod
1044 3458 1193 3513 sedis
1232 3472 1419 3511 amore
1446 3471 1514 3510 eo
1564 3471 1623 3510 se
1671 3455 1982 3525 abjecisset,

411 3567 521 3622 quo
549 3549 956 3624 magnanimum
974 3564 1085 3603 non
1107 3548 1347 3603 deceret.
1385 3566 1403 3599 ‹
1433 3545 1789 3601 Sanctitatem
1815 3536 1983 3609 tuam,

411 3630 589 3711 inquit
615 3642 658 3705 ’,
681 3638 938 3694 laudibus
951 3638 1144 3703 extuli,
1166 3653 1290 3693 cum
1319 3635 1645 3691 invidiosam
1666 3635 1983 3691 cathedram

411 3732 672 3803 reliquit;
700 3747 822 3803 qum
853 3730 1001 3786 enim
1030 3729 1345 3785 veneranda
1378 3728 1510 3783 olim
1545 3737 1687 3790 erat,
1731 3744 1879 3783 nunc
1901 3728 1982 3783 fa-

409 3835 496 3881 cta
516 3835 602 3880 est
625 3824 878 3889 ridicula,
904 3823 1156 3879 venalem
1180 3822 1383 3893 quippe
1416 3821 1564 3876 illam
1602 3836 1703 3876 nos
1728 3820 1981 3875 fecimus.

407 3917 637 3973 Miratus
663 3931 785 3973 sum
811 3924 1018 3979 autem,
1040 3923 1333 3985 postquam
1364 3911 1617 3982 cognovi,
1675 3919 1727 3965 te
1769 3910 1837 3965 ad
1864 3925 1981 3973 eos,

408 4010 503 4083 qui
532 4007 817 4081 eiecerint,
837 4007 1167 4061 accurrisse.
1196 4004 1330 4059 Nam
1361 4003 1697 4058 contrarium
1723 4002 1982 4058 te'facere

407 4100 719 4170 oportebat,
744 4106 805 4153 ut
838 4106 1058 4168 rogatus
1085 4095 1459 4169 gubernacula
1488 4094 1753 4158 retinere,
1784 4095 1983 4165 guber-

407 4192 685 4247 nationem
709 4189 1010 4260 refugeres,
1030 4197 1286 4258 tanquam
1323 4186 1563 4242 inimicis
1588 4187 1746 4242 factis
1777 4186 1864 4251 iis,
1885 4187 1979 4256 qui

407 4282 463 4340 in
496 4280 687 4340 eadem
738 4280 862 4334 navi
902 4286 1049 4333 sunt.
1088 4298 1106 4329 ι
1152 4279 1219 4333 Ει
1242 4287 1432 4348 postea
1462 4278 1529 4333 de
1565 4293 1659 4335 se:
1699 4298 1717 4330 ι
1754 4279 1869 4350 Ego
1903 4278 1981 4333 fa-

2090 3109 2360 3160 ommum,
2394 3095 2571 3166 inquit
2602 3098 2666 3162 ",
2720 3109 2903 3154 rector
2948 3111 3004 3157 et
3037 3102 3353 3158 moderator
3397 3105 3665 3161 Dominus

2089 3185 2368 3257 patefecit,
2404 3196 2460 3242 et
2497 3190 2925 3259 apostolicorum
2972 3203 3289 3249 nostrorum
3344 3195 3663 3266 dogmatum

2088 3282 2397 3349 veritatem,
2433 3293 2490 3339 et
2508 3285 2724 3354 jactatw
2783 3284 2839 3339 in
2873 3301 2975 3341 nos
3013 3287 3301 3342 calumnia:
3341 3288 3659 3343 falsitatem.

2087 3372 2327 3439 Etenim,
2352 3390 2473 3443 qua:
2502 3390 2531 3428 a
2553 3375 2665 3429 Deo
2695 3375 3022 3432 charissima
3049 3387 3106 3432 et
3138 3378 3487 3434 sanctissimo
3539 3394 3662 3434 ma-

2087 3478 2206 3532 gnae
2236 3463 2421 3518 Romae
2448 3465 2863 3535 archiepiscopo
2897 3467 3125 3522 domino
3155 3467 3337 3524 Leone
3372 3469 3441 3524 ad
3462 3480 3667 3527 sanctae

2088 3553 2366 3606 memoria-1
2400 3552 2717 3608 Flavianum
2747 3556 2993 3626 aliosque
3019 3558 3165 3627 apud
3192 3554 3469 3628 Ephesum
3527 3576 3664 3616 con-

2086 3650 2336 3711 gregatos
2360 3641 2565 3712 scripta
2592 3652 2743 3704 sunt,
2768 3660 2894 3699 cum
2925 3645 2994 3701 iis
3018 3646 3238 3716 penitus
3283 3648 3661 3715 consentiunt,

2086 3746 2209 3801 quae
2240 3747 2342 3786 nos
2369 3732 2455 3787 vel
2480 3733 2936 3804 conscripsimus,
2958 3737 3045 3791 vel
3087 3737 3144 3792 in
3172 3738 3436 3796 Ecclesiis
3464 3756 3665 3812 perpe-

2086 3831 2182 3877 tuo
2212 3823 2523 3881 docuimus.
2550 3825 2822 3893 Quocirca
2853 3830 3019 3885 simul
3042 3846 3107 3886 ac
3149 3848 3244 3887 eas
3270 3832 3485 3890 litteras
3530 3834 3662 3906 legi,

2084 3915 2381 3987 benignum
2435 3908 2726 3973 Dominum
2772 3920 3014 3987 laudavi,
3058 3923 3205 3993 quod
3228 3922 3506 3981 Ecclesias
3549 3941 3663 3982 non

2084 4021 2312 4076 prorsus
2338 4009 2667 4075 deseruerit,
2698 4011 2794 4068 sed
2824 4022 2990 4068 rectae
3061 4013 3328 4072 doctrinae
3369 4018 3661 4074 scintillam

2084 4099 2341 4175 servarit,
2369 4102 2453 4155 vel
2480 4102 2666 4171 potius
2698 4118 2809 4158 non
2832 4103 3150 4172 scintillam,
3186 4107 3284 4162 sed
3338 4107 3511 4164 facem
3538 4126 3659 4165 ma-

2082 4188 2307 4254 ximam,
2335 4207 2458 4261 quze
2489 4193 2680 4248 orbem
2702 4202 2976 4250 terrarum
3003 4197 3306 4255 accendere
3349 4209 3405 4255 et
3448 4201 3660 4256 illumi-

2082 4296 2214 4336 nare
2243 4284 2433 4352 possit.
2474 4304 2492 4335 ι
2530 4285 2667 4340 Tum
2702 4295 2826 4356 post
2853 4288 3130 4344 laudatam
3190 4293 3506 4361 apostolicae
3541 4295 3662 4364 epi-

405 4383 553 4428 ctam
579 4372 632 4425 in
658 4388 741 4427 me
771 4370 1030 4441 injuriam
1060 4370 1212 4425 velut
1243 4371 1491 4426 divinum
1518 4369 1846 4426 beneﬁcium
1882 4387 1979 4426 ex-
2014 4365 2056 4419 ί)
2084 4375 2238 4428 stolae
2284 4376 2590 4430 doctrinam
2625 4392 2750 4431 cum
2783 4377 3040 4435 Patribus
3073 4397 3368 4438 consonam
3402 4402 3414 4438 :
3450 4405 3467 4435 ι
3517 4385 3656 4441 Cum

403 4466 547 4537 cepi,
594 4481 706 4521 non
732 4479 862 4521 sane
894 4465 1122 4535 gratiam
1149 4463 1357 4522 habens
1396 4464 1611 4535 injuriae
1640 4465 1979 4529 auctoribus,

402 4557 535 4629 (quo
571 4557 718 4613 enim
748 4564 927 4628 pacto,
959 4555 1259 4612 fratricidis
1305 4565 1362 4611 et
1407 4555 1563 4611 Caini
1616 4566 1827 4627 partem
1860 4572 1977 4611 am-

401 4648 629 4720 plexis?)
659 4648 754 4705 sed
801 4648 1092 4704 Dominum
1116 4664 1297 4703 meum
1327 4647 1584 4703 laudibus
1606 4648 1862 4713 efferens,
1884 4649 1979 4719 qui

400 4759 488 4799 me
518 4742 775 4815 iniuriam
806 4741 1133 4811 patientium
1181 4749 1325 4795 sorte
1359 4740 1613 4811 dignatus
1638 4750 1741 4796 est.
1778 4761 1796 4793 ι
1831 4742 1976 4796 Ibam

399 4849 531 4890 vero
570 4834 857 4904 alloquens
905 4830 1201 4888 Sabiniano
1253 4832 1702 4900 generosiorem:
1740 4849 1759 4881 ί
1796 4830 1973 4886 Ceda-

398 4942 543 4988 mus,
560 4926 638 4982 ait
670 4927 736 4992 ¹⁰,
768 4923 1214 4997 peremptoribus
1242 4922 1506 4977 honorem
1557 4929 1613 4976 et
1636 4921 1881 4986 delicias,
1917 4929 1974 4975 et

399 5016 546 5072 aedis
586 5017 1002 5089 praerogativam
1053 5022 1109 5071 et
1156 5013 1384 5085 gloriam
1436 5013 1731 5077 infelicem,
1767 5021 1977 5068 tantum

401 5105 766 5164 inhaereamus
789 5108 1120 5180 evangelicis
1141 5106 1510 5179 dogmatibus,
1542 5113 1597 5160 et
1624 5119 1750 5160 eum
1773 5104 1905 5168 illis,
1932 5105 1978 5159 si

400 5211 538 5267 opus
568 5204 672 5264 est,
697 5200 919 5278 quidvis
932 5214 1192 5272 asperum
1224 5199 1587 5271 perferamus,
1614 5195 1979 5253 laudabilem-

2082 4465 2171 4520 his
2204 4467 2404 4521 litteris
2427 4467 2567 4523 meis
2594 4470 2868 4539 copulavi,
2902 4477 2982 4536 ut,
3007 4487 3133 4527 cum
3160 4474 3355 4544 legerit
3409 4478 3661 4547 magnifi-

2081 4557 2261 4610 centia
2287 4566 2399 4623 tua,
2432 4574 2621 4613 eorum
2656 4561 2999 4629 recordetur,
3036 4579 3159 4634 quae
3183 4580 3213 4619 a
3251 4567 3414 4622 nobis
3442 4568 3496 4621 in
3550 4569 3658 4624 Ec‘

2080 4648 2248 4703 clesia
2274 4648 2473 4719 sepius
2498 4659 2628 4705 sunt
2672 4651 2841 4718 dicta,
2870 4662 2926 4709 et
2967 4657 3386 4711 consensionem
3434 4659 3659 4729 dogma-

2084 4747 2198 4794 tum
2230 4749 2509 4810 agnoscat.
2556 4761 2574 4794 ι
2627 4743 2891 4799 Eamdem
2941 4762 3160 4817 quoque
3210 4764 3311 4817 per
3348 4750 3558 4819 legatos
3586 4750 3657 4804 ad

2079 4838 2333 4887 sanctum
2388 4832 2651 4900 Leonem,
2694 4836 2746 4891 id
2778 4845 2882 4902 est,
2907 4837 2974 4893 ad
3018 4854 3337 4910 supremum
3385 4841 3654 4911 judicem,

2079 4924 2239 4993 cujus
2270 4923 2514 4979 tribunal
2577 4928 2909 4997 appellabat,
2944 4930 3140 4986 iisdem
3192 4918 3524 4988 testimoniis
3552 4950 3655 4988 au-

2080 5023 2225 5070 ctam
2258 5016 2490 5083 remisit,
2520 5020 2671 5074 velut
2697 5020 3051 5078 ineluctabile
3098 5039 3279 5080 causa:
3306 5041 3418 5080 suae
3450 5018 3657 5080 instru-

2079 5113 2329 5161 mentum
2386 5116 2835 5178 momentumque
2877 5110 3282 5178 gravissimum.
3314 5112 3464 5178 Quid
3501 5113 3653 5166 enim

2077 5197 2359 5267 potentius
2380 5199 2708 5282 graviusque
2736 5199 2926 5255 afferat
2956 5201 3227 5272 quispiam
3251 5204 3320 5260 ad
3362 5219 3476 5259 suae
3524 5203 3654 5260 ﬁdei

1728 5397 2041 5455 SCHULZII
2080 5397 2310 5454 NOTIE.

466 5558 725 5630 ’lnquft.‘
751 5556 873 5630 Yid.
911 5563 980 5630 t.‘_
1010 5556 1287 5630 lV,_epist.
1326 5558 1459 5630 _‘l_2_6.
1518 5556 1957 5630 A’°_Ait.gVi_d._l.
1991 5556 2392 5630 c.gepis_t_._l'.53.
2473 5556 2514 5587 ¹¹
2547 5554 2629 5609 Ad
2657 5555 2879 5611 Timoth.
2922 5556 3044 5613 Vid.
3077 5557 3239 5625 epist.
3276 5558 3394 5614 151.
3437 5558 3479 5591 ¹⁹
3508 5557 3652 5616 Eam

395 5632 552 5695 enim,
588 5626 707 5685 'etc.
746 5628 863 5687 Vid.
894 5626 1055 5699 epist.
1093 5628 1193 5684 116
1237 5635 1294 5682 et
1319 5628 1438 5682 121.
1508 5628 1558 5679 η¹⁸
1580 5628 1782 5699 Inquit.
1807 5627 1928 5685 Vid.
1968 5640 1988 5681 ε

2091 5637 2129 5681 ι.
2173 5627 2290 5682 εει.
