4032 6172
317 159 409 229 Η]
1475 167 1838 230 HISTORIA
1876 165 2382 228 THEODORETI.

3459 164 3560 228 142

314 280 612 351 puritatem
672 278 1028 349 probandam,
1083 294 1245 348 quam
1302 281 1718 336 consensionem
1763 295 1888 334 cum
1921 287 1960 340 Α
1991 295 2050 332 es
2081 294 2111 333 e
2165 281 2420 349 iusserat.
2467 278 2633 333 Suam
2683 286 2739 332 et
2774 278 2940 332 totius
2997 278 3253 333 Ecclesia:
3283 278 3562 336 catholicm

315 371 681 426 sanctissimis
705 369 1146 438 doctissimisque
1199 369 1438 423 Orientis
1469 369 1889 438 Occidentisque

315 463 591 526 Patribus,
623 461 825 531 quibus
853 462 1006 516 velut
1036 461 1090 514 in
1113 460 1382 532 synodum
1427 462 1632 516 coactis
1684 460 1890 515 Christi

317 552 556 607 vicarius
579 551 910 622 praesideat?
937 551 1072 617 Quis
1101 567 1131 604 a
1168 552 1438 605 catholica
1465 552 1696 606 veritate
1734 551 1892 605 aber-

319 654 420 706 ret,
454 652 680 698 secutus
701 642 891 704 duces,
924 642 1215 707 Hilarium,
1243 642 1624 705 Athanasium,
1656 641 1889 694 Ambro-

318 735 481 798 sium,
540 734 928 805 Augustinum,
978 733 1452 804 Chrysostomum,
1504 731 1890 801 Theophilum,

319 825 745 886 Nazianzenum,
780 824 1066 883 Basilium,
1097 821 1384 893 Cyrillum,
1435 831 1491 876 et
1520 821 1758 875 Leonem
1787 820 1894 873 Ma-

319 916 526 986 gnum?
554 914 674 969 Huc
710 913 908 968 adduci
937 922 1162 983 possent
1218 910 1506 983 Augustini
1548 912 1714 964 verba
1767 927 1892 964 cum

319 1006 536 1064 Iuliano
577 1007 909 1076 disputantis
945 1006 986 1036 ’³
1021 1023 1033 1058 :
1070 1025 1087 1054 ι
1133 1005 1189 1059 Si
1214 1021 1280 1058 ex
1310 1005 1443 1058 orbe
1471 1013 1584 1058 toto
1612 1003 1896 1072 episcopa-

320 1096 386 1150 lis
409 1095 658 1166 synodus
684 1103 1129 1164 congregaretur,
1165 1094 1388 1154 mirum,
1438 1093 1481 1146 si
1530 1100 1756 1162 posw'nt
1785 1091 1895 1144 illic

321 1187 476 1240 facile
503 1186 696 1239 sedere
721 1193 799 1238 tot
835 1184 1004 1247 docti,
1042 1199 1252 1255 graves.
1293 1183 1486 1247 sancti,
1543 1183 1895 1250 veritatisque

326 1277 580 1332 acerrimi
617 1275 958 1330 defensores.
990 1295 1007 1325 ι

390 1366 580 1422 XVIII.
604 1369 710 1422 Per
739 1367 792 1421 id
824 1375 1042 1436 tempus
1077 1367 1330 1422 Historia:
1357 1367 1746 1421 ecclesiastica:
1802 1375 1897 1419 aut

326 1459 734 1529 componendze,
761 1459 908 1528 quod
966 1460 1138 1528 magis
1187 1475 1330 1518 reor,
1376 1468 1471 1512 aut
1498 1460 1687 1512 saltem
1719 1458 1898 1512 absol-

327 1552 511 1606 venda:
539 1565 598 1604 se
627 1549 799 1604 dedit.
857 1550 973 1612 Illa,
1023 1558 1083 1603 ut
1115 1551 1341 1619 ipsemet
1373 1549 1596 1613 fatetur,
1655 1547 1896 1617 quinque

327 1653 378 1700 et
399 1652 624 1697 centum
659 1656 930 1695 annorum
962 1651 1177 1710 tempus
1221 1639 1630 1709 complectitur,
1660 1639 1729 1692 ab
1777 1638 1894 1692 Arii

325 1733 545 1788 vesania
580 1731 873 1802 incrpiens,
908 1731 1275 1800 desinensque
1324 1729 1379 1782 in
1432 1729 1584 1782 obitu
1620 1726 1894 1782 Theodori

326 1835 378 1878 et
407 1822 704 1887 Theodoti,
744 1821 849 1876 hoc
896 1831 1000 1886 est,
1027 1821 1098 1875 ab
1155 1837 1298 1876 anno
1343 1819 1689 1875 Constantini
1722 1820 1896 1889 Magni

326 1915 541 1969 decimo
569 1914 825 1984 septimo,
853 1914 948 1982 qui
978 1911 1180 1967 Christi
1213 1912 1337 1976 522,
1375 1911 1442 1965 ad
1479 1910 1771 1965 Theodosii
1800 1910 1899 1965 Ju-

327 2005 502 2058 nioris
527 2019 732 2058 annum
763 2001 1110 2066 vicesimum,
1149 2002 1241 2071 qui
1271 2001 1476 2057 Christi
1507 2001 1630 2056 42⁵1.
1657 2001 1718 2055 In
1753 2000 1900 2054 hunc

331 2096 577 2149 laborem
609 2093 866 2148 incubuit
893 2092 1220 2162 Apameensi
1266 2091 1598 2146 monasterio
1631 2090 1896 2151 inclusus,

328 2188 440 2241 sive
463 2195 526 2240 ut
556 2201 836 2240 aerumnas
869 2185 1085 2239 falleret
1110 2183 1463 2238 contentione
1511 2182 1713 2237 mentis
1738 2198 1752 2247 ;
1783 2181 1898 2234 sive

332 2288 388 2332 ut
415 2278 735 2347 patientiam
757 2275 1028 2331 solaretur
1051 2287 1366 2329 sanctorum
1387 2273 1458 2328 ab
1489 2273 1708 2328 Arianis
1736 2287 1900 2327 vexa-

331 2379 508 2422 torum
541 2367 829 2436 exemplo;
863 2367 978 2420 sive
999 2374 1058 2420 ut
1090 2381 1191 2420 suo
1207 2366 1428 2428 saeculo,
1455 2365 1736 2434 ingeniosa
1762 2379 1900 2433 qua-

332 2453 451 2506 darn
479 2455 760 2524 allegoria,
821 2453 1089 2523 obiiceret
1120 2452 1481 2522 praecedentis
1517 2452 1900 2512 imitationem,

331 2561 436 2614 quo
467 2545 659 2601 Ariani
685 2546 917 2617 grassati
943 2554 1070 2600 sunt
1095 2545 1361 2600 adversus
1398 2544 1523 2599 fidei
1566 2543 1900 2605 defensores,

333 2648 386 2691 et
411 2638 659 2692 sobolem
694 2644 1049 2708 pepererunt,
1089 2646 1150 2691 ut
1177 2637 1281 2707 ipsi
1336 2637 1556 2706 quidem
1589 2635 1901 2700 videbatur,

334 2744 450 2798 qua:
471 2729 622 2782 sanis
644 2726 991 2798 dogmatibus
1017 2737 1147 2782 tunc
1178 2727 1469 2782 obsisteret
1501 2744 1513 2779 :
1537 2741 1728 2780 verum
1755 2742 1818 2778 ea
1837 2725 1904 2779 de

336 2837 389 2876 ne
421 2818 702 2890 copiosius
754 2819 812 2872 in
848 2819 1168 2874 recensione
1199 2817 1462 2889 Operum,
1513 2819 1605 2872 ubi
1636 2818 1905 2887 allegoriae

338 2912 662 2984 mysterium
688 2911 988 2980 explicatur

866 3023 1026 3094 189
1058 3022 1283 3079 CAPUT
1308 3023 1374 3078 Χ.

341 3114 378 3168 I.
410 3115 653 3186 Legatio_
681 3112 985 3186 Theodoreti
1015 3111 1238 3186 Romani
1275 3116 1434 3186 venit.
1492 3116 1556 3170 II.
1591 3114 1820 3168 Auditur
1876 3133 1910 3186 α

405 3182 589 3239 sancto
623 3184 793 3238 Leone
843 3183 896 3236 in
923 3183 1139 3253 synodo.
1169 3182 1258 3236 Ill.
1306 3182 1565 3239 Iudicium
1613 3200 1676 3236 ex
1705 3185 1912 3252 scriptis

404 3265 696 3310 exercetur.
759 3251 1181 3324 IVLApostolica
1237 3257 1498 3309 sententia
1563 3251 1934 3324 Theodoretus'

409 3323 717 3379 absolvitur.
746 3325 809 3378 V.
829 3323 912 3395 Ea:
929 3321 1139 3395 synodo
1188 3339 1421 3395 summus
1457 3323 1689 3395 pontifex
1715 3321 1911 3395 legatos

403 3391 1111 3464 Constantinopolimfiniuit
1145 3393 1214 3446 ad
1244 3391 1574 3464 probandam
1603 3391 1840 3464 Anatolii
1863 3405 1911 3448 et

411 3465 638 3518 aliorum
666 3460 960 3533 ﬁderit._YI.
996 3460 1252 3528 Deferunt'
1285 3461 1445 3533 legati
1481 3460 1759 3533 epistolam
1785 3481 1914 3517 san-

409 3538 475 3588 cti
504 3530 690 3587 Leonis
734 3533 800 3585 ad
831 3531 1162 3602 Flavianum,
1189 3530 1442 3602 tanquam
1485 3530 1767 3602 formulam
1790 3533 1912 3602 ﬁdei

411 3607 471 3657 ab
495 3605 738 3656 omnibus
765 3601 1210 3654 subscribendum.
1236 3601 1346 3655 VII.
1367 3601 1714 3655 Tthdoretus
1730 3603 1910 3657 Abun-

412 3675 493 3727 dio
526 3673 804 3744 legationis
841 3671 1062 3740 principi
1091 3670 1283 3723 scribit.

995 3764 1136 3810 Anno
1160 3761 1264 3810 450.

411 3865 450 3918 1.
480 3864 584 3930 Qui
610 3864 939 3934 legationem
969 3862 1302 3918 Theodoreti
1324 3864 1572 3928 obibant,
1599 3865 1909 3927 Abramius,

345 3951 606 4022 Hypatius
629 3961 686 4006 et
718 3952 966 4023 Alypius,
996 3952 1324 4007 immensum
1355 3953 1459 4007 iter
1485 3954 1714 4007 Romam
1739 3968 1912 4022 usque

342 4039 478 4112 Cyro
503 4042 739 4111 ingressi
767 4051 895 4096 sunt
915 4041 1160 4095 terrestri
1191 4042 1276 4095 via
1312 4060 1324 4094 :
1355 4058 1462 4111 qua
1508 4044 1656 4097 enim
1686 4043 1791 4096 alia
1814 4058 1911 4112 po-

345 4131 573 4186 tuissent
630 4148 695 4186 ea
744 4141 1084 4202 tempestate,
1112 4133 1248 4187 mari
1293 4149 1488 4202 nempe
1535 4135 1722 4188 clauso
1749 4143 1913 4202 atque

344 4223 659 4278 hiemante?
701 4224 966 4290 Quocirca
1012 4241 1120 4277 non
1178 4223 1437 4278 videntur
1471 4232 1596 4278 ante
1668 4225 1909 4277 Februa-

1994 373 2434 426 eommunionem
2463 371 2721 424 omnibus
2747 387 2775 424 a
2795 371 3056 425 Dioscoro
3077 371 3423 426 anathemate
3439 388 3562 442 per-

1994 463 2168 516 cussis
2200 461 2510 531 impertitus
2548 470 2664 515 erat
2696 479 2708 513 :
2739 470 2905 530 utque
2934 476 2998 514 ea
3047 461 3258 515 ﬁrmius
3287 462 3563 515 constabio

1991 550 2249 614 lirentur,
2274 559 2329 605 et
2352 551 2419 605 de
2456 551 2574 620 ipso
2607 551 2866 605 Dioscoro
2893 551 3192 606 solemnius
3221 552 3446 620 quaestio
3463 553 3563 606 ha-

1998 646 2239 706 beretur,
2275 643 2507 713 petierat
2552 643 2618 695 ab
2644 642 2971 711 imperatore
3020 642 3350 708 Theodosio,
3399 643 3566 697 totius

1995 735 2145 789 orbis
2174 734 2465 787 concilium
2525 734 2577 786 in
2609 733 2761 786 Italia
2818 731 2959 802 cogi,
2995 732 3084 786 cui
3114 742 3277 802 caput
3310 733 3579 806 Ecclesite

1996 840 2093 894 per
2121 841 2177 878 se
2205 824 2542 893 praesideret.
2596 823 2910 877 Frustratus
2959 839 3074 893 spe,
3124 840 3232 877 non
3299 825 3567 879 contraxit

1995 916 2274 980 animum;
2308 916 2401 968 sed
2435 917 2699 969 infractus
2729 915 2906 978 malis,
2934 916 3189 978 tentavit,
3216 916 3261 970 si
3293 933 3397 985 qua
3447 931 3569 986 pos-

1996 1017 2079 1060 sct
2109 1006 2212 1068 via,
2259 1005 2324 1058 ad
2362 1004 2596 1059 cilicium
2637 1005 2898 1059 reducere
2933 1005 3240 1074 episcopos,
3273 1008 3416 1074 quia
3440 1005 3569 1060 Dio-

1995 1111 2151 1151 scoro
2176 1112 2274 1165 per
2295 1097 2402 1150 vim
2438 1095 2888 1166 tyrannidemque
2910 1096 3119 1150 seducti
3145 1103 3322 1150 erant.

2071 1188 2131 1240 ll.
2159 1187 2299 1240 Dum
2317 1186 2369 1240 in
2391 1202 2456 1241 eo
2479 1196 2563 1240 est
2593 1187 2658 1249 ¹¹⁵,
2683 1186 2983 1239 adveniunt
3013 1195 3320 1256 Opportune
3341 1201 3371 1239 a
3393 1185 3573 1239 Theo-
3604 1193 3609 1198 '

1998 1277 2191 1330 doreto
2219 1277 2402 1347 legati,
2440 1276 2533 1346 qui
2567 1283 2858 1340 testentur,
2892 1276 2946 1329 in
2971 1275 3192 1331 Oriente
3231 1292 3403 1346 usque
3434 1276 3572 1330 adeo

2000 1366 2232 1430 turbari,
2285 1375 2346 1420 ut
2381 1365 2507 1419 ﬁdei
2570 1380 2658 1419 res
2688 1381 2796 1420 non
2823 1375 3006 1434 posset
3043 1366 3266 1420 aliunde
3301 1382 3462 1436 quam
3502 1368 3572 1421 ab

1998 1455 2291 1510 Occidente
2322 1455 2536 1510 restitui
2569 1473 2580 1508 :
2613 1457 2702 1509 vix
2734 1471 3020 1525 superesse
3053 1457 3298 1512 veritatis
3336 1473 3572 1529 evange-

2005 1547 2125 1601 liea:
2163 1547 2476 1609 scintillam,
2501 1563 2601 1602 nec
2627 1563 2785 1616 posse
2807 1550 3136 1603 exstinctum
3159 1549 3341 1620 iubar,
3378 1550 3479 1604 nisi
3505 1550 3573 1604 de

1935 1610 1972 1662 Β
2006 1635 2262 1690 Romana:
2302 1635 2557 1690 Ecclesia:
2580 1636 2807 1702 lumine,
2839 1637 3104 1692 accendi:
3154 1639 3434 1709 implorari
3485 1655 3573 1694 sc-

2006 1726 2090 1781 dis
2134 1726 2442 1795 apostolicze
2489 1727 2745 1791 tribunal,
2788 1735 3046 1798 tanquam
3098 1730 3320 1785 unicum
3371 1739 3576 1784 vexata:

2005 1818 2224 1886 pietatis
2249 1818 2554 1887 perfugium
2599 1836 2613 1872 :
2655 1834 2792 1887 opus
2833 1835 2951 1874 esse
2989 1821 3240 1886 concilio,
3269 1821 3576 1892 cuiusmodi

2005 1908 2116 1964 Leo
2148 1909 2374 1963 haberet
2412 1909 2465 1962 in
2498 1911 2638 1965 votis
2673 1928 2686 1962 :
2729 1911 3004 1966 vocandos
3058 1913 3248 1967 saltem
3281 1912 3578 1981 apostolica

2007 2003 2330 2057 auctoritate
2356 2003 2422 2056 ad
2463 2002 2733 2073 judicium
2783 2004 3053 2070 homines,
3102 2021 3240 2074 quos
3271 2020 3394 2058 reos
3448 2019 3575 2075 syn-

2007 2094 2147 2149 odus
2177 2103 2398 2150 centum
2421 2106 2477 2149 et
2509 2094 2730 2164 triginta
2771 2095 3152 2164 episcoporum
3175 2111 3273 2164 per
3323 2095 3579 2165 iniuriam

2008 2185 2236 2240 dixisset
2269 2203 2282 2238 :
2313 2193 2476 2254 atque
2499 2184 2715 2239 interim
2745 2184 3109 2238 exercendum
3138 2183 3205 2238 de
3233 2184 3580 2238 Theodoreto

2003 2277 2292 2350 judicium,
2333 2269 2437 2345 qui.
2474 2290 2598 2330 cum
2625 2274 2970 2344 imperatoris
2998 2274 3244 2344 iussione
3293 2282 3572 2329 vetaretur

2009 2366 2194 2436 egredi
2223 2364 2397 2419 exsilii
2444 2365 2585 2428 loco,
2628 2363 2852 2418 sistebat
2905 2378 2962 2418 se
2999 2372 3178 2417 tamen
3206 2379 3304 2433 per
3348 2364 3574 2434 legatos,

2010 2464 2230 2526 paratus
2256 2455 2492 2525 experiri
2519 2454 2668 2524 gravi
2691 2453 2920 2524 iudicio,
2954 2453 3185 2524 ipsoque
3209 2453 3404 2523 capitis
3434 2454 3581 2523 peri-

2011 2545 2133 2600 culo
2159 2545 2524 2600 innocentiam
2565 2544 2817 2613 probare.

2077 2657 2221 2711 Nihil
2257 2657 2361 2712 fuit
2408 2657 2510 2712 hac
2574 2657 2862 2712 occasione
2893 2657 3214 2726 optabilius,
3266 2657 3424 2728 190
3443 2658 3582 2712 nihil

2011 2746 2414 2815 opportunius:
2454 2761 2625 2815 quare
2665 2761 2772 2799 non
2818 2746 3031 2814 excepti
3083 2754 3291 2799 tantum
3349 2746 3582 2816 benigne

2011 2837 2197 2907 legati,
2223 2837 2367 2906 quod
2383 2837 2738 2892 humanitatis
2762 2835 2884 2901 fuit,
2916 2836 3008 2890 sed
3051 2837 3217 2890 etiam
3240 2837 3409 2890 auditi
3433 2847 3579 2898 sunt,

1935 2955 1978 3014 ς
2013 2929 2159 2997 quod
2180 2929 2429 3000 iustitiae,
2459 2939 2515 2984 et
2545 2929 2766 2998 quidem
2819 2928 2874 2981 in
2911 2929 3166 2992 concilio,
3217 2927 3362 2997 quod
3394 2927 3580 3014 moris.

2011 3017 2291 3088 Agebatur
2311 3019 2458 3073 enim
2493 3033 2601 3070 una
2627 3017 2692 3071 de
2723 3014 3024 3083 maioribus
3041 3014 3242 3078 causis,
3274 3012 3581 3084 cuiusmodi

2012 3109 2159 3162 multa
2191 3108 2601 3176 disceptabatur
2623 3121 2686 3160 ea
2717 3114 2894 3172 astate,
2948 3104 3034 3157 vel
3066 3105 3135 3157 ab
3189 3103 3322 3172 ipsis
3356 3103 3585 3156 summis

2012 3197 2382 3268 pontificibus,
2420 3197 2527 3250 nisi
2551 3198 2603 3250 in
2649 3195 3032 3265 episcoporum
3067 3203 3359 3263 conventu.
3395 3193 3585 3248 Fuisse

2013 3305 2146 3344 vero
2168 3304 2389 3343 causam
2437 3286 2579 3342 hanc
2608 3287 2750 3340 inter
2772 3287 3025 3356 maiores,
3055 3285 3140 3338 vel
3172 3301 3236 3338 ex
3261 3299 3327 3338 eo
3351 3285 3584 3340 maxime

2011 3391 2262 3450 apertum
2287 3389 2391 3445 est,
2425 3375 2572 3449 quod
2615 3377 2684 3432 de
2730 3377 2835 3431 fide
2867 3377 3108 3447 episcopi
3141 3376 3582 3440 nominatissimi,

2011 3472 2246 3542 depositi
2274 3487 2303 3527 a
2326 3471 2552 3542 synodo,
2614 3469 2670 3522 in
2697 3485 2803 3539 qua
2831 3468 3050 3522 fuerant
3079 3483 3268 3522 omnes
3300 3469 3466 3521 totius
3488 3484 3582 3521 or-

2013 3561 2099 3618 bis
2133 3562 2477 3633 patriarchae,
2502 3559 2730 3630 quaestio
2754 3559 3067 3613 haberetur.

2084 3678 2173 3732 Ill.
2201 3675 2387 3746 Legati
2431 3683 2629 3744 praeter
2659 3673 2969 3730 communia
3029 3673 3273 3744 quaedam
3327 3673 3586 3726 adversus

2015 3767 2260 3822 Dioscori
2299 3765 2645 3820 latrocinium
2706 3773 3048 3835 argumenta,
3073 3764 3292 3834 propria
3326 3764 3440 3817 hazc
3483 3763 3588 3816 tria

2014 3859 2081 3913 ad
2120 3859 2282 3912 fidem
2307 3856 2638 3912 Theodoreti
2665 3855 3086 3920 defendendam,
3117 3871 3238 3924 qua:
3271 3855 3424 3925 prius
3470 3855 3587 3924 ipse

2015 3951 2234 4014 litteris,
2259 3955 2630 4018 exposuerunt
2654 3961 2807 4000 voce.
2833 3945 3098 4009 Primum,
3131 3946 3276 4014 quod
3300 3945 3586 4016 epistolam

2015 4040 2186 4095 sancti
2211 4039 2408 4094 Leonis
2444 4053 2553 4092 non
2584 4035 2986 4104 subscriptione
3019 4045 3225 4089 tantum
3259 4036 3584 4106 recepisset,

2015 4134 2109 4187 sed
2139 4136 2326 4195 etiam,
2351 4131 2552 4186 additis
2584 4131 2805 4185 Patrum
2836 4145 2903 4184 ex
2940 4129 3072 4184 orbe
3097 4139 3212 4184 toto
3242 4129 3588 4184 laudatorum

2020 4224 2371 4284 testimoniis,
2402 4221 2772 4290 recipiendam
2797 4221 2866 4274 ab
2903 4221 3160 4275 omnibus
3182 4220 3462 4275 suasisset.
3497 4219 3587 4274 Sic

343 4315 481 4368 rium
507 4315 768 4369 allectum
797 4313 1112 4382 pervenisse
1139 4313 1385 4366 Romam.
1419 4312 1632 4378 Quanta
1657 4313 1910 4382 benigni-
1948 4309 1990 4362 Ι)
2016 4316 2163 4369 enim
2192 4323 2246 4368 et
2273 4329 2330 4368 se
2365 4313 2634 4367 catholice
2659 4312 2864 4367 sentire
2897 4311 3330 4377 demonstrabat,
3379 4320 3436 4366 et
3467 4312 3589 4366 aliis

343 4415 448 4460 tate
465 4403 681 4474 excepti
707 4404 838 4467 sint,
861 4407 873 4421 '
899 4412 1208 4472 quantaque
1251 4403 1438 4456 laetitia
1470 4419 1499 4455 a
1532 4418 1745 4456 sununo
1779 4419 1912 4471 pon-

345 4497 504 4561 tiﬁce,
544 4506 750 4566 quanta
782 4495 1166 4564 episcoporum
1215 4494 1270 4547 in
1298 4503 1442 4548 cmtu
1469 4495 1664 4557 auditi,
1711 4495 1912 4563 quibus

343 4589 744 4651 instrumentis,
770 4588 1037 4656 quibusve
1091 4587 1432 4656 patrociniis,
1464 4597 1520 4642 et
1559 4604 1668 4657 quo
1711 4596 1910 4642 eventu

341 4695 579 4745 causam,
601 4663 827 4749 propter
843 4695 1004 4748 quam
1028 4686 1309 4742 venerant,
1332 4678 1551 4733 tandem
1574 4680 1910 4749 pcregerint:

341 4772 441 4825 etsi
468 4787 633 4826 netno
658 4780 903 4826 veterum
946 4770 1226 4824 mandavit
1255 4770 1553 4829 memorizc,
1610 4771 1916 4840 intelligere

344 4869 521 4915 tamen
543 4862 694 4925 licet,
724 4861 923 4930 partim
953 4876 1020 4915 ex
1047 4859 1321 4930 adiunctis
1350 4859 1555 4930 negotii
1602 4871 1658 4915 et
1687 4876 1920 4914 consue-

344 4953 528 5007 tudine
554 4963 884 5022 temporum,
932 4951 1132 5021 partim
1162 4967 1230 5005 ex
1263 4951 1399 5005 actis
1440 4951 1657 5005 concilii
1689 4950 1919 5005 Chalce-

344 5043 621 5105 donensis,
645 5043 736 5097 ubi
769 5050 896 5097 sunt
925 5057 1094 5111 pauca
1127 5042 1350 5112 quidem
1392 5042 1458 5096 de
1497 5056 1554 5096 re
1601 5042 1790 5106 verba,
1821 5043 1915 5098 sed

343 5134 672 5202 amplissima
700 5143 880 5188 tamen
914 5145 1192 5205 gestorum
1234 5133 1456 5187 indicia.

413 5227 818 5295 Rccognoverat
843 5225 1163 5295 iamdudum
1195 5234 1418 5279 sanctus
1447 5226 1555 5279 Leo
1586 5233 1704 5280 acta
1733 5226 1914 5293 Ephe-

344 5313 444 5366 sini
474 5315 778 5376 latrocinii,
809 5331 983 5384 caque
1018 5330 1274 5385 suprema
1313 5332 1408 5369 sua
1446 5324 1712 5384 potestate
1764 5316 1917 5369 irrita

2020 4414 2182 4459 rectae
2199 4413 2253 4458 et
2293 4404 2614 4458 indubitatae
2643 4403 2770 4456 fidei
2797 4411 3000 4456 certam
3033 4405 3272 4473 regulam
3313 4419 3588 4473 propone-

2018 4497 2130 4550 hat.
2163 4496 2301 4562 Quid
2327 4497 2473 4550 enim
2504 4495 2832 4548 catholicum
2860 4495 3051 4564 magis,
3086 4506 3182 4548 aut
3209 4496 3340 4563 quid
3384 4497 3440 4548 in
3483 4495 3590 4550 fide

2019 4590 2246 4652 certius,
2282 4605 2444 4658 quam
2470 4588 2756 4656 utriusque
2785 4587 3044 4642 Ecclesia:
3060 4589 3354 4657 magistris,
3375 4589 3588 4659 ipsique.

2019 4679 2170 4734 orbis
2228 4679 2393 4733 totius
2437 4678 2650 4733 doctori
2687 4693 2902 4733 summo
2964 4678 3208 4749 pontifici
3239 4683 3590 4737 consentire?

2017 4770 2352 4834 Secundum,
2401 4779 2460 4824 ut
2491 4769 2899 4824 Theodoretum
2959 4779 3275 4826 constanter
3329 4787 3446 4826 arvo
3475 4781 3588 4827 toto

2018 4861 2237 4917 veritati
2261 4861 2576 4932 dogmatum
2606 4862 2922 4927 adhaesisse,
2956 4870 3012 4917 et
3069 4878 3178 4918 non
3208 4872 3417 4918 tantum
3465 4875 3590 4932 post

2018 4952 2531 5007 condemnationem
2589 4953 2886 5021 resipuisse
2931 4952 3306 5017 ostenderent,
3341 4953 3585 5022 protule-

2019 5053 2149 5096 runt
2187 5058 2252 5097 ex
2278 5042 2436 5096 libris
2456 5053 2581 5096 ante
2606 5041 2898 5096 duodecim
2925 5041 3213 5096 minimum
3236 5058 3410 5097 annos
3424 5043 3590 5098 editis

2017 5135 2167 5189 locos
2197 5135 2411 5204 plures,
2441 5133 2645 5202 quibus
2667 5133 2977 5192 orthodoxa
3003 5131 3135 5188 tich
3179 5134 3247 5188 de
3272 5135 3487 5190 duabus
3532 5135 3589 5189 in

2014 5224 2236 5278 Christo
2265 5222 2477 5278 naturis
2504 5220 3004 5293 indivulseiunctis
3048 5223 3322 5279 contineri
3378 5223 3592 5278 videre-

2019 5325 2128 5370 tur.
2173 5314 2446 5377 Tertium,
2493 5313 2545 5368 id
2599 5311 3070 5383 amplificaverunt
3115 5312 3373 5378 dicendo,
3442 5312 3590 5382 quod

1103 5533 1112 5538 ,
1637 5464 1952 5520 scuULG
1993 5464 2220 5520 NOTAE.

415 5585 456 5615 ’θ
482 5559 695 5654 Disput.
736 5584 855 5638 Lib.
904 5601 940 5637 tt
993 5584 1210 5637 Advers.
1243 5583 1377 5646 Jul.,
1417 5599 1533 5652 cap.
1571 5585 1650 5636 IO.
1734 5585 1774 5616 ¹¹¹
1803 5585 1901 5640 Vid

2007 5585 2125 5656 pist.
2167 5582 2443 5657 “5,116,
2484 5581 2583 5636 tn
2611 5587 2664 5636 et
2692 5581 2812 5638 us.
