4054 6138
467 201 564 262 HI}

1579 187 1952 249 GARNERI-I
1991 187 2486 248 DISSERTATIO
2530 187 2547 248 1
2569 237 2580 248 .

3597 187 3694 251 iii

463 315 838 370 'l‘heodoretus
872 312 1164 379 scripserat
1201 309 1252 361 in
1279 308 1479 361 litteris
1509 306 1574 359 ad
1608 317 1858 359 sanctum
1897 304 2032 357 Leo-
2065 311 2102 362 Λ
2138 306 2331 358 morari
2379 305 2703 358 sanctissimi
2761 304 3156 372 archiepiscopi
3209 303 3408 357 Leonis
3453 304 3697 358 subscri-

463 422 607 468 ncm,
653 412 916 473 quantum
983 401 1038 454 in
1067 414 1196 468 agro
1241 398 1524 452 Dominico
1561 397 1666 451 sibi
1728 395 2021 450 commisso

464 497 777 556 laborasset,
803 505 1036 560 eumque
1061 505 1169 542 non
1198 488 1396 541 sudore
1420 497 1651 549 tantum,
1692 486 1788 540 sed
1855 486 2020 538 etiam

462 585 722 654 sanguine
749 582 1025 651 irrigasset
1043 597 1058 645 ;
1076 578 1290 648 quoties
1312 577 1379 630 ab
1407 577 1679 631 haereticis
1732 576 2020 647 lapidatio-

463 689 585 728 nem
610 687 801 742 passus
829 679 1010 733 esset;
1043 668 1258 738 quoties
1284 666 1349 720 ad
1381 683 1570 722 necem
1606 667 1888 737 quaesitus,
1920 681 2021 720 nec

463 764 566 818 nisi
596 761 858 816 miraculo
885 757 1222 822 subductus;
1242 758 1460 827 quoties
1480 757 1547 812 de
1569 757 1866 827 conjuratis
1897 772 2019 810 cum

465 854 751 920 impiorum
777 857 992 902 caterva
1024 846 1382 911 daemonibus,
1418 847 1602 901 divina
1631 863 1754 916 Ope,
1804 856 2021 900 saneto-

464 956 692 1008 rumque
722 937 975 1009 precibus
995 937 1169 991 victor
1191 937 1527 1003 exstitisset;
1571 945 1705 1008 quot
1753 935 2024 1007 myriadas

462 1031 744 1085 hominum
792 1030 862 1084 ab
915 1045 1103 1083 errore
1158 1029 1226 1083 ad
1291 1029 1580 1084 veritatem
1640 1029 1945 1083 reduxisset
2005 1045 2017 1079 :

460 1129 662 1190 quanta
687 1119 947 1189 denique,
978 1133 1250 1188 quamque
1276 1118 1396 1172 dira
1426 1117 1495 1172 ab
1542 1116 2021 1188 impugnatoribus

459 1212 689 1267 duarum
717 1221 1034 1266 naturarum
1058 1212 1372 1275 tolerasset;
1411 1217 1468 1265 et
1505 1210 1806 1280 prasertim
1841 1224 1869 1262 a
1898 1207 1994 1260 Dio

460 1320 636 1371 scoro,
663 1320 824 1374 quem
859 1315 1204 1358 communem
1235 1315 1358 1355 cum
1393 1309 1582 1354 sancto
1603 1298 1784 1354 Leone
1809 1299 2019 1350 hostem

459 1394 823 1464 experiretur,
855 1402 914 1446 ut
946 1390 1040 1461 qui
1066 1389 1349 1458 depositus
1373 1387 1564 1444 fuisset
1606 1387 1675 1441 ab
1717 1401 1804 1446 eo,
1833 1401 1862 1438 a
1913 1399 2022 1452 quo

459 1487 652 1555 prima:
699 1485 846 1540 sedis
899 1483 1148 1547 antistes,
1200 1497 1447 1537 summus
1497 1477 1771 1550 pontifex,
1814 1477 2021 1531 Christi

459 1578 712 1640 vicarius,
757 1583 918 1646 caput
945 1574 1222 1638 Ecclesiae,
1260 1571 1591 1628 anathemati
1633 1569 1910 1640 subjectus
1931 1586 2021 1624 es-

458 1674 561 1722 set.
829 1711 833 1715 .

528 1755 653 1812 Haec
687 1768 741 1811 et
783 1757 884 1810 alia
937 1771 1060 1810 cum
1111 1753 1426 1807 dicerentur
1496 1768 1525 1805 a
1557 1752 1690 1805 viris
1729 1751 2018 1804 sanctitate

457 1849 788 1916 conspicuis.
814 1847 880 1901 de
926 1861 1076 1908 sene,
1112 1843 1205 1914 qui
1243 1841 1314 1897 ab
1345 1841 1570 1896 infantia
1607 1841 1894 1895 asceticam
1943 1839 2022 1892 vi-

458 1948 566 1992 tam
592 1936 902 1991 admirabili
952 1936 1211 2004 religione
1235 1940 1459 2003 egerat;
1494 1931 1562 1985 de
1608 1931 1884 2000 episcopo,
1924 1927 2018 1997 qui

456 2031 593 2085 bene
624 2029 842 2099 triginta
865 2041 1036 2080 annos
1067 2025 1407 2092 octingentas
1433 2019 2018 2091 parwciasindefessus

455 2125 700 2180 rexerat;
759 2115 826 2169 de
867 2113 984 2166 viro
1039 2111 1208 2166 totius
1262 2109 1501 2166 Orientis
1527 2110 1863 2172 doctissimo,
1921 2108 2016 2177 qui

453 2207 661 2276 ejectus
677 2205 743 2258 de
770 2202 921 2266 sede,
952 2201 1019 2256 de
1046 2199 1268 2256 civitate
1283 2200 1496 2269 pulsus,
1528 2199 1853 2253 interdictus
1875 2214 2016 2267 aqua

453 2305 509 2350 et
541 2295 686 2364 igne.
721 2301 942 2346 coactus
965 2291 1142 2344 fuerat
1170 2298 1322 2344 extra
1352 2289 1684 2358 provinciam
1713 2288 1780 2342 ad
1830 2303 2017 2341 mona-

453 2379 679 2434 sterium
710 2377 918 2448 fugere,
948 2377 1003 2430 in
1049 2390 1228 2446 eoque
1267 2376 1531 2445 spoliatus
1555 2375 1715 2429 bonis
1745 2375 2018 2444 patienter

453 2468 624 2520 latere
666 2481 681 2518 :
737 2464 872 2524 haec,
930 2465 1174 2533 inquam,
1225 2479 1348 2517 cum
1381 2463 1698 2517 dicerentur
1746 2480 1776 2518 a
1813 2465 2018 2521 sanctis

453 2554 696 2608 onmium
743 2556 999 2617 consciis,
1049 2554 1415 2608 audiebantur
1465 2554 1753 2624 propensis
1795 2557 2013 2622 animis,

452 2661 591 2716 quos
619 2645 968 2715 impellebant
1001 2647 1168 2702 etiam
1194 2646 1535 2701 auctoritatis
1595 2660 1707 2700 suae
1739 2657 2017 2704 momento

452 2736 652 2790 oculati
685 2737 795 2791 duo
831 2747 1017 2801 testes,
1057 2737 1298 2792 Renatus
1329 2737 1614 2807 presbyter
1649 2737 1801 2806 191
1827 2747 1883 2792 et
1919 2739 2014 2794 Hi-

451 2822 602 2878 larus
663 2823 1118 2888 archidiaconus,
1181 2833 1411 2893 uterque
1475 2823 1623 2878 sedis
1703 2827 2016 2893 apostolicae

2125 394 2257 460 psit.
2287 395 2474 449 Restat
2503 405 2560 448 ut
2585 395 2854 448 sententia
2891 394 3198 462 proferatur
3221 411 3249 447 a
3279 387 3583 448 reverentia
3605 411 3698 448 ve-

2122 492 2257 546 stra,
2290 494 2349 536 ut
2375 484 2669 538 Ecclesium
2701 499 2852 537 suam
2891 482 3137 551 recipiat,
3165 482 3306 535 sicut
3327 491 3383 535 et
3415 483 3696 536 sanctissi-

2126 591 2246 627 mus
2267 576 2375 628 Leo
2399 573 3125 644 archiepiscopusjudicavit
3154 575 3255 639 ¹⁹.ι¹
3737 574 3739 576 ’

2192 665 2669 720 lnterloeutioncm
2723 663 2938 732 excepit
2997 662 3357 717 conclamatio
3414 664 3699 733 episcopo-

2125 772 2286 808 rum:
2326 775 2341 805 ι
2379 755 2759 808 Theodoretus
2805 755 3002 824 dignus
3023 763 3107 808 est
3135 755 3286 820 sede,
3336 754 3522 810 divine
3584 756 3697 810 Leo

2121 844 2506 914 judicavit'°.i
2553 845 2690 897 Tum
2746 843 2893 897 sedis
2935 844 3701 914 apostolicaelegatiuTheo-

2123 937 2372 989 doretum
2423 934 2796 988 sanctissimus
2850 934 3119 988 universe
3172 934 3430 989 Ecclesia:
3477 936 3695 1005 episeo-

2122 1041 2226 1094 pus
2281 1024 2389 1078 Leo
2435 1025 2642 1078 dudum
2689 1025 2741 1078 in
2783 1025 3225 1078 communionem
3275 1025 3519 1094 recepit,
3553 1026 3698 1081 sicut

2122 1116 2318 1170 litterae
2351 1115 2420 1169 ab
2443 1130 2509 1169 eo
2535 1115 2602 1169 ad
2635 1114 3002 1168 humilitatem
3071 1124 3314 1170 nostram
3355 1115 3577 1172 directa:
3611 1128 3697 1174 te-

2121 1216 2357 1260 stantur.
2385 1207 2439 1260 Si
2473 1206 2638 1274 igitur
2667 1205 2826 1260 ﬁdem
2857 1206 3202 1267 catholicam,
3235 1206 3689 1276 sicutpmmittit,

2120 1308 2174 1351 et
2207 1297 2508 1350 secundum
2565 1297 2787 1350 beatum
2835 1297 3156 1368 episcopum
3226 1295 3693 1368 subscriptionem

2123 1385 2175 1438 in
2209 1384 2430 1452 proprio
2460 1383 2646 1437 libello
2675 1382 2896 1448 direxit,
2931 1392 2987 1437 et
3015 1391 3215 1438 nostrae
3255 1385 3481 1455 insuper
3507 1386 3693 1444 humi-

2125 1473 2267 1528 litati
2298 1474 2406 1528 alio
2434 1473 2563 1528 dato
2587 1473 2775 1528 libello
2803 1474 3128 1529 monstravit
3148 1476 3191 1505 "
3228 1494 3241 1528 :
3277 1495 3293 1526 ι
3317 1485 3423 1532 etc.
3451 1477 3527 1532 lla
3562 1493 3694 1534 sane

2121 1575 2279 1618 vetus
2305 1564 2578 1634 interpres
2611 1564 2863 1619 Julianus
2891 1563 3119 1619 Coensis
3149 1566 3332 1620 verbis
3388 1568 3696 1638 simplicius

2053 1648 2096 1705 Β
2125 1653 2428 1719 inhaerens;
2475 1655 2636 1723 paulo
2692 1654 2890 1709 melius
2940 1654 3054 1720 alii,
3088 1665 3149 1708 ut
3207 1657 3445 1712 Venetus
3487 1659 3688 1721 editor,

2121 1741 2392 1806 Crabbus,
2422 1755 2566 1797 etc.:
2607 1763 2624 1794 ε
2655 1746 2791 1799 Cum
2825 1745 2993 1816 igitur
3025 1746 3348 1800 catholicam
3377 1747 3537 1802 ﬁdem
3563 1764 3692 1820 pro-

2121 1835 2323 1898 mittat,
2358 1835 2501 1890 sicut
2541 1844 2598 1890 et
2622 1837 2927 1892 secundum
2965 1837 3283 1908 praedictum
3320 1839 3537 1895 beatum
3578 1843 3696 1912 epi-

2120 1939 2344 1993 scopum
2373 1925 2426 1978 in
2449 1926 2672 1996 pr0prio
2696 1927 2882 1982 libello
2908 1928 3366 1999 subscriptionem
3384 1929 3604 1995 direxit,
3636 1941 3694 1987 et

2097 2011 2344 2085 'insuper
2369 2015 2499 2069 dato
2527 2016 2823 2071 humilitati
2868 2027 3070 2074 nostra:
3108 2019 3216 2073 alio
3266 2017 3456 2074 libello
3514 2023 3690 2075 mani-

2118 2105 2318 2162 festum
2365 2107 2518 2171 fecit,
2582 2124 2816 2177 cumque
2850 2109 3102 2164 Nestorio
3159 2119 3214 2166 et
3270 2112 3525 2184 Eutychi,
3580 2131 3690 2168 non

2118 2205 2332 2252 tantum
2364 2199 2591 2268 scripto,
2621 2199 2716 2253 sed
2743 2200 2906 2254 etiam
2933 2215 3027 2256 ore
3067 2203 3309 2272 proprio,
3356 2218 3536 2258 coram
3577 2213 3692 2259 toto

2118 2301 2401 2351 consessu,
2437 2287 2728 2342 anathema
2759 2287 2980 2354 dixerit,
3030 2316 3044 2340 ο
3077 2297 3182 2344 etc.
3215 2289 3489 2344 Judiciuiu
3525 2290 3692 2363 igitur

2117 2373 2186 2428 de
2208 2367 2558 2432 Theodorete
2591 2392 2620 2431 a
2655 2389 2843 2433 sancto
2867 2378 3048 2433 Leone
3078 2379 3380 2434 exercitum
3417 2386 3521 2440 est,
3579 2395 3690 2434 non

2111 2463 2236 2534 jure
2265 2472 2500 2529 tantum,
2534 2476 2760 2536 propter
2794 2467 3149 2537 apostolicam
3182 2476 3506 2538 potestatem
3526 2507 3541 2533 ,
3593 2466 3690 2522 sed

2115 2555 2280 2609 etiam
2317 2555 2372 2609 in
2401 2555 2628 2627 synodo,
2664 2557 2966 2611 secundum
3003 2573 3229 2612 morem.

2191 2665 2346 2736 192
2397 2665 2700 2723 Obscurum
2769 2679 2952 2724 tamen
3000 2679 3104 2735 est,
3147 2671 3456 2743 cujusmodi
3518 2670 3691 2728 fuerit

2122 2754 2308 2810 isthmc
2341 2758 2602 2827 synodus,
2656 2771 2839 2814 utrum
2878 2761 3154 2815 ordinaria
3179 2778 3301 2831 quae
3332 2761 3417 2816 bis
3463 2763 3518 2816 in
3547 2778 3690 2817 anno

2121 2846 2446 2911 habebatur,
2501 2863 2571 2902 an
2597 2849 3056 2915 extraordinaria,
3098 2852 3288 2920 quales
3330 2868 3430 2923 pro
3464 2868 3520 2908 re
3561 2862 3688 2907 nata

452 2913 680 3032 legam:
722 2922 952 2985 ιιιθτίιιιθ
990 2931 1021 2970 ³
1046 2914 1428 2970 Τῦθοάοτθῑο¹
1451 2914 1789 2984 ευνριίείὺυε
1818 2917 2016 2974 “ueris
2041 2977 2083 3032 Ο
2118 2937 2302 3006 plures
2362 2952 2430 2991 ex
2466 2938 2760 3007 episcopis,
2808 2940 2900 3008 qui
2946 2913 3075 2995 tunc
3112 2913 3362 3006 aderant,
3425 2942 3688 3011 urbisque

450 3008 823 3076 compellatus.

520 3119 606 3172 IV.
647 3119 724 3172 Re
755 3119 1054 3190 disceptata
1089 3119 1333 3189 pontifex
1365 3121 1680 3190 iudicialem
1717 3123 1759 3154 ⁸⁸
1797 3133 2017 3178 senten-

453 3207 582 3262 tiam
607 3209 750 3272 tulit,
785 3225 889 3278 qua
923 3209 1219 3264 declaravit
1247 3209 1652 3265 Theodoretum
1696 3212 1875 3282 primo
1927 3214 2013 3267 in-

445 3297 593 3365 juste
629 3299 965 3369 iudicatum;
1031 3299 1230 3353 deinde
1290 3316 1569 3370 nunquam
1617 3303 2016 3359 communionis

450 3389 762 3457 apostolicae
814 3388 981 3442 fuisse
1035 3397 1342 3453 exsortem;
1421 3389 1660 3458 denique
1722 3393 2015 3446 restituen-

451 3476 582 3533 dum
618 3479 673 3532 in
714 3479 920 3543 sedem,
961 3495 1026 3533 ex
1051 3494 1156 3548 qua
1192 3495 1290 3548 per
1346 3479 1603 3550 injuriam
1633 3482 1893 3551 expulsus
1924 3497 2013 3538 ese

451 3576 554 3623 εει.

521 3675 814 3732 Sententiae
839 3676 1000 3747 hujus
1027 3677 1270 3747 locuples
1296 3680 1689 3745 testimonium,
1741 3683 2013 3738 indubita-

450 3779 674 3836 tumque
706 3775 1118 3821 monumentum
1155 3768 1210 3822 in
1251 3769 1402 3824 Actis
1433 3771 1651 3825 concilii
1709 3772 2010 3829 Chalcedo-

449 3858 635 3912 nensis
667 3859 980 3914 continetur
1003 3859 1063 3914 τ’.
1090 3858 1223 3915 Nam
1251 3875 1374 3917 cum
1405 3861 1607 3916 actioni
1634 3863 1822 3931 prima:
1854 3866 2012 3921 dare-

450 3954 540 3999 tur
564 3945 803 4012 initium,
829 3948 1042 4018 judices
1055 3950 1124 4004 ab
1149 3950 1479 4020 imperatore
1516 3953 2009 4015 constitutiffheo-

447 4032 698 4086 doretum
734 4034 1007 4090 introduci
1054 4037 1356 4107 jusserunt.
1413 4057 1430 4088 ‹
1475 4039 1612 4106 Quia
1663 4043 1902 4098 restituit
1931 4043 2004 4110 ei,

447 4121 721 4185 dicebant,
759 4123 1128 4194 episcopatum
1151 4127 1527 4183 Sanctissimus
1568 4129 2010 4200 archiepiscopus

446 4210 575 4266 Leo.
612 4231 630 4263 ι
663 4214 729 4268 Et
757 4222 944 4282 postea
974 4231 988 4267 :
1018 4233 1036 4266 ι
1068 4215 1468 4283 Theodoretus,
1498 4220 1590 4289 qui
1618 4222 1897 4290 proprium
1922 4222 2004 4275 lo-

2116 3027 2262 3080 clero
2290 3027 2644 3097 cogebantur.
2700 3029 3208 3084 Extraordinariam
3256 3031 3456 3097 credo;
3510 3047 3688 3101 neque

2113 3115 2261 3169 enim
2292 3117 2478 3170 habita
2531 3126 2615 3172 est
2665 3119 2944 3174 consuetis
2987 3121 3328 3191 temporibus
3363 3140 3376 3176 :
3415 3125 3507 3192 qui
3538 3123 3686 3177 enim

2113 3206 2384 3274 potuisset
2415 3216 2540 3262 ante
2579 3207 3081 3277 Quadragesimam,
3113 3212 3308 3282 legatis
3355 3212 3687 3268 Theodoreti

2114 3304 2246 3349 tunc
2267 3296 2508 3351 nondum
2535 3298 2801 3366 appulsis?
2829 3303 2922 3368 qui
2959 3302 3164 3369 pariter
3195 3301 3341 3356 circa
3371 3301 3686 3368 Octobrem,

2113 3398 2236 3437 cum
2271 3399 2455 3438 mense
2481 3385 2627 3439 Julio
2653 3386 2876 3440 collecta
2899 3390 2971 3440 sit
2991 3389 3094 3442 alia
3117 3387 3273 3443 valde
3300 3399 3450 3453 nota,
3485 3405 3552 3444 ex
3577 3405 3687 3460 qua

2111 3475 2354 3544 episcopi
2405 3476 2534 3539 duo,
2586 3493 2710 3530 cum
2767 3477 2986 3532 duobus
3053 3479 3255 3548 pariter
3302 3479 3682 3552 presbyteris,

2112 3565 2264 3619 missi
2299 3577 2427 3620 sunt
2460 3582 2489 3620 a
2515 3575 2704 3620 sancto
2727 3567 2912 3623 Leone
2942 3569 3510 3640 Constantinopolim?

2182 3677 2246 3732 V.
2290 3678 2413 3732 Fuit
2441 3695 2571 3735 vero
2596 3681 2711 3734 haec
2735 3681 2892 3744 ratio,
2921 3697 3020 3735 cur
3048 3681 3114 3735 ad
3145 3681 3511 3737 Theodosium
3539 3683 3686 3753 lega-

2112 3775 2196 3823 tos
2222 3769 2466 3838 pontifex
2495 3771 2817 3825 decerneret
2859 3789 2870 3823 :
2918 3771 3206 3826 Anatolius
3245 3774 3322 3835 ",
3355 3773 3448 3842 qui
3503 3775 3683 3830 sancti

2111 3857 2354 3912 Flaviani
2383 3860 2437 3912 in
2471 3860 2657 3913 sedem
2680 3860 2944 3915 suffectus
2992 3863 3190 3928 fuerat,
3233 3873 3293 3919 ut
3320 3881 3388 3920 ex
3434 3866 3681 3922 Dioscori
3737 3883 3756 3916 .·

2109 3948 2486 4017 apocrisiario,
2511 3949 2687 4005 factus
2703 3960 2785 4004 est
2811 3950 3444 4022 ConstantinOpolitanus
3466 3958 3677 4027 episco-

2108 4056 2238 4111 pus,
2261 4041 2332 4092 ita
2357 4041 2638 4096 laborabat
2671 4057 2780 4095 non
2800 4042 2907 4096 levi
2937 4043 3249 4112 suspicione
3303 4045 3684 4102 consensionis

2109 4146 2230 4185 cum
2266 4131 2528 4186 Dioscoro
2550 4138 2606 4185 et
2633 4132 2898 4203 Eutyche,
2928 4150 3160 4202 quorum
3213 4136 3482 4191 beneficio
3528 4137 3683 4192 frue-

2107 4220 2288 4274 batur.
2318 4220 2496 4286 Quare
2521 4221 2768 4290 pontifex
2792 4222 3026 4280 Anatolii
3055 4225 3216 4278 tidem
3245 4227 3603 4295 probaturus,
3622 4237 3681 4284 et

444 4317 568 4356 cum
592 4303 798 4372 recepit
832 4319 860 4357 a
914 4305 1256 4360 sanctissimo
1292 4308 1548 4378 episcopo
1594 4310 1805 4380 inclytae
1855 4313 2008 4367 urbis
2040 4296 2083 4350 D
2112 4311 2272 4365 simul
2308 4313 2494 4376 etiam,
2522 4329 2627 4383 qua
2651 4313 2789 4368 forte
2814 4315 2914 4378 fas,
2943 4316 3276 4385 Ephesinum
3310 4317 3676 4382 latrocinium,

445 4391 650 4456 Rom,
698 4412 715 4442 ι
734 4401 841 4448 etc.
872 4393 1008 4449 Cum
1041 4403 1260 4450 ventum
1291 4407 1434 4452 esset
1465 4398 1532 4453 ad
1561 4401 1828 4454 actionem
1853 4411 2000 4456 octa-

442 4498 583 4538 vam.
617 4484 800 4553 inqua
823 4484 1149 4540 Theodoreti
1181 4502 1340 4541 causa
1373 4489 1650 4543 tractanda
1682 4499 1822 4555 erat,
1855 4507 2008 4546 cum-

440 4587 547 4642 que
576 4575 690 4643 ipse
751 4576 1001 4630 Nestorio
1049 4579 1338 4632 anathema
1385 4579 1628 4640 dixisset,
1692 4580 2004 4636 interlocuti

439 4673 568 4719 sunt
588 4665 630 4696 “
652 4665 866 4733 judices
892 4668 944 4720 in
976 4668 1087 4722 haec
1117 4670 1281 4722 verba
1327 4687 1336 4720 :
1382 4689 1398 4717 ι
1430 4669 1622 4725 Omnis
1662 4672 1765 4738 iam
1794 4671 2010 4726 dubita-

441 4750 518 4804 tio
541 4751 610 4806 de
643 4753 989 4809 Theodoreto
1014 4757 1190 4809 soluta
1226 4767 1309 4811 est
1337 4776 1348 4810 :
1372 4759 1574 4828 quippe
1595 4765 1653 4813 et
1693 4761 2004 4816 Nestorium

437 4855 625 4896 coram
676 4843 835 4898 vobis
857 4845 1358 4911 anathematizavit,
1391 4857 1446 4902 et
1467 4864 1496 4902 a
1545 4849 1890 4905 sanctissimo
1918 4869 2007 4906 ar-

435 4927 789 5004 chiepiscopo
815 4931 1050 4988 senioris
1073 4933 1225 4989 urbis
1252 4935 1437 4992 Romae
1496 4937 1678 4994 Leone
1717 4949 2006 5011 susceptus

435 5028 544 5082 est.
561 5029 616 5076 et
643 5020 1020 5080 deﬁnitionem
1051 5024 1174 5080 fidei
1204 5041 1236 5081 a
1273 5025 1626 5097 religiositate
1671 5041 1851 5092 vestra
1873 5046 2004 5100 pro-

435 5110 600 5168 latam
639 5115 875 5171 libenter
907 5118 1166 5189 suscepit,
1218 5126 1274 5175 et
1304 5111 1529 5189 insuper
1581 5120 1825 5191 epistola
1883 5138 2002 5180 me-

2113 4403 2382 4457 revocatis
2413 4403 2480 4457 ad
2521 4411 2723 4458 rectam
2782 4405 2942 4459 fidem
3001 4407 3272 4478 epiSCOpis
3326 4424 3464 4478 quos
3502 4419 3684 4464 metus

2110 4494 2404 4564 aliquando
2433 4495 2767 4562 abduxisset,
2794 4493 3211 4564 deStructurus,
3240 4500 3448 4569 legatos
3478 4501 3684 4557 direxit

2109 4597 2234 4636 cum
2274 4583 2540 4638 mandatis
2567 4586 2955 4642 reconciliandi
3005 4603 3100 4641 eos
3152 4589 3426 4654 Ecclesiae,
3479 4589 3682 4659 quibus

2112 4673 2432 4741 prenitentia
2472 4675 2770 4744 perpetrati
2817 4677 2960 4746 apud
2999 4678 3275 4746 Ephesum
3315 4681 3538 4734 sceleris
3599 4679 3682 4733 fo-

2111 4771 2216 4816 ret.

2178 4854 2488 4923 Antequam
2548 4871 2680 4910 vero
2736 4856 3027 4927 dirigeret,
3081 4858 3356 4913 celebrem
3405 4859 3678 4914 contraxit

2107 4945 2456 5000 menseJulio
2483 4946 2650 5001 totius
2696 4947 2864 5002 Italia:
2892 4947 3182 5019 synodum.
3217 4947 3273 5003 ln
3324 4949 3428 5004 hac
3450 4949 3673 5004 decreta

2100 5032 2304 5103 legatio
2356 5036 2414 5089 in
2474 5037 2796 5092 Orientem:
2837 5037 3012 5092 factus
3064 5038 3350 5110 legationis
3394 5039 3674 5110 princeps,

2102 5126 2477 5180 constitutione
2501 5128 2658 5180 totius
2682 5126 2880 5192 Italiae,
2916 5137 2965 5181 et
2989 5127 3238 5183 electione
3273 5129 3678 5201 dispensationis

1765 5295 2080 5372 scnULzu
2118 5316 2349 5373 nom.

504 5469 547 5501 “
577 5468 812 5524 ἐδίκασε.
851 5470 1153 5526 ἐδικαίωσε.

1246 5475 1290 5505 "
1316 5473 1436 5528 Act.
1493 5477 1514 5528 ι
1575 5493 1732 5532 conc.
1781 5477 2036 5533 Chalced.

2132 5481 2176 5511 ¹¹
2203 5455 2323 5534 Act.
2358 5480 2390 5534 8
2422 5495 2578 5537 conc.
2633 5482 2892 5540 Chalced.
3001 5486 3045 5518 ”
3069 5486 3374 5542 ἐδικαίωσε.
3448 5489 3495 5520 ³⁸
3527 5490 3674 5543 μετὰ

428 5535 522 5588 τοῦ
561 5537 698 5590 Θεοῦ
729 5540 883 5594 Λέων
915 5541 1150 5595 ἐδίκασε.
1228 5544 1270 5574 ⁸⁸
1301 5544 1635 5599 Monstravit.
1669 5547 1895 5616 Reliqua
1930 5549 2013 5604 vid

2114 5563 2228 5618 cap.
2261 5549 2343 5613 tl,
2370 5549 2399 5617 ς
2431 5535 2498 5604 io
2523 5535 2576 5606 in
2611 5535 3008 5609 θῆἑῖ”ῖῖ’νῑ‹ι.
3041 5535 3424 5627 ιῖἑὸὶὶῗῖῇἷέυ
3468 5535 3558 5612 si
