4048 6174
300 307 408 370 145

1467 310 1823 369 HISTORIA
1863 309 2368 398 menaeus“.

3459 318 3561 385 146

299 418 610 479 Leoniance,
637 416 922 472 Abundius
955 419 1000 450 "
1028 420 1111 473 vir
1129 421 1363 474 eximius
1387 421 1676 488 sapientia,
1702 436 1764 473 ac
1793 435 1885 472 va—
1915 424 1957 478 A
1988 419 2235 484 licitudo,
2285 437 2350 475 ex
2397 423 2575 476 causis
2623 423 2853 476 maxime
2887 434 3120 492 quatuor
3163 419 3404 494 profecta
3439 439 3556 487 est:

300 509 403 561 riis
432 507 638 579 linguis
693 517 958 564 strenuus
988 528 1000 562 :
1028 511 1199 565 additi
1219 513 1449 566 comites
1484 513 1730 566 Asterius
1765 512 1884 580 epi-

300 615 507 667 scopus
535 608 591 652 et
627 600 932 670 presbyteri
961 602 1070 656 duo
1095 603 1329 658 Basilius
1360 614 1415 657 et
1448 605 1678 657 Senator
1710 622 1720 655 :
1771 611 1882 656 tra-

299 691 416 743 dita
446 690 492 720 "
519 688 646 744 ﬁdei
699 690 953 756 formula,
1010 695 1241 763 epistola
1302 695 1510 750 scilicet
1558 694 1757 748 Leonis
1815 695 1880 748 ad

302 780 648 845 Flavianum,
674 795 799 834 cum
842 783 1173 838 testimoniis
1213 786 1435 840 Patrum
1463 800 1490 836 a
1532 784 1883 838 Theodoreto

302 871 657 940 subjunctis:
692 873 880 927 datum
922 875 1084 929 simul
1115 877 1454 938 mandatum,
1503 877 1883 946 permittenda:

299 962 558 1016 Anatolio
583 963 846 1032 optionis,
871 966 1028 1034 cujus
1043 967 1286 1035 epistola!
1299 966 1699 1036 subscriptione
1721 967 1884 1020 vellet

298 1051 464 1104 ﬁdem
499 1067 655 1106 suam
682 1053 1061 1110 demonstrare.
1089 1073 1100 1107 :
1127 1072 1194 1110 an
1221 1073 1344 1126 quae
1373 1073 1402 1110 a
1436 1056 1617 1111 Leone
1655 1057 1722 1110 ad
1755 1056 1880 1110 Fla-

298 1146 557 1208 vianum,
594 1161 665 1198 an
694 1161 816 1214 qua:
844 1163 874 1200 a
913 1146 1117 1218 Cyrillo
1152 1148 1394 1202 secunda
1459 1148 1524 1202 ad
1571 1149 1880 1202 Nestorium

298 1235 514 1303 scripta
556 1245 643 1291 est
712 1237 1024 1292 Mandatum
1072 1240 1315 1309 insuper,
1368 1252 1428 1293 ut
1481 1239 1734 1300 Maximo,
1788 1240 1881 1304 qui

296 1327 516 1380 Damno
545 1339 886 1384 successerat
913 1346 969 1382 in
996 1331 1180 1385 sedem
1212 1331 1630 1391 Antiochenam,
1685 1331 1882 1387 Leonis

294 1417 531 1484 epistola
577 1418 632 1469 in
682 1418 1056 1472 testimonium
1101 1419 1225 1474 ﬁdei
1270 1419 1667 1474 subscribenda
1692 1421 1878 1474 mitte-

298 1516 472 1561 retur.
501 1508 633 1562 Erat
654 1510 800 1562 enim
831 1521 886 1564 et
904 1512 1019 1580 ipse
1047 1523 1332 1582 suspectus
1357 1516 1737 1570 consensionis
1754 1530 1877 1568 cum

298 1600 583 1664 Dioscoro,
615 1617 775 1671 aquo
798 1602 976 1656 fuerat
1017 1605 1349 1660 substitutus
1396 1606 1605 1660 Domno
1642 1606 1878 1660 letaliter

293 1691 611 1759 mgrotanti.
668 1708 792 1746 cum
843 1693 1232 1762 deponeretur.
1284 1697 1674 1766 Praescriptum
1717 1697 1874 1750 deni-

1988 527 2053 563 ex
2094 511 2455 565 conversione
2501 526 2704 574 rerum,
2742 525 2865 580 qua:
2909 527 3034 567 mox
3081 515 3442 572 narrabitur:
3491 535 3556 574 ex

1984 599 2255 652 contraﬂa
2309 599 2522 668 imperii
2581 599 2774 664 forma,
2827 609 3090 671 regnante
3130 619 3276 660 nunc
3309 605 3377 660 ad
3414 607 3559 664 arbi-

1984 689 2149 742 trium
2178 690 2466 744 Pulcheria
2494 708 2507 743 :
2545 706 2612 745 ex
2644 692 2936 747 formidine
2963 695 3248 764 utriusque
3277 697 3556 763 antistitis.

1984 780 2280 834 metuentis
2327 796 2395 836 ne
2440 782 2811 851 depelleretur
2865 783 2995 840 sede
3074 788 3127 840 in
3205 801 3368 856 quam
3423 790 3557 844 vitio

1981 879 2208 926 evectus
2237 882 2354 926 erat
2393 891 2406 925 :
2449 889 2513 927 ex
2541 875 2808 929 industria
2833 876 3070 947 denique
3092 879 3394 949 legatorum
3421 890 3559 936 tem-

1983 975 2114 1028 pore
2154 961 2424 1016 utentium
2460 963 2528 1016 ad
2567 979 2681 1018 rem
2715 964 2840 1020 ﬁdei
2879 968 3324 1035 promovendam.

2052 1050 2209 1105 Tunc
2236 1053 2502 1122 temporis
2562 1053 2944 1111 Theodoretus
2984 1056 3041 1110 in
3105 1056 3384 1128 Apameno
3434 1075 3552 1116 mo-

1984 1140 2224 1196 nasterio
2267 1145 2611 1209 versabatur,
2652 1160 2776 1200 cum
2811 1147 2904 1201 Iba
2939 1147 3177 1214 Edessae,
3210 1158 3266 1204 et
3298 1150 3556 1220 Aquilino

1980 1231 2135 1302 Bybli
2193 1233 2321 1286 olim
2369 1234 2660 1304 episcOpis.
2699 1237 2777 1289 Eo
2823 1252 2881 1292 se
2912 1237 3010 1303 illi,
3047 1241 3132 1294 vel
3158 1241 3320 1314 amici
3343 1242 3554 1298 visendi

1981 1323 2149 1392 gratia
2188 1326 2558 1390 contulerant,
2606 1327 2690 1382 vel
2732 1328 2922 1383 eadem
2963 1337 3282 1400 tempestate
3316 1334 3552 1405 jactanta

1983 1427 2322 1486 receperant,
2372 1422 2521 1475 velut
2567 1422 2636 1475 ad
2693 1438 3038 1476 communem
3077 1433 3316 1492 portum.

2053 1511 2162 1564 νη.
2209 1512 2285 1564 Eo
2332 1513 2435 1566 loci
2494 1515 2702 1582 perlata
2739 1526 2824 1568 est
2866 1517 3036 1569 sancti
3075 1515 3270 1569 Leonis
3301 1516 3548 1584 epistola,

1981 1604 2096 1656 sive
2140 1603 2354 1658 Maximi
2414 1620 2569 1670 cura,
2627 1607 2772 1677 quod
2817 1609 2904 1660 vix
2941 1617 3123 1677 putem
3149 1649 3162 1671 ,
3199 1608 3313 1663 sive
3347 1608 3553 1662 amico-

1983 1707 2102 1744 rum
2145 1706 2249 1761 ope
2288 1692 2504 1749 aﬁlictis
2543 1697 2826 1752 exsulibus
2868 1697 3391 1752 commiserantium.
3421 1696 3552 1751 Eam

292 1799 427 1850 que,
461 1793 522 1838 ut
546 1785 614 1838 de
640 1785 974 1841 celebrando
1000 1789 1053 1840 in
1095 1786 1409 1844 Occidentis
1434 1764 1682 1859 partibus
1741 1807 1873 1845 con-
1909 1764 1950 1819 Β
1979 1785 2361 1841 Theodoretus
2385 1787 2497 1857 jam
2535 1787 2744 1856 pridem
2799 1789 2904 1843 sibi
2948 1799 3130 1843 notam
3178 1789 3344 1844 sociis
3384 1803 3552 1859 expo-

293 1873 430 1926 cilio
463 1874 764 1930 instantius
785 1892 910 1928 cum
935 1876 1268 1946 imperatore
1299 1888 1572 1949 ageretur.

368 1965 458 2019 Vl.
519 1965 814 2037 Legatione
844 1968 1134 2024 Abundius
1157 1985 1281 2025 cum
1327 1971 1490 2026 sociis
1539 1972 1610 2024 ita
1658 1971 1877 2026 functus

292 2065 404 2118 est,
445 2065 509 2109 ut
539 2067 776 2111 eventus
835 2058 1034 2112 summi
1077 2058 1352 2127 pontificis
1381 2075 1532 2129 spem
1579 2071 1742 2129 atque
1778 2077 1874 2114 ex-

293 2144 694 2213 spectationem
726 2145 994 2201 vinceret.
1032 2147 1165 2200 Nam
1192 2147 1477 2202 Anatolius
1521 2158 1578 2202 et
1615 2149 1876 2203 Maximus

293 2235 589 2304 epistolam
620 2237 855 2291 ‘Leonis
899 2237 1086 2306 (simul
1128 2237 1313 2292 oblata
1346 2238 1450 2309 est)
1497 2255 1603 2294 non
1650 2254 1873 2310 recepe-

296 2339 429 2380 runt
455 2329 642 2391 modo,
684 2328 834 2382 velut
883 2327 1005 2381 ﬁdei
1041 2328 1308 2399 regulam,
1352 2330 1447 2384 sed
1504 2331 1873 2398 recipiendam

295 2433 521 2486 quoque
550 2435 580 2472 a
618 2435 729 2472 sua:
758 2419 991 2488 quisque
1015 2420 1272 2475 diwcesis
1316 2421 1591 2489 episcopis
1643 2421 1709 2474 ad
1745 2437 1878 2476 coo-

292 2511 488 2563 cilium
521 2510 752 2572 vocatis,
793 2519 1080 2564 curarunt.

367 2601 442 2654 De
490 2600 746 2655 Anatolio
801 2601 955 2656 testis
1003 2601 1268 2671 locuples,
1317 2603 1409 2671 qui
1470 2603 1643 2656 Vitam
1672 2605 1872 2659 .sancti

296 2689 538 2742 Abundii
570 2689 931 2758 conscripsit:
965 2709 983 2740 ι
1029 2692 1333 2754 Anatolius,
1354 2693 1554 2760 inquit,
1581 2694 1874 2763 episcopus

293 2777 452 2832 urbis
481 2777 639 2847 193
667 2778 1288 2848 Constantinopolitanae
1315 2796 1466 2834 nova:
1505 2781 1708 2842 Romae,
1741 2796 1874 2836 con-

291 2869 547 2938 gregavit
587 2869 882 2924 concilium
937 2870 1181 2924 omnium
1215 2870 1625 2940 episcoporum,
1686 2871 1870 2925 archi-

292 2959 717 3023 mandritarum,
758 2962 1226 3033 presbyterorum,
1282 2972 1340 3016 et
1368 2962 1724 3017 diaconorum
1758 2981 1771 3026 ;
1817 2974 1873 3019 et

303 3059 433 3106 ante
494 3061 846 3121 conspectum
900 3053 1146 3107 omnium
1217 3052 1444 3107 recitata
1499 3063 1583 3107 est
1641 3055 1869 3123 epistola
1897 3089 1942 3147 ϐ

291 3142 483 3198 sancti
508 3141 730 3201 Leonis.
753 3158 916 3212 quam
958 3143 1153 3198 beatus
1193 3141 1482 3197 Abundius
1513 3157 1698 3198 coram
1751 3157 1871 3196 om-

293 3234 460 3288 nibus
493 3234 864 3302 prasentavit,
897 3232 1360 3288 concordantibus
1404 3232 1732 3288 testimoniis
1760 3233 1869 3287 Ro-

293 3338 584 3378 manorum
607 3324 826 3378 Patrum
842 3331 1005 3394 atque
1028 3323 1432 3394 Argolicorum.
1451 3323 1736 3378 Anatolius
1755 3323 1872 3392 cpi-

291 3429 496 3484 scopus
530 3413 1035 3485 Constantinopolis
1058 3415 1187 3470 huic
1205 3413 1451 3484 epistolae
1476 3413 1647 3468 sancti
1675 3413 1874 3469 Leonis

292 3507 474 3575 Papae,
498 3506 802 3563 continenti
839 3506 1123 3562 catholicae
1149 3506 1273 3561 ﬁdei
1309 3507 1614 3569 veritatem,
1641 3523 1872 3561 concor-

293 3597 556 3652 dantibus
583 3598 748 3652 etiam
787 3599 1115 3653 testimoniis
1145 3599 1364 3652 Patrum
1395 3598 1463 3652 ab
1505 3597 1694 3652 eadem
1738 3615 1869 3668 apo-

294 3687 487 3741 stolica
517 3686 648 3741 sede
695 3687 922 3742 directis
948 3687 1122 3755 plena:
1161 3687 1470 3742 devotionis
1496 3690 1795 3749 consensit,
1821 3698 1873 3740 et

291 3778 645 3846 subscripsit,
695 3778 987 3832 anathema
1017 3778 1208 3832 dicens
1239 3777 1470 3847 Eutychi
1509 3785 1566 3831 et
1598 3779 1870 3842 Nestorio,

288 3880 348 3921 et
369 3868 634 3939 dogmati,
682 3869 764 3923 vel
803 3868 1170 3924 sectatoribus
1220 3884 1411 3923 eorum
1449 3885 1464 3920 :
1517 3877 1648 3922 tunc
1689 3870 1872 3923 caeteri

293 3959 489 4014 Patres
513 3975 623 4014 non
658 3959 810 4028 parvi
835 3959 1049 4014 numeri
1091 3959 1286 4015 eodem
1331 3958 1494 4013 modo
1523 3961 1870 4028 subscripse—

293 4059 442 4104 runt.
486 4069 506 4101 ι

367 4141 441 4196 De
457 4148 693 4210 utroque
711 4140 870 4196 simul
892 4149 1114 4195 sanctus
1130 4140 1239 4194 Leo
1261 4142 1304 4171 ’³
1325 4159 1336 4192 :
1363 4159 1378 4190 ι
1400 4141 1590 4198 Totam
1609 4140 1874 4206 Constan-

292 4232 704 4302 tinopolitanam
737 4232 1036 4287 Ecclesiam
1079 4246 1201 4285 cum
1242 4232 1585 4286 monasteriis
1620 4231 1874 4286 omnibus

288 4334 347 4377 et
389 4323 577 4377 multis
608 4323 882 4392 episcopis
934 4323 1153 4376 noveris
1187 4321 1486 4391 praebuisse
1522 4337 1870 4385 consensum,

1979 1874 2118 1938 suit,
2167 1885 2222 1931 et
2272 1877 2550 1930 communi
2612 1876 2780 1931 trium
2825 1877 3228 1946 subscriptione
3286 1877 3552 1932 munitam

1977 1964 2505 2036 Constantinopolim
2564 1967 2630 2020 ad
2689 1966 3002 2021 Abundium
3052 1983 3174 2021 cum
3218 1967 3416 2022 litteris
3462 1983 3550 2022 re-

1979 2055 2146 2109 misit.
2200 2055 2257 2108 ln
2303 2055 2388 2110 his
2417 2064 2704 2126 postquam
2735 2055 2973 2110 Abundii
3014 2055 3066 2110 in
3095 2057 3332 2111 Ecclesia
3360 2055 3552 2111 Orien-

1980 2145 2072 2198 tali
2134 2146 2371 2215 juvanda
2427 2146 2692 2210 studium,
2733 2145 3065 2214 illaesamque
3117 2143 3550 2199 Occidentalium

1977 2238 2138 2292 ﬁdem
2190 2239 2464 2302 laudavit;
2498 2249 2611 2294 tum
2640 2238 2801 2293 ﬁdem
2837 2253 2990 2292 suam
3013 2236 3327 2306 apostolicis
3354 2236 3552 2290 litteris

1975 2341 2271 2382 consonam
2322 2329 2631 2397 proﬁtetur,
2689 2344 2922 2398 moxque
2972 2327 3124 2382 addit
3162 2328 3206 2358 “
3253 2345 3318 2381 τε
3353 2325 3450 2381 llis
3495 2334 3552 2382 et

1974 2432 2075 2487 ego
2118 2417 2318 2472 litteris
2360 2417 2632 2482 consensi,
2683 2426 2738 2471 et
2763 2417 2890 2471 huic
2923 2416 3168 2486 epistola:
3215 2430 3348 2472 mete
3369 2429 3552 2470 exem-

1975 2507 2125 2576 plum
2169 2522 2358 2561 earum
2411 2507 2687 2576 copulavi,
2720 2507 2810 2562 cui
2836 2509 3003 2562 etiam
3031 2505 3356 2574 subscripsi,
3384 2513 3550 2574 atque

1975 2612 2038 2651 ex
2072 2597 2176 2651 hoc
2214 2597 2466 2667 probavi,
2523 2596 2680 2667 19a.
2735 2596 2883 2666 quod
2940 2596 3156 2667 regulas
3203 2593 3547 2663 apostolicas,

1977 2689 2079 2742 hoc
2129 2695 2233 2749 est,
2285 2703 2413 2743 vera
2457 2689 2711 2759 dogmata
2764 2703 2986 2760 sequor,
3043 2685 3316 2755 hodieque
3359 2685 3413 2738 in
3467 2683 3552 2737 his

1975 2795 2291 2849 permaneo,
2326 2789 2381 2835 et
2430 2780 2554 2836 ideo
2605 2780 2806 2848 bellum
2859 2779 3055 2849 patior.
3089 2777 3376 2834 Consensit
3417 2775 3548 2830 item

1974 2871 2230 2925 dominus
2278 2886 2435 2926 meus
2462 2870 2602 2934 lbas,
2646 2880 2700 2925 et
2741 2870 3004 2925 dominus
3045 2885 3200 2924 meus
3238 2867 3546 2938 Aquilinus,

1974 2974 2163 3019 contra
2219 2980 2360 3034 quos
2407 2966 2803 3033 imperatorum
2856 2969 3180 3032 potestatem
3237 2960 3552 3014 inventores

1976 3071 2128 3111 nova:
2186 3056 2410 3112 haeresis
2453 3065 2826 3112 armaverunt.
2869 3076 2887 3107 ο

2589 3168 2812 3224 CAPUT
2861 3167 2948 3220 ΧΙ.

1974 3273 2015 3327 1.
2056 3273 2278 3327 Moritur
2317 3274 2644 3327 Theodosius.
2685 3271 2747 3326 ll.
2789 3270 3065 3324 Pulcheria
3107 3269 3432 3321 dominatum
3467 3283 3549 3320 re-

2043 3344 2223 3396 sumit.
2246 3344 2332 3397 Ill.
2353 3343 2696 3396 Theodoreto:
2717 3341 2778 3394 ab
2801 3339 2983 3394 exsilio
3001 3347 3292 3392 revocatur.
3313 3336 3399 3391 IV.
3421 3337 3552 3390 Gra-

2045 3415 2148 3466 tias
2193 3416 2303 3483 agit
2329 3409 3064 3483 patronis.”VZLibellumAde
3088 3407 3326 3483 cogenda
3352 3406 3550 3483 synodo

2044 3483 2124 3536 Au
2165 3475 2292 3536 ustis
2327 3475 2496 3604 afen.
2547 3481 2634 3537 Vl.
2683 3479 2922 3551 Synodus
2966 3475 3290 3534 Chalcedone
3325 3475 3547 3546 cogitur.

2047 3499 2160 3604 Vll?
2201 3552 2333 3604 Theo
2373 3560 2545 3604 oretus
2577 3560 2698 3604 ante
2731 3557 2904 3602 actam
2934 3564 3146 3601 causam
3178 3545 3473 3600 admittitur
3494 3544 3547 3597 in

2047 3544 2156 3606 Vir.
2201 3544 2545 3606 Theodoretus
2577 3560 2698 3604 ante
2725 3544 2904 3602 actam
2934 3564 3146 3601 causam
3178 3544 3473 3600 admittitur
3494 3544 3547 3597 in

2045 3639 2360 3675 consessum.
2415 3621 2544 3675 Vill.
2603 3619 2911 3688 Reclamant
2950 3613 3342 3688 [Egi/ptitulx.
3375 3613 3549 3688 Causa

2045 3693 2550 3762 peragiturﬁactione
2580 3699 2763 3762 octaua
2822 3687 2888 3762 li.
2914 3684 3276 3762 Acta'concilii
3309 3685 3372 3738 de
3401 3685 3552 3762 resti-

2045 3755 2242 3814 tutione
2300 3761 2621 3816 Theodoreti.
2681 3759 2768 3812 XI.
2826 3758 2958 3810 Dicit
3006 3759 3207 3811 sincere
3265 3755 3546 3808 anathema

2051 3830 2306 3893 Nestorio,
2344 3840 2390 3883 et
2422 3829 2594 3897 ﬁdem
2626 3829 2922 3899 proﬁtetur.

2519 3945 2664 3993 Anno
2699 3941 2787 3990 4350
2816 3948 2866 3990 et
2889 3940 2996 3989 451.

2045 4051 2084 4104 l.
2129 4049 2449 4118 Priusquam
2519 4047 2805 4101 Abundius
2857 4061 2980 4100 cum
3027 4044 3190 4099 sociis
3234 4043 3287 4096 in
3345 4042 3549 4112 regiam

1975 4141 2166 4196 urbem
2220 4139 2552 4209 perveniret,
2602 4137 2838 4192 decessit
2881 4151 2910 4189 e
2945 4135 3054 4188 vita
3091 4132 3430 4188 Theodosius
3458 4130 3548 4186 die

1973 4234 2042 4288 29
2065 4232 2196 4304 Julii
2230 4247 2375 4286 anno
2398 4231 2520 4291 450,
2560 4246 2682 4283 cum
2727 4229 2950 4282 vixisset
2983 4239 3155 4280 annos
3189 4221 3547 4293 quadraginta

1976 4340 2194 4387 novem,
2250 4324 2570 4392 imperasset
2618 4318 2981 4388 quadraginta
3029 4317 3169 4370 duos
3215 4324 3271 4368 et
3332 4327 3548 4368 menses

289 4423 346 4468 et
397 4413 893 4483 subscriptionibus
924 4413 1038 4467 suis
1059 4413 1366 4466 Nestorium
1398 4422 1561 4482 atque
1587 4414 1868 4484 Eutychen
1904 4410 1945 4464 Ξ)
1975 4416 2088 4471 fere
2140 4425 2271 4470 tres.

290 4518 417 4556 cum
477 4503 592 4557 suis
661 4501 1148 4557 anathematizasse
1215 4502 1578 4571 dogmatibus.
1644 4503 1873 4558 Noveris

287 4595 454 4648 etiam
517 4593 764 4663 proxime
815 4609 900 4648 me
948 4594 1232 4663 epistolam
1287 4593 1870 4660 Constantinopolitani

285 4686 534 4755 episcopi
583 4685 881 4754 accepisse,
917 4700 1039 4754 quae
1082 4685 1266 4747 refert,
1315 4685 1715 4738 Antiochenam
1754 4683 1871 4751 epi-

286 4793 541 4847 sc0pum,
571 4777 751 4833 missis
789 4793 885 4847 per
920 4777 1226 4847 provincias
1261 4792 1388 4830 suas
1419 4775 1709 4838 tractoriis,
1748 4776 1871 4828 nni-

286 4883 479 4924 versos
523 4869 812 4938 cpiscOpos
844 4868 1108 4938 coegisse,
1163 4876 1220 4923 et
1269 4868 1512 4936 epistola:
1566 4883 1698 4920 lima)
1731 4881 1870 4933 prae-

286 4960 476 5014 buisse
510 4975 861 5022 consensum,
903 4970 959 5012 et
991 4959 1300 5013 Nestorium
1337 4973 1401 5011 ac
1441 4958 1721 5025 Eutychen
1755 4959 1868 5027 pari

284 5050 694 5119 subscriptione
746 5051 1057 5106 damnasse.
1083 5069 1099 5100 ι

362 5141 589 5195 Devotio
641 5151 809 5202 tanta,
856 5151 1074 5210 quantm
1118 5156 1242 5194 mox
1293 5139 1430 5195 facta
1479 5139 1582 5193 fuit
1638 5143 1863 5204 mentio,

279 5233 329 5286 si
377 5241 557 5286 tamen
606 5233 825 5286 devotio
865 5232 990 5291 luit.
1039 5241 1226 5286 etnon
1265 5240 1511 5301 prompta
1554 5233 1734 5302 potius
1759 5235 1866 5287 sol-

2046 4507 2108 4560 ll.
2149 4505 2285 4560 Cum
2319 4505 2428 4557 vita
2468 4500 2774 4555 Theodosii
2827 4498 3043 4553 sublata
3092 4505 3176 4550 est
3221 4492 3544 4564 Chrysaphii

1973 4596 2256 4664 potentia:
2296 4593 2539 4647 habenas
2564 4589 2710 4642 enim
2751 4585 2968 4654 imperii
3011 4583 3299 4638 Pulcheria
3339 4595 3548 4634 resum-

1973 4688 2100 4756 psit,
2128 4695 2411 4756 postquam
2449 4676 2912 4751 quinquagenaria
2933 4675 3086 4746 virgo
3120 4673 3395 4728 Marciano
3422 4671 3548 4726 fecit

1972 4776 2219 4845 conjugis
2263 4787 2495 4835 nomen;
2544 4779 2712 4838 utque
2743 4765 2895 4836 regni
2934 4763 3202 4835 primitias
3234 4762 3348 4816 Deo
3388 4761 3548 4830 justi-

1979 4869 2176 4938 tiaeque
2209 4873 2577 4926 consecraret,
2625 4860 2868 4916 rescissis
2911 4873 3032 4929 qua:
3086 4871 3183 4926 per
3221 4855 3329 4910 vim
3364 4853 3549 4906 hacte-

1977 4974 2081 5013 nus
2111 4968 2167 5013 et
2210 4966 2400 5012 contra
2450 4957 2528 5032 fas
2567 4963 2682 5008 acta
2721 4961 2928 5013 essent,
2979 4949 3045 5004 de
3087 4947 3264 5002 danda
3292 4945 3548 5000 Ecclesiis

1973 5069 2107 5122 pace
2151 5049 2502 5120 cogendaque.
2550 5044 2760 5117 synodo
2798 5041 3073 5111 cogitavit.

2047 5141 2132 5194 ΙΙΙ.
2180 5139 2330 5193 Fecit
2385 5154 2448 5191 ea
2499 5151 2684 5189 rerum
2722 5131 3030 5189 conversio,
3081 5137 3140 5182 ut
3171 5126 3548 5182 annitentibus

1973 5232 2290 5286 Vincomalo
2311 5229 2612 5282 ofﬁciorum
2639 5223 2916 5293 magistro,
2937 5231 2993 5276 et
3013 5222 3218 5277 Avieno
3239 5221 3461 5275 consule
3479 5221 3544 5274 ".

1638 5426 1946 5478 Stléilllll
1989 5425 2222 5478 NOTJC.

357 5570 403 5597 ’³
431 5569 548 5621 Viti.
574 5569 749 5622 Vitam
779 5568 831 5621 S.
867 5566 1128 5626 Abundii,
1157 5582 1274 5632 cap.
1305 5566 1358 5621 Ξ.
1398 5580 1545 5617 num.
1609 5565 1661 5632 _8.

279 5638 328 5668 ”
362 5639 481 5692 V'id.
539 5649 578 5690 t.
619 5639 705 5701 IV,
748 5640 908 5708 epist.
946 5637 1061 5708 l78l.

1755 5565 1796 5599 "
1831 5563 1952 5617 Vid.
1983 5564 2151 5618 Leon.
2191 5563 2351 5631 epist.
2389 5563 2570 5617 35-36.
2652 5564 2695 5592 ³⁵
2724 5563 2779 5617 In
2831 5562 2990 5632 epist.
3025 5563 3089 5615 ad
3131 5560 3538 5632 Paschasinum.

1180 5627 1442 5696 "'Ariena
1475 5628 1705 5687 consule.
1738 5635 1828 5687 \‘el
1859 5633 2060 5702 potius,
2095 5627 2296 5703 Aspare
2324 5631 2444 5686 viro
2475 5633 2770 5687 consulari.
2799 5627 2974 5686 Minus
3003 5641 3147 5685 recte
3172 5630 3317 5684 enim
3350 5627 3541 5684 Avieni

278 5723 486 5762 nomen
516 5709 571 5762 in
619 5703 864 5778 epistolte
891 5707 988 5761 l3!)
1023 5705 1374 5774 inscriptione
1412 5705 1692 5758 substituit
1718 5703 2035 5762 Garnerius.
