4054 6138
522 310 614 372 ιη
689 356 694 362 .

1641 304 2022 366 GARNERII
2065 301 2560 362 DISSERTATIO
2599 304 2648 364 Ῐ.

3676 296 3758 364 148

517 423 871 492 Anatolioque
931 420 1162 490 patricio
1213 419 1346 473 viris
1407 419 1604 474 merito
1656 420 2091 489 potentissimis,
2124 423 2174 478 Α
2269 417 2326 469 ln
2353 417 2602 470 eamdem
2620 417 2846 470 omnino
2867 414 3194 470 sententiam
3217 411 3432 467 consuli
3453 411 3532 464 “z
3563 409 3757 481 «Opor-

516 514 918 576 ‘l‘heodoretus,
955 510 1112 580 cujus
1133 509 1188 562 in
1215 507 1403 563 sedem
1429 507 1652 562 infanda
1688 509 1932 579 synodus
1969 509 2090 561 nul-

509 609 620 661 lum
643 604 958 665 suffecerat,
993 601 1064 655 ab
1086 600 1281 655 exsilio
1302 607 1679 664 revocaretur,
1715 615 1936 669 suaque
1965 599 2088 652 urbi

508 697 918 753 restitueretur.
959 694 1036 747 De
1073 702 1298 762 accepto
1350 692 1442 746 ille
1475 691 1746 748 beneﬁcio
1794 691 2092 760 unicuique

510 789 674 844 trium
715 786 1025 856 singulares
1076 784 1282 854 gratias
1323 769 1540 838 litteris.
1582 783 1696 854 egit
1728 781 1795 846 ’⁸,
1824 782 2092 852 petiitque

509 879 592 949 agi
632 894 732 933 suo
783 875 1007 930 nomine
1050 874 1420 944 principibus,
1455 874 1550 929 sed
1584 873 1748 928 simul
1783 872 1852 926 de
1886 886 2092 926 convo-

509 972 723 1026 catione
743 967 936 1042 synodi
962 967 1090 1022 ferri
1122 981 1336 1037 preces.
1364 965 1632 1036 Sperabat
1663 963 1938 1034 siquidem
1980 962 2091 1016 fre'

510 1073 600 1116 tus
645 1069 1007 1131 patronorum
1057 1075 1184 1129 ope,
1231 1074 1387 1114 suam
1436 1074 1495 1113 se
1547 1057 1646 1112 toti
1702 1055 1823 1111 orbi
1871 1057 1888 1075 ⁴
1931 1054 2093 1108 inno-

509 1154 747 1209 centiam
799 1152 1182 1224 probaturum,
1223 1161 1280 1206 et
1322 1151 1588 1205 Dioscoro
1619 1149 1793 1203 vicem
1825 1159 2092 1222 repensu-

511 1259 659 1298 rum.

581 1333 669 1389 lV.
709 1334 907 1389 Mirum
955 1348 1108 1398 vero,
1142 1332 1291 1403 quali
1342 1341 1459 1386 arte
1492 1330 1736 1384 illustres
1780 1328 1926 1383 viros
1956 1328 2094 1382 allo-

511 1427 720 1497 quitur.
755 1427 920 1483 Juvat
943 1442 1012 1483 ex
1042 1425 1278 1496 singulis
1305 1422 1556 1494 epistolis
1586 1420 1794 1492 aliquid
1827 1420 2093 1483 delibare,

511 1534 575 1572 ex
611 1534 721 1588 quo
738 1519 833 1573 lux
853 1518 1099 1572 historia
1121 1515 1398 1585 aﬁ‘ulgeat,
1421 1522 1476 1569 et
1505 1513 1665 1567 simul
1691 1520 1894 1582 pateat,
1929 1526 2095 1580 quam

509 1605 832 1674 eloquenter
857 1605 1074 1660 animus
1107 1602 1308 1674 gaudio
1339 1600 1624 1658 exsultans
1655 1600 1974 1670 triumphet.
2006 1599 2098 1654 Sic

511 1696 676 1766 igitur
701 1697 768 1751 ad
813 1695 1188 1752 Anatolium"
1246 1711 1259 1747 :
1315 1712 1334 1744 «
1365 1693 1477 1748 Nos
1515 1693 1738 1763 quidem
1773 1707 1904 1760 cum
1948 1692 2095 1746 nacti

508 1803 702 1842 sumus
739 1789 1002 1856 quietem,
1042 1787 1277 1840 libenter
1307 1799 1500 1840 sumus
1525 1783 1783 1854 amplexi,
1818 1783 2092 1851 utilesque

511 1895 578 1935 ac
628 1879 992 1948 suavissimos
1031 1879 1156 1948 ejus
1210 1877 1426 1932 fructus
1479 1875 1840 1947 percipimus.
1889 1873 2088 1930 Christi

509 1981 694 2026 autem
738 1947 929 2025 amans
971 1947 1272 2040 imperator
1317 1976 1528 2032 noster,
1577 1966 1803 2036 pietatis
1852 1965 2088 2021 fructum

509 2062 744 2131 adeptus
793 2059 1109 2130 imperium,
1155 2058 1373 2129 imperii
1418 2056 1693 2128 primitias
1732 2056 1948 2127 imperii
1983 2057 2092 2110 lar-

509 2154 669 2225 gitori
713 2153 917 2208 obtulit
955 2152 1346 2216 Eeclesiarum,
1367 2165 1490 2221 qua
1523 2149 1897 2220 iactabantur,
1938 2152 2110 2203 tran—'

509 2246 865 2316 quillitatem,
897 2253 1226 2315 Oppugnata
1264 2241 1392 2297 ﬁdei
1429 2241 1792 2311 triumphum,
1823 2238 2096 2309 evangeli-

509 2350 701 2392 corum
722 2335 879 2406 195
896 2335 1211 2405 dogmatum
1234 2333 1543 2388 victoriam.
1573 2331 1670 2386 llis
1692 2345 1824 2386 vero
1835 2328 2096 2400 pramisit

511 2427 676 2482 illata
721 2426 884 2482 nobis
926 2425 1144 2497 injuria
1178 2423 1541 2480 curationem.
1581 2422 1716 2490 Quis
1739 2421 1885 2478 enim
1930 2420 2093 2475 talem

509 2533 577 2574 ac
601 2525 809 2572 tantam
828 2515 1174 2587 iniquitatem
1200 2515 1413 2571 audivit
1435 2513 1720 2585 unquam?
1749 2513 1875 2583 quis
1897 2511 2096 2566 absens

513 2609 791 2665 homicida
813 2608 1148 2664 damnatus?
1169 2609 1296 2678 quis
1318 2608 1638 2678 nuptiarum
1668 2604 1960 2660 insidiator
1985 2618 2094 2658 non

512 2716 755 2772 prasens
775 2700 1214 2758 condemnatus?
1237 2699 1364 2769 quis
1385 2697 1662 2763 eﬁ’ractor,
1691 2704 1787 2751 aut
1815 2694 2097 2765 sepulcro-

513 2807 637 2846 rum
663 2791 916 2852 eﬁ‘ossor,
939 2799 1037 2845 aut
1054 2788 1356 2855 veneﬁcus,
1374 2798 1471 2844 aut
1493 2804 1778 2844 sacrorum
1803 2787 2093 2857 expilator,

512 2891 612 2939 aut
645 2883 741 2952 qui
777 2881 926 2936 aliud
963 2880 1250 2952 quidpiam
1283 2881 1500 2952 legibus
1531 2881 1765 2936 vetitum
1808 2877 2099 2934 commise—

512 2983 617 3038 rat,
637 2981 694 3030 et
714 2974 782 3029 ad
795 2972 1063 3046 judicium
1085 2973 1295 3040 venire,
1314 2988 1439 3028 cum
1455 2972 1640 3036 vellet,
1663 2979 1748 3026 est
1761 2969 2093 3040 prohibitus,

512 3075 569 3122 et
591 3066 840 3138 judicum
871 3067 1146 3122 sententia
1166 3065 1357 3136 procul
1381 3064 1581 3120 absens
1609 3073 1695 3118 est
1719 3061 2043 3118 confossus?
2069 3079 2088 3111 ›
2123 3093 2164 3150 C

513 3159 583 3232 Et
611 3159 714 3215 sub
752 3159 917 3214 ﬁnem
962 3177 974 3214 :
1018 3159 1232 3214 «Decet
1282 3164 1466 3212 autem
1488 3170 1607 3219 vos,
1654 3155 1748 3225 qui
1799 3155 1854 3208 in
1895 3152 2097 3223 pietate

510 3251 731 3307 educati
793 3250 950 3316 estis,
1005 3258 1061 3304 et
1109 3249 1334 3304 virtutis
1384 3263 1519 3319 opes
1572 3245 1891 3318 possidetis,
1951 3245 2099 3300 hunc

513 3343 691 3399 zelum
727 3355 1045 3407 resumere;
1075 3348 1130 3395 et
1149 3340 1362 3395 alacres
1389 3340 1502 3410 jam
1529 3353 1627 3408 per
1644 3352 1765 3392 sese
1788 3336 2096 3406 piissimum

515 3434 923 3505 imperatorem,
960 3431 1279 3500 Christique
1309 3437 1586 3484 amantem
1619 3428 1940 3498 Augustam,
1993 3427 2098 3482 ala-

514 3526 726 3581 criores
782 3523 1258 3580 cohortationibus
1310 3520 1563 3585 reddere,
1598 3529 1658 3576 ut
1691 3519 1954 3575 laudabili
1981 3521 2098 3576 zelo

515 3616 972 3690 gloriosissimum
1023 3615 1318 3686 imperium
1364 3629 1524 3670 suum
1575 3613 1958 3670 corroborent.
1999 3634 2017 3666 ι

581 3706 663 3761 Ad
691 3705 1070 3762 Vincomalum
1115 3713 1298 3760 autem
1320 3706 1364 3737 ³⁰
1399 3724 1412 3758 :
1446 3724 1464 3758 «
1493 3705 1660 3761 Valde
1691 3722 1814 3762 sum
1843 3707 2094 3771 miratus,

517 3800 612 3855 ubi
662 3798 894 3870 cognovi
964 3797 1425 3868 magniﬁcentiam
1477 3805 1761 3864 vestram,
1822 3814 1948 3853 cum
2008 3815 2098 3854 res

517 3897 736 3943 nostras
793 3887 1014 3958 penitus
1067 3887 1366 3958 ignoraret,
1413 3902 1477 3943 ac
1519 3889 1714 3950 solam,
1753 3904 1875 3958 qua
1909 3891 1964 3943 in
1996 3904 2098 3943 nos

516 3977 658 4033 facta
688 3986 792 4040 est,
826 3977 1083 4048 injuriam
1115 3977 1416 4042 didicisset,
1451 3977 1820 4047 patrocinium
1851 3987 2098 4033 nostrum

517 4065 846 4136 suscepisse,
878 4065 1172 4134 omniaque
1201 4065 1462 4128 movisse,
1499 4071 1558 4118 ut
1583 4073 1930 4135 comparatas
1968 4080 2101 4120 con—

517 4161 602 4209 tra
623 4169 726 4210 nos
745 4153 1027 4209 machinas
1047 4163 1352 4220 everteret;
1377 4153 1471 4210 sed
1492 4155 1857 4226 magnitudini
1873 4156 2095 4225 quidem

517 4253 716 4300 vestra
753 4244 1046 4300 muniﬁcus
1085 4247 1132 4278 ἰ
1160 4246 1426 4302 Dominus
1463 4247 1626 4319 digna
1676 4264 1907 4318 prorsus
1947 4265 2097 4305 com-

517 4336 838 4405 pensatione
878 4334 1164 4390 retribuet.
1203 4355 1223 4387 ι
1272 4337 1342 4390 Et
1373 4345 1498 4406 post
1539 4337 1807 4408 exposita,
1852 4354 1974 4408 qua
2009 4340 2095 4393 in-

2195 507 2382 571 tebat,
2454 507 2668 577 inquit,
2743 507 2881 560 hanc
2952 505 3120 561 etiam
3173 503 3242 558 ad
3301 502 3438 558 alias
3501 501 3760 558 fortitudi-

2195 598 2279 652 nis
2301 605 2407 652 tua
2425 598 2712 667 praelaras
2728 598 2973 652 actiones
2991 596 3236 667 adjungi,
3258 603 3318 649 ut
3336 595 3762 665 religiosissimus

2191 689 2507 759 Christique
2553 690 2763 744 amicus
2806 689 3106 759 imperator
3156 696 3367 752 noster,
3403 703 3568 757 quem
3590 688 3764 743 subdi-

2193 791 2378 837 torum
2412 783 2557 838 bono
2583 783 2766 838 divina
2801 783 2976 853 gratia
3000 781 3262 845 instituit,
3288 797 3388 851 per
3425 783 3763 852 magniﬁcen-

2196 874 2325 929 tiam
2374 886 2612 929 vestram
2651 875 2718 930 de
2763 875 2920 930 facta
2962 875 3020 928 in
3052 889 3154 929 nos
3195 874 3410 945 injuria
3451 874 3764 945 indignitate

2193 963 2395 1018 certior
2459 964 2654 1028 ﬁeret,
2705 974 2760 1019 et
2803 965 2950 1035 justa
3001 947 3125 1035 iege
3177 964 3354 1034 legem
3407 979 3517 1019 non
3572 966 3763 1036 justam

2195 1055 2554 1110 rescinderet.
2581 1074 2598 1107 ι
2626 1056 2696 1110 Et
2708 1064 2930 1125 postea:
2957 1075 2975 1106 «
3007 1055 3132 1110 Haec
3153 1055 3337 1110 omnia
3359 1055 3765 1126 magniﬁcentia

2196 1155 2302 1201 tua
2340 1147 2525 1202 studio
2569 1147 2792 1201 sustulit
2845 1147 3236 1202 serenissimus
3296 1148 3624 1218 imperator;
3673 1163 3764 1218 ego

2193 1254 2328 1294 vero
2369 1253 2598 1308 peccare
2647 1254 2735 1293 me
2780 1248 2951 1303 ratus,
3011 1241 3057 1294 εἰ
3109 1248 3371 1302 tacerem,
3409 1255 3512 1295 nec
3558 1255 3763 1310 agerem

2195 1331 2416 1402 gratias,
2454 1331 2523 1385 ad
2569 1331 2667 1386 has
2711 1331 3033 1386 scribendas
3077 1347 3200 1387 sum
3244 1332 3538 1395 adductus,
3575 1331 3766 1402 quibus

2197 1423 2631 1493 magnitudinem
2661 1432 2899 1479 vestram
2922 1423 3190 1490 obtestor,
3234 1431 3295 1479 ut
3317 1439 3419 1494 pro
3462 1424 3623 1478 nobis
3653 1423 3764 1478 fau-

2197 1524 2311 1571 stas
2343 1531 2510 1571 voces
2551 1515 2784 1580 deferat,
2834 1525 2951 1570 tum
2981 1517 3179 1571 victori
3223 1516 3540 1586 Christique
3573 1515 3766 1569 amanti

2200 1607 2538 1676 imperatori,
2568 1619 2684 1662 tum
2704 1607 2816 1661 Deo
2845 1607 3216 1662 dilectissima
3243 1607 3766 1677 religiosissimaque

2198 1697 2476 1768 Augustae,
2511 1714 2612 1768 pro
2650 1699 2852 1768 quibus
2895 1699 3100 1754 bonum
3138 1699 3429 1755 Dominum
3465 1695 3680 1760 invoco,
3713 1705 3768 1750 ut

2198 1785 2413 1840 ﬁrmum
2448 1787 2581 1856 ipsis
2625 1788 2916 1858 imperium
2946 1788 3242 1853 custodiat,
3277 1787 3424 1858 quod
3457 1796 3513 1842 et
3543 1787 3769 1842 subditis

2196 1879 2494 1934 clementer
2537 1879 2810 1949 proﬁciat,
2857 1891 2915 1935 et
2954 1881 3208 1936 hostibus
3247 1888 3515 1935 terrorem
3545 1880 3765 1950 injiciat,

2195 1971 2670 2041 prastabilemque
2715 1972 2976 2028 omnibus
3023 1988 3214 2042 pacem
3239 1972 3514 2028 conciliet.
3557 1971 3640 2026 Ad
3672 1972 3769 2028 hoc

2193 2061 2360 2116 etiam
2411 2063 2480 2117 ab
2507 2063 2589 2118 eis
2632 2064 3022 2134 postulandum
3059 2063 3380 2135 magnitudo
3416 2071 3599 2119 vestra
3631 2061 3766 2118 ﬁecti

2194 2168 2253 2208 se
2299 2153 2463 2218 sinat,
2510 2164 2571 2209 ut
2596 2154 2854 2210 Ecclesia
2887 2157 3200 2225 tempestati
3251 2155 3558 2225 perfectura
3611 2154 3768 2210 ﬁnem

2195 2245 2500 2315 imponant,
2543 2254 2600 2300 et
2646 2245 2913 2315 synodum
2971 2247 3131 2317 196
3162 2247 3480 2317 congregari
3524 2247 3768 2318 jubeant,

2196 2353 2306 2392 non
2338 2352 2534 2393 eorum
2573 2337 2796 2402 iterum,
2843 2337 2940 2407 qui
2989 2338 3314 2392 tumultuari
3368 2338 3515 2393 soliti
3557 2337 3772 2392 turbent

2197 2429 2525 2492 concilium,
2578 2427 2675 2483 sed
2732 2428 2826 2497 qui
2885 2443 3008 2481 cum
3058 2429 3244 2498 quiete
3292 2429 3532 2493 illorum,
3567 2429 3660 2498 qui
3694 2429 3772 2484 di-

2196 2521 2322 2575 vina
2353 2529 2481 2575 sunt
2500 2521 2701 2585 edocti,
2727 2530 2783 2576 ct
2820 2521 3116 2590 apostolica
3155 2521 3405 2590 dogmata
3429 2519 3769 2582 conﬁrment,

2196 2621 2253 2666 et
2284 2613 2472 2682 spuria
2513 2623 2678 2682 atque
2718 2629 2747 2667 a
2802 2614 3035 2667 veritate
3096 2613 3274 2666 aliena
3320 2613 3593 2682 rejiciant.
3624 2632 3642 2663 ι

2265 2702 2330 2756 ν.
2376 2703 2460 2756 An
2492 2703 2874 2758 Theodoretus
2904 2703 3020 2772 ipse
3050 2702 3310 2772 Augustis
3339 2703 3542 2772 gratias
3584 2703 3770 2771 egerit,

2199 2793 2467 2846 incertum
2509 2802 2626 2858 est;
2668 2801 2878 2847 eertum
2916 2792 3296 2854 nihilominus,
3330 2791 3594 2846 obtulisse
3626 2791 3775 2844 libel-

2197 2883 2309 2936 lum
2342 2897 2587 2952 precum.
2642 2883 2778 2938 Nam
2816 2882 2868 2935 in
2895 2882 3132 2937 concilio
3163 2881 3618 2943 Chalcedonensi,
3651 2896 3774 2934 cum

2197 2976 2381 3045 prose
2429 2975 2928 3045 interloqueretur:
2977 2975 3234 3038 «Preces,
3276 2974 3453 3044 inquit
3501 2973 3564 3037 “,
3604 2973 3828 3028 obtuli‘

2199 3066 2604 3131 sacratissimis,
2626 3076 2681 3121 et
2703 3065 2986 3135 piissimis,
3006 3073 3061 3120 et
3080 3064 3571 3120 Christianissimis
3588 3065 3776 3118 mundi

2198 3158 2455 3223 dominis,
2480 3167 2536 3212 et
2561 3158 2816 3213 enarravi
2844 3174 2966 3228 qua
3006 3158 3060 3211 in
3092 3173 3178 3212 me
3211 3167 3331 3212 acta
3373 3165 3500 3212 sunt
3529 3157 3776 3220 vulnera,

2196 3261 2253 3306 et
2296 3265 2492 3320 precor
2529 3251 2628 3305 has
2668 3250 2895 3321 perlegi.
2928 3269 2946 3302 ι

2267 3343 2356 3398 Vl.
2391 3341 2548 3409 Quod
2572 3350 2857 3412 tantopere
2880 3341 3124 3412 optabat,
3156 3341 3210 3395 id
3232 3340 3544 3411 postulante
3566 3354 3784 3395 summo

2197 3433 2456 3505 pontiﬁce
2507 3433 2811 3503 perfectum
2835 3443 2966 3488 est:
3018 3432 3287 3503 imperiali
3335 3431 3607 3502 siquidem
3651 3445 3784 3486 san-

2198 3525 2381 3580 ctione
2429 3524 2635 3579 indicta
2675 3524 2949 3594 generalis
3001 3524 3244 3596 synodus
3281 3523 3474 3579 Nicaa
3514 3522 3790 3594 Bithynia:

2197 3616 2265 3671 ad
2290 3615 2561 3671 Kalendas
2590 3615 2932 3686 Septembris
2952 3615 3080 3670 anni
3117 3616 3239 3670 451.
3274 3615 3473 3670 Verum
3500 3614 3636 3669 urbs
3670 3629 3787 3668 non

2198 3706 2403 3776 placuit
2435 3706 2628 3776 legatis
2678 3707 2991 3776 apostolica
3019 3707 3215 3761 sedis:
3261 3722 3432 3776 quare
3485 3705 3556 3758 ab
3606 3705 3786 3774 impe-

2199 3807 2380 3852 ratore
2406 3798 2772 3869 impetrarunt
2800 3798 3128 3852 commutari
3165 3798 3366 3861 locum,
3393 3797 3590 3867 partim
3616 3804 3674 3849 ut
3717 3810 3789 3848 ex

2197 3888 2466 3943 viciniore
2492 3897 2717 3958 possent
2747 3887 2882 3942 certi
2913 3889 3093 3942 nuntii
3118 3888 3272 3943 ocius
3295 3889 3348 3941 in
3383 3887 3576 3941 urbem
3614 3887 3789 3949 mitti,

2198 3979 2396 4050 partim
2432 3986 2493 4033 ut
2541 3978 2807 4048 principis
2864 3978 3247 4047 propinquitas
3304 3977 3567 4032 comitum
3600 3975 3789 4045 impo-

2202 4073 2427 4128 tentiam
2471 4073 2802 4134 contineret,
2860 4077 2916 4124 et
2970 4069 3420 4124 tumultuantium
3477 4069 3795 4124 seditiones

2198 4164 2608 4234 comprimeret.

2270 4256 2381 4311 Vll.
2421 4255 2815 4312 Convenerunt
2853 4258 3022 4329 igitur
3071 4253 3472 4310 Chalcedonem
3535 4251 3797 4306 sexcenti

2197 4356 2254 4402 et
2302 4348 2525 4418 triginta
2573 4350 2802 4402 Patres:
2860 4347 3119 4402 convenit
3163 4354 3219 4399 et
3245 4345 3360 4413 ipse
3403 4341 3800 4396 Theodoretus

517 4427 676 4498 digna
702 4441 896 4497 passus
917 4434 1102 4481 esset:
1141 4425 1609 4498 «Magnitudinem
1655 4445 1822 4500 porro
1853 4441 2089 4485 vestram
2127 4441 2166 4494 D
2199 4441 2519 4494 nominatim
2588 4441 2889 4495 accersitus
2922 4481 2936 4502 ,
2987 4439 3190 4513 quippe
3243 4437 3335 4506 qui
3396 4433 3680 4504 pontiﬁeia
3735 4442 3803 4487 et

517 4532 636 4581 ero,
683 4527 746 4573 ut
800 4517 1004 4588 gratias
1045 4518 1184 4573 meis
1219 4517 1406 4574 Verbis
1442 4521 1616 4590 agatis
1647 4520 1850 4577 Christi
1887 4523 2092 4577 amanti

515 4607 824 4676 victorique
881 4607 1223 4677 imperatori,
1273 4617 1329 4663 et
1390 4610 1819 4680 religiosissima
1872 4615 2094 4683 Deoque

518 4698 890 4754 dilectissima
925 4699 1201 4769 Augusta,
1253 4701 1400 4768 quod
1435 4702 1526 4771 pio
1575 4703 1807 4772 imperio
1861 4705 2094 4759 validam

519 4789 762 4845 radicem
797 4790 1052 4844 dederint
1088 4789 1373 4858 pietatem,
1417 4792 1746 4861 illorumque
1788 4794 2093 4862 potentiam

519 4881 778 4943 exoretis,
835 4888 895 4932 ut
940 4879 1151 4933 firmam
1205 4878 1466 4935 Ecclesiis
1515 4896 1705 4951 pacem
1755 4881 1985 4949 efﬁciat,
2040 4894 2098 4940 et

521 4972 788 5041 synodum
841 4973 1159 5043 congregari
1213 4972 1425 5043 jubeat,
1489 4989 1602 5028 non
1645 4975 2100 5032 tumultuantium

523 5079 716 5119 rursus
752 5064 1037 5120 hominum
1085 5066 1178 5136 qui
1225 5076 1556 5122 conventum
1603 5068 1950 5138 perturbent,
2002 5071 2096 5125 sed

522 5155 770 5211 veritatis
797 5159 1098 5212 amantium
1128 5157 1221 5226 qui
1257 5158 1560 5213 doctrinam
1599 5160 1951 5229 apostolicam
1986 5171 2097 5216 sta-

521 5245 738 5308 biliant,
795 5262 1099 5317 novamque
1143 5249 1300 5302 istam
1346 5257 1402 5302 et
1447 5249 1810 5306 adulterinam
1866 5251 2096 5307 haresin

523 5340 915 5392 exterminent.
947 5359 962 5388 ι

2201 4533 2348 4603 regia
2399 4533 2730 4586 auctoritate
2777 4548 2933 4587 suam
2971 4533 3023 4585 in
3069 4531 3254 4586 sedem
3287 4537 3578 4583 restitutus
3613 4535 3805 4581 esset.

2267 4623 2515 4692 Cumque
2543 4623 2631 4678 die
2658 4624 2691 4676 8
2718 4624 2974 4678 Octobris
3019 4624 3210 4677 Patres
3241 4622 3476 4690 primum
3504 4618 3807 4673 consedis-

2199 4721 2342 4776 sent,
2381 4711 2652 4766 admissus
2683 4713 2799 4782 ipse
2827 4726 3045 4782 quoque
3080 4719 3163 4765 est
3191 4711 3246 4763 in
3271 4724 3610 4764 consessum.
3647 4708 3807 4761 Rem

2199 4800 2473 4870 quomodo
2510 4811 2659 4871 gesta
2703 4801 2795 4866 sit,
2829 4807 3014 4855 narrat
3039 4815 3107 4854 ex
3129 4800 3267 4854 actis
3302 4797 3521 4852 concilii
3551 4796 3808 4851 Chalce-

2199 4893 2461 4947 donensis
2491 4891 2800 4957 Facundus,
2823 4907 2919 4946 eos
2943 4891 3219 4954 refellens,
3251 4891 3345 4960 qui
3371 4888 3807 4943 'l‘heoduretum

2199 4999 2308 5036 non
2334 4983 2439 5036 nisi
2473 4993 2665 5038 octava
2710 4983 2956 5039 sessione
2995 4981 3293 5036 admissum
3332 4989 3604 5050 putarent.
3647 4997 3667 5027 «
3725 4979 3812 5031 Et

2200 5073 2477 5143 quomodo
2527 5073 2785 5138 refertur,
2848 5074 3030 5143 inquit
3073 5073 3139 5136 ³⁸,
3192 5074 3246 5126 in
3293 5072 3537 5142 ejusdem
3586 5070 3809 5141 synodi

2200 5163 2392 5234 gestis,
2441 5163 2588 5232 quod
2643 5163 2699 5216 in
2747 5163 2863 5233 ipsa
2921 5165 3096 5233 prima
3141 5175 3354 5218 actione
3400 5162 3815 5215 Theodoretus

2201 5256 2344 5309 inter
2391 5254 2528 5308 alios
2572 5256 2586 5274 ‘
2634 5254 2924 5327 episcopos
2973 5256 3136 5319 sedit,
3193 5257 3476 5310 consulatu
3521 5254 3815 5308 Marciani

2205 5345 2458 5416 Augusti,
2510 5361 2603 5399 vm
2654 5345 2782 5400 ldus
2823 5345 3096 5401 Octobris.
3129 5347 3325 5401 Annon
3378 5347 3454 5400 ibi
3489 5347 3813 5400 continen-

1861 5497 2174 5556 SCHULZII
2215 5498 2439 5556 NOTAE.

593 5587 640 5664 Υ
675 5584 811 5664 νῆάς⁸
854 5587 1016 5664 ιλιιῖ,
1059 5589 1218 5664 epist.
1258 5588 1376 5653 158,
1424 5589 1541 5664 140.
1618 5593 1662 5625 ’³
1689 5593 1810 5648 νίᾶο
1859 5603 1898 5647 ι·
1933 5594 2023 5654 IV.
2061 5610 2091 5648 ε

2200 5638 2221 5649 ν.
2272 5595 2391 5650 158.
2470 5596 2515 5629 ³ο
2542 5597 2718 5664 Epist.
2755 5594 2875 5650 HO.
2954 5595 2992 5625 ⁸¹
3028 5593 3171 5647 Edit.
3213 5593 3381 5664 prior,
3442 5592 3813 5661 magniﬁrus.

516 5657 567 5690 ”
589 5654 832 5784 Cogsuli.
881 5654 1241 5725 Potiusfvira
1303 5662 1593 5729 consulari,
1650 5665 1919 5732 ὑπατικῷ.

516 5738 622 5784 τερ.
697 5770 713 5784 .

496 5738 622 5792 cap.
660 5738 713 5788 ὖ.

2026 5665 2071 5697 υ
2095 5665 2260 5736 Epist.
2332 5667 2453 5722 139.

2553 5663 2601 5697 ’δέ
2629 5666 2750 5720 \‘id.
2800 5667 2931 5720 Acta
2989 5679 3142 5718 conc.
3187 5663 3370 5720 Chalc.
3490 5665 3531 5695 ³⁵
3568 5664 3698 5718 Lih-
3742 5679 3817 5727 νο
