4048 6174
279 290 389 353 149

1398 324 1403 329 ·
1466 297 1831 359 HISTORIA
1866 296 2374 359 THEODORETI.

3441 254 3617 363 περ’

277 412 375 456 tur
408 403 527 457 haec
573 400 742 457 verba
767 397 792 457 ?
813 400 1210 459 Gloriosissimi
1236 401 1455 473 iudices
1494 420 1551 458 et
1587 401 1864 472 amplissi-
1894 404 1943 460 Α
1968 411 2188 473 gnatur,
2233 404 2341 457 huc
2367 401 2578 457 utiliter
2606 399 2791 456 aﬂerri
2816 416 2977 471 posse
3006 401 3117 458 visa
3141 410 3246 459 est.
3279 403 3371 461 Sic
3400 411 3545 462 enim

279 509 410 550 mus
430 505 662 550 senatus
683 495 942 551 dixerunt
968 512 982 548 :
1009 496 1355 567 lngrediatur
1376 494 1868 551 reverendissimus

278 587 584 656 cpiscopus
626 585 1035 652 Theodoretus,
1087 599 1149 641 ut
1198 588 1271 641 sit
1320 587 1599 657 particeps
1648 585 1865 656 synodi,

281 679 415 745 quia
435 685 495 731 et
517 677 763 733 restituit
785 677 835 732 ei
865 679 1249 748 episcopatum
1276 678 1659 734 sanctissimus
1690 678 1871 732 archi-

286 769 610 838 episcopus,
652 776 711 823 et
761 770 1172 825 sacratissimus
1204 786 1267 825 ac
1301 771 1583 841 piissimus
1630 770 1869 839 impera-

286 867 377 912 tor
403 858 589 912 sanxit
608 873 736 913 eum
767 859 964 915 adesse
999 870 1202 916 sanctae
1226 862 1456 932 synodo.
1489 861 1870 916 Theodoretus

288 948 789 1005 reverendissimus
846 951 1143 1021 episcOpus
1196 952 1468 1007 transiens
1513 953 1567 1007 in
1626 952 1869 1006 medium

285 1039 429 1094 dixit
461 1057 476 1091 :
525 1040 726 1095 Preces
769 1041 948 1095 obtuli
987 1043 1378 1097 sacratissimis
1426 1052 1484 1097 et
1514 1043 1871 1098 Christianis-

287 1131 448 1185 simis
489 1130 642 1186 orbis
684 1131 949 1197 dominis,
989 1141 1047 1187 et
1094 1133 1313 1187 narravi
1363 1149 1486 1203 quae
1524 1134 1579 1188 in
1623 1150 1709 1188 me
1751 1142 1870 1188 acta

287 1230 418 1274 sunt
456 1221 706 1285 vulnera,
763 1230 821 1277 et
856 1237 1053 1292 precor
1088 1222 1189 1279 has
1230 1224 1460 1294 perlegi.
1493 1225 1561 1279 Et
1583 1234 1705 1294 post
1731 1225 1872 1279 hanc

287 1311 540 1382 ejusdem
571 1314 1021 1369 reverendissimi
1048 1315 1383 1373 Theodoreti
1405 1317 1868 1386 prosecutionem,

290 1403 799 1472 interloquentibus
833 1404 1033 1459 iterum
1065 1404 1477 1476 gloriosissimis
1512 1405 1794 1476 iudicibus
1816 1414 1873 1459 et

290 1502 512 1556 senatu,
568 1493 717 1562 quod
767 1501 824 1548 et
866 1509 898 1548 a
939 1495 1283 1550 sanctissimo
1341 1497 1602 1566 episcopo
1657 1495 1872 1567 inclyte

291 1584 451 1638 urbis
503 1585 691 1639 Romae
723 1586 1007 1655 proprium
1052 1587 1233 1642 locum
1285 1587 1586 1657 recepisset
1615 1588 1870 1642 Theodo-

289 1684 466 1737 retus,
520 1684 578 1729 et
620 1676 1001 1730 testimonium
1031 1678 1261 1732 haberet
1294 1677 1511 1732 Maximi
1542 1678 1869 1733 Antiocheui

287 1763 570 1833 episcopi,
625 1764 773 1834 quod
830 1766 1117 1822 catholicae
1165 1765 1291 1821 fidei
1355 1774 1534 1829 esset,
1591 1767 1733 1821 sicut
1791 1766 1867 1821 ibi

286 1853 556 1923 scriptum
596 1863 700 1919 est,
752 1855 897 1911 sedit
941 1855 997 1910 in
1042 1856 1258 1922 medio;
1307 1857 1535 1927 ipsoque
1578 1864 1867 1927 praesente,

285 1952 344 1998 et
398 1944 546 1999 inter
603 1946 740 2000 alios
767 1946 1056 2017 episcopos
1104 1948 1447 2011 considente,
1482 1948 1706 2003 recitata
1744 1956 1871 2003 sunt

286 2049 412 2105 quae
442 2035 550 2089 sub
598 2035 861 2091 Dioscoro
885 2036 1088 2106 Ephesi
1122 2037 1342 2092 fuerant
1398 2046 1568 2108 gesta,
1611 2047 1716 2093 etc.
1758 2057 1776 2090 ›

361 2124 500 2180 VIII.
541 2124 888 2181 Obstiterunt
928 2126 1025 2181 diu
1076 2128 1409 2183 tumultuose
1442 2128 1678 2200 Egyptii
1705 2128 1868 2183 simul

284 2224 342 2271 et
367 2215 662 2287 Illyriciani
687 2232 753 2272 ac
783 2217 1077 2279 Palaestini,
1106 2218 1470 2274 vociferantes
1522 2219 1677 2290 rejici
1712 2218 1869 2290 197

285 2304 576 2375 Cyrillum,
617 2321 743 2360 cum
793 2307 1037 2377 magistri
1074 2307 1331 2371 Nestorii,
1362 2323 1486 2361 cum
1516 2308 1739 2364 Judaaus
1765 2310 1868 2363 im-

287 2405 563 2466 pugnator
605 2396 724 2461 Dei,
768 2412 893 2451 cum
937 2407 1227 2452 accusator
1252 2398 1460 2468 Cyrilli,
1498 2415 1623 2454 cum
1657 2404 1868 2470 recipe-

290 2498 447 2545 retur
484 2490 669 2554 homo,
721 2491 815 2561 qui
867 2492 1118 2563 injuriam
1171 2491 1390 2547 fecisset
1439 2492 1677 2560 Christo,
1705 2510 1869 2564 quem

288 2584 438 2637 Deus
473 2593 758 2638 aversatus
784 2583 875 2648 sit,
915 2584 1003 2639 cui
1027 2585 1284 2640 universa
1319 2586 1557 2657 synodus
1583 2587 1871 2641 anathema

289 2673 545 2727 dixisset.
588 2673 778 2728 Posuit
824 2676 1091 2729 tumultus
1135 2675 1638 2745 interloquentibus
1666 2678 1870 2748 princi—

290 2763 479 2833 pibus.
512 2778 784 2832 suumque
806 2762 1009 2828 locum,
1043 2764 1138 2819 sed
1164 2766 1287 2835 jure
1318 2766 1540 2835 quidem
1568 2766 1869 2830 fiduciario,

291 2853 680 2910 Theodoretus
713 2856 910 2920 tenuit,
949 2856 1125 2911 donec
1158 2857 1373 2912 actione
1406 2868 1596 2913 octava
1627 2860 1694 2913 lis
1732 2860 1872 2931 diju-

292 2943 474 2998 dicata
512 2952 618 2999 est.

1971 494 2204 564 singula,
2245 494 2360 549 sive
2399 493 2677 565 adjuncta,
2729 492 2846 548 sive
2868 494 3037 548 verba
3082 494 3545 560 observabuntur,

1970 585 2205 650 facilius,
2255 600 2357 640 nec
2403 584 2521 640 sine
2566 598 2748 653 operte
2788 583 2989 652 pretio,
3036 600 3161 638 cum
3196 586 3325 641 inde
3365 588 3548 642 multa:

1973 675 2094 730 fieri
2143 676 2212 730 ab
2244 675 2477 730 eruditis
2513 675 2686 729 solitae
2720 675 3052 743 quaestiones
3089 692 3197 730 non
3229 693 3425 748 magno
3454 696 3546 735 ne~

1972 766 2121 837 gotio
2166 765 2469 822 solvantur.
2516 766 2609 821 Sic
2664 780 2796 835 ergo
2842 764 2974 820 Acta
3028 782 3086 821 se
3129 768 3383 824 habent:

2048 875 2068 907 ι
2093 856 2487 912 Residentihus
2531 856 2789 911 omnibus
2831 864 2958 912 ante
2996 860 3272 914 cancellos
3311 862 3544 916 sanctis—

1970 946 2097 1001 simi
2128 947 2317 1002 altaris
2354 946 2794 1001 reverendissimi
2838 946 3080 1016 episcopi
3127 949 3498 1005 clamaverqu
3528 969 3543 1003 :

1973 1036 2321 1091 Theodoretus
2349 1038 2500 1091 modo
2531 1038 2942 1092 anathematizet
2980 1038 3303 1094 Nestorium.

2049 1147 2066 1178 ι
2098 1127 2482 1183 Theodoretus
2519 1129 3016 1184 reverendissimus
3048 1131 3340 1201 episcopus
3366 1140 3544 1185 trans-

1972 1219 2090 1275 iens
2140 1221 2194 1274 in
2235 1219 2474 1273 medium
2503 1218 2640 1274 dixit
2675 1237 2689 1272 :
2730 1219 2799 1273 Et
2838 1236 3011 1288 preces
3037 1221 3202 1275 obtuli
3229 1223 3547 1277 divinissimo

1973 1329 2035 1366 ac
2058 1314 2287 1381 piissimo
2318 1312 2651 1382 imperatori,
2690 1320 2736 1364 et
2773 1312 2973 1366 libellos
3028 1314 3191 1367 obtuli
3232 1317 3548 1369 reverendis-

1969 1406 2116 1459 simis
2146 1405 2394 1473 episcopis
2428 1405 2698 1473 agentibus
2732 1405 2900 1459 locum
2934 1408 3349 1462 rererendissimi
3379 1409 3549 1461 archi-

1971 1497 2195 1565 episcopi
2223 1495 2428 1558 Leonis;
2467 1503 2537 1558 et,
2570 1494 2621 1548 si
2659 1495 2796 1549 vobis
2828 1497 3050 1561 videtur,
3084 1497 3329 1568 legantur
3371 1516 3547 1553 coram
3574 1538 3577 1541 -

1972 1587 2132 1650 vobis,
2167 1595 2222 1638 ut
2265 1587 2400 1640 sicut
2445 1586 2596 1654 sapio
2649 1588 2995 1659 cognoscatis.

2052 1697 2070 1752 ᾳ
2108 1675 2571 1732 Reverendissimi
2619 1677 2864 1746 episcopi
2917 1678 3293 1734 clamaverunt
3341 1698 3354 1732 :
3408 1680 3553 1735 Nihil

1979 1768 2137 1839 relegi
2181 1767 2457 1830 volumus;
2504 1767 2661 1821 modo
2688 1762 3079 1823 anathematiza
3125 1771 3446 1825 Nestorium.

2054 1880 2073 1911 ι
2110 1857 2491 1914 Theodoretus
2521 1858 3017 1914 reverendissimus
3046 1860 3342 1930 episcopus
3363 1862 3504 1917 dixit
3536 1880 3547 1913 :

1981 1952 2091 2021 Ego
2125 1967 2218 2021 per
2265 1949 2360 2004 Dei
2414 1950 2642 2019 gratiam
2684 1951 2749 2004 ab
2791 1950 3090 2004 orthodoa‘is
3131 1967 3250 2005 sum
3302 1952 3550 2015 nutritus,

1980 2051 2027 2094 et
2068 2041 2351 2095 orthodoxe
2389 2058 2507 2097 sum
2550 2043 2782 2104 edoctus,
2820 2051 2871 2095 et
2909 2040 3070 2111 198
3100 2042 3382 2096 orthodoxe
3414 2058 3550 2112 pras-

1976 2135 2184 2198 dicavi;
2246 2142 2296 2187 et
2351 2150 2456 2187 non
2503 2133 2674 2188 solum
2708 2133 3009 2187 Nestorium
3063 2141 3111 2186 et
3141 2130 3431 2201 Eutychen,
3465 2133 3556 2187 scd

1977 2234 2025 2278 et
2062 2240 2270 2279 omnem
2316 2226 2597 2289 hominem,
2631 2226 2721 2294 qui
2779 2232 2916 2277 recte
2968 2241 3071 2277 non
3118 2233 3277 2293 sapit,
3320 2240 3552 2288 aversor,

1976 2324 2026 2370 et
2069 2316 2304 2371 alienum
2338 2318 2600 2371 existimo.

2056 2422 2073 2452 ς
2100 2402 2169 2457 Et
2209 2403 2339 2458 dum
2384 2404 2596 2459 diceret
2645 2404 2782 2467 haec,
2817 2404 3268 2460 reverendissimi
3311 2405 3553 2475 episcopi

1977 2494 2355 2550 clamaverunt
2385 2515 2396 2550 :
2434 2495 2593 2551 Clare
2624 2498 2707 2551 dic
2751 2499 3037 2552 anathema
3070 2496 3311 2550 Nestorio
3337 2505 3387 2550 et
3421 2497 3553 2567 dog—

1979 2586 2208 2640 matibus
2261 2586 2407 2656 ejus;
2443 2587 2728 2641 anathema
2754 2586 2996 2640 Nestorio
3018 2596 3067 2640 et
3090 2586 3390 2641 amantibus
3416 2601 3555 2640 eum.

2058 2694 2075 2726 ι
2118 2674 2503 2731 Theodoretus
2532 2674 3028 2730 reverendissimus
3047 2674 3343 2744 episcopus
3368 2674 3508 2729 dixit
3533 2689 3552 2730 δ

1981 2766 2110 2820 Vere
2161 2782 2265 2820 non
2303 2765 2438 2829 dico,
2496 2766 2599 2819 nisi
2658 2773 2917 2837 quomodo
2978 2767 3099 2820 novi
3151 2765 3259 2819 Deo
3317 2764 3555 2835 placere.

1978 2856 2136 2911 Prius
2166 2856 2436 2927 satisfacio
2463 2857 2624 2919 vobis,
2667 2857 2793 2927 quia
2837 2872 3002 2926 neque
3036 2856 3098 2909 de
3125 2856 3334 2909 civitate
3365 2857 3553 2925 cogito,

1981 2965 2147 3021 neque
2184 2951 2379 3004 honore
2414 2965 2542 3019 opus
2570 2949 2755 3013 habeo,
2782 2964 2949 3019 neque
2981 2948 3044 3002 ob
3077 2949 3171 3001 hoc
3221 2948 3442 3012 adveni;
3468 2949 3559 3000 sed

366 3034 459 3090 IX.
496 3035 796 3107 Benignius
827 3045 1009 3092 actum
1045 3047 1128 3093 est
1157 3054 1281 3093 cum
1310 3039 1681 3106 Theodoreto,
1709 3058 1870 3111 quam
1900 3084 1943 3140 ε
1980 3043 2104 3112 quia
2135 3040 2462 3095 calumniam
2509 3056 2692 3110 passus
2742 3057 2882 3101 sum,
2938 3040 3053 3091 veni
3103 3038 3428 3107 satisfacere,
3478 3055 3559 3091 ine

294 3140 419 3179 cum
469 3123 708 3179 Eusebio
742 3125 1094 3196 Dorylmensi,
1120 3128 1224 3182 etsi
1259 3128 1426 3182 fuerit
1455 3144 1555 3198 par
1585 3129 1873 3199 utriusque

296 3214 547 3269 conditio
576 3232 591 3267 ε
638 3214 829 3270 ambos
872 3215 1019 3271 enim
1050 3228 1174 3287 post
1208 3218 1560 3287 dijudicatam
1588 3235 1654 3274 ex
1683 3220 1872 3289 appel-

296 3307 506 3362 latione
564 3321 807 3371 causam,
869 3307 1164 3362 concilium
1212 3309 1517 3363 Romanum
1558 3309 1875 3364 restituerat

299 3400 356 3454 in
394 3398 606 3455 sedem.
653 3398 958 3469 Singularis
1001 3400 1190 3471 gratia:
1235 3416 1398 3455 causa
1444 3400 1568 3466 fuit,
1615 3402 1761 3472 quod
1810 3418 1873 3456 ex

298 3490 683 3546 novemdccitn
735 3490 869 3545 siris
914 3491 1240 3557 illustribus,
1288 3493 1380 3563 qui
1412 3508 1511 3562 pro
1548 3493 1877 3563 imperatore

298 3582 531 3638 aderant
572 3583 803 3654 synodo,
831 3583 1022 3639 decem
1053 3583 1401 3640 Theodoreto
1442 3585 1688 3640 faverent
1718 3603 1731 3638 :
1768 3593 1880 3641 tres

297 3690 367 3729 ex
386 3675 750 3745 principibus,
778 3675 1083 3738 Anatolius,
1106 3676 1457 3731 Vincomalus
1474 3686 1530 3731 et
1555 3676 1876 3746 Sporacius;

300 3775 513 3836 septem
575 3782 642 3820 ex
703 3777 919 3831 senatu,
976 3766 1307 3830 Florentius,
1354 3766 1608 3831 Senator,
1649 3768 1876 3834 Nomus,

300 3858 661 3928 Protogenes,
692 3858 1036 3922 Theodorus,
1059 3858 1400 3929 Apollonius,
1429 3868 1484 3914 et
1501 3859 1876 3915 Constantius.

298 3946 643 4018 Quamquam
686 3948 921 4004 faciebat
972 3948 1140 4003 etiam
1186 3965 1285 4019 pro
1319 3950 1665 4005 Theodoreto
1710 3968 1878 4021 pecu-

300 4039 458 4094 liaris
503 4040 664 4101 ratio,
697 4040 841 4109 quod
889 4056 1013 4095 cum
1044 4054 1206 4094 nemo
1246 4040 1368 4110 ipsi,
1411 4042 1637 4111 perinde
1666 4058 1729 4097 ac
1758 4042 1882 4097 aliis

301 4129 511 4201 Ephesi
553 4131 839 4200 depositis,
896 4132 1231 4207 substitutus
1276 4141 1441 4197 esset,
1498 4142 1713 4204 poterat
1752 4134 1882 4189 faci-

302 4220 411 4275 lius
460 4220 514 4274 in
558 4236 880 4277 consessum
929 4223 1145 4277 admitti
1182 4222 1298 4277 sine
1343 4224 1570 4279 alterius
1599 4234 1694 4280 aut
1737 4240 1879 4296 pra:-

299 4312 509 4382 judicio
546 4322 643 4367 aut
682 4314 1051 4384 oppositione.

1976 3148 2085 3186 esse
2116 3134 2483 3195 orthodoxam,
2514 3139 2565 3184 et
2595 3147 2804 3185 omnem
2848 3132 3166 3192 hwreticum,
3208 3131 3299 3199 qui
3328 3132 3557 3184 converti

1979 3222 2223 3286 noluerit,
2263 3222 2674 3285 anathematiso,
2724 3231 2772 3275 et
2822 3220 3120 3276 Nestorium
3158 3228 3208 3273 et
3266 3220 3555 3291 Eutychen,

1978 3320 2026 3363 et
2073 3326 2280 3363 omnem
2330 3310 2592 3363 hominem
2639 3310 2895 3364 dicentem
2939 3308 3022 3363 vel
3051 3309 3355 3379 opinantem
3425 3310 3558 3362 duos

1977 3400 2139 3468 filios,
2174 3400 2582 3454 anathematizo.

2059 3511 2077 3541 ε
2115 3492 2182 3546 Et
2213 3506 2338 3547 cum
2365 3490 2595 3553 diceret,
2620 3489 3063 3546 reverendissimi
3088 3489 3329 3560 episcopi
3354 3490 3557 3545 clama-

1980 3594 2218 3640 verunt:
2246 3582 2343 3637 Dic
2388 3591 2570 3653 aperte
2622 3582 2907 3635 anathema
2948 3581 3210 3643 Nestorio,
3254 3589 3305 3633 et
3336 3581 3420 3644 iis,
3469 3582 3557 3650 qui

1980 3694 2064 3740 ea,
2110 3692 2227 3747 qua:
2268 3676 2382 3745 ejus
2428 3683 2571 3736 sunt,
2609 3674 2846 3743 sapiunt.

2059 3788 2076 3815 ο
2110 3766 2493 3822 Theodoretus
2527 3763 3018 3819 reverendissimus
3054 3764 3345 3833 episcopus
3376 3763 3554 3817 dixit:

1984 3861 2095 3931 Ego
2126 3860 2227 3913 nisi
2264 3873 2573 3933 exposuero,
2599 3855 2859 3927 quomodo
2889 3854 3063 3918 credo,
3096 3870 3197 3909 non
3236 3855 3371 3908 dico.
3406 3855 3559 3910 credo

1982 3961 2179 4005 autem.

2061 4062 2079 4093 ‹
2110 4046 2126 4062 ⁹
2160 4042 2225 4097 Ει
2260 4057 2384 4095 cum
2429 4040 2657 4103 diceret,
2696 4039 3137 4094 reverendissimi
3176 4024 3419 4108 episcopi
3449 4039 3550 4095 cla-

1982 4146 2271 4189 maverunt
2301 4151 2313 4185 :
2346 4133 2450 4188 Iste
2498 4132 2771 4184 luereticns
2822 4137 2918 4192 est,
2952 4130 3049 4182 iste
3084 4128 3430 4183 Nestorianus
3459 4136 3557 4193 est,

1983 4226 2283 4279 haereticum
2330 4224 2474 4293 [oras
2527 4223 2692 4275 mitte.

2065 4336 2084 4367 ί
2112 4316 2497 4370 Theodoretus
2530 4313 3024 4369 reverendissimus
3058 4315 3349 4384 episcopus
3387 4314 3553 4367 dixit:

371 4402 508 4466 Cum
556 4405 771 4461 actione
792 4405 1030 4460 secunda
1051 4407 1190 4461 lecta
1216 4416 1361 4462 esset
1398 4407 1655 4476 synodica
1680 4407 1880 4461 Leonis
1912 4410 1955 4468 β
1983 4409 2279 4464 Anathema
2303 4406 2549 4461 Nestorio'
2568 4416 2618 4459 et
2643 4408 2710 4470 ei,
2738 4408 2825 4477 qui
2855 4424 2957 4459 non
2981 4406 3101 4459 dicit
3135 4406 3231 4460 Dei
3257 4408 3558 4475 genitricem

304 4493 480 4564 Magni
523 4495 590 4549 ad
638 4496 955 4550 Flavianum
1000 4496 1066 4559 ",
1116 4496 1373 4567 illiusque
1431 4507 1541 4552 tres
1596 4499 1879 4553 sementim

303 4585 631 4658 lllyricianis
674 4603 740 4642 ac
793 4588 1096 4643 Palaestinis
1126 4588 1253 4643 visae
1294 4599 1477 4644 essent
1520 4590 1877 4653 dubitabiles,

302 4674 516 4743 priores
555 4675 912 4730 duasAetius
940 4676 1225 4739 diaconus,
1258 4678 1470 4731 tertiam
1501 4678 1881 4736 Theodoretus

299 4766 506 4838 Cyrillo
553 4768 848 4822 concinere
889 4768 1148 4822 ostendit.

376 4859 432 4915 Id
462 4875 592 4915 vero
631 4876 795 4930 quam
822 4867 1035 4929 gratum
1070 4860 1334 4914 acciderit
1360 4861 1553 4923 Leoni,
1580 4861 1881 4917 ostendunt

302 4954 733 5025 expressissimis
781 4953 963 5009 verbis
992 4953 1189 5009 littera:
1217 4953 1284 5008 ad
1308 4952 1713 5008 Thcodoretum
1741 4953 1879 5010 datte

303 5055 426 5116 post
467 5045 771 5116 legatorum
817 5045 1053 5100 reditum
1089 5046 1154 5108 ³⁷,
1204 5046 1407 5115 quibus
1459 5061 1618 5099 suum
1662 5045 1764 5114 ipsi
1823 5047 1876 5101 in

302 5137 503 5190 litteris
550 5136 863 5206 apostolicae
901 5136 1047 5192 sedis
1082 5135 1443 5192 defendendis
1471 5137 1712 5193 studium
1758 5153 1876 5208 gra-

304 5228 528 5281 tulatur.

374 5318 442 5372 X.
506 5319 791 5374 Actionem
839 5328 1085 5374 octavam
1146 5335 1252 5373 una
1302 5320 1414 5373 fere
1476 5327 1641 5372 totam
1704 5320 1879 5373 tenuit

301 5410 636 5467 Theodoreti
689 5427 875 5474 causa,
916 5428 1038 5481 qua!
1080 5412 1357 5480 quomodo
1405 5412 1457 5465 iu
1512 5412 1661 5465 Aelis
1700 5412 1915 5495 causis

1989 4497 2248 4567 Virginem
2270 4496 2518 4557 Mariam,
2550 4503 2599 4547 et
2635 4496 2724 4563 qui
2747 4495 2802 4546 in
2822 4494 2951 4546 duos
2980 4494 3118 4561 ﬁlios
3141 4495 3371 4563 partitur
3396 4509 3558 4545 unum

1982 4587 2179 4641 Filium
2217 4586 2566 4657 unigenitum.
2628 4582 2739 4654 Ego
2798 4592 3053 4635 autemet
3113 4583 3236 4650 ﬁdei
3270 4582 3557 4650 deﬁnitioni

1980 4677 2281 4746 subscripsi,
2323 4684 2372 4728 et
2396 4673 2629 4743 epistola:
2661 4674 2980 4727 sanctissimi
3005 4683 3054 4730 et
3089 4672 3180 4725 Dei
3209 4671 3560 4726 amantissimi

1983 4767 2358 4837 archiepiscopi
2394 4766 2592 4820 domini
2640 4765 2846 4829 Leonis,
2884 4774 2932 4818 et
2987 4767 3059 4819 sic
3091 4767 3269 4835 sapio.
3313 4765 3380 4819 Et
3438 4772 3561 4833 post

1982 4860 2165 4914 omnia
2197 4860 2313 4914 haec
2367 4859 2504 4914 dixit
2533 4878 2546 4913 :
2582 4857 2809 4914 Salvete.

2060 4969 2080 5002 ς
2114 4949 2736 5021 Gloriosissimijudices
2769 4951 3028 5006 dixerunt
3058 4971 3069 5003 :
3100 4950 3279 5005 Omnis
3303 4951 3419 5020 juttt
3458 4952 3557 5004 tlu-

1984 5045 2169 5098 bitatio
2199 5043 2261 5097 de
2305 5043 2622 5098 Theodoreto
2657 5043 3086 5095 rcverendissimo
3110 5042 3346 5111 episcopo
3372 5048 3446 5094 est
3478 5057 3561 5095 so-

1986 5136 2099 5190 luta
2131 5153 2146 5190 :
2192 5137 2383 5207 quippe
2438 5142 2487 5188 et
2522 5133 2820 5187 Nestorium
2862 5149 3041 5187 coram
3073 5133 3211 5187 vobis
3246 5136 3560 5188 anathema-

1986 5229 2187 5289 tizauit,
2234 5236 2280 5281 et
2311 5245 2342 5281 a
2380 5226 2713 5281 sanctissimo
2740 5233 2787 5277 et
2818 5223 2915 5276 Dei
2941 5224 3308 5278 amantissimo
3338 5225 3560 5279 senioris

1988 5320 2129 5373 urbis
2166 5318 2348 5375 Romo:
2366 5316 2536 5370 Leone
2554 5323 2821 5384 susceptus
2852 5321 2948 5375 est,
2974 5322 3024 5365 et
3057 5313 3412 5380 deﬁnitionem
3438 5312 3562 5381 ﬁdei

1988 5428 2019 5464 a
2050 5409 2399 5480 religiositate
2444 5415 2615 5459 vestra
2646 5404 2915 5475 prolatum
2968 5404 3189 5457 libenter
3217 5404 3463 5474 suscepit,
3513 5410 3559 5454 et

1623 5564 1942 5620 sutum
1986 5562 2215 5620 norm.
2266 5625 2278 5634 ι

376 5703 565 5761 κνίά.
602 5702 843 5758 Fat‘und.
887 5702 983 5760 lib.
1022 5718 1074 5766 v,
1115 5715 1234 5770 cap.
1290 5698 1341 5753 δ.
1419 5699 1459 5730 ιτ
1494 5697 1614 5754 Vid.
1659 5705 1698 5751 t.
1750 5697 1836 5761 tv,
1881 5713 1932 5767 ρ.
1981 5696 2113 5753 uss
2147 5711 2261 5765 seq.
