4054 6138
512 227 604 295 151

506 349 724 417 insuper
764 348 1004 418 epistolis
1043 352 1325 403 memorati
1367 353 1689 408 sanctissimi
1717 357 2093 426 archiepiscopi
2123 365 2163 416 Α

505 435 693 492 Leonis
731 438 1052 510 subscripsit.
1086 439 1242 494 Deest
1267 443 1432 512 igitur
1461 452 1517 495 ut
1549 448 1806 500 sententia
1834 449 2077 517 profera-

505 534 594 579 tur
619 544 653 580 a
691 530 983 582 reuerentia
1013 537 1206 594 uestra,
1247 541 1304 584 ut
1332 530 1624 588 Ecclesium
1655 553 1806 590 suam
1835 540 2075 608 recipiat,

503 620 637 674 sicut
677 629 726 672 et
761 622 1123 674 sanctissimus
1163 621 1264 675 Leo
1321 625 1592 695 episcopus
1632 629 1911 697 judicavit.

581 727 600 759 ι
637 711 838 764 Omnes
892 711 1333 767 reverendissimi
1375 715 1616 785 episcopi
1661 719 2073 774 clamaverunt:

505 795 849 851 Theodoretus
898 797 1088 870 dignus
1127 810 1202 854 est
1245 806 1384 866 sede,
1417 804 1653 861 Ecclesia
1693 817 1955 877 pastorem
1993 828 2076 864 re-

501 889 659 956 cipiat
692 904 711 941 :
729 890 1076 944 orthodoxum
1102 892 1360 946 doctorem
1393 895 1625 950 Ecclesia
1649 901 1885 969 recipiat,
1914 901 2074 955 Theo-

502 979 715 1033 doretus
754 980 940 1050 dignus
967 991 1044 1035 est
1069 983 1192 1036 sede
1219 999 1237 1037 :
1273 985 1662 1056 archiepiscopo
1691 988 1854 1042 Leoni
1887 991 2075 1046 multos

503 1083 689 1122 annos.
737 1068 860 1123 Post
892 1070 1055 1124 Deum
1107 1071 1212 1124 Leo
1231 1072 1492 1141 judicavit
1519 1093 1531 1128 :
1574 1077 1800 1146 populus
1828 1081 2074 1134 orthodo-

499 1176 627 1214 xam
660 1163 878 1232 recipiat
914 1163 1130 1235 dignum
1166 1180 1264 1217 sua
1306 1170 1447 1218 sede.
1491 1165 1802 1221 Theodoreto
1825 1169 2076 1224 catholico

501 1250 701 1304 doctori
747 1251 1000 1305 reddatur
1037 1251 1293 1307 Ecclesia.

581 1361 599 1388 ι
632 1340 992 1396 Paschasinus
1037 1352 1095 1397 et
1137 1343 1435 1398 Lucentius
1475 1347 1917 1402 reverendissimi
1955 1351 2072 1420 epi-

503 1431 680 1500 scopi,
716 1440 772 1485 et
792 1431 1105 1488 Bonifacius
1127 1435 1622 1490 reverendissimus
1653 1437 1958 1510 presbyter,
1992 1441 2076 1495 in-

501 1534 665 1587 super
680 1527 734 1574 et
751 1520 1000 1575 Julianus
1015 1522 1506 1577 reverendissimus
1519 1525 1810 1595 episcopus
1825 1526 2072 1593 Coensis,

503 1608 769 1664 habentes
794 1611 975 1666 locum
992 1611 1305 1680 apostolicae
1322 1613 1468 1668 sedis
1484 1614 1740 1670 dixerunt
1759 1637 1768 1670 :
1789 1616 2072 1673 Sanctissi-

503 1714 644 1752 mum
660 1707 712 1752 et
743 1700 1086 1755 venerabilem
1108 1704 1402 1773 episcopum
1419 1705 1791 1762 Theodoretum
1809 1714 2074 1766 sanctissi-

503 1805 616 1842 mus
638 1796 687 1842 et
717 1789 1041 1843 beatissimus
1071 1793 1328 1848 universa:
1351 1795 1601 1851 Ecclesia:
1637 1800 1906 1869 episcopus
1933 1803 2072 1856 urbis

503 1877 679 1932 Roma:
709 1879 812 1932 Leo
864 1880 1065 1936 dudum
1098 1883 1152 1935 in
1183 1888 1600 1941 communionem
1628 1892 1848 1960 suscepit
1872 1909 1891 1956 ;
1940 1895 2070 1947 sicut

501 1968 690 2022 littera:
727 1970 791 2022 ab
822 1987 880 2024 eo
901 1972 969 2024 ad
989 1981 1224 2028 nostram
1255 1976 1607 2032 humilitatem
1637 1980 1846 2034 directa:
1875 1991 2072 2036 testan-

501 2065 608 2110 tur.
640 2054 697 2110 Si
725 2059 887 2128 igitur
908 2061 1068 2128 ﬁdem
1097 2063 1256 2132 199
1276 2065 1607 2131 catholicam,
1632 2071 1765 2121 sicut
1791 2073 2068 2140 promittit,

501 2155 550 2199 et
575 2148 860 2202 secundum
889 2150 1196 2220 praedictum
1239 2154 1448 2208 beatum
1505 2158 1799 2228 episcopum
1842 2161 2068 2214 subscri-

500 2237 728 2305 ptionem
753 2238 810 2291 in
858 2243 1071 2311 proprio
1102 2241 1276 2296 libello
1305 2245 1514 2309 direxit,
1549 2257 1596 2300 et
1631 2259 1822 2305 nostra:
1854 2251 2070 2323 insuper

499 2327 788 2384 humilitati
819 2329 927 2384 alio
958 2331 1082 2384 dato
1127 2333 1303 2388 libello
1337 2339 1666 2404 monstravit,
1713 2342 1963 2410 quoniam
2021 2350 2070 2394 et

443 2489 465 2500 Ι
498 2415 797 2473 Nestorium
832 2429 881 2473 et
908 2420 1178 2492 Eutychen
1206 2441 1308 2478 non
1333 2426 1506 2481 solum
1538 2431 1751 2498 scripto,
1787 2431 1877 2483 sed
1905 2439 1955 2483 et
1973 2434 2067 2486 sub

499 2510 777 2576 prasentia
805 2511 964 2565 totius
995 2528 1262 2569 consessus
1289 2533 1379 2570 ore
1404 2519 1616 2588 proprio
1646 2521 2066 2574 anathematiza-

499 2600 590 2662 uit,
624 2600 719 2653 hoc
741 2601 944 2670 judicio
1005 2606 1337 2660 sanctissima
1374 2615 1424 2660 et
1465 2610 1911 2665 venerandissima
1940 2628 2068 2682 syn-

499 2688 648 2754 odus,
682 2690 897 2761 insuper
926 2708 1047 2746 uero
1089 2703 1139 2747 et
1176 2704 1356 2750 nostra
1380 2698 1649 2753 humilitas
1679 2701 1827 2755 reddi
1855 2703 1902 2755 ei
1933 2719 2061 2772 pro-

499 2778 672 2846 priam
704 2778 992 2835 Ecclesiam
1038 2782 1289 2852 deﬁnivit.
1326 2804 1346 2838 ι

567 2867 660 2931 XI.
688 2869 996 2926 Extremam
1026 2873 1168 2930 hanc
1191 2875 1522 2934 Theodoreti
1570 2879 1762 2935 Patres
1806 2885 2050 2952 compel-

497 2957 662 3014 lantis
696 2976 907 3028 vocem,
945 2963 1142 3018 salvete
1165 3006 1180 3029 ,
1229 2967 1570 3038 interpretati
1614 2979 1742 3024 sunt
1779 2969 2056 3025 Severiani

499 3047 558 3103 in
586 3049 878 3108 collatione
913 3068 1039 3108 cum
1085 3053 1400 3122 Catholicis,
1430 3060 1658 3128 perinde
1707 3075 1772 3114 ac
1819 3062 1863 3114 si
1917 3070 2062 3118 esset

498 3137 735 3195 hominis
791 3141 1102 3212 impositam
1164 3144 1268 3199 sibi
1315 3147 1712 3202 commutanda:
1780 3149 2065 3204 sententiae

498 3230 876 3286 necessitatem
915 3233 1270 3304 indignantis,
1299 3245 1466 3307 atque
1495 3238 1567 3292 ita
1585 3238 1726 3294 facto
1759 3248 2064 3294 retractan-

498 3318 590 3384 tis,
633 3321 780 3391 quod
816 3323 984 3379 verbo
1029 3324 1240 3379 diceret
1279 3343 1291 3379 :
1330 3327 1552 3383 aiebant
1600 3329 1746 3383 enim
1781 3344 1906 3383 eum
1939 3345 2063 3383 cum

495 3411 645 3469 dicto
669 3412 987 3469 discessisse
1037 3431 1067 3468 a
1096 3429 1380 3470 consessu.
1418 3416 1476 3470 Id
1512 3433 1677 3486 porro
1737 3418 2060 3483 aﬂerebant,

499 3510 562 3558 ut
584 3511 831 3559 sanctam
861 3504 1132 3574 synodum
1176 3505 1525 3571 damnarent,
1581 3508 1667 3562 vel
1724 3509 1927 3578 recepti
1983 3521 2064 3564 te-

497 3605 649 3647 mere
675 3591 936 3658 hominis,
963 3595 1123 3665 cujus
1165 3595 1333 3649 dubia
1363 3603 1527 3666 atque
1552 3599 1718 3652 etiam
1773 3597 1898 3653 ﬁcta
1923 3599 2060 3654 ﬁdes

495 3687 662 3745 esset,
701 3681 788 3737 vel
809 3683 1193 3739 consensionis
1223 3699 1349 3740 cum
1392 3686 1633 3741 Nestorii
1672 3687 1978 3743 fautoribus
2007 3697 2062 3742 et

493 3769 679 3843 Cyrilli
706 3771 962 3837 inimicis,
998 3790 1137 3844 quos
1169 3778 1524 3847 suscepisset.

565 3862 721 3930 Quod
744 3865 918 3929 aiunt,
949 3865 1357 3922 Theodoretum
1390 3867 1713 3924 discessisse
1737 3884 1862 3923 cum
1891 3870 2058 3936 dicto,

495 3953 758 4010 abhorret
793 3970 824 4010 a
875 3971 1044 4011 vero:
1103 3956 1362 4012 abhorret
1406 3959 1593 4024 etiam,
1630 3959 1774 4028 quod
1803 3959 2062 4014 dissimu-

497 4045 676 4100 lanter
699 4046 1007 4115 professum
1042 4047 1446 4103 criminantur:
1492 4064 1616 4102 nam
1665 4049 1941 4104 desertum
1993 4051 2061 4105 ab

495 4150 563 4190 eo
588 4151 696 4190 non
734 4150 853 4191 esse
880 4137 1064 4194 statim
1116 4153 1453 4203 consessum,
1515 4139 1641 4194 inde
1691 4141 2060 4206 concluditur,

495 4226 642 4296 quod
689 4227 895 4283 actioni
920 4243 1008 4282 xlv
1035 4228 1425 4299 subscripserit
1457 4248 1468 4282 :
1503 4232 1719 4286 sincere
1747 4231 2057 4300 professum

493 4334 562 4373 ex
581 4333 648 4374 eo
690 4328 925 4383 constat,
957 4320 1103 4389 quod
1133 4336 1196 4374 ea
1231 4321 1451 4390 scripsit
1479 4322 1523 4354 ³⁸
1544 4322 1911 4390 postmodum,
1938 4339 2058 4392 qua:
2090 4329 2132 4384 D

493 4407 844 4479 purissimam
932 4409 1325 4464 incarnationis
1401 4410 1562 4465 ﬁdem
1654 4411 2052 4467 demonstrent.

496 4495 728 4569 Scripsit
755 4513 890 4554 vero
919 4514 1029 4558 non
1051 4515 1221 4570 pauca
1248 4499 1304 4552 in
1325 4515 1544 4555 secessu
1585 4502 1776 4570 procul
1797 4503 2051 4572 negotiis:

495 4603 675 4658 neque
700 4588 846 4643 enim
877 4587 1098 4644 videtur
1125 4587 1193 4643 ad
1227 4590 1602 4657 episcopatum
1633 4590 1886 4654 rediisse,
1917 4606 2054 4644 con-

497 4687 682 4733 tentus
706 4695 1057 4749 recuperasse
1081 4679 1424 4750 dignitatem,
1447 4694 1610 4748 quam
1653 4689 1846 4750 sponte
1873 4688 2058 4750 posset

495 4767 776 4825 dimittere

523 4875 526 4879 ’
1085 4878 1308 4935 CAPUT
1343 4880 1457 4934 XII.

495 4969 536 5024 ι.
571 4969 915 5042 Ῑήεοάοηεκε
945 4970 1356 5042 postconcilium
1388 4973 1596 5025 recedit.
1686 4972 1749 5026 ll.
1779 4972 2052 5042 Recedenti

561 5038 842 5110 Sporacius
868 5038 1088 5097 mandat
1124 5043 1347 5094 scribere
1376 5043 1439 5094 de
1462 5041 1762 5096 lueresibus.
1793 5043 1882 5096 lll.
1911 5041 2054 5096 Scri-

563 5109 634 5182 bit
668 5111 896 5182 quinque
924 5111 1079 5165 libros
1111 5109 1299 5164 callide
1321 5121 1368 5164 et
1396 5111 1700 5182 artificiose.
1728 5111 1818 5166 IV.
1852 5110 2052 5165 Secedit

563 5181 618 5234 in
653 5179 1010 5240 solitudinem,
1040 5197 1132 5234 nec
1160 5182 1380 5234 otiatur.
1408 5182 1468 5236 V.
1509 5181 1722 5235 Videtur
1760 5183 2056 5251 deposuisse

1665 239 2042 302 GARNERH
2077 243 2572 302 DISSERTATIO
2613 244 2660 304 Ι.

3650 242 3750 304 15-2

2267 360 2621 440 episcopatui):
2633 356 2768 440 ._
2782 358 3019 440 “accipit.
3035 373 3085 440 at
3114 365 3320 440 san‘ctitlr'
3345 353 3515 440 L‘eone‘
3532 354 3750 440 litteras

2259 421 2585 481 utilissimas.
2639 425 2747 480 VII.
2772 425 2849 479 De
2883 421 3019 479 Aetii
3049 423 3173 492 ﬁde.
3205 423 3339 478 VIII.
3377 421 3566 477 Scribit
3587 425 3748 478 Theo-

2256 497 2469 550 doretus
2526 497 2774 550 adversus
2816 495 2874 548 id
2921 493 3060 563 quod
3105 494 3168 546 de
3225 495 3374 547 Aetio
3414 494 3745 562 jactabatur.

2253 565 2340 618 IX.
2363 565 2430 619 Et
2459 567 2862 619 commentarios
2893 562 2949 617 in
2987 562 3380 617 Octateuchum.

2575 655 2652 706 Ab
2677 668 2805 703 attuo
2837 652 3020 704 Christi
3043 652 3127 701 451
3154 651 3215 701 ad
3242 651 3350 702 458.

2250 767 2290 820 ι.
2319 765 2448 832 Quae
2471 771 2595 833 post
2646 762 2886 817 solutum
2922 760 3213 814 concilium
3263 759 3450 830 gessit,
3494 776 3601 816 non
3637 771 3746 816 tam

2179 859 2410 911 fortasse
2434 855 2490 908 in
2514 854 2754 908 obscuro
2779 851 2972 913 latent,
2995 865 3156 918 quam
3185 850 3454 904 Baronius
3495 849 3746 906 Sirmon-

2179 947 2392 1014 dusquc
2433 943 2536 997 rati
2577 952 2745 996 sunt:
2777 955 2904 994 nam
2941 950 2997 994 et
3043 955 3208 1008 opera
3241 939 3352 993 duo
3398 941 3743 1010 conscripsit,

2179 1031 2644 1104 praestantissimis
2691 1029 3002 1099 quibusque
3032 1027 3312 1096 prioribus
3348 1028 3530 1096 paria;
3562 1038 3620 1082 et
3651 1030 3743 1083 lit-

2179 1136 2322 1179 teras
2354 1123 2507 1177 dedit
2554 1121 2874 1190 accepitque
2924 1119 3050 1172 ﬁdei
3106 1134 3218 1176 su:e
3271 1126 3473 1183 testes;
3525 1127 3581 1173 et
3620 1135 3744 1174 eam

2179 1216 2336 1269 inivit
2366 1213 2634 1268 rationem
2660 1212 2805 1274 vitae,
2855 1224 2962 1279 qua
2991 1209 3292 1278 superioris
3329 1209 3588 1277 temporis
3625 1225 3741 1264 ma-

2177 1306 2327 1360 culas
2350 1303 2662 1370 abstergere
2693 1300 2894 1369 potuit,
2925 1299 3232 1369 dignusque
3258 1299 3511 1366 evadere,
3548 1300 3642 1370 qui
3678 1300 3742 1354 Ii-

2175 1409 2300 1448 uem
2337 1393 2452 1448 suis
2487 1390 2659 1445 initiis
2704 1390 2865 1459 plane
2918 1387 3255 1443 admirandis
3303 1405 3602 1459 congruum
3647 1391 3743 1461 ha-

2176 1487 2359 1541 buisse
2389 1484 2587 1539 merito
2610 1482 2855 1537 creditus
2886 1482 2976 1536 sit.

2244 1580 2436 1636 Statim
2460 1579 2626 1649 igitur
2647 1585 2869 1647 peracta
2895 1576 3122 1647 synodo,
3146 1575 3420 1647 proripuit
3444 1592 3561 1632 sese
3577 1575 3742 1634 Chal‘

2106 1694 2144 1747 B
2174 1672 2404 1734 cedone,
2448 1670 2564 1724 sive
2597 1668 2758 1738 200
2773 1667 3058 1722 turbarum
3084 1675 3369 1736 pertaesus,
3395 1683 3531 1736 quas
3551 1667 3740 1738 fugere

2167 1765 2277 1834 jam
2303 1777 2400 1831 per
2429 1761 2626 1815 famam
2655 1758 2889 1812 licebat:
2916 1758 3029 1812 sive
3059 1758 3112 1811 id
3133 1773 3344 1826 passus,
3370 1757 3516 1827 quod
3547 1759 3740 1814 huma-

2173 1853 2323 1906 nitus
2348 1849 2619 1920 contingit
2639 1849 2841 1905 excelsi
2874 1848 3042 1903 animi
3062 1847 3222 1913 viris,
3248 1847 3451 1917 quibus
3473 1849 3609 1902 nihil
3651 1853 3738 1903 in-

2173 1943 2519 1997 tolerabilius
2551 1948 2849 2011 conspectu
2903 1939 3185 1995 hominum
3245 1955 3356 1994 suae
3401 1939 3736 2008 poenitentiae

2178 2035 2421 2088 testium.

2239 2124 2302 2177 ll.
2341 2122 2576 2176 Abeunti
2616 2119 2971 2190 Sporacius”
3002 2160 3017 2184 ,
3052 2133 3196 2175 unus
3233 2118 3302 2172 de
3351 2118 3735 2174 illustrissimis

2163 2213 2464 2283 judicibus,
2488 2219 2544 2266 et
2571 2210 2844 2280 singulare
2869 2209 3200 2265 Theodoreti
3222 2209 3556 2279 praesidium,
3583 2225 3736 2262 man-

2169 2305 2355 2358 datum
2373 2303 2526 2357 dedit
2548 2302 2616 2357 de
2635 2301 2954 2371 explicanda
2984 2299 3368 2355 haereticarum
3395 2299 3730 2362 fabularum,

2167 2403 2436 2465 quotquot
2465 2393 2533 2447 ab
2570 2402 2696 2448 ortu
2735 2391 2991 2446 Ecclesiae
3037 2391 3387 2453 exstiterunt,
3425 2389 3734 2444 diﬁerentia
3817 2391 3820 2394 ’

2167 2483 2504 2554 singulisque
2537 2483 2930 2536 catholicorum
2961 2481 3273 2551 dogmatum
3308 2481 3538 2535 veritate
3565 2497 3737 2551 oppo-

2165 2574 2366 2630 nenda.
2422 2574 2478 2628 ld
2510 2573 2826 2645 eﬁlagitavit
2874 2573 3086 2628 scilicet
3124 2573 3207 2626 vir
3249 2575 3511 2642 Optimus,
3556 2576 3648 2628 et‘
3677 2573 3733 2628 in

2166 2669 2357 2738 paucis
2385 2667 2713 2729 catholicus,
2745 2682 2856 2721 non
2886 2674 2992 2719 tam
3021 2665 3158 2736 quod
3183 2675 3414 2736 cuperet,
3441 2674 3503 2718 ut
3539 2665 3735 2718 scribit

2165 2757 2566 2819 Theodoretus,
2584 2758 2738 2821 scire,
2765 2771 2882 2826 qua?
2911 2758 3158 2826 utrinque
3195 2765 3346 2810 extra
3378 2757 3512 2809 viam
3538 2761 3733 2806 rectam

2167 2856 2371 2902 novata:
2404 2849 2508 2901 sint
2531 2849 2749 2910 semitm,
2781 2863 3008 2916 quarum
3036 2846 3158 2915 finis
3182 2855 3256 2900 est
3279 2847 3588 2902 barathrum
3607 2861 3730 2916 per-

2163 2937 2374 2990 ditionis
2396 2976 2410 3000 ,
2455 2951 2617 3004 quam
2647 2943 2706 2990 ut
2728 2935 3077 2990 Theodoreto
3107 2935 3260 2990 daret
3281 2937 3620 2991 occasionem
3644 2942 3729 2988 at-

2085 3010 2127 3064 C
2161 3043 2267 3097 que
2298 3027 2463 3080 etiam
2493 3026 2878 3081 necessitatem
2930 3024 3056 3080 ﬁdei
3093 3041 3205 3081 sua:
3264 3034 3344 3080 tot
3391 3025 3735 3096 argumentis

2161 3117 2476 3188 probandae,
2500 3123 2634 3186 quot
2658 3116 2895 3170 haereses
2921 3115 3246 3184 exponendo
3270 3117 3570 3171 damnaret.

2232 3206 2322 3260 Ill.
2345 3206 2491 3275 Opus
2515 3206 2638 3269 hoc,
2661 3222 2770 3259 non
2795 3205 3124 3260 laboriosius
3156 3221 3318 3274 quam
3351 3206 3729 3272 artiliciosius,

2165 3296 2322 3350 libris
2347 3296 2589 3366 quinque
2612 3294 3131 3365 comprehenditur;
3169 3295 3356 3365 ipsum
3389 3311 3520 3350 vero
3547 3295 3730 3350 Theo-

2163 3389 2392 3444 doretus
2433 3389 2777 3443 elucubravit
2804 3403 2949 3442 anno
2969 3389 3092 3453 452,
3150 3386 3246 3442 sed
3303 3386 3477 3442 edidit
3515 3396 3730 3443 tantum

2163 3490 2430 3547 sequente
2465 3496 2478 3531 :
2510 3478 2854 3532 elucubratio
2876 3477 3023 3531 enim
3045 3485 3168 3548 post
3207 3478 3523 3542 concilium,
3559 3478 3732 3533 editio

2162 3579 2286 3640 post
2319 3569 2664 3622 consulatum
2699 3567 2968 3636 Sporacii,
3011 3567 3234 3622 accidit.
3279 3567 3584 3622 Concilium
3626 3584 3730 3622 au-

2163 3668 2272 3713 tem
2315 3660 2402 3713 die
2444 3659 2618 3728 prima
2643 3658 2973 3712 Novembris
3009 3673 3155 3712 anno
3187 3658 3283 3713 451
3327 3658 3558 3713 .ﬁnitum
3608 3669 3728 3724 est;

2161 3749 2478 3804 consulatus
2507 3747 2750 3816 Sporacii
2779 3747 3035 3802 Kalendis
3059 3746 3302 3800 Januarii
3336 3763 3479 3800 anno
3512 3747 3615 3802 452
3642 3747 3729 3800 iu-

2162 3838 2394 3893 ehoatus
2423 3847 2526 3892 est.

2232 3928 2588 3983 Laboriosum
2610 3927 2719 3982 dixi
2742 3937 2903 3997 atque
2920 3928 3274 3984 artiﬁciosum
3303 3946 3470 3999 opus:
3492 3935 3728 3998 quantus

2160 4017 2306 4072 enim
2337 4016 2490 4070 labor
2519 4017 2806 4086 ponendus
2824 4016 2925 4069 fuit
2946 4017 3000 4070 in
3023 4017 3340 4072 evolvendis
3367 4015 3731 4086 scriptoribus

2163 4106 2256 4175 qui
2288 4105 2341 4159 in
2385 4105 2536 4159 illum
2583 4121 2755 4174 usque
2808 4105 2952 4159 diem
3007 4107 3288 4162 catholica:
3337 4106 3461 4160 ﬁdei
3507 4121 3729 4160 causam

2161 4206 2352 4250 contra
2404 4196 2641 4251 haereses
2701 4195 3111 4251 defenderant?
3163 4197 3268 4252 Sed
3315 4207 3534 4266 quantae
3590 4197 3730 4249 artis

2161 4297 2284 4341 erat
2309 4289 2372 4352 ⁵⁸,
2425 4303 2697 4357 quamque
2727 4287 2957 4351 callidae,
2990 4288 3062 4341 ita
3094 4288 3160 4342 de
3212 4288 3440 4357 singulis
3462 4287 3726 4349 scribere,

2161 4375 2576 4445 utquilegeret,
2607 4376 2807 4430 sensim
2838 4376 2954 4430 sine
2987 4392 3150 4431 sensu
3174 4393 3270 4446 per
3296 4393 3352 4431 se
3375 4377 3492 4446 ipse
3524 4375 3730 4429 invidia

2159 4466 2540 4520 consensionis
2566 4481 2690 4519 cum
2729 4465 3001 4520 hmreticis
3032 4477 3286 4521 oneraret
3316 4467 3479 4520 unius
3517 4474 3730 4519 natura:

2161 4555 2326 4610 Verbi
2355 4557 2646 4609 incarnatte
2677 4552 3016 4615 defensores,
3057 4556 3319 4610 liberaret
3342 4555 3570 4609 duarum
3595 4570 3726 4623 pro-

2163 4654 2521 4715 pugnatores:
2555 4645 2606 4698 id
2664 4655 2768 4709 est,
2817 4655 2878 4700 ut
2922 4655 3080 4699 erant
3105 4656 3369 4715 tempora,
3429 4653 3524 4698 aut
3574 4653 3728 4696 certe

2156 4735 2346 4804 Opinio
2387 4735 2557 4804 vulgi,
2604 4745 2890 4790 accusaret
2913 4736 3196 4807 Cyrillum,
3253 4736 3560 4790 absolveret
3611 4732 3726 4787 Ne-

2157 4824 2288 4876 stori
2301 4839 2387 4876 um
2406 4825 2418 4876 ι

2227 4912 2421 4966 Mirum
2447 4929 2578 4968 vero
2605 4924 2707 4975 est.
2739 4915 3058 4979 discrimen,
3093 4932 3203 4985 quo
3235 4915 3500 4971 catholica
3521 4913 3729 4969 veritas

2157 5004 2227 5056 ab
2273 5003 2535 5058 extremis
2577 5005 2794 5060 duobus
2848 5007 3133 5061 erroribus
3183 5007 3559 5076 distinguitur,
3599 5021 3728 5060 cum

2161 5108 2341 5161 neque
2374 5105 2518 5148 esset
2551 5094 2847 5149 admodum
2882 5104 3068 5158 tenue,
3124 5111 3304 5165 neque
3339 5096 3496 5149 valde
3527 5095 3731 5149 obscu-

2163 5199 2308 5246 rum,
2333 5185 2558 5239 latuisse
2590 5195 2771 5241 tamen
2811 5186 3144 5241 Theodoreti
3179 5187 3407 5250 oculos;
3439 5186 3536 5240 sed
3585 5201 3731 5238 nou-

1791 5299 2097 5355 SCHULZII
2138 5300 2364 5356 NOTAE.

565 5407 610 5439 ³⁸
635 5405 989 5484 ιξα-διξνὲρξὶις
1051 5418 1178 5484 (θιίδΖΔ
1212 5409 1415 5484 ﬂorum
1471 5411 1771 5484 immemor_
1811 5413 1976 5467 fuisse
2022 5411 2246 5484 videtur
2289 5414 2608 5479 Garnerius,
2649 5431 2770 5469 cum
2806 5431 2868 5469 ea
2920 5416 3204 5476 scriberet,
3237 5431 3357 5484 quae
3399 5413 3574 5484 capite
3601 5428 3736 5482 pro-

497 5478 641 5552 πίφο
665 5474 772 5552 ἐξ,
809 5474 1060 5552 legimus.
1138 5479 1181 5509 ³⁸
1218 5480 1338 5552 Vid.
1373 5481 1668 5552 P_r:uf._lib.
1723 5481 1917 5552 Haeret.
1955 5483 2060 5552 fab.
2138 5482 2181 5514 ¹⁸⁰
2209 5483 2454 5547 Quanta’,
2490 5474 2605 5538 etc;
2640 5485 2830 5538 Mirum
2861 5495 2964 5547 est,
2998 5485 3139 5538 hanc
3166 5474 3404 5538 fabulam
3437 5474 3573 5536 adeo
3601 5474 3723 5552 pla-

493 5544 675 5622 f'uissc
701 5543 991 5622 carpe—rio,
1016 5553 1076 5622 ut
1115 5561 1232 5602 eam
1277 5548 1330 5622 in
1369 5547 1499 5602 diss.
1529 5549 1582 5607 2.
1611 5566 1730 5617 cap.
1761 5552 1813 5612 6,
1856 5551 1882 5622 §
1909 5543 1964 5613 ἓξ
1998 5543 2239 5620 repetere
2284 5569 2389 5605 non
2437 5552 2784 5608 dubitaverit.
2821 5543 2990 5618 Quam
3019 5554 3191 5609 aliena
3227 5554 3295 5608 sit
3323 5569 3352 5607 a
3381 5552 3495 5608 veri
3519 5543 3731 5620 specie,

490 5612 700 5682 Ittigius
728 5613 930 5682 aliique
960 5614 1165 5669 dudum
1196 5617 1515 5686 probarunt.
