4032 6172
294 305 396 369 153

1466 299 1827 359 ΗΙΞΤΟΒῘΑ
1863 298 2367 358 THEODORETI.

3432 299 3533 367 154

293 412 425 465 dum
445 415 720 461 exuerant
766 413 936 458 totum
986 403 1118 456 illud
1150 418 1421 457 venenum
1472 401 1868 456 incredibiliter
1899 405 1939 458 Λ
1971 412 2152 465 cutus,
2177 403 2322 471 quod
2361 404 2488 456 olim
2519 403 2810 459 Sabiniano
2843 408 3145 474 gratulatus
3184 409 3384 470 erat“.
3409 425 3533 463 eum

295 500 519 562 subtile,
560 495 711 566 quod
752 510 906 549 amor
949 494 1134 563 gloriae
1192 503 1247 547 et
1303 494 1536 562 superba
1580 493 1865 546 hominum

295 591 598 647 reverentia
631 604 738 642 non
768 602 893 640 raro
918 584 1185 639 suffundit
1211 605 1223 638 :
1251 585 1302 638 id
1322 584 1465 653 quod
1491 584 1671 637 adhuc
1698 584 1869 637 haarc-

293 684 411 747 bat,
462 694 713 735 secessus
771 678 827 731 in
874 678 1285 739 monasterium,
1339 676 1528 745 procul
1581 675 1865 727 hominum

295 772 603 841 colloquiis,
639 768 923 833 discussit;
954 783 1064 821 non
1091 775 1267 821 tamen
1301 775 1475 821 totum
1502 775 1743 835 repente,
1770 766 1865 820 sed

299 864 562 935 paulatim
614 877 714 931 per
751 868 937 930 partes
971 876 984 910 :
1038 858 1176 912 adeo
1212 860 1318 912 alte
1371 858 1645 911 insederat
1684 858 1866 909 animo

299 954 634 1011 Theodoreti
692 951 964 1021 cupiditas
990 950 1198 1020 gloria}.
1248 965 1354 1018 qua
1383 950 1545 1003 vellet
1586 948 1735 1002 credi
1767 962 1864 1016 po-

298 1046 469 1101 tuisse
505 1042 767 1115 Cyrillum
795 1042 1092 1096 Orientalis
1121 1041 1379 1095 Ecclesiae
1410 1040 1670 1095 eximium
1720 1039 1859 1093 anti-

296 1136 478 1190 stitem
519 1134 588 1187 ab
615 1132 806 1187 haeresi
850 1130 1172 1200 Apollinarii
1223 1130 1291 1183 ad
1338 1130 1500 1184 fidem
1543 1129 1865 1184 catholicam

296 1226 647 1295 compellere.

363 1316 547 1383 Atque
596 1314 714 1369 haec
761 1327 923 1365 causa
958 1312 1082 1376 fuit,
1127 1327 1227 1366 cur
1269 1325 1546 1379 nunquam
1574 1352 1587 1371 ,
1636 1326 1700 1364 ex
1756 1326 1866 1379 quo

296 1403 532 1471 primum
562 1408 826 1468 eruperat,
855 1400 1134 1455 destiterit
1188 1401 1441 1455 insectari
1490 1399 1723 1468 capitula
1754 1418 1765 1452 :
1799 1416 1864 1453 ea

296 1494 450 1561 20],
485 1493 632 1547 enim
668 1493 1078 1561 impugnatione
1131 1501 1392 1562 perpetua
1441 1492 1762 1546 effecturum
1806 1505 1863 1543 se

296 1584 569 1651 sperabat.
610 1591 671 1636 ut
694 1599 849 1637 suam
884 1599 1074 1637 omnes
1103 1583 1156 1635 in
1188 1583 1435 1637 doctrina
1477 1583 1861 1643 constantiam,

294 1672 475 1742 Cyrilli
507 1674 951 1737 inconstantiam,
977 1674 1313 1741 alteramque
1334 1673 1562 1726 alterius
1582 1672 1861 1725 victricem

1972 494 2294 548 invidiosam
2319 495 2637 549 cathedram
2682 497 3010 565 reliquisset.
3048 498 3291 566 Denique
3332 500 3384 553 id
3426 515 3534 553 non

1971 586 2203 639 obscure
2232 586 2344 655 ipse
2376 586 2574 650 innuit,
2629 602 2751 640 cum
2784 588 3102 656 praefaretur
3127 589 3179 642 in
3206 590 3536 658 posteriores

1971 675 2291 729 Octateuchi
2336 678 2797 744 commentarios;
2832 679 3121 750 Hypatium
3176 682 3322 734 enim
3351 682 3536 749 operis

1970 766 2304 834 suscipiendi
2333 769 2667 823 incentorem
2708 771 2781 824 ita
2822 772 3114 839 compellat
3154 773 3248 825 filii
3290 774 3533 837 nomine,

1970 866 2194 924 propter
2216 867 2453 919 aetatem,
2479 870 2539 912 ut
2570 862 2954 915 auctoritatem
2989 863 3230 916 revereri
3265 863 3532 928 videatur,

1967 957 2190 1014 propter
2215 947 2550 1016 dignitatem.

2038 1036 2124 1088 VI.
2153 1036 2211 1089 In
2241 1037 2343 1089 hoc
2364 1052 2581 1092 secessu
2612 1040 2824 1107 accepit
2849 1040 2891 1070 “
2926 1057 2956 1093 a
3001 1051 3189 1094 sancto
3232 1042 3412 1097 Leone
3447 1043 3536 1097 lit-

1971 1136 2131 1189 teras,
2165 1126 2367 1195 quibus
2418 1128 2660 1196 pontifex
2693 1145 2936 1182 amorem
2988 1131 3040 1183 in
3068 1133 3411 1200 gratulando,
3444 1149 3539 1201 pa-

1970 1226 2184 1269 ternum
2218 1216 2474 1270 affectum
2495 1217 2548 1269 in
2577 1218 2940 1281 exhortando,
2971 1223 3350 1274 auctoritatem
3377 1223 3535 1290 202

1971 1308 2023 1360 in
2064 1308 2258 1361 dandis
2306 1308 2574 1362 mandatis
2608 1310 2865 1363 ostendit.
2904 1309 3218 1365 Gratulatur
3245 1313 3383 1366 tria:
3424 1314 3538 1380 pri-

1971 1414 2139 1462 mum,
2168 1399 2449 1451 victoriam
2477 1399 2541 1452 de
2570 1399 2893 1452 Nestoriana
2922 1400 3221 1468 impietate,
3245 1402 3538 1473 Eutychia-

1976 1503 2043 1539 na
2110 1489 2351 1549 vesania,
2408 1488 2562 1541 hoste
2616 1489 2908 1554 Dioscuro;
2946 1490 3198 1553 alterum,
3258 1491 3537 1560 dignitatis

1971 1579 2374 1633 restitutionem
2429 1580 2648 1632 concilii
2701 1580 3012 1634 sentcntia‘
3071 1582 3379 1647 firmatam;
3426 1590 3540 1635 ter-

1969 1666 2130 1723 tium.
2159 1682 2269 1719 sua:
2296 1667 2537 1735 epistola)
2590 1667 2853 1721 adversus
2878 1670 3319 1725 contradicentes
3350 1671 3536 1724 defen-

294 1741 677 1829 agttoscerent.
730 1761 843 1815 Nec
877 1776 1001 1815 eum
1041 1776 1138 1813 sua
1168 1776 1292 1830 spes
1327 1759 1560 1813 fefellit:
1599 1761 1865 1828 siquidem
1900 1741 1941 1795 Β
1971 1757 2178 1811 sionem
2208 1758 2321 1810 sive
2345 1757 2761 1826 expoxitionem.

293 1852 533 1919 capitula
587 1860 645 1904 et
679 1837 798 1911 suis
851 1857 908 1905 et
961 1851 1355 1904 catholicorum
1398 1851 1667 1918 pluribus,
1704 1852 1867 1904 etiam

298 1942 687 2005 sanctissimis,
739 1950 989 2011 suspecta
1022 1957 1142 1996 esse
1182 1942 1486 2011 persuasit;
1528 1949 1696 2007 atque
1742 1942 1869 1995 inde

294 2034 521 2097 factum,
555 2044 616 2088 ut
644 2034 711 2088 de
745 2035 878 2104 ipsis
901 2036 1085 2088 nullus
1114 2034 1283 2089 fuerit
1308 2050 1484 2103 neque
1510 2034 1650 2087 inter
1671 2035 1864 2088 ineun-

294 2120 418 2176 dam
440 2123 813 2177 Ecclesiarum
837 2138 1046 2191 pacem,
1077 2140 1253 2193 neque
1290 2125 1345 2178 in
1373 2126 1609 2179 concilio
1636 2125 1868 2179 Chalce-

294 2214 553 2273 donensi,
580 2228 757 2282 neque
783 2214 835 2266 in
862 2214 1057 2282 quinta
1085 2215 1314 2285 synodo,
1335 2215 1438 2268 nisi
1469 2232 1535 2269 ex
1558 2216 1864 2278 occasione,

294 2319 501 2359 sermo.

365 2393 455 2447 IV.
484 2392 803 2462 Cuiusmodi
852 2393 1020 2447 fuerit
1055 2394 1364 2448 secedentis
1398 2396 1654 2455 solitudo,
1684 2404 1869 2449 narrat

296 2484 411 2553 ipse
432 2484 629 2538 Joanni
672 2500 997 2539 (nconomo:
1034 2506 1051 2535 ς
1092 2486 1243 2549 Mihi,
1288 2486 1552 2554 inquit“,
1578 2497 1734 2555 grata
1780 2496 1868 2539 est

294 2576 474 2644 quies,
504 2584 561 2628 et
591 2575 701 2628 vita
728 2576 881 2629 curis
929 2576 1098 2629 libera
1123 2593 1136 2640 ;
1168 2586 1461 2646 propterea
1504 2592 1633 2630 sane
1663 2587 1718 2630 et
1745 2593 1867 2631 mo.

296 2663 527 2718 nasterii
566 2663 860 2718 atriensem
887 2665 1110 2733 januam
1167 2665 1437 2728 obstruxi,
1481 2674 1537 2720 et
1564 2667 1863 2721 amicorum

291 2753 715 2823 congressiones
768 2754 970 2808 devito.
1003 2773 1020 2804 ι
1072 2754 1215 2819 Quin
1270 2756 1435 2808 etiam
1480 2771 1510 2808 a
1560 2756 1868 2811 scribendis

292 2843 518 2905 litteris,
556 2843 895 2912 edendisque
936 2845 992 2897 in
1016 2845 1297 2913 publicum
1330 2847 1654 2901 tractatibus
1701 2848 1869 2901 absti-

292 2949 427 2989 nere
474 2942 768 2999 statuerat,
803 2950 872 2989 ne
909 2935 1040 3004 quid
1087 2945 1345 2991 avocaret
1374 2937 1615 2991 animum
1660 2954 1718 2992 se
1754 2938 1862 2991 frui

293 3029 592 3091 volentem,
615 3035 674 3081 et
688 3041 870 3081 rerum
895 3025 1203 3081 divinarum
1220 3026 1367 3080 sitim
1389 3027 1604 3097 explere
1622 3027 1860 3084 avidum:
1893 3056 1935 3114 ο

294 3135 403 3173 non
437 3118 566 3173 ideo
589 3126 771 3172 tamen
796 3117 1049 3186 deposuit
1074 3133 1291 3173 omnem
1314 3120 1495 3189 gregis
1517 3136 1732 3184 curam;
1770 3121 1865 3176 sed

293 3219 354 3265 ut
385 3221 508 3265 erat
529 3210 923 3265 monasterium
949 3223 1118 3278 prope
1135 3208 1363 3279 Cyrum,
1398 3211 1471 3264 ita
1504 3210 1732 3265 vacabat
1755 3209 1869 3263 sin-

293 3302 436 3371 gulis
458 3301 628 3356 rebus
649 3300 1025 3369 providendis,
1057 3300 1246 3355 saltem
1268 3300 1590 3370 majoribus.
1615 3315 1780 3369 quam
1806 3309 1867 3354 ut

296 3408 327 3444 a
357 3391 777 3462 chorepiscopis
826 3391 1063 3455 duobus,
1110 3390 1341 3461 Hypatio
1381 3400 1437 3445 et
1471 3391 1749 3453 Abramio,
1781 3394 1866 3462 agi

298 3488 542 3549 possent.

366 3573 429 3627 V.
454 3573 575 3627 Non
616 3579 820 3627 temere
849 3582 1029 3627 tamen
1060 3574 1328 3643 quispiam
1358 3574 1653 3642 putaverit,
1677 3573 1858 3627 Theo-

298 3663 551 3717 doretum
574 3662 829 3716 abdicato
848 3663 1164 3733 episcopatu
1189 3666 1420 3718 alterum
1443 3663 1546 3718 sibi
1574 3680 1604 3718 e
1627 3663 1865 3727 duobus,

300 3756 589 3825 Hypatium
620 3755 853 3818 scilicet,
902 3755 1271 3819 substituisse,
1306 3771 1476 3825 seque
1519 3763 1690 3809 totum
1727 3756 1866 3809 scri-

299 3846 491 3900 bendis
523 3846 705 3911 libris,
758 3856 853 3900 aut
882 3848 1197 3915 repetendis
1246 3846 1427 3917 potius
1460 3849 1705 3915 pristina:
1743 3848 1868 3901 vitae

301 3937 566 4006 religiosa:
584 3936 1077 3991 exercitationibus
1098 3936 1338 3991 dedisse.

368 4027 518 4081 [Iane
537 4028 856 4097 opinionem
888 4028 1083 4083 suadet
1109 4029 1370 4097 primum,
1395 4028 1542 4097 quod
1574 4029 1863 4096 episcopa-

300 4124 387 4168 tus
416 4116 578 4170 taedio
607 4131 667 4169 se
702 4116 899 4179 teneri,
950 4116 1141 4170 saltem
1189 4116 1372 4170 studio
1404 4132 1513 4168 non
1560 4114 1856 4169 admodum

297 4206 455 4269 adici,
484 4222 627 4277 saepe
650 4215 880 4261 testatus
914 4207 987 4261 sit
1020 4208 1099 4270 "';
1137 4222 1309 4275 eaque
1337 4206 1502 4260 animi
1528 4206 1743 4259 affectio
1770 4205 1867 4258 de-

300 4297 478 4352 buerit
500 4314 622 4352 esse
648 4306 809 4358 tunc,
853 4314 977 4352 cum
1003 4306 1190 4353 essent
1241 4298 1555 4351 turbulenta
1594 4306 1864 4365 tempora,

297 4388 680 4443 vehementior
726 4396 891 4456 atque
924 4386 1217 4441 efficacior.
1252 4386 1404 4440 Adde
1450 4385 1596 4455 quod
1645 4385 1864 4439 Maximi
1900 4376 1940 4429 D

298 4479 622 4553 Antioclieni
642 4479 987 4547 patriarchae,
1019 4493 1182 4547 quem
1214 4478 1507 4531 Dioscorus
1536 4476 1709 4530 hostis
1734 4491 1868 4529 suus

299 4571 637 4639 praefecerat,
664 4570 959 4623 amicitiam
986 4570 1164 4624 colere
1185 4585 1292 4623 non
1318 4569 1475 4622 facile
1505 4578 1707 4637 posset.
1727 4567 1866 4632 Quid

297 4662 444 4729 quod
475 4662 775 4731 provincia:
807 4661 1048 4732 synodis,
1086 4676 1116 4713 a
1137 4661 1339 4729 quibus
1367 4660 1557 4714 abesse
1584 4674 1692 4712 non
1731 4659 1865 4712 licc-

300 4752 395 4805 bat
440 4753 740 4822 episcopis,
779 4768 905 4806 cum
960 4751 1219 4804 tractoria
1275 4759 1621 4808 vocarentur,
1677 4758 1868 4816 optan-

298 4841 434 4895 dum
474 4858 582 4895 non
633 4852 753 4895 erat
799 4842 1065 4895 interesse
1100 4840 1331 4905 homini,
1368 4841 1456 4893 cui
1489 4839 1616 4892 inde
1664 4846 1868 4892 structa

299 4932 430 4986 olim
474 4931 650 4986 fuerat
683 4933 865 5001 gravis
906 4932 1182 4986 accusatio
1215 4949 1228 4995 ;
1283 4942 1338 4985 et
1385 4931 1473 4984 cui
1503 4930 1873 4983 tribuerentur

300 5036 486 5088 porro,
518 5030 746 5090 propter
779 5021 1070 5075 collectam
1121 5037 1187 5074 ex
1228 5020 1390 5088 longo
1438 5019 1771 5087 opinionem.
1818 5016 1863 5069 si

298 5126 423 5177 qua:
450 5111 642 5166 fierent
664 5112 717 5165 in
744 5113 810 5166 iis
838 5112 923 5166 vel
951 5112 1182 5181 imperio
1212 5112 1296 5163 vel
1325 5110 1581 5163 Ecclesia:
1606 5109 1813 5177 ingrata
1850 5124 1861 5158 :

298 5200 420 5256 fieri
454 5216 582 5255 vero
629 5201 787 5270 plura
818 5202 1059 5270 proclive
1106 5210 1244 5264 erat,
1296 5200 1581 5255 commotis
1630 5199 1807 5251 adhuc
1839 5213 1868 5249 a

298 5292 511 5347 recenti
559 5293 915 5348 contentione
947 5293 1164 5346 animis.
1242 5292 1467 5346 Videtur
1500 5291 1661 5344 etiam
1698 5290 1749 5343 id
1787 5306 1868 5341 se.

376 5455 403 5482 ⁸
433 5445 479 5499 ll
512 5445 641 5501 Cor.
670 5462 730 5511 ιι,
750 5446 841 5509 28,
871 5445 961 5499 29.

2042 1849 2359 1903 Vchcmenli
2388 1850 2638 1903 oratione
2667 1849 2918 1903 hortatur
2960 1851 3026 1904 ad
3079 1850 3237 1903 fidem
3285 1849 3534 1918 apertius

1971 1941 2024 1994 in
2057 1949 2335 2008 posterum
2383 1939 2749 2007 libentiusque
2779 1939 3157 2008 profitendam,
3185 1953 3344 2006 quam
3378 1936 3538 1990 fecis—

1970 2042 2053 2099 set
2089 2034 2354 2087 hactenus
2388 2049 2497 2101 pne
2528 2033 2762 2085 Nestorii
2792 2048 2977 2086 amore
3004 2030 3246 2084 nondum
3276 2029 3538 2081 radicitus

1969 2124 2177 2178 evulso.
2216 2124 2402 2192 Neque
2431 2122 2575 2175 enim
2605 2122 2847 2191 pontifex
2895 2131 3011 2175 erat
3053 2120 3293 2181 nescius,
3329 2125 3533 2186 quanta

1970 2213 2113 2266 foret
2138 2213 2239 2265 hac
2274 2212 2327 2264 in
2355 2220 2509 2281 parte
2550 2212 2880 2266 Theodoreti
2931 2211 3236 2272 infirmitas,
3263 2225 3534 2278 quamque

1969 2312 2155 2372 egeret
2192 2302 2476 2356 roborari:
2510 2317 2680 2370 quare
2724 2301 2792 2355 ad
2818 2301 2870 2354 id
2922 2300 3360 2371 persuadendum
3389 2298 3536 2368 quod

1970 2394 2300 2457 consuleret,
2325 2393 2548 2446 adducit
2577 2392 2820 2446 Dioscori
2865 2393 3198 2461 exemplum,
3234 2408 3395 2460 quem
3452 2392 3535 2445 sui

1966 2485 2231 2555 Entychis
2254 2500 2405 2538 amor
2427 2492 2617 2555 egerat
2647 2484 2701 2539 in
2734 2501 2993 2554 prteceps.
3034 2505 3051 2535 ς
3083 2485 3256 2549 Licet,
3288 2484 3535 2552 inquit“,

1970 2586 2064 2629 tua
2098 2576 2436 2639 fraternitas,
2479 2576 2655 2629 solido
2712 2575 2837 2629 cibo
2871 2574 3106 2638 firmata,
3160 2574 3246 2628 his
3293 2574 3538 2642 indigere

1970 2667 2196 2720 minime
2225 2666 2475 2720 videatur
2502 2683 2515 2730 ;
2563 2674 2770 2729 tamen,
2802 2674 2883 2729 ut,
2909 2666 3053 2734 quod
3086 2664 3258 2718 nostri
3294 2663 3399 2717 loci
3432 2669 3536 2725 est,

1970 2758 2296 2826 impleamus
2334 2757 2478 2811 circa
2507 2771 2694 2811 vocem
2733 2757 2966 2810 dicentis
2982 2755 3224 2824 Apostoli
3246 2763 3270 2790 υ
3298 2771 3309 2805 :
3340 2753 3542 2806 Pratter

1968 2864 2053 2911 ea,
2067 2864 2181 2916 qua:
2197 2849 2513 2901 extrinsecus
2528 2856 2670 2910 sunt,
2686 2848 2942 2899 instantia
2958 2862 3071 2911 mea
3085 2844 3412 2905 quotidiana,
3433 2840 3540 2895 sol-

1970 2940 2181 2993 licitudo
2210 2939 2442 2991 omnium
2468 2937 2822 2991 Ecclesiarum
2843 2953 2859 3000 ;
2877 2936 2992 3005 quis
3023 2936 3347 3000 inﬁrmatur,
3372 2939 3420 2983 et
3447 2947 3539 2999 ego

1969 3046 2074 3083 non
2097 3027 2381 3095 infirmor?
2426 3028 2539 3096 quis
2569 3024 2986 3091 scandalizatur,
3024 3032 3071 3075 et
3112 3039 3203 3091 ego
3227 3037 3329 3073 non
3358 3035 3481 3071 uror
3515 3018 3540 3071 .9

1968 3118 2071 3173 hoc
2096 3117 2368 3185 praecipue
2402 3113 2654 3183 przesenti
2697 3111 2983 3165 occasione
3028 3109 3303 3161 credimus
3347 3105 3537 3160 admo-

1966 3207 2228 3263 nendum.
2256 3205 2421 3258 frater
2449 3202 2785 3263 charissime,
2815 3208 2876 3252 ut
2899 3197 3331 3267 quotiescunque
3354 3194 3541 3250 divina

1966 3298 2137 3370 gratia
2166 3295 2602 3355 administrante,
2630 3292 2751 3345 illos
2773 3291 2865 3359 qui
2893 3289 3027 3343 foris
3061 3296 3210 3350 sunt,
3248 3286 3398 3339 fonte
3437 3284 3538 3338 do-

1967 3391 2156 3446 ctrina:
2186 3398 2279 3443 aut
2310 3384 2714 3456 submergimus
2742 3392 2835 3435 aut
2864 3395 3182 3451 purgamus,
3218 3378 3272 3431 in
3300 3378 3452 3431 nullo
3470 3375 3539 3430 ab

1968 3481 2099 3547 illis,
2120 3494 2255 3549 quas
2282 3477 2517 3546 Spiritus
2541 3473 2710 3529 sancti
2736 3471 2994 3537 divinitas
3025 3471 3080 3523 in
3104 3467 3537 3523 Chalcedonensi

1966 3570 2199 3626 concilio
2252 3567 2503 3637 protulit,
2558 3564 2682 3618 fidei
2740 3564 2942 3634 regulis
2997 3559 3334 3623 recedentes,
3396 3558 3540 3612 inter

1967 3669 2263 3727 utrumque
2288 3658 2499 3712 hostem
2525 3655 2753 3709 novellae
2791 3652 3032 3723 perfidia:
3075 3664 3384 3705 sermonem
3433 3663 3536 3702 no-

1968 3759 2141 3805 strum
2173 3764 2296 3802 cum
2337 3747 2485 3801 omni
2515 3745 2727 3800 cautela
2762 3745 3028 3797 libremus
3058 3761 3070 3794 :
3100 3758 3209 3794 non
3232 3743 3366 3810 jam,
3392 3740 3538 3809 quod

1968 3841 2138 3894 absit!
2170 3848 2427 3907 tanquam
2454 3837 2521 3891 de
2548 3836 2731 3889 dubiis
2764 3835 3150 3903 disceptantes,
3177 3832 3269 3886 sed
3295 3832 3539 3884 auctori-

1970 3940 2077 3985 tate
2108 3945 2339 3991 summa,
2365 3943 2485 3997 qua:
2505 3928 2643 3981 bene
2666 3925 2886 3979 definita
2912 3934 3057 3985 sunt,
3084 3930 3409 3975 astruentes.
3443 3940 3460 3969 ι

2036 4019 2316 4074 Pontificis
2366 4018 2547 4072 adhuc
2591 4017 2661 4071 de
2708 4015 3026 4069 infirmitate
3060 4010 3390 4066 Theodoreti
3444 4024 3537 4062 su-

1968 4113 2141 4183 spicio
2163 4128 2230 4167 ex
2259 4111 2349 4165 his
2379 4125 2598 4165 rursum
2624 4107 2970 4162 manifestius
3017 4112 3243 4173 apparet
3271 4120 3283 4155 :
3327 4120 3344 4152 ι
3383 4098 3537 4156 Unde

1970 4212 2076 4264 hoc
2101 4223 2322 4277 quoque
2359 4223 2460 4263 nos
2492 4217 2682 4261 contra
2729 4205 2917 4258 hostes
2944 4203 3201 4257 Ecclesiae
3250 4196 3538 4269 providere

1970 4302 2300 4369 condignum
2325 4308 2430 4362 est,
2474 4308 2536 4352 ut
2571 4299 2653 4352 eis
2699 4296 2903 4350 nullam
2956 4288 3326 4348 calumniandi
3375 4303 3536 4341 occa-

1972 4392 2202 4453 sionem,
2244 4387 2390 4456 quod
2414 4386 2480 4439 ad
2504 4401 2604 4438 nos
2629 4385 2844 4443 attinet,
2883 4382 3102 4450 penitus
3134 4378 3535 4445 relinquamus;

1973 4495 2074 4535 nec
2125 4493 2362 4547 unquam
2411 4484 2600 4529 contra
2656 4471 3011 4526 Nestorianos
3048 4476 3142 4522 aut
3175 4465 3539 4535 Eutychianos

1970 4576 2211 4637 agentes,
2244 4564 2433 4619 alteris
2452 4577 2643 4616 eorum
2667 4561 2947 4613 videamur
2984 4565 3130 4625 terga
3158 4554 3382 4607 vertisse
3405 4569 3417 4603 :
3444 4552 3538 4605 sed

1970 4666 2229 4724 utrosque
2256 4654 2455 4708 Christi
2486 4652 2669 4704 hostes
2707 4664 2861 4717 :equa
2896 4647 3049 4700 lance
3098 4645 3332 4697 vitemus
3376 4651 3538 4710 atque

1972 4746 2327 4805 damnemus;
2363 4742 2434 4793 ita
2467 4748 2525 4793 ut
2554 4754 2669 4804 eos,
2697 4736 2914 4807 quoties
2951 4733 3287 4789 audientium
3316 4738 3540 4799 quanta—

1974 4836 2109 4889 libet
2139 4831 2560 4903 poseitutilitas,
2596 4844 2719 4882 cum
2759 4825 3106 4897 dogmatibus
3139 4837 3329 4876 eorum
3376 4819 3539 4888 digno

1976 4925 2316 4980 anathemate
2348 4920 2755 4991 promptissime
2798 4926 2960 4985 atque
2993 4912 3399 4969 evidentissime
3458 4908 3537 4961 fe-

1977 5019 2219 5071 riamus:
2266 5030 2333 5068 ne
2378 5014 2422 5067 si
2455 5014 2559 5067 hoc
2583 5029 2611 5066 a
2647 5011 2803 5065 nobis
2839 5015 2933 5062 aut
2963 5005 3252 5060 obscurius
3313 5001 3427 5055 fieri
3462 5003 3538 5052 vi-

1964 5106 2158 5159 deatur
2193 5114 2287 5157 aut
2317 5104 2547 5163 tardius,
2577 5110 2800 5169 putetur
2826 5097 3075 5149 invitum.
3100 5093 3251 5159 Quod
3292 5090 3537 5162 quamvis

1964 5195 2306 5265 prudentiam
2354 5201 2499 5245 tuam
2529 5206 2617 5243 res
2643 5189 2757 5256 ipsa
2783 5185 3077 5240 admonere
3105 5181 3353 5245 sufficiat,
3390 5194 3539 5234 nunc

1972 5298 2147 5341 tamen
2178 5295 2233 5339 et
2286 5284 2657 5352 experimenta
2688 5278 3015 5331 docuerunt.
3062 5274 3167 5330 Sed
3214 5272 3538 5329 benedictus

1640 5550 1957 5606 SCHULZH
1997 5549 2223 5604 ΝΟΤᾹΞ.

373 5674 414 5704 δ’
441 5674 613 5745 Epist.
646 5676 761 5732 “6.
837 5675 880 5708 δ’
914 5676 1085 5745 Epist.
1119 5676 1179 5731 l6
1202 5676 1281 5730 Ad
1309 5675 1448 5728 Iren.

1698 5888 1722 5911 ς

1528 5672 1571 5703 ’⁸³
1604 5672 1771 5740 Epist.
1817 5671 1930 5725 126.

2008 5670 2048 5702 ll
2078 5671 2284 5740 Arari!
2337 5668 2477 5733 \‘id.,
2512 5681 2550 5718 t.
2586 5666 2671 5727 IV,
2721 5682 2769 5734 p.
2835 5665 2965 5721 H93
2996 5676 3108 5729 seq.
