4040 6172
457 292 557 356 155

1567 286 1943 344 GARNERII
1982 284 2479 348 DISSERTATIO
2515 289 2564 347 Ι.
2624 350 2648 371 .

3597 280 3707 343 156-

457 405 600 456 Iieus
635 408 844 463 uoster,
886 400 1043 470 cujus
1094 394 1427 450 invincibilis
1483 395 1705 456 veritas,
1755 393 1824 447 ab
1869 391 2016 470 omni
2053 399 2092 450 Α
2126 392 2274 446 illum
2310 394 2533 448 hatresis
2576 401 2861 447 auctorum
2891 391 3133 461 potentia
3156 389 3501 450 deterritum,
3555 390 3698 446 blas-

455 493 729 546 haereseos
796 491 1009 544 macula
1062 488 1325 542 mundum
1383 496 1457 549 te,
1522 485 1824 540 secundum
1879 485 2026 539 sedis

456 581 768 652 apostolicae
783 580 1012 651 judicia,
1034 578 1450 640 demonstravit,
1478 576 1564 630 cui
1599 575 1815 644 dignam
1862 574 2025 628 retri-

457 674 595 728 bues
608 690 707 743 pro
735 682 815 727 tot
846 672 1128 726 laboribus
1150 670 1402 739 gratiam,
1428 672 1472 724 si
1509 671 1671 724 talem
1697 679 1769 730 te,
1809 667 2024 737 qualem

457 765 814 833 probavimus
844 778 907 816 ac
923 762 1239 831 probamus,
1268 778 1367 831 pro
1394 761 1725 817 universalis
1770 760 2027 815 Ecclesiae

457 854 772 910 defensione
801 854 1125 907 servaveris.
1156 872 1172 904 ι

526 947 598 1002 Ut
633 945 908 1000 eﬁicacius
966 961 1134 1014 porro
1171 945 1312 1000 foret
1362 945 1498 1000 tanti
1531 953 1749 1014 tamque
1793 946 2029 998 amantis

457 1038 655 1093 medici
705 1037 1032 1102 remedium,
1071 1037 1230 1107 203
1280 1038 1493 1092 addidit
1533 1038 1872 1100 mandatum,
1917 1051 2026 1105 quo

460 1128 1110 1198 Theodoretumjuberet
1145 1128 1443 1183 identidem
1477 1128 1543 1181 ad
1582 1127 1767 1182 sedem
1804 1136 2026 1196 aposto-

459 1217 616 1271 licam
644 1216 870 1281 referre,
900 1233 1008 1287 quo
1028 1226 1171 1271 statu
1196 1218 1375 1271 forent
1401 1233 1490 1272 res
1524 1217 1802 1281 Ecclesiae,
1830 1232 2028 1286 quam-

457 1322 564 1377 que
590 1307 706 1377 ipse
738 1317 962 1363 navaret
1000 1324 1221 1378 operam
1270 1308 1637 1377 exstirpandis
1673 1307 2028 1362 Nestoriano-

457 1416 576 1455 rum
597 1408 653 1455 et
684 1401 1149 1473 Eutychianorum
1176 1402 1440 1470 reliquiis.
1469 1401 1734 1455 Latebant
1757 1401 2026 1470 siquidem

457 1490 513 1544 in
540 1493 912 1557 monasteriis,
943 1495 1417 1563 erumpebantquc
1460 1491 1713 1554 subinde,
1742 1490 2028 1547 monachis

458 1581 525 1635 ad
566 1584 829 1652 populum
859 1584 1333 1647 concionantihus,
1368 1599 1507 1653 quos
1530 1582 1692 1637 silere
1718 1582 1875 1653 jubet
1892 1582 2024 1648 Leo,

457 1674 703 1742 quandiu
761 1690 871 1730 non
917 1675 1120 1731 fuerint
1167 1676 1235 1729 ad
1272 1675 1719 1746 presbyterorum
1777 1673 2026 1728 ordinem

457 1765 657 1819 evecti.

533 1853 641 1907 VII.
681 1854 806 1907 Haec
858 1853 1028 1908 sancti
1079 1853 1355 1921 pontiﬁcis
1406 1853 1715 1911 exhortatio
1760 1855 1909 1920 fecit,
1946 1865 2025 1922 ut,

456 1956 624 2008 quam
681 1942 1064 1996 Theodoretus
1119 1943 1341 1998 silentio
1393 1944 1733 2001 obruendam
1779 1946 2026 2016 putabat,

455 2031 523 2084 de
576 2031 949 2088 incarnatione
995 2036 1353 2103 quaestionem
1393 2044 1655 2091 tractaret
1690 2037 2026 2108 diligentius,

455 2122 580 2175 data
604 2122 890 2177 occasione
924 2123 1087 2187 Aetii,
1125 2125 1423 2196 ederetque
1449 2143 1562 2183 suae
1595 2127 1720 2182 ﬁdei
1742 2129 2026 2198 publicum

454 2212 868 2268 documentum.
925 2215 1059 2269 Nam
1092 2232 1200 2286 quo
1246 2227 1493 2288 tempore
1527 2219 1909 2275 ereticarum
1947 2221 2030 2290 fa-

455 2301 701 2356 bularum
728 2303 886 2357 libris
917 2305 1161 2375 quinque
1182 2307 1578 2376 componendis
1595 2322 1816 2378 operam
1842 2308 2026 2373 dabat,

456 2400 553 2444 aut
576 2407 768 2446 recens
817 2408 956 2462 opus
989 2394 1318 2459 absolverat,
1364 2396 1783 2452 archidiaconus
1817 2398 2025 2463 Aetius,

456 2491 517 2535 ut
552 2481 835 2537 hominum
874 2484 1012 2538 fama
1064 2495 1200 2549 erat,
1238 2502 1443 2541 novum
1483 2488 1741 2556 quiddam
1798 2488 1851 2542 in
1886 2489 2026 2542 urbe

453 2587 623 2627 ausus
641 2582 726 2627 est
746 2575 1031 2644 proferre;
1060 2577 1204 2645 quod
1230 2587 1287 2631 ut
1322 2578 1596 2634 refclleret
1625 2579 2024 2642 Theodoretus,

455 2661 652 2715 silendi
681 2664 1021 2732 propositum
1051 2666 1201 2720 velut
1237 2667 1563 2738 injuriosum
1608 2668 1852 2734 Christo,
1909 2679 2030 2725 tan-

456 2752 628 2821 tisper
659 2752 1049 2809 inﬁectendum
1084 2764 1236 2811 ratus
1257 2767 1361 2811 est.

528 2842 658 2896 Rem
699 2843 772 2897 ita
804 2844 919 2911 ipse
939 2846 1231 2900 narrat“:
1272 2867 1290 2897 ι
1322 2849 1613 2918 Postquam
1639 2858 1830 2905 contra
1859 2866 2026 2904 evan-

453 2933 682 3003 gelicam
743 2934 903 2988 ﬁdem
955 2952 1044 2991 res
1088 2952 1259 2991 novas
1310 2938 1518 2992 moveri
1554 2938 1744 3002 didici,
1782 2940 2026 3009 periculo

449 3037 641 3078 carere
689 3023 967 3081 silentium
998 3043 1106 3082 non
1149 3028 1426 3083 existimo.
1463 3031 1677 3085 Etenim
1705 3031 1748 3085 si
1809 3033 2021 3087 mortali

2128 484 2402 553 phemiam
2455 485 2738 571 indulgere
2790 484 3041 554 tempori.
3100 484 3392 552 Postquam
3419 492 3600 536 autem
3628 483 3696 546 is,

2129 573 2220 642 qui
2245 574 2673 643 blasphematur,
2704 574 3009 643 increpavit
3038 582 3229 627 ventos
3253 582 3310 626 et
3339 574 3695 642 mare,jacta-

2129 663 2305 732 lisque
2338 664 2601 719 Ecclesiis
2632 668 2648 684 °
2698 664 3149 734 tranquillitatem
3192 662 3384 724 dedit,
3440 670 3503 733 et
3553 672 3698 716 terra

2129 756 2376 825 marique
2407 756 2781 826 apostolorum
2839 755 3044 825 ubique
3092 754 3469 824 promulgatur
3498 753 3699 822 praedi-

2131 847 2303 911 catio;
2339 863 2569 917 ecquem
2613 848 2793 902 locum
2837 847 3002 902 habet
3054 845 3438 914 blasphemia?
3480 844 3701 901 Etenim

2127 954 2231 993 nec
2260 939 2369 1002 isti,
2406 939 2501 1008 qui
2554 954 2718 993 unam
2758 939 2939 993 carnis
2984 937 3397 1006 divinitatisque
3447 943 3702 990 naturam

2127 1045 2385 1099 perverse
2432 1028 2593 1100 204
2623 1045 2771 1084 nunc
2813 1028 3206 1083 ecclesiasticis
3240 1026 3588 1096 dogmatibus
3616 1026 3700 1080 in-

2129 1127 2338 1184 serunt,
2367 1119 2646 1175 Christum
2679 1121 2971 1174 Dominum
3021 1118 3232 1172 laudari
3285 1125 3501 1181 vetant;
3534 1124 3700 1185 atque

2129 1213 2235 1267 hoc
2266 1212 2424 1267 facile
2452 1219 2536 1266 est
2578 1228 2643 1266 ex
2694 1212 2781 1276 iis,
2824 1211 2918 1280 qui
2961 1210 3115 1264 illinc
3150 1209 3456 1271 redierunt,
3495 1223 3701 1279 cogno-

2130 1319 2282 1359 scere
2317 1322 2329 1357 :
2363 1303 2657 1374 oportebat
2676 1312 2858 1357 autem
2885 1301 3059 1363 illum,
3091 1301 3183 1370 qui
3220 1299 3402 1355 ordini
3442 1309 3697 1368 prmessct

2128 1396 2524 1459 ecclesiastico,
2553 1395 2793 1449 divinam
2818 1410 2979 1450 nosse
3014 1393 3375 1462 Scripturam,
3400 1410 3418 1441 ι
3450 1402 3557 1444 etc.

2198 1488 2423 1542 Mentita
2446 1495 2530 1542 est
2567 1486 2852 1541 hominum
2890 1486 3030 1539 fama
3058 1484 3125 1538 de
3150 1483 3310 1538 Aetio
3340 1483 3462 1534 viro
3508 1489 3701 1533 catm-

2128 1579 2247 1633 licte
2300 1576 2447 1643 ﬁdei,
2496 1587 2555 1631 ut
2604 1584 2824 1631 sanctus
2866 1575 2976 1629 Leo
3025 1575 3269 1644 loquitur
3295 1572 3359 1625 ⁸⁷.
3409 1571 3501 1625 Ille
3549 1570 3701 1622 enim

2129 1676 2354 1736 propter
2371 1666 2717 1722 sanctitatem
2745 1673 2801 1720 et
2824 1664 2949 1719 ﬁdei
3002 1663 3397 1733 integritatem,
3449 1676 3479 1714 a
3507 1672 3703 1715 sancto

2059 1755 2102 1809 B
2132 1758 2373 1814 Sisinnio
2403 1757 2636 1827 primum
2679 1756 2734 1809 in
2770 1757 2977 1811 clerum
3018 1754 3291 1823 ascriptus
3340 1759 3423 1806 est
3452 1792 3466 1813 ,
3499 1748 3702 1803 deinde

2130 1867 2160 1906 a
2198 1859 2388 1905 sancto
2408 1850 2605 1904 Proclo
2653 1849 2830 1904 factus
2853 1849 3142 1909 diaconus,
3165 1853 3353 1915 postea
3385 1860 3414 1897 a
3442 1842 3703 1897 Flaviano

2129 1949 2367 2012 martyre
2389 1956 2534 1996 unus
2554 1938 2893 1994 notariorum
2928 1938 2981 1991 in
3006 1952 3168 1992 causa
3194 1935 3459 2007 Eutychis
3495 1933 3705 1988 consti-

2130 2040 2316 2087 tutus:
2350 2047 2474 2085 mox
2515 2032 2572 2085 in
2599 2029 3031 2085 Chalcedonensi
3086 2028 3345 2092 concilio,
3372 2042 3495 2080 cum
3551 2030 3705 2079 esset

2128 2125 2467 2180 notariorum
2490 2122 2859 2193 primicerius,
2896 2136 3010 2175 rem
3036 2119 3319 2175 catholicas
3342 2117 3465 2172 ﬁdei
3499 2116 3702 2171 adver-

2129 2231 2222 2269 sus
2246 2215 2564 2270 Dioscorum
2599 2213 2842 2268 studiose
2877 2211 3172 2282 promovit,
3221 2219 3277 2264 et
3305 2208 3475 2264 sancti
3499 2206 3710 2262 Leonis

2128 2305 2418 2375 epistolam
2477 2320 2588 2359 non
2615 2311 2825 2357 tantum
2860 2301 3111 2371 exposuit
3154 2298 3551 2357 dubitantibus,
3599 2297 3705 2351 sed

2129 2397 2293 2451 etiam
2344 2395 2608 2450 adversus
2686 2393 3069 2463 impugnantes
3118 2389 3383 2444 defendit.
3450 2387 3703 2455 Denique

2129 2493 2444 2540 constanter
2467 2482 2786 2537 adversatus
2815 2490 2899 2535 est
2944 2479 3283 2535 Nestorianis
3306 2478 3469 2532 simul
3507 2483 3563 2531 et
3582 2476 3705 2530 Eu-

2131 2574 2404 2645 tychianis
2428 2590 2441 2639 ;
2482 2572 2577 2627 sed
2611 2570 2970 2643 Entycbianis
2996 2569 3248 2632 maxime,
3276 2583 3416 2638 quos
3440 2566 3702 2621 Ecclesia:

2126 2664 2743 2733 Constantinopolitanae
2783 2662 3033 2717 insidiari
3066 2661 3337 2716 sentiret:
3389 2668 3553 2728 atque
3578 2658 3703 2712 hac

2127 2771 2290 2812 causa
2311 2755 2539 2818 exstitit,
2597 2764 2697 2809 cor
2717 2753 2990 2815 Anatolio,
3024 2751 3161 2805 foris
3203 2749 3500 2812 catholico,
3546 2748 3702 2801 intus

2127 2849 2490 2921 Eutychiano,
2526 2848 2736 2901 invisus
2760 2845 2958 2909 fuerit;
2994 2860 3094 2897 cur
3133 2843 3263 2897 item
3305 2856 3404 2911 per
3456 2839 3699 2910 speciem

2126 2938 2360 2994 honoris
2377 2953 2488 2993 non
2521 2945 2631 2990 tam
2659 2935 2715 2990 in
2738 2935 3122 3006 presbyterum
3152 2942 3373 2988 creatus
3393 2930 3484 2995 sit,
3525 2946 3695 3000 quam

2128 3029 2197 3084 de
2229 3026 2601 3083 archidiaconi
2638 3025 2811 3097 gradu
2850 3025 3129 3094 dejectus;
3165 3038 3264 3076 cur
3300 3022 3483 3075 ablata
3526 3020 3704 3074 totius

455 3128 583 3183 rege
619 3115 819 3186 injuria
854 3134 955 3188 per
989 3120 1203 3189 aliquos
1234 3120 1452 3185 aﬂ‘ecto,
1489 3139 1598 3176 non
1642 3123 1708 3177 iis
1740 3123 1903 3178 modo
1930 3124 2025 3193 qui
2052 3092 2096 3150 θ
2129 3115 2389 3171 Ecclesia:
2461 3092 3087 3181 ConstantinOpolitanaa
3184 3108 3654 3164 administratione
3676 3145 3700 3170 ,

455 3203 712 3274 injuriam
748 3207 1016 3274 fecerunt,
1044 3212 1138 3266 sed
1162 3212 1227 3267 iis
1258 3214 1423 3268 etiam
1447 3214 1541 3283 qui
1572 3224 1873 3285 praesentes
1900 3232 2026 3272 cum

454 3306 660 3362 essent,
712 3300 1008 3371 injuriosos
1055 3305 1281 3360 minime
1352 3307 1696 3376 repulerunt,
1749 3308 2028 3379 impendet

454 3389 759 3457 periculum
783 3408 798 3456 ;
826 3409 987 3461 quam
1025 3410 1243 3462 poenam
1274 3411 1383 3450 non
1416 3399 1615 3452 merito
1653 3399 2024 3465 sustinebunt,

453 3479 550 3548 qui
577 3480 757 3536 illatas
779 3482 833 3535 in
861 3482 1031 3537 Deum
1057 3493 1113 3538 et
1133 3484 1472 3541 Salvatorem
1498 3498 1746 3543 nostrum
1771 3491 2027 3560 blasphe—

456 3570 594 3625 mias
639 3580 995 3626 contemnere
1031 3589 1140 3627 non
1181 3575 1472 3630 dubitant?
1515 3577 1620 3633 Hic
1649 3595 1735 3633 me
1769 3581 1934 3635 timor
1966 3582 2020 3635 in

456 3675 694 3727 praascns
721 3661 961 3716 scribere
993 3664 1278 3732 compulit,
1330 3674 1386 3720 et
1408 3666 1808 3733 demonstrare,
1840 3687 1962 3741 qua:
1994 3688 2024 3726 a

455 3748 737 3802 nonnullis
766 3748 1014 3804 innovari
1045 3753 1298 3821 cognovi.
1323 3754 1475 3810 Multi
1506 3757 1677 3821 enim,
1712 3768 1772 3813 ut
1801 3761 2023 3830 quidam

455 3835 744 3902 aﬁirmant,
790 3838 847 3892 in
904 3840 1041 3895 urbe
1094 3842 1322 3913 jactant,
1357 3845 1502 3914 quod
1540 3847 1876 3919 presbyteris
1900 3853 2024 3920 qui-

455 3925 684 3981 busdam
712 3931 1024 3994 orantibus,
1059 3942 1114 3987 et
1146 3935 1380 3989 orationi
1408 3936 1630 3991 solitum
1668 3938 1829 3994 ﬁnem
1853 3957 2025 4012 appo-

455 4016 735 4081 nentibus,
762 4018 1204 4090 dicentibusque,
1223 4022 1347 4077 aliis
1368 4023 1614 4093 quidem,
1645 4026 1773 4094 quia
1806 4035 1857 4081 te
1880 4028 2025 4082 decet

452 4106 625 4177 gloria
656 4117 705 4162 et
734 4107 1001 4164 Christum
1025 4120 1196 4177 tuum,
1227 4123 1275 4166 et
1300 4123 1540 4168 sanctum
1556 4124 1704 4170 tuum
1725 4115 2024 4188 Spiritum;

453 4198 576 4251 aliis
592 4214 741 4261 vero,
771 4202 948 4270 gratia
979 4211 1027 4254 et
1050 4204 1372 4272 benignitate
1400 4203 1595 4259 Christi
1639 4208 1736 4271 tui,
1768 4224 1887 4262 cum
1922 4225 2024 4280 quo

454 4296 505 4340 te
521 4289 663 4341 decet
690 4288 863 4359 gloria
876 4307 1013 4345 .cum
1040 4301 1221 4346 sancto
1248 4301 1335 4347 tuo
1365 4292 1605 4366 Spiritu;
1632 4298 1905 4353 mandarit
1940 4314 2026 4355 sa-

454 4379 836 4448 pientissimus
858 4382 1301 4450 archidiaconus,
1326 4401 1436 4440 non
1460 4399 1718 4457 oportere
1741 4389 2022 4445 Christum

453 4469 660 4536 dicere,
685 4471 780 4526 sed
835 4472 1189 4544 Unigenitum
1220 4476 1563 4546 gloriﬁcare;
1598 4480 1743 4548 quod
1778 4482 2023 4551 quidem,

453 4562 499 4615 si
524 4578 710 4616 verum
738 4573 844 4629 est,
869 4580 1086 4621 omnem
1110 4577 1333 4637 superat
1355 4569 1579 4625 modum
1606 4570 1923 4641 impietatis.
1966 4591 1983 4624 ι

2126 3207 2503 3263 οωωθιθτίιιηι
2539 3204 2946 3276 procurandum
2987 3202 3293 3271 acceperit;
3323 3216 3424 3255 cur
3457 3199 3707 3269 denique

2125 3300 2445 3371 dispensatio
2501 3299 2658 3352 totius
2697 3311 2872 3350 cauata
2910 3304 2960 3349 et
3018 3311 3159 3349 cura:
3215 3293 3575 3347 ecclesiastica:
3637 3293 3705 3345 in

2125 3390 2392 3445 Andream
2446 3389 2900 3458 Eutychianistam
2944 3396 3157 3457 repente
3204 3384 3467 3439 translata
3513 3385 3602 3439 sit.
3633 3384 3701 3438 Id

2126 3481 2379 3551 queritur
2405 3480 2449 3511 “
2472 3479 2617 3549 apud
2658 3479 3042 3547 imperatorem
3093 3477 3424 3532 Marcianum
3458 3474 3702 3530 Pulche—

2127 3572 2375 3641 riamque
2404 3574 2702 3641 Augustam
2750 3570 2861 3625 Leo
2891 3569 3154 3639 pontifex,
3184 3568 3384 3623 litteris
3423 3583 3485 3623 ea
3533 3567 3601 3623 de
3635 3584 3699 3622 re

2125 3663 2374 3733 Opilione
2399 3662 2623 3717 consule.
2649 3659 2997 3729 conscriptis.

2196 3755 2331 3809 VIII.
2355 3754 2556 3808 Verum
2580 3750 3075 3822 quomodocunquc
3116 3750 3335 3804 tandem
3361 3748 3503 3802 Aetii
3531 3763 3700 3802 causa

2126 3862 2184 3901 se
2217 3845 2491 3907 habuerit,
2527 3842 2873 3898 occasionem
2905 3850 3056 3895 certe
3080 3840 3429 3894 Theodoreto
3455 3839 3698 3908 aperuit,

2126 3937 2193 3992 ad
2226 3937 2387 3990 ﬁdem
2440 3950 2595 3989 suam
2626 3934 2693 3987 de
2734 3931 3108 3987 incarnatione
3153 3930 3311 3986 Verbi
3365 3928 3700 3993 testandam,

2125 4029 2439 4097 librumque
2461 4025 2734 4097 edendum
2762 4042 2775 4077 :
2804 4022 3035 4092 (utinam
3056 4022 3268 4091 integer
3286 4020 3355 4075 ad
3378 4036 3481 4075 nos
3500 4035 3702 4090 perve-

2124 4117 2379 4189 nisset!)
2416 4132 2545 4188 quo,
2590 4114 2863 4170 mandatis
2910 4114 3111 4168 summi
3184 4111 3465 4183 pontiﬁcis
3527 4111 3701 4166 obse-

2125 4221 2305 4276 cutus,
2327 4209 2706 4265 Nestorianam
2734 4205 3092 4275 impietatem,
3115 4204 3502 4272 vesaniamque
3523 4202 3707 4272 Euty-

2127 4303 2382 4359 chianam
2411 4302 2493 4356 sic
2525 4298 2843 4361 declinavit,
2878 4306 2940 4351 ut
2965 4295 3166 4358 media,
3210 4293 3264 4348 id
3290 4301 3395 4355 est,
3428 4292 3703 4347 catholica

2125 4394 2212 4448 via
2242 4392 2503 4447 incedens
2526 4392 2751 4447 doceret
2772 4389 3042 4459 exemplo,
3069 4387 3343 4442 neminem
3365 4399 3571 4446 errare,
3600 4400 3701 4453 qm

2127 4485 2405 4540 Christum
2451 4500 2545 4538 ore
2564 4483 2709 4538 Petri
2739 4483 3057 4552 loquentem
3103 4488 3386 4548 sequatur.
3456 4477 3699 4537 «Nemo,

2129 4576 2328 4647 inquit,
2353 4575 2518 4630 alium
2547 4574 2857 4645 quempiam
2884 4573 3050 4627 stulte
3076 4578 3227 4641 putet
3249 4569 3530 4623 Christum
3554 4583 3700 4628 esse,

522 4653 862 4723 Impietatem
913 4658 1186 4727 ejusmodi
1258 4660 1511 4715 confutat
1558 4662 1842 4731 pluribus,
1900 4665 2031 4718 hinc
2127 4684 2290 4739 quam
2331 4667 2527 4721 Filium
2564 4664 2947 4735 unigenitum;
2984 4678 3163 4731 neque
3207 4675 3310 4714 nos
3341 4658 3707 4728 sapientiores

459 4761 690 4801 exorsus
718 4764 731 4800 :
777 4765 796 4797 ι
836 4746 944 4801 Aut
972 4748 1112 4803 duos
1140 4749 1196 4802 in
1225 4749 1393 4804 Filios
1419 4751 1617 4805 dividit
1640 4768 1811 4806 unum
1840 4754 2029 4807 Domi-

451 4851 584 4890 num
615 4844 866 4892 nostrum
889 4839 1073 4893 .Icsum
1097 4838 1400 4903 Christum,
1428 4849 1483 4894 et
1505 4842 1857 4912 Unigenitum
1897 4844 2027 4913 qui~~

451 4925 574 4982 dem
623 4929 924 5000 legitimum
967 4938 1124 4999 putat
1179 4946 1299 4986 esse
1328 4931 1525 4986 Filium
1581 4943 1637 4989 et
1692 4935 2020 4998 naturalem,

449 5016 726 5074 Christum
756 5036 888 5075 vero
919 5021 1237 5090 adoptivum
1281 5030 1338 5077 et
1365 5023 1596 5077 nothum
1626 5065 1639 5087 ,
1695 5041 1759 5080 ac
1792 5026 2024 5097 proinde

449 5107 737 5178 indignum
771 5111 1168 5182 gloriﬁcatione
1203 5129 1217 5180 ;
1255 5123 1348 5168 aut
1399 5114 1820 5171 iusolescentem
1876 5131 2026 5172 nunc

453 5199 682 5253 lireresin
712 5204 957 5260 stabilire
984 5215 1233 5262 conatur.
1254 5208 1332 5264 Ac
1358 5207 1607 5278 quidem,
1642 5209 1684 5261 si
1729 5208 1850 5262 dira
1883 5217 2023 5263 tem-

454 5297 635 5359 pestas
658 5290 1016 5360 incumberet,
1056 5300 1430 5368 suspicaretur
1472 5299 1701 5355 fortasse
1726 5300 2021 5370 quispiam.

525 5450 551 5477 ο
585 5444 773 5501 Matth.
802 5464 904 5501 ενι.
936 5448 1018 5503 16.
1098 5462 1124 5500 P
1154 5452 1284 5507 ibid.
1316 5452 1396 5506 I8.

2128 4758 2369 4828 Spiritus
2393 4757 2565 4828 gratia
2592 4754 2968 4811 existimemus
2997 4765 3137 4815 esse,
3168 4750 3264 4805 sed
3292 4764 3547 4820 magnum
3595 4749 3699 4801 Pe~

2129 4858 2276 4904 trum
2315 4847 2603 4903 audiamus
2628 4847 2994 4901 clamantem:
3031 4843 3105 4897 Tu
3160 4858 3211 4896 es
3246 4840 3501 4899 Christus.
3534 4838 3702 4891 Filius

2127 4940 2224 4994 Dei
2249 4941 2405 4993 viui°.
2438 4937 2741 4992 Audiamus
2793 4945 2850 4990 ct
2896 4934 3174 4989 Christum
3222 4932 3514 4987 Dominum
3563 4946 3700 4983 con—

2126 5032 2421 5088 fessionem
2454 5032 2595 5085 hanc
2623 5028 3038 5083 conﬁrmantem
3071 5044 3084 5079 :
3115 5023 3287 5094 Super
3317 5025 3453 5077 hanc
3493 5030 3701 5093 petram

2128 5121 2398 5190 aediﬁcabo
2434 5120 2720 5174 Ecclesium
2753 5133 2946 5179 meam,
2980 5124 3027 5168 et
3057 5123 3223 5184 porta:
3256 5113 3414 5182 inferi
3436 5128 3538 5165 non
3562 5126 3701 5181 pra!—

2125 5209 2371 5264 oalebnnt
2423 5209 2674 5260 adversus
2729 5214 2917 5258 contr.
2998 5202 3208 5256 Idcirco
3263 5199 3701 5271 sapientissimus

2128 5300 2349 5362 Paulus,
2380 5318 2396 5347 ι
2430 5308 2536 5352 etc.
2591 5296 2760 5351 Paulo
2795 5305 2921 5350 ante
2968 5294 3202 5357 dixerat,
3241 5292 3386 5347 unde
3417 5291 3699 5348 videretur

1778 5563 2095 5621 SCIIULZII
2138 5562 2367 5618 NOTAE.

526 5665 576 5701 ⁸⁸
604 5668 800 5740 Inquit.
853 5672 996 5728 Loco
1031 5673 1213 5728 citato.
1294 5677 1335 5706 κδ
1365 5677 1532 5745 Epist.
1578 5680 1691 5733 liti.
1769 5680 1813 5710 "
1843 5679 2013 5748 Epist.
2050 5680 2135 5733 57.
2212 5679 2257 5711 ⁸⁸
2284 5677 2426 5732 Loco
2454 5677 2547 5729 cit.
2624 5675 2665 5707 δ’
2696 5675 2866 5744 Epist.
2905 5673 3021 5727 I46.
