4048 6174
314 261 427 326 157

1507 283 1868 342 HISTORIA
1903 285 2413 355 TIIEODORETI.

3509 291 3607 355 158

311 384 654 469 retractare,
691 394 814 447 qua:
852 380 1114 437 acerbius,
1136 383 1202 437 ad
1234 384 1510 441 decimum
1540 389 1726 459 Cyrilli
1756 403 1921 461 caput
1951 400 1991 454 Α
2024 399 2268 467 Augusto
2288 400 2356 464 δ’,
2402 399 2495 469 qui
2525 415 2752 469 regnare
2788 401 2950 468 cmpit
2979 416 3123 455 anno
3153 402 3282 464 457;
3322 401 3466 456 unde
3495 406 3608 455 col—

312 465 460 520 olim
503 467 781 523 eﬂ‘uderat
815 489 828 524 :
877 469 1130 528 Christus
1179 477 1484 545 appellatus
1514 491 1618 544 est,
1653 491 1913 552 tanquam

313 558 540 628 Spiritu
566 571 760 616 sancto
780 565 1086 619 secundum
1119 567 1398 625 hominem
1419 581 1636 638 unctus,
1663 584 1718 629 et
1736 576 1914 632 factus

314 650 577 717 pontifex
604 662 794 708 noster
820 663 876 709 et
912 658 1218 726 apostolus,
1254 661 1414 732 205
1441 673 1496 718 et
1531 666 1821 734 propheta,
1858 679 1914 722 et

315 756 440 793 rex.
511 741 690 797 Moses
756 746 903 799 enim
955 747 1176 804 divinus
1225 751 1384 823 longe
1442 765 1569 809 ante
1603 757 1908 814 clamabat:

314 828 649 898 Prophetam
678 834 815 887 vobis
835 837 1107 890 suscitabit
1140 839 1392 894 Dominus
1419 842 1559 897 Deus
1581 845 1641 898 de
1658 847 1912 916 fratribus

315 923 533 984 vestris,
569 924 704 975 sicut
722 941 802 976 me
827 934 872 977 ιι.
896 925 965 979 Et
987 925 1208 983 divinus
1235 929 1405 983 David
1438 932 1773 990 vociferatus
1805 947 1906 1000 est,

314 1011 789 1068 dicenszluravit
822 1015 1102 1082 Dominus,
1155 1026 1204 1070 et
1263 1037 1368 1073 non
1414 1025 1680 1092 paenitebit
1736 1044 1853 1081 eum
1890 1048 1908 1081 .·

316 1101 392 1154 T‘u
436 1119 491 1154 es
543 1105 790 1159 sacerdos
865 1110 919 1160 in
974 1117 1255 1175 mternum,
1316 1115 1604 1169 secundum
1672 1119 1910 1173 ordinem

313 1193 729 1250 Melchisedec'.
784 1197 1195 1272 Conﬁrmatque
1265 1206 1612 1274 prophetiam
1691 1210 1911 1266 divinus

309 1287 638 1354 Apostolus,
714 1299 770 1345 et
814 1291 1014 1348 iterum
1040 1296 1116 1349 ait
1161 1311 1188 1350 ':
1241 1298 1503 1354 Habentes
1566 1318 1690 1372 ergo
1735 1308 1910 1374 ponti-

309 1376 468 1444 ﬁcem
510 1397 789 1452 magnum,
823 1386 915 1454 qui
963 1393 1259 1456 penetrauit
1298 1394 1474 1456 ca'los,
1502 1393 1683 1448 Iesum
1713 1395 1907 1452 Filium

311 1470 438 1534 Dei,
475 1481 753 1528 teneamus
791 1478 1171 1546 confessionem
1195 1489 1238 1535 ι.

384 1563 477 1617 IX.
511 1565 671 1622 Hunc
700 1568 948 1624 laborem
973 1573 1363 1641 excepitalius,
1394 1588 1620 1647 rogante
1651 1581 1904 1651 Hypatio,

311 1655 642 1724 «xterisque
679 1657 1062 1725 familiaribus,
1108 1664 1337 1730 veritis,
1398 1683 1466 1722 ne
1512 1685 1637 1725 cum
1689 1673 1908 1730 infirmo

2015 488 2105 558 ligi
2134 500 2333 558 potest,
2383 507 2560 561 neque
2607 493 2791 546 statim
2829 509 2858 546 a
2883 492 3120 546 concilio
3162 492 3602 547 Cbalcedonensi

2015 580 2238 645 obiisse,
2267 583 2410 652 quod
2435 583 2613 637 visum
2645 591 2727 637 est
2762 582 3074 646 Sirmondo,
3095 597 3272 652 neque
3298 590 3422 652 post
3451 583 3604 637 initia

2016 668 2218 723 Leonis
2237 671 2584 740 imperatoris
2614 671 2971 740 superfuisse,
3001 669 3147 740 quod
3178 671 3300 724 aliis
3319 669 3609 739 placitum.

2016 761 2165 814 Facit
2208 761 2475 816 adversus
2501 762 2854 817 Sirmondum
2879 763 2932 815 id
2965 762 3152 826 etiam,
3178 762 3322 830 quod
3353 761 3608 815 Theodo-

2017 859 2167 903 retus
2213 849 2377 903 fuerit
2412 852 2593 906 adhuc
2635 850 2689 904 in
2737 851 2878 904 vivis
2906 851 2993 904 die
3029 852 3089 904 l0
3126 851 3273 905 Junii
3310 851 3440 904 anni
3471 852 3600 914 455,

2013 956 2123 1009 quo
2152 951 2396 1010 tempore
2440 943 2655 996 litteras
2708 941 2776 994 ad
2828 958 2952 996 eum
2994 951 3218 996 sanctus
3256 941 3367 995 Leo
3414 942 3601 996 dedit:

2013 1031 2143 1086 facit
2190 1043 2381 1087 contra
2432 1034 2588 1098 alios,
2637 1035 2784 1103 quod
2833 1033 2901 1087 de
2939 1033 3290 1087 Theodoreto
3325 1034 3474 1086 nulla
3510 1034 3602 1088 fiat

2014 1123 2219 1176 mentio
2251 1133 2372 1192 post
2403 1125 2600 1178 initum
2629 1141 2657 1178 a
2697 1125 2879 1178 Leone
2913 1123 3226 1192 imperium.

2083 1215 2146 1267 II.
2188 1215 2454 1271 Meminit.
2494 1216 2700 1280 fateor,
2741 1215 3073 1268 Theodoreti
3120 1215 3468 1268 Marcellinus
3509 1230 3603 1268 co-

2012 1319 2126 1356 mes
2156 1305 2222 1356 ad
2255 1320 2456 1356 annum
2486 1303 2691 1358 Christi
2739 1303 2860 1367 466,
2893 1303 3076 1357 Leone
3112 1303 3326 1356 seniore
3368 1320 3425 1356 ιιι
3470 1319 3601 1357 con-

2011 1397 2147 1460 sule,
2166 1397 2279 1450 ind.
2297 1415 2376 1451 iv:
2399 1417 2415 1448 ι
2433 1398 2834 1460 Theodoretus,
2855 1397 3052 1466 inquit,
3073 1397 3360 1466 episcopus
3379 1408 3602 1452 sanctus

2009 1489 2132 1560 Cyri
2161 1490 2418 1554 civitatis,
2448 1489 2667 1559 scripsit
2700 1489 2766 1542 de
2812 1487 3188 1541 incarnatione
3235 1488 3449 1540 Domini
3499 1488 3598 1541 ad-

2010 1599 2203 1638 versus
2225 1584 2506 1654 Eutychen
2529 1592 2582 1636 et
2610 1581 3324 1636 DioscorumAlcxandrinm
3347 1581 3602 1634 Ecclesiae

2009 1674 2350 1743 episcopum,
2365 1675 2458 1744 qui
2483 1675 2776 1727 humanam
2792 1673 2844 1726 in
2863 1672 3084 1728 Christo
3101 1688 3320 1726 carnem
3343 1682 3559 1740 negant.
3576 1691 3591 1721 ›

310 1743 603 1816 fractoque
628 1750 789 1804 annis
819 1759 875 1806 et
900 1754 1059 1808 malis
1085 1754 1418 1813 Theodoreti
1443 1776 1695 1831 corpore,
1731 1765 1905 1821 inter-
1941 1737 1981 1792 Β
2011 1737 2115 1818 Sed
2137 1737 2361 1833 apertus
2383 1737 2468 1818 est
2495 1765 2561 1818 de
2614 1774 2856 1834 tempore
2897 1780 3053 1819 error
3097 1765 3394 1818 Marcellini
3428 1781 3441 1816 :
3470 1777 3596 1818 nam

310 1837 425 1891 iret
455 1839 660 1895 eximia
692 1840 747 1895 in
813 1845 1160 1904 elucidandis
1188 1849 1490 1920 Scriptum
1515 1854 1786 1912 abstrusis
1822 1859 1905 1914 lo-

309 1930 428 2020 cis,
455 1947 565 2000 qua
586 1933 849 2001 pollebat,
889 1936 1159 1994 doctrina.
1203 1961 1221 1992 ι
1255 1941 1486 2013 Scripsit
1515 1947 1682 2016 igitur
1716 1951 1905 2020 expla-

243 2025 253 2035 '
309 2017 603 2074 nationem
658 2023 850 2091 (verba
894 2036 1024 2082 sunt
1071 2029 1343 2102 Photii“)
1381 2033 1437 2087 in
1481 2017 1902 2106 Octateuchum,

307 2123 436 2200 quae
475 2110 893 2184 inscriptionem
949 2130 1110 2174 nacta
1145 2133 1230 2178 est
1280 2126 1432 2194 operi
1484 2141 1900 2200 congruentem,

309 2197 365 2253 in
400 2202 641 2259 obscura
685 2214 744 2261 et
772 2209 1022 2266 abstrusa
1076 2212 1375 2285 Scripturae
1403 2219 1520 2275 loca
1555 2239 1568 2275 :
1597 2197 1649 2276 in
1703 2197 1905 2293 quibus

308 2302 441 2345 sunt
476 2304 533 2348 et
567 2297 636 2350 ad
683 2298 855 2355 libros
885 2301 1116 2373 Regum,
1145 2307 1282 2361 etin
1319 2309 1754 2381 Paralipomena.
1784 2317 1901 2372 Uti-

305 2382 584 2440 lissimum
613 2398 796 2444 autem
823 2392 879 2447 in
915 2394 1110 2463 primis
1143 2397 1247 2453 hoc
1280 2414 1438 2469 opus,
1471 2423 1488 2454 ›
1528 2413 1635 2459 etc.

392 2474 628 2531 Miretur
655 2495 786 2534 vero
823 2483 1097 2554 quispiam
1119 2527 1134 2551 ,
1173 2487 1451 2544 hominem
1479 2500 1901 2566 septuagenario

306 2573 598 2642 majorem,
628 2574 848 2632 infirmo
878 2595 1130 2651 corpore,
1175 2583 1475 2656 fractisque
1505 2589 1740 2652 viribus,
1779 2602 1902 2648 tan~

307 2673 422 2718 tum
459 2681 624 2734 opus,
661 2675 810 2724 tanta
843 2672 896 2724 vi
931 2675 1152 2739 mentis,
1191 2684 1299 2730 tam
1333 2693 1501 2746 parvo
1529 2689 1771 2750 tempore
1802 2684 1899 2739 ab-

305 2755 563 2810 solvisse.
610 2757 717 2813 Sed
742 2761 943 2816 mirum
984 2765 1156 2834 magis
1177 2776 1282 2831 est,
1314 2767 1651 2841 dignumque
1674 2783 1900 2844 propter

303 2845 451 2912 quod
489 2846 774 2904 immensa:
805 2852 899 2907 Dei
925 2855 1251 2926 benignitati
1286 2860 1476 2916 laudes
1506 2865 1769 2932 rependat
1794 2867 1899 2922 Ec-

305 2937 473 2991 clesia
496 2938 829 2998 Theodoreti
875 2945 1158 3003 laboribus
1183 2949 1394 3016 fruens,
1436 2955 1582 3022 quod
1620 2958 1897 3013 scribendi

307 3026 468 3082 simul
496 3037 554 3084 et
586 3031 809 3087 vivendi
838 3033 999 3091 finem
1028 3037 1220 3094 fecerit
1248 3040 1392 3096 inter
1424 3045 1614 3100 laudes
1658 3047 1895 3103 incredi-

307 3120 433 3176 bilis
459 3123 881 3192 misericordiae,
907 3146 1014 3200 qua
1057 3132 1203 3189 Deus
1234 3135 1515 3192 Manassen
1539 3142 1896 3211 castigatione

306 3213 371 3267 ad
411 3215 706 3270 meliorem
745 3217 955 3289 frugem
998 3225 1300 3294 compulit;
1351 3229 1608 3299 quodque
1645 3248 1799 3287 suam
1838 3236 1894 3290 in

305 3305 553 3365 Manasse
590 3310 811 3367 videtur
835 3314 1194 3375 adumbrasse
1230 3331 1455 3385 sortem,
1505 3324 1894 3398 sincerumque

305 3401 472 3455 animi
528 3417 753 3458 sensum
811 3409 1167 3476 expressisse.
1227 3412 1320 3468 Sic
1379 3416 1528 3469 enim
1579 3418 1890 3474 scribit“:

313 3509 331 3541 ι
359 3489 492 3545 Luit
533 3508 729 3563 poenas
769 3497 1065 3567 impietatis
1117 3502 1391 3561 Manasses
1425 3525 1438 3559 :
1473 3508 1704 3565 traditus
1745 3515 1892 3568 enim

306 3593 386 3637 est
431 3586 547 3655 regi
582 3585 931 3659 Assyriorum
978 3592 1308 3664 vinctusque
1335 3596 1389 3650 in
1434 3598 1765 3671 Babylonem
1793 3605 1892 3658 ab-

306 3673 538 3767 ductus;
579 3678 677 3733 sed
707 3679 837 3736 huic
863 3690 1044 3738 tamen
1085 3687 1477 3744 misericordiae
1520 3690 1701 3748 fontes
1730 3695 1890 3767 abys-

306 3780 397 3820 sus
425 3765 785 3838 benignitatis
807 3771 1092 3842 impertiit.
1113 3775 1398 3846 Postquam
1428 3781 1587 3844 enim,
1608 3783 1704 3847 ait,
1729 3765 1894 3838 coan-

305 3865 547 3926 gustatus
567 3867 641 3912 est
665 3859 957 3928 Manasses,
993 3867 1164 3919 oravit
1201 3867 1487 3924 Dominum
1523 3870 1689 3927 Deum
1714 3893 1890 3942 suum,

307 3958 354 4002 et
384 3950 701 4006 humiliatus
732 3961 807 4006 est
845 3954 999 4009 valde
1041 3973 1220 4012 coram
1264 3959 1372 4012 Deo
1405 3970 1620 4030 patrum
1651 3982 1891 4034 suorum,

306 4051 350 4094 et
381 4042 695 4112 deprecatus
739 4054 816 4099 est
859 4063 998 4114 eum,
1038 4057 1087 4102 et
1118 4052 1387 4106 exaudivit
1432 4071 1606 4108 vocem
1637 4057 1772 4126 ejus,
1812 4075 1896 4112 re-

307 4133 558 4204 duxitque
592 4151 712 4189 eum
764 4137 1187 4211 Hierosolymam
1232 4144 1288 4196 in
1322 4161 1544 4215 regnum
1590 4165 1776 4213 suum,
1843 4160 1893 4203 et

309 4228 542 4296 cognovit
584 4227 855 4284 Hanasses
903 4233 1043 4302 quod
1080 4233 1336 4289 Dominus
1387 4241 1499 4307 ipse
1534 4248 1668 4292 esset
1707 4240 1891 4306 Deus;

311 4330 480 4386 usque
525 4317 664 4376 adeo
728 4321 1042 4378 volentibus
1108 4325 1336 4394 prodest
1384 4329 1674 4400 castigatio
1716 4348 1729 4384 :
1769 4348 1892 4402 quae

2009 1869 2132 1906 cum
2183 1854 2470 1918 Gennadii,
2528 1855 2936 1909 Theodoretum
2982 1856 3254 1909 tradentis
3313 1855 3596 1923 scripsisse

2008 1956 2196 2000 contra
2217 1947 2498 2018 Eutychen
2530 1955 2585 2000 et
2605 1947 2946 2010 Dioscorum,
2973 1955 3028 2000 et
3049 1947 3152 2000 sub
3178 1946 3359 1998 Leone
3378 1946 3595 1998 seniore

2007 2045 2304 2103 mortuum,
2343 2039 2505 2092 verba
2534 2039 2873 2093 exscriberet
2900 2082 2914 2103 ,
2961 2039 3224 2108 temporis
3250 2037 3590 2091 indefinitam

2004 2133 2188 2178 notam
2213 2125 2280 2180 de
2318 2127 2493 2180 media
2523 2139 2674 2196 parte
2701 2129 2913 2196 imperii
2951 2129 3151 2182 Leonis
3187 2129 3586 2196 interpretatus

2004 2223 2107 2280 est,
2147 2217 2198 2270 in
2227 2233 2336 2286 quo
2363 2219 2563 2272 mirum
2598 2230 2864 2288 quantum
2894 2220 3292 2284 hallucinatur;
3319 2219 3594 2288 siquidem

2004 2309 2318 2373 Eranistes,
2354 2310 2447 2378 qui
2479 2317 2668 2364 contra
2695 2310 2977 2380 Eutychen
3002 2320 3055 2364 et
3091 2311 3414 2364 Dioscorum
3459 2311 3601 2366 scri-

2003 2411 2130 2471 ptus
2159 2401 2360 2454 dicitur
2390 2417 2421 2454 a
2468 2400 2771 2465 Gennadio,
2800 2400 3005 2469 prodiit
3035 2400 3087 2454 in
3119 2401 3295 2454 lucem
3326 2408 3454 2455 ante
3489 2416 3590 2455 an-

2004 2509 2135 2547 num
2165 2493 2288 2555 446,
2341 2503 2400 2545 ut
2437 2492 2492 2545 in
2524 2492 2846 2546 recensione
2893 2491 3134 2560 Operum
3183 2492 3472 2546 manifesta
3511 2507 3596 2546 ra-

2004 2585 2150 2638 tione
2176 2583 2468 2639 contieitur
2485 2583 2552 2636 ⁸³.

2070 2677 2157 2730 llI.
2193 2675 2518 2729 Theodorus
2557 2673 2756 2728 Lector
2794 2672 2850 2726 in
2887 2664 3251 2727 Colleetaneis
3275 2673 3320 2702 “
3350 2671 3465 2725 haec
3499 2671 3594 2724 ha-

2002 2768 2088 2822 bet
2125 2785 2137 2820 :
2176 2786 2194 2818 ι
2234 2768 2440 2822 Urnam
2489 2765 2873 2821 Theodoretus
2923 2779 3120 2834 magno
3158 2763 3364 2818 Jacobo
3399 2761 3466 2816 ad
3503 2778 3590 2816 se-

2001 2860 2277 2928 pulturam
2315 2858 2561 2928 paravit;
2592 2858 2771 2928 ipsum
2792 2866 2975 2911 autem
3005 2855 3414 2909 Theodoretum
3437 2854 3593 2924 prius

2000 2950 2134 3002 muri
2154 2950 2414 3020 contigit:
2442 2950 2497 3003 in
2519 2949 2711 3003 eadem
2743 2957 2921 3003 tamen
2954 2955 3011 3000 et
3032 2948 3148 3016 ipse
3172 2949 3402 3015 magnus
3431 2945 3592 3000 Jaco-

2001 3041 2103 3094 bus
2135 3041 2452 3094 reconditus
2471 3048 2575 3093 est.
2614 3059 2632 3089 ι
2688 3039 2818 3093 Inde
2849 3046 3028 3108 potest
3055 3053 3166 3090 non
3190 3037 3424 3090 obscure
3455 3051 3559 3090 con

2000 3130 2145 3185 cludi
2184 3139 2419 3198 tempus,
2448 3145 2558 3197 quo
2576 3130 2957 3183 Theodoretus
2985 3126 3247 3182 decessit.
3272 3127 3406 3180 Nam
3432 3127 3588 3181 Jaco-

1998 3222 2102 3276 bus
2134 3221 2224 3275 ille
2263 3221 2686 3290 thaumaturgus
2735 3220 2956 3274 vivebat
2991 3219 3172 3272 adhuc
3205 3233 3350 3271 anno
3389 3217 3592 3274 Leonis

1997 3309 2348 3380 imperatoris
2393 3309 2658 3372 secundo,
2700 3309 2793 3378 qui
2836 3308 3040 3362 Christi
3074 3307 3199 3372 458,
3228 3308 3272 3361 si
3303 3323 3411 3376 qua
3442 3307 3579 3361 fides

1995 3402 2230 3473 Evagrio
2259 3403 2345 3456 ’δε
2388 3417 2565 3471 neque
2606 3401 2700 3455 diu
2741 3411 3024 3470 superstes
3049 3415 3169 3454 esse
3201 3399 3413 3468 potuit,
3462 3414 3590 3453 cum

1995 3493 2135 3546 foret
2163 3508 2226 3546 ea
2268 3499 2592 3560 tempestate
2619 3490 2913 3545 admodum
2946 3505 3135 3554 senex,
3185 3501 3241 3544 et
3278 3504 3592 3559 nonagena-

1997 3583 2113 3637 rius
2147 3583 2362 3643 saltem,
2396 3592 2488 3636 aut
2529 3583 2693 3636 etiam
2733 3582 2935 3652 major;
2972 3585 3178 3650 quippe
3211 3580 3303 3649 qui
3332 3581 3441 3649 jam
3470 3595 3589 3632 ma-

1995 3678 2084 3748 gni
2112 3677 2253 3729 foret
2289 3675 2524 3728 nominis
2558 3682 2784 3743 propter
2832 3673 3200 3742 prodigiosam
3245 3672 3370 3725 vita:
3411 3671 3582 3723 ratio-

1993 3783 2142 3831 nem,
2181 3765 2405 3835 quando
2469 3765 2639 3818 Isauri
2679 3766 2922 3818 latrones
2967 3764 3125 3832 plura
3173 3762 3412 3816 Orientis
3459 3761 3579 3815 loca

1993 3857 2312 3929 depopulati
2346 3867 2475 3910 sunt
2495 3856 2563 3921 ⁸⁸,
2594 3854 2740 3925 quod
2775 3854 3006 3924 contigit
3028 3869 3171 3907 anno
3198 3852 3319 3906 404.
3351 3851 3406 3906 Si
3435 3852 3583 3905 enim

1993 3961 2128 4006 tunc
2174 3957 2412 4018 ponatur
2454 3956 2619 4001 natus
2641 3961 2814 3999 annos
2851 3946 2940 4007 55,
2963 3961 3086 4014 quze
3120 3953 3299 3998 tamen
3324 3953 3457 3997 setas
3497 3943 3590 3996 vix

1995 4047 2146 4093 tanto
2175 4036 2382 4092 nomini
2411 4052 2510 4106 par
2534 4035 2724 4098 fuerit,
2759 4033 3026 4088 dicendus
3061 4041 3146 4088 est
3175 4031 3589 4102 nonagesimum

1991 4145 2196 4184 annum
2242 4128 2564 4190 excessisse,
2595 4136 2724 4180 tunc
2753 4142 2877 4180 cum
2919 4126 2988 4180 ab
3033 4125 3371 4194 imperatore
3403 4123 3588 4178 Leone

1991 4219 2190 4273 litteris
2215 4218 2284 4273 de
2330 4227 2477 4272 torno
2499 4215 2941 4272 Chalcedonensi
2990 4215 3322 4270 sententiam
3367 4222 3590 4285 rogatus

1992 4318 2094 4364 est.
2118 4309 2252 4375 Quis
2278 4324 2410 4363 vero
2435 4307 2623 4361 credat
2650 4306 2989 4375 superfuisse
3017 4307 3106 4360 vel
3151 4321 3358 4374 paucos
3388 4321 3584 4367 annos,

309 4409 450 4463 enim
480 4425 717 4481 regnans
742 4429 853 4468 non
878 4414 1092 4482 habuit,
1125 4417 1241 4473 hac
1270 4420 1516 4476 serviens
1532 4397 1803 4479 διηίηηίιξ
1832 4444 1849 4476 ,
1923 4423 1964 4477 ο
1993 4416 2118 4454 cum
2148 4409 2205 4455 et
2253 4401 2440 4454 senior
2486 4407 2632 4453 esset
2677 4398 2904 4467 reliquis
2938 4399 3060 4452 aliis
3095 4397 3390 4452 admodum
3424 4406 3586 4451 aetate

871 4528 888 4546 ⁹
917 4526 1142 4586 CAPUT
1177 4530 1318 4586 XIII.

309 4610 354 4667 I.
375 4609 683 4691 Sirmoundus
709 4616 968 4691 anticipat
987 4627 1212 4691 tempus,
1248 4639 1349 4691 quo
1365 4622 1712 4680 Theodoretus
1737 4628 1880 4682 obiit.

377 4681 639 4755 l_l.Diﬁ'ert
663 4685 810 4741 ultra
825 4681 1039 4744 modum
1061 4681 1399 4748 Haréeliinus
1413 4711 1600 4749 comes.
1617 4696 1706 4750 III.
1725 4681 1885 4750 Theo;

375 4752 738 4836 dorus'Lector
769 4759 962 4836 innuit.
981 4760 1067 4836 IV.
1099 4759 1236 4814 Obiit
1259 4780 1401 4836 anno
1430 4765 1555 4836 £58.
1589 4766 1653 4820 ν.
1683 4767 1886 4836 Defun-

372 4831 481 4876 ctus
516 4827 569 4878 in
619 4842 750 4895 pace
802 4827 1051 4884 Ecclesiae
1111 4834 1390 4887 asseritur.
1429 4833 1517 4888 VI.
1568 4827 1887 4891 Assertionis

377 4903 687 4964 argumenta
717 4907 934 4968 septem.
970 4900 1083 4956 VII.
1113 4901 1365 4974 Etogium
1394 4903 1645 4973 defuncti.

842 5009 987 5060 Anno
1015 5010 1196 5063 Christi
1231 5013 1340 5064 458.

378 5110 534 5184 206
558 5113 602 5168 I.
633 5113 755 5181 Quo
782 5125 1031 5188 tempore
1061 5119 1445 5175 Theodoretus
1469 5120 1688 5188 obierit,
1727 5139 1888 5178 nemo

310 5199 524 5259 definite
562 5205 750 5261 tradit.
786 5205 1103 5266 Gennadius
1126 5211 1447 5267 defunctum
1474 5213 1548 5279 ait
1577 5215 1679 5268 sub
1703 5214 1887 5270 Leone

379 5364 405 5406 ιι
425 5355 583 5414 Deut.
613 5375 762 5429 xvm,
789 5363 876 5419 15.

959 5375 980 5402 τ
1011 5366 1152 5421 Psal.
1178 5384 1282 5432 CIX,
1309 5369 1361 5422 4.
1442 5380 1461 5406 ε
1498 5368 1663 5423 Hebr.
1685 5386 1777 5428 vn.
1808 5370 1897 5422 21.

1997 4491 2294 4560 provectis,
2325 4505 2558 4560 quorum
2593 4488 2980 4542 Theodoretus
2995 4489 3258 4557 deinceps
3279 4490 3418 4542 vitas
3455 4493 3589 4541 scri-

1994 4582 2136 4651 psit;
2172 4590 2227 4635 et
2254 4597 2375 4635 eam
2407 4580 2534 4634 vita:
2567 4579 2835 4632 rationem
2869 4588 3105 4641 teneret,
3131 4595 3294 4648 quam
3328 4579 3585 4632 Theodo-

1994 4682 2165 4737 retus,
2185 4672 2314 4726 licet
2337 4672 2587 4726 oculatus
2621 4670 2796 4736 testis,
2828 4670 2919 4725 vix
2951 4679 3176 4740 propter
3201 4670 3362 4739 207
3401 4669 3582 4723 incre-

1992 4765 2312 4818 dibilitatem
2361 4779 2586 4818 narrare
2621 4779 2787 4818 ausus
2835 4769 2955 4827 est;
3001 4772 3058 4817 et
3096 4761 3346 4831 corporis
3389 4759 3583 4814 habitu

1986 4853 2195 4906 morbis
2250 4851 2524 4906 obnoxius
2582 4851 2742 4916 foret,
2797 4859 2853 4907 et
2900 4851 3152 4906 decimus
3210 4851 3406 4904 tertius
3452 4849 3581 4903 vitae

1983 4944 2347 5014 septenarius,
2389 4943 2484 5012 qui
2538 4943 2784 4998 omnium
2844 4942 3078 4996 maxime
3123 4939 3335 5005 letifer,
3390 4938 3444 4992 in
3481 4953 3580 4992 an-

1984 5052 2114 5090 num
2142 5035 2558 5105 nonagesimum
2584 5036 2820 5104 primum
2845 5033 3142 5088 inciderit?

2011 5123 2014 5126 ⁴
2057 5125 2144 5179 IV.
2184 5125 2308 5178 Πιεο
2340 5133 2520 5179 autem
2551 5126 2736 5178 omnia
2767 5126 2812 5179 si
2839 5132 2989 5179 recte
3025 5138 3084 5178 se
3111 5123 3336 5188 habent,
3374 5122 3580 5192 proba-

1985 5217 2224 5286 biliaque
2264 5227 2411 5281 sunt,
2447 5217 2746 5271 ostendunt
2775 5217 3184 5273 Theodoretum
3205 5257 3218 5279 ,
3247 5217 3340 5285 qui
3376 5215 3580 5270 Jaeoho

1982 5372 1998 5406 ι
2034 5369 2200 5425 llebr.
2239 5389 2310 5436 iv,
2354 5371 2440 5426 H.
2519 5385 2543 5411 ιι
2579 5372 2620 5426 Il
2652 5373 2828 5427 Paral.
2863 5391 3052 5441 χχχιιι,
3086 5374 3172 5439 12,
3205 5372 3270 5427 15

1642 5501 1963 5558 SCIIULZII
2001 5501 2233 5558 NOTAE.

391 5603 586 5686 "Cod.
616 5612 772 5686 214._
822 5615 863 5686 {F
897 5614 1035 5686 Yide
1068 5631 1251 5686 supra,
1291 5627 1329 5670 t.
1363 5617 1404 5675 l,
1441 5634 1492 5685 ιι.
1527 5617 1650 5670 599.

323 5686 430 5747 cap.
467 5681 522 5746 6,
610 5684 657 5737 1.
740 5684 783 5714 "‘
813 5684 1054 5750 Collect.,
1096 5681 1189 5740 lib.
1223 5703 1258 5739 ι.

1732 5617 1774 5646 ⁵³
1808 5615 1884 5668 De
1918 5616 2100 5685 script.
2130 5615 2278 5676 eccl.,
2317 5632 2363 5671 c.
2397 5617 2484 5672 89.
2562 5619 2608 5649 ⁵³
2647 5619 2711 5673 Ut
2741 5621 2818 5678 in.
2851 5629 2954 5673 etc.
2985 5619 3103 5674 Vid.
3141 5619 3277 5672 infra
3335 5615 3470 5670 diss.
3504 5611 3560 5679 2,

1339 5689 1382 5718 ⁵⁵
1413 5687 1528 5741 Lib.
1566 5705 1600 5741 ιι
1635 5688 1794 5751 lli:.t.,
1832 5703 1949 5755 cap.
1983 5687 2034 5741 9.
2113 5687 2158 5718 ⁸⁸
2189 5687 2310 5742 Vid.
2348 5695 2386 5740 t.
2421 5688 2509 5754 III,
2561 5689 2728 5760 Itclig.
2787 5691 2929 5750 hist,
2984 5706 3101 5758 cap.
3162 5689 3247 5739 2L
