4048 6174
463 289 559 353 159

1585 291 1960 352 GARNERII
2004 293 2501 354 DISSERTATIO
2540 296 2591 356 Ι.

3621 293 3722 360 160

451 405 520 458 ad
563 405 878 474 sepulcrum
932 405 1164 474 praeivit,
1218 405 1362 459 diem
1416 413 1722 458 extremum
1769 401 2031 458 clausisse
2065 409 2102 460 Α
2136 418 2245 470 qua
2278 403 2658 458 Theodoretus
2721 418 2855 454 urna
2893 403 3073 459 condi.
3123 405 3226 460 Iste
3270 419 3405 472 quos
3453 404 3517 458 ad
3569 404 3730 460 tidem

452 510 564 563 quo
598 511 743 550 anno
772 495 904 560 Leo,
935 497 1029 565 qui
1063 495 1264 549 dicitur
1290 494 1505 559 Senior,
1540 493 1831 562 imperium
1855 507 2042 562 capes-

452 587 602 649 sivit,
638 597 733 640 aut
760 587 942 656 potius
964 587 1006 616 "
1061 595 1356 654 sequente,
1388 585 1480 656 qui
1529 584 1632 640 l'uit
1674 583 1880 639 Christi
1914 586 2038 640 458.

527 679 588 733 γ.
640 678 699 732 In
743 694 876 748 pace
907 677 1170 732 Ecclesia:
1198 677 1504 732 decessisse
1545 677 1612 732 de
1643 677 1757 730 vita
1804 677 2040 746 probant

453 771 854 840 amplissimaea
900 769 1182 824 veteribus
1217 769 1532 839 sanctisque
1570 769 1937 838 scriptoribus
1983 771 2038 822 in

453 859 633 928 ipsum
662 867 786 928 post
818 866 1048 913 mortem
1086 868 1360 929 congestae
1398 857 1608 913 laudes.
1645 857 1854 912 Summi
1890 868 2038 912 certe

452 951 741 1021 pontiﬁces
765 951 994 1022 Vigilius
1017 952 1085 1016 ",
1105 951 1358 1022 Pelagius
1386 952 1427 1014 l,
1463 951 1714 1022 Pelagius
1738 951 1804 1016 ll,
1829 950 2035 1021 Grego-

451 1042 568 1096 rius
595 1041 820 1112 Magnns
840 1051 897 1098 et
931 1042 1046 1106 alii,
1089 1043 1456 1098 venerabilem
1480 1051 1644 1111 atque
1669 1042 2034 1096 orthodoxum

450 1131 661 1196 dicunt,
705 1131 1139 1208 defunctumque
1200 1133 1252 1186 in
1285 1133 1670 1187 communione
1713 1131 2038 1185 universalis

449 1223 711 1279 Ecclesiae
745 1232 1036 1279 testantur.

512 1315 632 1395 Ipsa
673 1317 840 1370 etiam
865 1317 1053 1386 quinta
1088 1316 1351 1388 synodus,
1386 1317 1488 1372 etsi
1533 1315 1818 1395 erroribus
1852 1314 2032 1368 Theo-

445 1390 622 1464 doreti
646 1410 903 1478 graviter,
935 1419 998 1463 ut
1023 1425 1118 1478 par
1137 1422 1277 1474 erat,
1305 1409 1535 1472 infensa,
1566 1423 1811 1478 personae
1847 1415 2033 1460 tamen

446 1497 682 1552 detraxit
709 1498 869 1561 nihil,
903 1499 1011 1552 imo
1044 1499 1110 1553 ad
1138 1507 1370 1552 mortem
1414 1513 1586 1568 usque
1628 1513 1737 1551 non
1777 1511 2032 1566 perman-

447 1602 582 1642 srsse
608 1586 664 1642 in
694 1586 779 1651 iis,
808 1603 930 1656 qua:
962 1585 1272 1641 damnanda
1298 1587 1531 1656 putavit,
1557 1592 1746 1654 aperte
1771 1583 1968 1637 innuit.

517 1676 657 1731 Sunt
694 1685 749 1731 et
779 1678 884 1732 alia
927 1677 1247 1748 gravissima
1283 1677 1338 1731 in
1370 1678 1511 1730 hanc
1549 1691 1665 1730 rem
1695 1674 2028 1737 testimonia,

2145 492 2502 548 convertebat
2553 510 2620 549 ex
2668 493 2961 566 gentibus,
3007 493 3232 561 Judmis,
3305 495 3598 558 haereticis,
3666 495 3731 550 ad

2145 581 2553 637 Theodoretum
2604 583 2894 646 mittebat,
2950 583 3339 638 benedictione
3377 591 3435 639 et
3477 582 3730 639 doctrina

2143 672 2570 727 conﬁrmandos.

2212 766 2484 822 Noluisset
2513 767 2703 836 procul
2721 767 2892 822 dubio
2919 783 3048 822 suos
3071 769 3287 826 cineres
3309 769 3552 824 haeretici
3577 768 3729 824 cine-

2143 853 2296 909 ribus
2333 855 2552 909 misceri
2595 855 2852 919 Jacobus,
2890 857 3127 912 eximius
3158 859 3247 914 ille
3289 859 3414 914 ﬁdei
3446 859 3733 915 catholicae

2139 943 2416 1007 defensor,
2460 945 2555 1014 qui
2604 955 2830 1016 propter
2891 947 3204 1003 doctrinam
3258 965 3383 1004 cum
3439 951 3736 1008 sanctitau

2139 1035 2510 1104 conjunctam,
2559 1035 2626 1090 de
2673 1036 2865 1108 synodi
2916 1036 3385 1093 Chalcedonensis
3422 1038 3716 1094 retinendis

2139 1123 2557 1180 definitionibus
2604 1126 2672 1180 ab
2726 1128 3055 1196 imperatore
3085 1143 3184 1197 per
3225 1126 3438 1182 litteras
3485 1144 3723 1198 rogatus,

2139 1226 2263 1265 cum
2303 1213 2574 1268 universis
2633 1231 2773 1284 pene
2811 1215 2967 1269 orbis
3014 1215 3344 1284 prmsulibus
3399 1217 3728 1271 sententiam

2137 1303 2320 1357 dixit:
2353 1301 2619 1358 noluisset
2668 1306 2875 1374 pariter
2909 1306 3157 1360 mortalis
3211 1307 3303 1361 ille
3363 1308 3590 1378 angelus
3642 1307 3729 1362 Si-

2137 1411 2321 1462 meon,
2354 1413 2518 1467 quam
2565 1397 2771 1467 ubique
2815 1407 3089 1453 terrarum
3135 1399 3495 1469 promovebat
3539 1399 3726 1465 ﬁdem,

2136 1490 2527 1545 communione
2544 1505 2670 1545 cum
2703 1491 2962 1546 haeretico
2989 1491 3259 1562 polluere.

2211 1580 2450 1650 Uterque
2497 1589 2593 1636 aut
2639 1581 3051 1636 Theodoretum
3099 1582 3253 1637 novit
3301 1582 3530 1638 sincerae
3575 1582 3724 1646 ﬁdei,

2136 1679 2231 1725 aut
2255 1682 2314 1727 ut
2359 1671 2514 1726 lieret
2550 1683 2677 1728 ante
2723 1673 2958 1738 obitum,
2987 1689 3098 1744 quo
3125 1675 3317 1730 ambos
3345 1678 3649 1745 praecessit,
3697 1695 3726 1731 a

444 1783 567 1836 quae
591 1769 721 1837 quia
757 1769 901 1823 inter
930 1769 1222 1842 legendum
1259 1768 1460 1838 saepius
1483 1775 1803 1829 occurrunt,
1829 1765 2030 1835 sigilla-
2061 1762 2101 1816 Β
2133 1763 2243 1816 Deo
2299 1763 2541 1818 obtinuit
2570 1783 2582 1818 :
2611 1765 2897 1836 utriusque
2951 1775 3102 1822 certe
3154 1783 3366 1837 preces,
3420 1784 3543 1823 cum
3597 1770 3726 1824 vita:

446 1861 543 1913 tim
587 1860 844 1930 persequi
886 1876 996 1916 non
1017 1871 1103 1917 est
1135 1876 1277 1931 opus
1305 1879 1317 1913 :
1344 1859 1494 1915 sileri
1525 1870 1702 1913 tamen
1730 1872 1840 1911 non
1867 1855 2029 1910 debet

442 1948 670 2004 Joannis
715 1949 996 2005 Euchaitm
1039 1951 1299 2022 elogium.
1336 1951 1566 2006 Vivebat
1617 1949 1705 2001 ille
1743 1947 1846 2001 sub
1887 1946 2030 2002 Con-

444 2040 686 2096 stantino
725 2041 1106 2105 monomacho,
1154 2042 1762 2110 ecclesiasticorumque
1800 2039 2030 2109 scripto-

443 2146 562 2185 rum
604 2133 855 2187 encomia
906 2133 1126 2202 scripsit
1173 2133 1422 2188 versibus
1464 2132 1736 2186 iambicis.
1787 2130 1926 2186 Cum
1959 2129 2027 2184 ad

445 2221 850 2278 Theodoretum
875 2224 1138 2287 venisset,
1189 2224 1304 2279 haec
1326 2223 1543 2289 Cecinit,
1584 2239 1705 2292 qua:
1744 2222 1814 2278 de
1841 2224 2028 2280 Greco

444 2328 601 2367 versa
627 2311 756 2368 lent
777 2330 808 2368 a
847 2313 1141 2370 Sirmondo
1171 2356 1183 2368 .

443 2458 489 2530 ξ’
522 2457 710 2530 Dogos
737 2461 1019 2529 magistros
1056 2459 1244 2513 litteris
1275 2461 1398 2514 dum
1433 2475 1742 2530 prosequor,

441 2527 570 2582 Jnre
601 2527 938 2583 Theodoritus
957 2531 1097 2582 inter
1127 2531 1216 2583 hos
1245 2527 1532 2584 censendus
1574 2527 1673 2590 est,

445 2597 659 2669 iniuus
697 2614 756 2651 ut
778 2600 877 2662 vir,
917 2607 966 2652 et
995 2600 1246 2669 magister
1273 2602 1525 2669 optimus,

446 2665 594 2719 Fidei
623 2669 925 2723 orthodoxa:
945 2685 1036 2722 ceu
1062 2665 1314 2724 columna
1335 2669 1614 2724 immobilis
1644 2686 1660 2723 :

441 2735 635 2809 Quodsi
665 2755 950 2807 parumper
975 2747 1114 2793 sorte
1141 2739 1374 2809 quadam
1409 2749 1578 2794 motus
1612 2751 1712 2805 est,

439 2805 606 2860 Homo
643 2805 758 2862 erat
779 2824 798 2861 :
828 2805 989 2879 quies
1019 2805 1195 2874 homo,
1229 2825 1294 2863 ne
1322 2811 1522 2863 crimen
1540 2810 1762 2881 inferas,
1789 2828 1934 2868 cave.

507 2957 594 3012 Vl.
641 2961 656 2979 ‘
689 2959 757 3014 Et
778 2975 910 3015 vero
939 2961 1032 3016 Dei
1064 2961 1396 3032 benignitas,
1429 2980 1551 3034 quae
1589 2965 1646 3020 in
1671 2981 1863 3023 omnes
1887 2967 2022 3022 libe-

435 3048 567 3102 ralis
587 3058 691 3114 est,
717 3050 774 3104 in
799 3050 1209 3107 Theodoretum
1242 3069 1381 3123 pene
1408 3056 1555 3126 justa
1584 3056 1686 3112 fuit
1711 3076 1724 3111 :
1749 3073 1855 3128 qua
1873 3060 2018 3114 enim

434 3144 668 3208 ratione,
698 3143 744 3198 si
767 3143 896 3198 licet
927 3145 1000 3199 ita
1027 3145 1198 3214 loqui,
1221 3146 1439 3203 sivisset
1469 3148 1524 3203 in
1554 3159 1822 3205 :eternum
1843 3151 2018 3206 inter-

349 3241 352 3244 '
431 3227 570 3284 itum
595 3245 755 3286 ruere
793 3232 972 3287 virum
1005 3249 1104 3302 per
1135 3241 1214 3288 tot
1240 3236 1502 3290 miracula
1529 3237 1789 3293 donatum
1831 3239 2018 3294 Eccle-

430 3321 546 3386 siae,
581 3328 730 3376 tanta
761 3337 980 3392 passum
1014 3341 1113 3394 pro
1140 3325 1244 3380 ﬁde
1266 3327 1334 3380 ab
1371 3327 1664 3390 haereticis,
1695 3338 1773 3384 tot
1805 3330 2022 3384 virtuti-

433 3408 538 3464 bus
571 3409 838 3480 insignem
858 3453 872 3476 ,
913 3428 1097 3466 rerum
1127 3414 1494 3468 humanarum
1546 3417 1684 3470 adeo
1712 3417 2022 3486 despicien-

433 3502 563 3559 tem,
593 3505 700 3549 tam
733 3497 1086 3553 laudabiliter
1114 3515 1340 3554 munere
1368 3503 1611 3572 episcopi
1650 3504 2018 3572 perfunctum,

431 3601 596 3657 quem
627 3587 961 3642 sanctissimi
987 3590 1191 3658 quique
1227 3607 1336 3645 non
1360 3593 1650 3647 coluerunt
1673 3603 1904 3655 tantum,
1925 3597 2018 3649 sed

431 3677 597 3730 etiam
643 3676 903 3746 singulari
965 3680 1208 3734 amicitia
1277 3681 1626 3748 dilexerunt;
1685 3699 1794 3737 uno
1850 3685 2020 3739 verbo

429 3769 692 3824 eximium
723 3785 832 3825 non
868 3770 1162 3824 Orientalis
1185 3771 1367 3837 modo,
1400 3775 1493 3826 sed
1534 3773 1803 3828 universae
1836 3775 2018 3829 Eccle-

431 3862 525 3916 siae
558 3861 766 3916 lumen.
792 3861 890 3916 Vix
928 3877 1030 3932 ego
1067 3863 1398 3917 crediderim
1443 3872 1656 3932 spretas
1683 3880 1714 3919 a
1747 3866 1860 3920 Deo
1897 3882 2021 3935 pre-

434 3968 548 4015 ces,
595 3967 733 4022 quas
763 3953 956 4022 procul
994 3952 1165 4006 dubio
1202 3953 1440 4009 incensis
1471 3955 1670 4012 studiis
1705 3971 1805 4025 pro
1841 3957 2021 4011 Theo-

428 4043 624 4100 doreto
656 4043 977 4098 obtulerunt
1010 4044 1367 4101 admirabiles
1425 4047 1500 4100 illi
1542 4047 1838 4111 monachi,
1899 4049 2016 4103 sive

428 4149 665 4197 quorum
708 4134 872 4190 vitam
905 4135 1256 4204 conscripsit,
1290 4151 1590 4206 precesque
1629 4138 1876 4206 expetiit,
1903 4141 2018 4192 vel-

427 4225 509 4281 uti
554 4240 655 4294 pro
692 4225 978 4290 mercede;
1013 4226 1130 4281 sive
1161 4242 1394 4296 quorum
1434 4228 1683 4282 oratione
1725 4235 1887 4286 natus
1912 4238 2014 4293 est,

425 4318 702 4386 altusque,
733 4325 791 4372 et
809 4315 878 4372 ad
906 4325 1122 4372 aetatem
1154 4317 1358 4373 divinis
1384 4319 1550 4389 208
1579 4319 1863 4390 obsequiis
1897 4320 2014 4374 ido-

426 4421 585 4461 neam
615 4416 930 4477 provectus,
967 4425 1205 4478 quorum
1256 4426 1315 4465 se
1362 4419 1419 4466 et
1445 4427 1547 4481 ope
1579 4411 1868 4467 hereticos
1915 4414 2011 4468 do-

426 4496 651 4558 muisse,
685 4505 741 4552 et
764 4499 1159 4566 consuetudine
1193 4502 1261 4555 ad
1281 4501 1608 4557 sanctiorem
1635 4503 1803 4558 vitam
1829 4505 2016 4562 incen-

428 4602 549 4640 sum
579 4603 721 4652 esse,
757 4589 945 4643 tradit.

499 4676 609 4732 Hos
630 4678 776 4734 inter
798 4681 1030 4736 eximios
1053 4683 1158 4752 Dei
1197 4693 1251 4739 et
1281 4683 1610 4739 Theodoreti
1642 4687 1848 4741 amicos
1875 4687 2013 4741 emi-

427 4776 664 4823 cuerunt
717 4770 850 4834 duo,
899 4773 968 4827 de
997 4773 1200 4841 quibus
1247 4773 1503 4827 dubitare
1556 4791 1718 4832 nemo
1773 4776 2016 4845 prudens

427 4871 613 4928 queat,
646 4860 779 4930 quin
815 4862 1162 4918 Theodoreto
1203 4878 1424 4917 omnem
1457 4879 1614 4933 opem
1647 4866 1896 4928 tulerint,
1929 4866 2020 4920 Ja-

426 4953 618 5016 cobus,
677 4955 745 5010 de
785 4969 896 5024 quo
933 4953 1161 5017 dictum,
1201 4965 1258 5009 et
1305 4953 1526 5009 Simeon
1584 4971 1838 5026 magnum
1868 4959 2020 5012 orbis

431 5041 776 5107 miraculum,
829 5044 992 5098 ambo
1041 5043 1328 5114 stupendae
1380 5045 1722 5109 sanctitatis,
1767 5047 2018 5101 thauma-

430 5133 577 5201 turgi
626 5135 812 5199 ambo,
835 5145 894 5191 et
927 5137 1223 5206 singularis
1265 5137 1410 5208 apud
1455 5139 1626 5192 Deum
1675 5138 1880 5208 gratiae.
1926 5141 2018 5193 llle

431 5220 486 5272 in
535 5221 741 5276 amoris
783 5223 1075 5294 singularis
1115 5225 1534 5287 monimentum,
1570 5227 1743 5280 voluit
1798 5228 2013 5291 eadem,

503 5368 525 5392 ν
555 5358 574 5411 1
611 5357 753 5412 Tim.
775 5375 812 5424 ι,
843 5359 927 5424 l3,
963 5362 1043 5416 H.

2137 1852 2297 1906 taedio
2321 1863 2377 1908 et
2408 1854 2711 1924 emigrandi
2741 1857 3042 1926 cupiditate
3077 1868 3379 1921 teneretur,
3403 1859 3589 1914 verbis
3609 1876 3727 1930 pte—

2136 1945 2383 2000 nitentiae
2417 1946 2753 2016 plenissimis
2777 1951 3027 2018 expetiit.

2206 2037 2487 2107 Ejusmodi
2527 2047 2674 2103 sunt,
2707 2057 2828 2110 quae
2853 2041 3042 2097 Jacobi
3081 2043 3324 2114 elogium
3353 2045 3675 2098 claudunt“
3704 2063 3720 2098 :

2143 2144 2162 2177 ι
2198 2125 2422 2182 Pietatis
2446 2128 2777 2184 athletarum
2810 2132 3139 2202 agonOtheta
3168 2132 3332 2187 linem
3371 2133 3504 2187 huic
3541 2142 3722 2188 certa-

2136 2219 2380 2274 minibus
2418 2220 2644 2291 dignum
2673 2222 2898 2287 tribuat,
2925 2233 3002 2288 ut,
3033 2225 3180 2294 quod
3223 2235 3474 2295 superest
3503 2241 3721 2290 cursus,

2135 2315 2304 2382 priori
2331 2316 2656 2380 consentiat,
2689 2315 2972 2386 victorque
3005 2317 3220 2373 tandem
3254 2319 3321 2373 ad
3361 2328 3559 2373 metam
3595 2336 3721 2390 per—

2133 2404 2337 2467 veniat,
2362 2415 2418 2459 et
2449 2407 2822 2463 infirmitatem
2871 2420 3114 2465 nostram
3146 2411 3268 2479 ejus
3295 2411 3554 2480 precibus
3585 2427 3688 2466 con
3708 2444 3722 2453 -

2135 2491 2334 2557 ﬁrmet,
2364 2501 2425 2548 ut
2465 2497 2808 2551 corroborati
2849 2500 3050 2554 multas
3073 2500 3258 2556 (lades
3291 2508 3504 2556 nostras
3538 2517 3721 2555 resar-

2132 2583 2361 2646 ciamus,
2389 2593 2445 2638 et
2470 2602 2535 2639 ex
2557 2586 2658 2641 hac
2687 2587 2796 2642 vita
2821 2589 3060 2644 victores
3087 2590 3438 2645 excedamus.
3465 2611 3482 2641 ι

2203 2673 2343 2730 Sunt
2371 2685 2426 2729 et
2469 2677 2570 2731 ista
2625 2678 2678 2731 in
2729 2679 2908 2750 elogio
2939 2681 3212 2736 Simeonis
3249 2701 3308 2735 ε(
3348 2681 3616 2737 Craterum
3663 2685 3718 2739 iu

2131 2764 2217 2818 his
2233 2764 2362 2818 dum
2394 2777 2666 2832 versatur,
2698 2778 2862 2840 atque
2884 2773 2998 2827 haec
3023 2773 3204 2827 omnia
3237 2783 3478 2843 praestat,
3506 2783 3719 2829 sancta-

2132 2871 2253 2910 rum
2291 2857 2453 2912 simul
2479 2859 2852 2916 Ecclesiarum
2897 2864 3298 2933 providentiam
3332 2880 3441 2919 non
3471 2865 3718 2938 negligit,

2129 2963 2276 3002 nunc
2319 2963 2568 3018 pugnans
2606 2961 2799 3006 contra
2837 2955 3124 3024 gentilium
3169 2954 3540 3024 impietatem,
3569 2973 3721 3012 nunc

2126 3037 2442 3093 Iudaeorum
2477 3040 2734 3112 frangens
2775 3045 3198 3107 contumaciam,
3229 3057 3375 3100 nunc
3420 3047 3713 3102 haeretico-

2124 3144 2244 3182 rum
2275 3139 2480 3184 turmas
2525 3132 2840 3203 proﬂigans,
2874 3139 3040 3206 atque
3082 3139 3354 3192 interdum
3388 3139 3454 3193 ad
3483 3141 3692 3210 impera

2125 3225 2298 3272 torem
2317 3218 2385 3273 de
2412 3220 2499 3275 his
2529 3221 2738 3277 litteras
2762 3223 3007 3291 mittens,
3041 3227 3320 3282 interdum
3349 3230 3613 3298 praesides
3647 3231 3714 3308 ad

2121 3310 2368 3365 divinum
2403 3313 2582 3368 zelum
2607 3315 2884 3381 excitans,
2920 3318 3069 3388 ipsos
3091 3320 3257 3375 etiam
3297 3321 3576 3377 interdum
3608 3322 3716 3378 Ec-

2123 3402 2414 3457 clesiarum
2462 3415 2713 3473 pastores
2761 3407 3088 3473 admonens,
3118 3419 3179 3465 ut
3219 3427 3445 3483 gregum
3488 3429 3714 3467 suorum

2123 3494 2382 3562 majorem
2411 3509 2600 3550 curam
2630 3507 2841 3567 gerant.
2876 3518 2894 3551 ι
2941 3500 3007 3554 Et
3037 3510 3224 3570 postea
3259 3519 3272 3555 :
3315 3523 3332 3552 ι
3365 3504 3478 3574 Ego
3499 3520 3633 3559 vero
3657 3516 3714 3558 et

2122 3583 2301 3652 ipsum
2337 3586 2576 3654 pmpriis
2614 3589 2961 3644 orationibus
3005 3593 3250 3663 adjutum
3301 3595 3356 3648 in
3389 3595 3550 3650 bonis
3597 3596 3718 3652 istis

2123 3673 2406 3729 laboribus
2447 3691 2803 3744 perseverare
2833 3681 3019 3749 cupio.
3073 3689 3128 3734 et
3168 3682 3340 3736 Deum
3371 3699 3491 3745 oro,
3536 3699 3712 3738 meam

2113 3765 2297 3835 ipsius
2320 3767 2491 3821 vitam
2515 3769 2739 3840 corrigi,
2779 3780 2944 3839 atque
2971 3772 3036 3826 ad
3061 3775 3434 3844 evangelicum
3462 3791 3711 3830 normam

2123 3857 2305 3927 dirigi.
2357 3877 2374 3908 ι

2195 3947 2386 4004 Tantis
2425 3952 2672 4020 patronis
2703 3953 2830 4006 addi
2882 3966 3111 4024 possunt
3159 3956 3398 4013 Joannes
3446 3962 3710 4029 Bapt'sta,

2122 4040 2296 4094 sancti
2322 4041 2575 4109 apostoli,
2604 4049 2660 4096 et
2696 4043 2882 4113 inclyti
2923 4056 3212 4115 martyres,
3253 4049 3456 4117 quibus
3499 4067 3709 4104 inemo-

2123 4130 2232 4184 rias
2269 4131 2469 4196 erexit,
2497 4133 2704 4202 quique
2745 4134 3077 4204 singularem
3110 4138 3413 4206 laboranti,
3442 4142 3572 4196 dum
3613 4159 3713 4213 pro

2123 4220 2226 4277 ﬁde
2257 4233 2513 4288 certaret,
2542 4240 2703 4294 opem
2728 4227 2990 4281 tulerunt.

2192 4312 2331 4366 Addi
2355 4314 2517 4368 etiam
2552 4323 2733 4383 potest
2758 4316 3028 4370 immensa
3048 4332 3350 4387 pauperum
3383 4321 3705 4384 multitudo.

2121 4419 2283 4475 quam
2312 4419 2520 4474 panper
2544 4406 2660 4475 ipse
2690 4405 2885 4471 factus,
2914 4409 3030 4462 suis
3055 4419 3110 4463 et
3136 4410 3394 4466 Ecclesia.-
3422 4411 3584 4468 bonis
3609 4430 3708 4483 pa-

2123 4497 2220 4552 vit.
2253 4496 2538 4563 Quomodo
2561 4499 2709 4552 enim
2737 4499 3171 4556 misericordiam
3212 4519 3319 4558 non
3350 4505 3420 4559 sit
3447 4521 3707 4563 consecu-

2124 4599 2212 4644 tus
2236 4607 2266 4644 a
2293 4591 2457 4660 209
2478 4592 2588 4646 Deo
2606 4592 2772 4648 homo
2800 4601 2907 4648 tam
2937 4594 3159 4664 profuse
3182 4597 3538 4652 misericors?
3569 4616 3708 4668 pne-

2124 4683 2310 4736 sertirn
2345 4699 2468 4738 cum
2512 4685 2756 4755 Apostoli
2779 4689 2947 4743 verba
3000 4704 3265 4758 usurpare
3291 4700 3508 4758 posset,
3543 4691 3706 4746 Blas-

2125 4777 2341 4844 phemus
2357 4775 2432 4846 [ui
2456 4778 2532 4846 (in
2559 4776 2882 4850 Christum),
2915 4789 3214 4849 persecutor
3248 4768 3467 4849 (sanctae
3491 4785 3703 4853 synodi)

2122 4875 2170 4919 et
2204 4867 2613 4923 contumeliosus
2649 4869 2727 4939 (in
2749 4869 3062 4942 Cyrillum),
3096 4873 3190 4926 sed
3212 4875 3466 4944 ignorans
3501 4875 3599 4944 feci
3649 4878 3703 4928 in

2122 4957 2510 5023 incredulitate,
2544 4961 2663 5015 zelo
2708 4977 2818 5030 pne
2858 4960 3071 5020 fervore
3120 4975 3359 5026 mentem
3391 4975 3699 5022 emovente.

2121 5047 2582 5116 Superabundavit
2610 5059 2787 5105 autem
2801 5053 2978 5122 gratia
3000 5053 3214 5107 Domini
3251 5061 3418 5108 nostri
3448 5074 3566 5110 cum
3597 5056 3704 5125 ﬁde

2122 5147 2168 5190 et
2197 5139 2490 5204 dilectione,
2533 5159 2649 5211 qua:
2671 5153 2744 5195 est
2773 5148 2827 5196 in
2856 5141 3065 5199 Christo
3103 5145 3229 5198 Jesu
3249 5155 3298 5200 '.

2194 5229 2304 5282 VII.
2346 5231 2642 5296 Permitte,
2681 5232 2910 5292 Lector.
2951 5243 3010 5290 ut
3067 5236 3186 5290 loco
3230 5236 3392 5307 elogii
3443 5239 3699 5296 defuncto

1767 5437 2086 5494 SCllULle
2126 5437 2359 5495 NOTAE.

497 5567 540 5595 "
582 5567 683 5620 Aut

745 5569 1112 5651 ροιὲιιδςηνὶμ.⁸
1140 5573 1300 5634 infra,
1335 5575 1464 5628 diss.
1497 5577 1551 5636 2.
1589 5578 1727 5651 c.'_l.
1760 5577 1784 5645 §
1826 5579 1870 5630 l.
1949 5580 1992 5651 {3
2019 5579 2073 5651 ln
2103 5581 2422 5651 constituto,
2460 5581 2510 5634 in
2553 5581 2786 5635 Profess.
2827 5581 2973 5646 fidei,
3011 5583 3062 5635 in
3113 5593 3272 5651 epist.
3302 5584 3354 5642 5,
3382 5583 3462 5634 Ad
3498 5582 3683 5635 tiliam.

429 5633 473 5720 ’ξ
519 5633 861 5720 Epigramma
888 5640 1048 5720 “illud
1101 5642 1393 5720 integrum
1419 5633 1825 5720 esst‘atuGr-a'ce
1871 5656 1925 5702 et
1956 5649 2151 5720 Latine
2190 5633 2695 5720 inPt'olegonienis
2720 5633 2810 5705 ad.
2848 5633 2882 5705 ti
2912 5633 3130 5708 ‘i'édni
3151 5633 3399 5706 [nosti-1e.
3479 5633 3520 5681 ⁸⁵
3575 5633 3682 5706 \id;

445 5709 488 5762 ι.
527 5704 785 5770 unum.
825 5707 994 5780 relig.,
1036 5726 1155 5781 cap.
1189 5704 1277 5767 2i.

1356 5715 1396 5746 ⁸⁸
1435 5714 1553 5768 Vid.
1594 5715 1752 5780 il)id.,
1794 5733 1910 5785 cap.
1939 5719 2027 5770 ‘26.
