4054 6138
303 222 388 282 161
1456 223 1815 283 HISTORIA
1856 224 2341 284 TH‘EODORETI
2352 273 2363 284 .

291 339 495 407 scripti,
521 351 684 405 quam
721 351 819 404 ego
846 337 1069 404 concepi
1101 336 1449 399 Theodoreti,
1488 347 1581 390 aut
1616 338 1737 391 vita:
1759 354 1853 407 po-
1886 345 1923 393 Α

289 430 394 482 tius
421 443 451 480 a
482 424 826 480 Theodoreto
853 436 1007 487 acte,
1053 427 1290 494 speciem
1339 428 1435 480 tibi
1474 442 1663 481 rursus
1703 428 1855 481 ellin-

284 533 422 587 gam.
461 515 689 568 Videtur
723 516 879 575 mihi,
906 515 1050 582 quod
1090 515 1245 567 initio
1266 515 1398 578 dixi,
1444 533 1549 569 non
1588 517 1854 571 absimilis

282 606 580 660 narrationi
641 607 953 667 theatricae,
1017 607 1070 659 in
1100 623 1206 674 qua
1259 607 1611 661 induceretur
1668 609 1852 663 infelix

281 697 527 768 quaedam
553 709 608 751 et
638 698 965 750 miserabilis
991 698 1185 759 virtus,
1214 698 1419 751 erroris
1438 699 1668 763 artibus,
1697 702 1849 769 quasi

277 785 521 848 Circeis,
571 800 712 853 pene
734 800 922 838 amens
959 785 1173 849 eﬁ‘ecta,
1229 786 1460 840 alienam
1505 787 1735 841 formam
1770 789 1852 841 in-

276 878 469 940 duere,
504 877 559 930 in
596 892 768 945 eaque
800 892 1091 945 personam
1130 893 1188 931 se
1220 877 1491 947 indignam
1532 878 1626 932 diu
1666 895 1846 949 agere,

273 969 453 1023 donec
477 968 661 1021 divina
694 968 1036 1037 percutiente
1064 969 1211 1037 virga
1232 968 1297 1022 ad
1330 985 1388 1023 se
1427 970 1664 1034 rediens,
1699 980 1751 1024 et
1781 972 1846 1024 ad

271 1065 552 1113 ostensam
604 1057 803 1110 divinae
850 1057 1098 1110 veritatis
1145 1058 1449 1110 columnam
1507 1060 1845 1127 confugiens.

268 1149 578 1219 pmstigias
613 1148 822 1201 erroris
876 1164 984 1201 non
1039 1149 1393 1202 erubesceret
1448 1158 1694 1212 tantum,
1751 1151 1847 1205 sed

264 1240 440 1293 etiam
474 1245 876 1291 exsecraretur.

333 1329 475 1384 Nam
506 1329 603 1398 qui
641 1328 787 1382 inter
816 1328 1077 1381 miracula
1106 1336 1161 1381 et
1185 1329 1403 1396 pietatis
1439 1329 1492 1383 in
1535 1331 1655 1384 sinu
1687 1339 1848 1385 natus

266 1421 482 1485 fuerat;
515 1419 609 1488 qui
631 1418 698 1472 ab
723 1418 949 1471 infantia
975 1427 1223 1472 creverat
1255 1419 1308 1473 in
1341 1423 1672 1475 monasterio
1704 1422 1847 1477 inter

269 1512 537 1564 virtutum
563 1508 872 1578 prodigiosa
904 1509 1145 1577 exempla
1168 1526 1181 1574 ;
1204 1509 1296 1578 qui
1326 1526 1415 1564 res
1438 1511 1705 1567 humanas
1735 1530 1844 1568 non

265 1601 427 1669 prius
449 1606 698 1661 noverat,
736 1614 897 1668 quam
928 1598 1207 1668 despexit;
1234 1601 1326 1670 qui
1352 1601 1406 1654 in
1437 1602 1648 1658 divinas
1678 1604 1847 1660 Litte-

264 1706 353 1743 ras
406 1689 741 1742 incubuerat
797 1689 979 1742 studio
1034 1691 1240 1759 pariter
1285 1700 1339 1745 et
1366 1692 1564 1747 indolis
1602 1695 1841 1763 impetu;

258 1780 355 1847 qui
396 1779 711 1846 elegerat,a
756 1794 864 1847 quo
892 1779 1205 1844 doceretur,
1239 1782 1406 1836 totius
1449 1783 1730 1849 Ecclesiae,
1787 1796 1844 1839 ut

259 1879 396 1923 tunc
422 1870 719 1931 ferebatur,
756 1876 770 1890 ‘
815 1871 1168 1939 magistrum;
1208 1874 1300 1941 qui
1349 1874 1726 1942 imprudenter
1751 1888 1844 1931 aut

259 1961 567 2013 infeliciter
601 1962 783 2029 potius
814 1976 1054 2015 errorem
1107 1963 1232 2016 inde
1264 1963 1475 2027 didicit,
1506 1965 1649 2018 unde
1700 1969 1838 2021 veri-

259 2060 436 2103 tatem
489 2051 783 2119 sperabat;
838 2067 940 2105 ncc
975 2052 1165 2107 didicit
1193 2062 1424 2119 tantum,
1451 2057 1543 2111 sed
1569 2058 1842 2113 Theodori

256 2141 429 2201 fama,
459 2157 564 2209 qua
594 2149 739 2195 totus
760 2141 908 2195 orbis
931 2145 1279 2211 personabat,
1309 2146 1577 2201 incautam
1605 2160 1841 2204 mentem

254 2230 589 2292 fascinante,
648 2231 876 2284 Nestorii
901 2220 1149 2287 hzeresin‘
1186 2245 1242 2289 et
1276 2232 1463 2306 Cyrilli
1517 2238 1677 2293 ﬁdem
1716 2258 1840 2310 per—

254 2321 480 2388 spicere
511 2335 619 2372 non
646 2320 854 2384 valens,
882 2321 1154 2377 Theodori
1174 2324 1446 2395 discipulo
1473 2328 1623 2395 favit,
1641 2332 1843 2401 Eccle-

253 2412 352 2465 sia:
387 2410 672 2465 doctorem
717 2411 992 2468 insecutus
1031 2427 1132 2469 est.
1166 2417 1365 2472 Verum
1412 2429 1698 2491 postquam
1747 2424 1839 2477 diu

252 2515 356 2567 per
383 2500 571 2554 varios
597 2517 758 2556 casus
786 2512 946 2572 atque
972 2506 1305 2562 calamitates
1331 2511 1569 2580 jactatus
1586 2525 1839 2579 errasset,

252 2605 383 2644 cum
425 2593 576 2646 velut
618 2591 820 2647 Christi
859 2596 1032 2651 hostis
1063 2606 1116 2651 et
1142 2599 1434 2668 impietatis
1469 2602 1679 2669 doctor,
1721 2616 1842 2675 post

252 2697 457 2735 novem
478 2692 535 2736 et
560 2684 748 2753 viginti
772 2686 1121 2754 pontiﬁcatus
1144 2702 1316 2743 annos
1338 2691 1405 2745 de
1428 2692 1555 2747 sede
1575 2694 1837 2765 dejectus,

250 2772 518 2826 exclusus
546 2772 789 2837 civitate,
827 2790 967 2843 aqua
1004 2784 1060 2829 et
1094 2776 1217 2846 igne
1252 2777 1599 2844 interdictus,
1642 2782 1697 2835 in
1730 2801 1842 2839 mo-

254 2863 503 2916 nasterio
555 2864 855 2917 Palaestinae
900 2865 1066 2919 latere
1105 2876 1328 2923 coactus
1375 2878 1549 2936 esset;
1582 2873 1800 2928 tandem
1825 2916 1837 2939 ,

3430 237 3533 301 162

2021 339 2203 406 palam
2228 342 2519 408 jaclurettt.
2560 342 2620 393 V.
2660 342 3061 410 Adjuvabantnr
3094 345 3395 403 Theodoreti
3449 364 3530 407 ιε-

2026 409 2289 461 stimonio.
2361 410 2442 461 Vl.
2510 410 2699 463 Multos
2737 409 3088 468 abduxerunt
3157 418 3210 469 in
3276 434 3527 476 errorem.

2032 476 2138 529 Vll.
2178 478 2523 532 Theodoretus
2564 495 2679 532 cum
2708 482 2906 543 synodo
2944 483 3350 541 Chalcedonensi
3380 491 3531 543 dam-

2039 499 2138 529 vu.
2179 499 2523 532 lneouorems
2564 499 2679 532 cum
2708 499 2906 535 επηοαο
2944 499 3348 541 Lhatcedonemt
3380 499 3529 543 dam-

2027 555 2186 614 natur
2219 546 2691 614 Constantinopoli.
2729 499 2860 603 ἜζΙΙΙ.
2902 552 2969 604 Et
3003 551 3212 609 Sidone.
3252 556 3340 610 IX.
3376 560 3529 614 Arte:

2021 612 2472 688 Eulycnianornm
2508 612 2577 669 ad
2619 621 2940 688 decipiendos
2964 624 3215 679 homines.
3247 625 3315 679 Χ.
3344 612 3531 683 Conci;

2029 683 2157 736 lium
2181 683 2736 755 Hierosolymitanumi

2457 777 2531 825 Ab
2551 792 2678 826 anno
2704 779 2793 827 458
2817 780 2875 829 ad
2900 780 3009 829 518.

2024 875 2063 927 1.
2101 876 2214 928 Etsi
2243 875 2624 933 Theodoretus
2655 881 2864 950 quievit
2916 882 2969 935 in
3014 898 3148 951 pace
3192 894 3248 938 et
3279 900 3527 941 commu-

1953 963 2115 1017 nione
2150 965 2405 1019 Ecdesia:
2427 1007 2440 1029 ,
2479 967 2620 1021 fama
2663 978 2841 1023 tamen
2865 970 3039 1039 ipsius
3064 988 3371 1041 nomenque
3406 986 3530 1045 post

1951 1052 2159 1106 obitum
2194 1065 2445 1110 vexatum
2488 1067 2571 1112 est
2606 1078 2618 1111 :
2661 1076 2971 1129 quanquam
3030 1064 3347 1130 laborabat,
3380 1068 3528 1136 quod

1952 1141 2237 1198 honestum
2275 1147 2394 1211 fuit,
2429 1165 2533 1202 non
2568 1151 2710 1218 apud
2740 1152 3072 1217 Catholicos,
3113 1156 3208 1209 sed
3237 1157 3380 1225 apud
3411 1158 3527 1212 dis-

1950 1234 2074 1288 sidii
2100 1246 2376 1299 amantes;
2404 1254 2506 1291 nec
2525 1254 2622 1292 sua
2650 1240 2818 1293 solius
2843 1241 3065 1303 invidia,
3096 1244 3189 1297 sed
3218 1245 3528 1312 apostolicae

1950 1324 2112 1386 sedis,
2139 1340 2169 1378 a
2191 1341 2293 1394 qua
2327 1336 2578 1396 receptus
2602 1336 2739 1391 erat,
2779 1329 2886 1383 imo
2920 1331 3086 1385 totius
3106 1332 3382 1397 Ecclesiae,
3406 1348 3527 1403 qua)

1950 1427 2136 1470 secuta
2173 1419 2367 1487 capitis
2414 1421 2781 1483 sententiam,
2835 1422 3037 1491 injuria
3093 1422 3408 1478 damnatum
3468 1425 3523 1479 in

1948 1516 2134 1563 sancta
2159 1509 2364 1579 synodo
2385 1509 2816 1564 Chalcedonensi
2840 1513 3093 1566 absolvit.

2018 1600 2149 1653 Erat
2180 1600 2463 1653 enimvero
2506 1608 2634 1653 tunc
2676 1603 2938 1667 temporis
2973 1602 3025 1656 id
3054 1603 3353 1672 gloriosum
3399 1606 3523 1661 uni—

1946 1688 2203 1755 cuipiam,
2237 1688 2458 1741 eosdem
2496 1688 2698 1742 habere
2748 1690 2952 1752 hostes,
2988 1692 3348 1762 eamdemque
3398 1709 3524 1751 cum

1946 1776 2075 1829 sede
2110 1778 2427 1845 apostolica,
2462 1779 2827 1847 universaque
2864 1781 3106 1835 Ecclesia
3139 1784 3375 1851 experiri
3408 1800 3527 1838 sor-

1948 1877 2077 1927 tem,
2124 1883 2223 1921 nec
2257 1884 2417 1936 posse
2449 1869 2755 1933 criminari,
2793 1871 2924 1939 quin
2962 1873 3367 1928 criminationis
3396 1890 3525 1943 pars

1944 1960 2175 2011 maxima
2200 1959 2251 2011 in
2274 1960 2665 2013 (neumenieam
2692 1963 2957 2031 synodum
2979 1965 3309 2019 redundaret
3337 1984 3349 2018 :
3374 1982 3521 2031 nam,

1946 2056 2108 2115 prout
2150 2047 2382 2115 quisque
2436 2048 2774 2102 atliciehatur
2825 2052 3007 2105 animo
3055 2068 3182 2122 erga
3229 2054 3520 2123 synodum,

1946 2138 2015 2191 ita
2068 2138 2340 2191 sentiebat
2372 2137 2440 2192 de
2489 2138 2868 2205 Theodoreto;
2921 2143 3015 2209 qui
3062 2143 3295 2212 Eutychi
3333 2144 3521 2198 stude-

1944 2228 2095 2292 bant,
2134 2237 2428 2297 utrumque
2469 2230 2898 2295 aversabantur;
2924 2232 3017 2300 qui
3046 2241 3230 2301 partes
3263 2234 3522 2289 Ecclesia:

1940 2319 2350 2388 sequebantur,
2380 2320 2658 2373 communi
2695 2329 2986 2391 utrumque
3007 2323 3189 2377 studio
3220 2338 3521 2394 proseque-

1942 2410 2162 2463 bantur.

2018 2498 2078 2552 ΙΙ.
2116 2498 2205 2553 Sic
2224 2497 2509 2552 fuitunum
2537 2498 2651 2553 fere
2686 2501 2967 2567 saeculum,
2995 2501 3327 2558 Theodoreti
3356 2519 3523 2559 causa

1941 2601 1998 2640 se
2030 2597 2309 2656 utcunque
2360 2587 2560 2656 partim
2615 2590 2988 2644 studiosorum
3041 2592 3274 2657 artibus,
3318 2594 3519 2663 partim

1939 2677 2197 2731 Ecclesia:
2243 2677 2467 2747 judiciis
2498 2686 2885 2734 sustentante:
2928 2697 3237 2751 quanquam
3287 2698 3381 2738 sex
3420 2685 3520 2739 im-

1940 2777 2255 2834 peratorum
2286 2768 2390 2823 sibi
2422 2769 2656 2823 invicem
2692 2770 3106 2824 succedentium
3130 2772 3330 2835 studia,
3358 2780 3519 2841 prout

1941 2858 2089 2912 varia
2136 2861 2482 2923 cxstiterUnt,
2520 2862 2591 2916 ita
2616 2862 2984 2915 conditionem
3011 2878 3191 2916 rerum
3237 2863 3519 2932 ipsamque

253 2962 377 3021 post
425 2952 773 3022 imploratam
808 2952 1007 3007 frustra
1039 2964 1321 3023 potentum
1354 2974 1547 3027 opem,
1584 2962 1837 3033 despera—
1869 2993 1908 3042 ε
1945 2950 2291 3042 ΤΙιξδοάξπθιζ
2322 2953 2594 3042 ff’nunam
2635 2954 3019 3042 διιενηπυηιι
3070 2953 3251 3023 donec
3297 2953 3517 3042 ῑδηάξω

255 3051 479 3110 tamque
500 3057 655 3111 spem
682 3057 898 3097 omnem
924 3044 1106 3107 aliam,
1132 3054 1381 3116 tangente
1407 3049 1518 3104 Deo
1544 3066 1639 3105 cor
1662 3054 1841 3107 homi-

255 3132 359 3195 nis,
394 3131 460 3184 ad
495 3138 735 3184 mentem
772 3131 951 3191 rediit,
983 3132 1236 3202 sedisque
1281 3138 1617 3204 apostolicae,
1664 3161 1681 3192 ε
1721 3158 1841 3210 quae

255 3230 420 3273 rectm
437 3218 563 3272 ﬁdei
594 3220 775 3273 radios
804 3220 982 3273 fundit
1003 3220 1046 3252 "
1101 3221 1285 3291 (verba
1318 3234 1445 3279 sunt
1479 3229 1839 3295 patrocinnnn

255 3309 657 3380 implorantis),
695 3326 817 3379 qua:
840 3311 1211 3366 Ecclesiarum
1249 3316 1419 3370 totius
1449 3319 1602 3372 orbis
1637 3321 1840 3388 princi-

252 3410 442 3469 patum
461 3410 633 3463 tenet,
657 3417 777 3470 quae
803 3401 869 3454 ab
892 3403 1036 3455 omni
1065 3418 1278 3472 semper
1298 3406 1548 3461 lueretica
1575 3411 1839 3477 pravitate

250 3490 521 3543 immunis
575 3489 701 3551 fuit,
758 3501 968 3544 rectum
1033 3506 1097 3546 ac
1140 3493 1347 3562 justum
1382 3495 1620 3550 tribunal
1680 3496 1835 3551 invo-

250 3579 421 3632 Cavit.
448 3599 464 3627 ι

321 3670 457 3723 Inde
490 3685 622 3724 vero
661 3671 944 3725 veritatem
980 3674 1214 3741 primum
1250 3676 1497 3740 edoctus,
1528 3678 1724 3732 deinde
1768 3680 1836 3733 ab

252 3759 445 3827 iniqua
466 3760 707 3813 Dioscori
736 3764 1022 3826 sententia,
1050 3766 1831 3836 meliorejudicio,absolutus,

251 3849 480 3902 tandem
508 3861 783 3904 annuente
810 3854 1044 3906 concilio
1074 3857 1314 3923 generali
1351 3857 1403 3909 in
1431 3859 1720 3926 pristinum
1753 3860 1830 3913 lo-

247 3956 380 3995 cum
409 3942 719 4005 restitutus,
746 3959 929 3997 veram
971 3945 1248 4012 pietatem,
1286 3964 1413 4001 vera
1449 3949 1552 4003 ﬁde
1592 3951 1833 4005 innixam

250 4031 450 4091 coluit,
480 4031 643 4100 idque
668 4033 782 4101 ipse
815 4034 1085 4102 praestitit,
1116 4036 1260 4103 quod
1290 4038 1581 4106 scripserat
1604 4040 1670 4093 de
1697 4042 1831 4095 Pro-

248 4122 421 4187 pheta
468 4116 806 4175 exclamante
848 4123 912 4175 ad
957 4124 1126 4177 Deum
1165 4143 1177 4175 :
1216 4127 1377 4195 210
1420 4128 1658 4190 Bonum,
1706 4133 1829 4200 quia

246 4213 549 4264 humiliasli
588 4229 688 4275 me,
724 4221 778 4265 ut
809 4213 1004 4267 discant
1036 4216 1443 4284 justiﬁcationes
1481 4228 1599 4272 tuas
1624 4227 1689 4274 κε
1720 4222 1829 4290 egit

1946 3036 2107 3090 unius
2145 3038 2405 3101 hominis,
2439 3048 2531 3091 aut
2560 3048 2708 3093 certe
2743 3041 2913 3092 trium
2938 3054 3129 3103 causa,
3162 3055 3284 3094 cum
3315 3041 3518 3095 evasis-

1943 3134 2026 3177 set
2073 3142 2364 3180 commune
2395 3137 2557 3196 atque
2600 3128 2793 3197 ingens
2828 3130 2995 3182 totius
3026 3129 3178 3183 orbis
3212 3130 3514 3197 negotium,

1943 3229 2165 3268 necesse
2200 3215 2322 3279 fuit,
2359 3228 2415 3269 ut
2444 3217 2752 3285 conjunctis
2794 3218 3049 3272 Ecclesiae
3084 3220 3408 3289 imperiique
3430 3222 3514 3275 vi-

1943 3305 2114 3368 ribus,
2151 3306 2355 3373 quintaa
2384 3306 2575 3375 synodi
2615 3308 2885 3375 generalis
2919 3309 3127 3379 judicio
3156 3310 3429 3377 ﬁniretur,
3468 3312 3513 3366 si

1944 3403 2123 3472 tamen
2159 3397 2241 3448 vel
2282 3396 2361 3449 sic
2402 3396 2551 3450 ﬁnita
2578 3406 2691 3461 est;
2731 3414 2831 3451 nec
2860 3400 3007 3453 enim
3038 3400 3283 3455 deﬁnitio
3320 3403 3512 3472 synodi

1943 3468 2157 3555 recepta
2194 3487 2296 3540 fuit
2337 3492 2516 3541 statim
2545 3488 2613 3541 ab
2638 3489 2894 3543 omnibus
2918 3491 3079 3544 simul
3108 3468 3389 3560 Ecclesiis,
3415 3494 3512 3548 sed

1940 3576 2197 3643 paulatim
2229 3584 2284 3629 et
2315 3577 2469 3644 quasi
2510 3592 2607 3645 per
2630 3588 2831 3646 partes,
2865 3580 3005 3634 adeo
3048 3591 3107 3634 ut
3135 3581 3189 3634 in
3220 3582 3354 3637 orbe
3379 3592 3511 3640 tunc

1938 3666 2249 3735 contigerit,
2284 3667 2430 3735 quod
2461 3667 2515 3720 in
2556 3668 2693 3721 mari
2736 3669 2894 3733 solet,
2929 3680 3217 3741 postquam
3257 3673 3512 3729 horribili

1940 3766 2259 3828 tempestate
2301 3768 2636 3814 commotum
2675 3771 2793 3825 est,
2828 3764 3023 3818 silente
3052 3766 3312 3820 nimirum
3348 3769 3509 3832 cmlo,

1936 3848 2115 3903 adhuc
2143 3849 2300 3903 undae
2325 3852 2592 3920 mugiunt,
2616 3867 2677 3905 ac
2701 3854 2855 3921 211
2878 3855 3027 3907 velut
3055 3870 3197 3924 aegre
3223 3868 3507 3925 pacantur.

1937 3938 1993 3992 ld
2023 3956 2128 4007 qua
2163 3941 2373 3995 ratione
2399 3941 2681 4002 acciderit,
2701 3943 3026 4012 quantisque
3071 3960 3253 3998 rerum
3276 3962 3508 3999 conver-

1937 4028 2204 4091 sionibus,
2241 4029 2442 4097 quibus
2468 4030 2749 4084 hominum
2779 4031 2989 4084 artibus
3009 4072 3022 4096 ,
3049 4043 3143 4087 aut
3165 4042 3368 4101 quanta
3417 4050 3507 4101 po-

1935 4121 2045 4174 tius
2083 4120 2336 4175 Numinis
2380 4122 2723 4191 providentia
2751 4132 3031 4191 peractum
3076 4124 3165 4187 sit,
3206 4139 3505 4193 exponere.

1936 4210 2070 4265 nihil
2107 4211 2399 4264 admodum
2454 4220 2668 4280 oportet
2726 4211 2791 4264 ad
2842 4212 3188 4275 institutum,
3237 4213 3346 4265 imo
3404 4230 3507 4268 nec

250 4316 451 4368 nempe
469 4302 690 4370 gratias,
735 4320 752 4351 «
786 4301 856 4354 ob
883 4316 1072 4355 severa
1113 4302 1310 4357 medici
1335 4306 1594 4368 remedia,
1628 4306 1828 4359 sanna-
1863 4306 1901 4360 ι)
1928 4315 2109 4368 operm
2128 4300 2364 4369 pretium
2385 4310 2487 4363 est,
2514 4316 2637 4353 cum
2658 4302 2823 4353 multa
2842 4301 3251 4355 Theodoretum
3275 4318 3339 4355 ex
3362 4303 3502 4356 obli-

252 4399 365 4443 tem
387 4406 710 4459 agnoscens,
746 4407 865 4459 quae
889 4392 1015 4445 inde
1049 4395 1317 4461 processit
1338 4395 1401 4449 ⁶³.
1435 4416 1453 4446 ι

324 4478 555 4542 Exinde,
598 4481 795 4543 credo,
859 4488 1042 4534 sancte
1081 4482 1244 4547 visit,
1290 4485 1505 4552 pristini
1566 4484 1827 4553 temporis

248 4566 456 4621 damna
482 4570 746 4632 sarciens,
772 4554 935 4638 atque
960 4571 1125 4625 etiam
1152 4572 1314 4635 forte,
1348 4590 1468 4643 quae
1498 4589 1706 4629 summa
1730 4574 1825 4627 Dei

250 4654 656 4720 misericordia,
681 4659 882 4712 meruit
904 4669 1124 4715 sanctus
1149 4661 1278 4716 dici.

838 4776 1061 4832 CAPUT
1099 4776 1235 4831 XIV.

244 4887 297 4941 1.
329 4887 679 4958 ιηιρτιςηαιιιν
726 4900 839 4958 post
888 4900 1106 4944 mortem
1157 4893 1219 4944 ab
1257 4893 1570 4947 adversariis
1619 4896 1825 4950 concilii

325 4957 1181 5034 Qtalcedonensis__Eulychianis.
1236 4962 1298 5014 ll.
1356 4961 1425 5014 Et
1469 4965 1677 5034 quidem
1703 5032 1715 5034 Α
1730 4982 1823 5034 per

320 5027 593 5088 60annos,
611 5029 677 5099 in
697 5029 891 5099 quibus
929 5027 1139 5099 magna:
1159 5027 1545 5084 commotiones.
1578 5032 1665 5086 ΙΙΙ.
1686 5027 1822 5096 Quid

315 5105 506 5148 contra
538 5097 814 5150 concilium
849 5097 1166 5168 Eutyciiiani
1189 5102 1545 5153 mussitarent.
1569 5102 1654 5155 ιν.
1682 5101 1820 5166 Quid

334 5261 360 5288 ι
396 5249 537 5304 Psal.
572 5267 754 5314 cxvm,
790 5252 874 5304 Ἠ.

1930 4405 2039 4458 quo
2067 4398 2276 4442 tantum
2309 4398 2591 4458 spectent,
2629 4399 2683 4443 et
2723 4390 2776 4442 in
2799 4390 2879 4443 eis
2903 4390 3239 4459 exponendis
3272 4390 3498 4459 diligen-

1932 4488 2015 4531 ter
2041 4480 2240 4531 versati
2272 4480 2380 4533 sint
2404 4478 2699 4546 scriptores
2730 4478 2836 4531 ﬁde
2860 4479 3185 4547 dignissimi,
3208 4480 3371 4532 veluti
3405 4480 3504 4532 Fc-

1930 4569 2006 4623 lix
2031 4569 2291 4624 defensor
2324 4571 2581 4623 Ecclesiae
2608 4570 2943 4633 Romanae“,
2970 4570 3257 4623 Liberatus
3276 4569 3503 4624 Cartha-

1932 4659 2175 4730 ginensis
2220 4658 2485 4713 diaconus
2506 4659 2572 4725 ⁸⁸,
2611 4659 2874 4714 Leontius
2908 4660 3239 4730 Byzantinus
3256 4661 3320 4724 “,
3354 4660 3493 4713 Eva-

1932 4750 2167 4819 grius",
2202 4758 2256 4803 et
2286 4749 2398 4803 alii.

2001 4840 2394 4896 Praetermissis
2453 4842 2619 4912 igitur
2678 4840 2952 4910 pluribus,
3009 4839 3317 4911 cujusmodi
3371 4846 3498 4894 sunt

1929 4929 2187 4986 Ecclesiae
2228 4932 2607 4987 Alexandrinae
2656 4932 2972 4986 intestinum
3001 4941 3218 4986 centum
3255 4929 3367 4984 fere
3395 4944 3493 4982 an-

1926 5036 2122 5075 norum
2145 5023 2415 5086 duellum;
2444 5023 2706 5077 discessio
2735 5023 2899 5076 totius
2928 5021 3186 5076 Ecclesiaz
3202 5018 3498 5075 Orientalis

1929 5123 1957 5160 a
1990 5108 2250 5173 Romana,
2284 5120 2507 5178 prOpter
2542 5110 2948 5179 improbitatem
2988 5110 3205 5175 Acacii;
3246 5107 3493 5162 Basilisci

1583 5370 1898 5427 SCHL’LZII
1940 5371 2166 5427 NOTAE.

328 5522 375 5553 ⁸³
399 5522 515 5577 Vid.
549 5523 721 5591 Epist.
762 5522 860 5575 H5
892 5532 945 5575 et
988 5524 1105 5577 H6.

250 5585 391 5645 Βέεςε.
436 5585 669 5661 Eutych.
746 5594 789 5623 “
814 5592 1049 5647 Breviar.
1088 5594 1305 5649 haeresis
1336 5594 1642 5649 Nestorian.

1182 5527 1226 5557 "
1251 5524 1425 5579 Verba
1459 5536 1586 5579 sunt
1642 5525 1851 5581 Tlteod.
1888 5526 1955 5579 ad
1985 5526 2132 5587 hunc
2186 5525 2386 5578 locum.
2456 5525 2573 5579 Vid.
2613 5533 2650 5577 t.
2702 5525 2742 5586 ῐ.
2789 5542 2841 5597 p.
2897 5526 3052 5582 H57.

1182 5594 1305 5649 resis
1336 5594 1642 5649 Nestorian.
1720 5596 1762 5627 "
1798 5594 1917 5648 Lib.
1952 5595 2027 5647 De
2046 5597 2213 5649 sectis.
2290 5596 2333 5625 ⁸⁷
2368 5596 2504 5649 Hist.
2537 5594 2634 5649 lib.
2668 5611 2703 5649 n
2736 5604 2791 5649 et
2817 5611 2932 5649 seu.

1907 5635 1917 5647 .
1952 5614 2027 5647 ue
2046 5614 2213 5647 δροιτδ.

3147 5530 3187 5562 ⁸⁵
3212 5530 3482 5589 Brevicut.

2290 5596 2333 5625 ⁸⁷
2368 5596 2504 5650 Hist.
2537 5594 2634 5649 lib.
2668 5611 2703 5649 ιι
2736 5594 2932 5665 θῑέθιι.
