4048 6174
510 227 612 289 163

1627 213 2001 273 GARNERII
2041 204 2532 271 DISSERTATIO
2569 204 2621 265 Ι.

3644 193 3743 259 flii

506 339 754 413 tyrannis
783 324 1103 408 religionem
1135 333 1397 388 ementita
1422 349 1436 396 ;
1474 330 1799 383 lleuolicum
1841 328 2075 383 Zenonis
2106 340 2145 393 Α
2247 325 2334 379 IV.
2368 323 2495 377 Ilaec
2517 331 2570 375 et
2591 318 2694 374 alia
2718 318 2858 373 clam
2885 315 2986 378 illi,
3012 313 3188 384 palam
3214 327 3345 366 vero
3371 311 3735 381 querebantur

510 432 907 491 discordiarum
962 427 1332 488 incentivum;
1380 420 1700 492 patriarchae
1752 421 1935 489 plures
1979 434 2077 488 pro

510 528 738 583 libidine
765 525 1073 595 principum
1109 520 1341 575 subinde
1370 524 1384 541 ‘
1411 518 1673 587 depositi;
1708 518 1923 573 feminae
1944 527 2076 576 tres.

513 618 772 680 Ariadna,
801 614 1036 669 Zenonis
1064 621 1118 667 et
1152 609 1457 671 Theodora,
1489 609 1805 663 uxoriorum
1846 607 2075 676 impera-

518 717 696 764 torum
728 706 1039 778 agilatrices
1085 703 1238 772 quasi
1292 701 1482 765 futize;
1513 699 1942 769 Origenistarum
1968 711 2082 751 mo-

519 801 818 855 nachorum
849 794 1114 849 tumultus
1140 792 1195 845 in
1218 791 1523 850 Palaestina,
1547 798 1656 844 etc.
1684 789 1820 853 :his,
1837 789 2079 857 inquam,

521 889 922 963 praetermissis,
959 887 1216 958 prosequi
1249 895 1485 955 oportet,
1518 900 1639 955 quae
1666 894 1795 938 sunt
1827 881 2082 936 Theodo-

521 984 749 1037 retizct
798 979 930 1033 illud
983 976 1275 1047 imprimis,
1307 974 1453 1044 quod
1508 985 1668 1028 antea
1709 971 1916 1027 dictum
1976 980 2082 1034 est,

521 1087 685 1142 quam
707 1079 855 1126 arcte
895 1070 1185 1140 conjuncta
1208 1067 1381 1137 ipsius
1411 1075 1466 1120 et
1485 1074 1689 1120 sanctae
1708 1062 1899 1136 synodi
1923 1077 2086 1117 causa

522 1162 859 1233 populariter
885 1161 1093 1215 credita
1132 1159 1222 1213 sit.

593 1252 682 1306 Ill.
718 1250 821 1318 Qui
863 1259 1047 1320 partes
1088 1247 1351 1319 Eutychis
1392 1245 1781 1315 sequebantur,
1827 1244 2091 1300 adversus

521 1342 963 1399 Chalcedonense
978 1339 1268 1394 concilium
1287 1337 1455 1390 multa
1481 1335 1832 1404 objiciebant,
1859 1334 1955 1388 sed
1980 1332 2091 1388 duo

525 1434 780 1496 maxime,
809 1433 946 1486 clam
987 1446 1180 1491 unum,
1204 1429 1381 1498 palam
1424 1428 1689 1491 alterum;
1718 1426 1878 1480 ambo
1906 1440 2004 1494 per
2032 1440 2091 1480 sc

528 1524 747 1594 quidem
774 1520 1065 1581 levissima,
1096 1518 1276 1589 gravis
1308 1527 1488 1571 tamen
1512 1517 1773 1570 momenti
1798 1514 1943 1585 apud
1976 1516 2094 1569 vul-

528 1631 628 1686 gus
665 1614 814 1669 falsis
840 1610 1194 1680 opinionibus
1221 1615 1567 1677 occupatum.

598 1706 750 1761 Clam
784 1702 1164 1763 mussitabaut,
1210 1714 1319 1752 non
1367 1713 1487 1753 esse
1521 1704 1769 1751 coactum
1801 1695 1899 1749 Dei
1937 1703 2093 1759 nutu,

530 1796 627 1852 sed
648 1797 763 1851 sola
790 1793 952 1848 unius
986 1790 1201 1846 feminae
1244 1788 1434 1843 ulcisci
1477 1785 1786 1857 appetentis
1824 1785 2096 1855 impoten-

529 1888 603 1942 tia
632 1905 646 1939 :
673 1884 1001 1939 Marcianum
1037 1880 1291 1951 Augustae
1327 1877 1481 1932 uxori
1516 1876 1833 1932 famulatum
1867 1890 2011 1938 esse,
2038 1883 2100 1930 ιιι

529 1976 640 2032 dati
683 1974 897 2044 imperii
928 1971 1256 2027 beneficium
1291 1969 1578 2033 redderet;
1613 1967 1952 2022 Pulcheriam
1976 1981 2098 2020 mu-

528 2066 685 2121 liebri
716 2063 996 2120 iracundia
1034 2063 1201 2116 ultam
1260 2060 1422 2115 amici
1458 2062 1541 2115 sui
1578 2058 1815 2113 Flaviani
1852 2059 2097 2128 injurias,

529 2166 587 2211 et
609 2155 809 2226 proditi
835 2154 898 2208 de
922 2152 1225 2208 ordinanda
1247 2150 1554 2205 diaconissa
1585 2148 1885 2218 imperialis
1904 2149 2101 2204 secreti

531 2244 705 2299 vicem
742 2240 1080 2310 rependisse,
1135 2247 1192 2292 ut
1239 2246 1617 2307 recuperatam
1656 2236 1972 2291 dominandi
2006 2252 2104 2305 po-

533 2340 787 2391 testatem
827 2337 1168 2392 ostentaret,
1228 2327 1418 2382 fratris
1474 2329 1625 2396 jussa
1667 2326 1835 2396 jussis
1883 2335 2101 2381 contra-

533 2421 653 2485 riis,
696 2419 838 2473 facta
895 2416 1055 2470 factis
1114 2413 1425 2469 rescidisse.
1478 2414 1698 2476 Indixit,
1760 2413 2100 2482 inquiebant,

534 2508 882 2564 Theodosius
926 2503 1223 2560 concilium
1258 2502 1485 2556 sororire
1526 2500 1805 2556 servitutis
1837 2501 2016 2567 liber;
2050 2510 2106 2557 et

533 2614 661 2656 ecce
685 2595 994 2659 Pulcheria,
1021 2594 1193 2648 fratre
1215 2594 1305 2646 vix
1334 2591 1616 2654 defuncto,
1643 2591 1791 2645 aliud
1809 2593 1976 2663 cogit,
1997 2608 2106 2662 quo

539 2688 690 2759 prius
718 2686 871 2740 velut
893 2682 1241 2738 latrocinium
1259 2680 1658 2751 proscribatur.
1678 2679 1897 2734 Miserat
1924 2680 2105 2733 Theo-

537 2776 725 2832 dosius
768 2775 836 2830 ad
881 2773 1177 2829 concilium
1217 2771 1527 2841 cognitores
1561 2770 1721 2834 duos,
1769 2785 2003 2840 quorum
2041 2769 2106 2824 ti-

539 2869 663 2924 dem
697 2874 953 2937 expertus
977 2872 1116 2927 erat,
1138 2860 1415 2931 Elpidium
1443 2860 1721 2923 comitem,
1743 2869 1799 2913 et
1819 2858 2106 2929 Eulogium

540 2959 863 3023 tribunum;
890 2957 1012 3011 illos
1050 2954 1235 3009 statim
1267 2952 1555 3009 Pulcheria
1581 2953 1636 3005 in
1664 2951 1913 3006 ordinem
1949 2951 2106 3005 reda-

539 3059 660 3106 ctos
680 3048 843 3120 ejecit
871 3048 1015 3101 aula.
1053 3043 1426 3116 Chrysaphius
1465 3058 1579 3096 rem
1626 3042 1845 3097 concilii
1887 3056 2106 3111 promo-

541 3147 717 3203 verat,
754 3137 867 3191 imo
908 3143 965 3191 et
1011 3133 1329 3204 publicam;
1370 3146 1471 3185 suo
1504 3131 1769 3201 sanguine
1807 3130 2116 3201 parentavit

543 3227 838 3285 Theodosii
875 3225 1153 3282 manibus.
1185 3224 1431 3281 Iusserat
1453 3222 1798 3279 Theodosius
1825 3222 2115 3294 praesidere

544 3318 789 3392 Flaviani
827 3317 1040 3389 judicio
1077 3316 1401 3370 Dioscorum
1429 3329 1554 3368 cum
1588 3313 1850 3369 Iuvenale
1878 3324 1935 3366 et
1975 3312 2116 3365 Tha-

546 3409 730 3474 lassio,
781 3409 980 3479 spretis
1037 3406 1297 3460 Ecclesia:
1362 3405 1622 3459 Romana:
1675 3405 1894 3474 legatis;
1945 3404 2119 3458 voluit

545 3498 836 3556 Pulcheria
865 3498 1072 3566 legatos
1104 3493 1250 3548 sedis
1289 3493 1600 3561 apostolicae
1633 3507 1864 3561 praeesse
1888 3494 2116 3563 judicio,

546 3586 693 3659 quod
738 3586 806 3641 de
861 3585 1141 3646 Dioscoro,
1176 3580 1436 3636 Juvenale
1466 3587 1523 3635 et
1571 3580 1853 3634 Thalassio
1906 3581 2119 3636 institui

544 3675 726 3747 jussit.
781 3672 1117 3728 Firmaverat
1150 3667 1491 3723 Theodosius
1535 3667 1732 3722 edictis
1773 3668 1992 3722 concilii
2034 3669 2117 3723 sui

548 3763 915 3828 sententiam;
969 3760 1150 3816 edicta
1203 3757 1402 3815 edictis
1446 3758 1607 3827 212
1657 3759 1948 3813 contrariis
1990 3760 2118 3814 Pul-

549 3852 736 3909 cheria
757 3850 1060 3923 abrogavit.
1085 3848 1286 3920 Ephesi
1312 3847 1598 3903 absolutus
1619 3846 1797 3901 fuerat
1816 3848 2118 3918 Eutyches;

548 3943 895 4001 Chalcedone
972 3941 1285 3996 damnatur.
1350 3939 1551 4008 Ephesi
1617 3938 1927 4001 Flavianus,
1996 3952 2121 3992 cum

552 4032 727 4101 iniqui
755 4030 970 4102 judicii,
996 4038 1111 4084 tum
1140 4027 1366 4083 haeresis
1403 4042 1434 4082 a
1465 4028 1733 4083 Dioscoro
1759 4027 2123 4083 damnationis

551 4123 878 4178 sententiam
927 4123 1161 4187 tulerat;
1186 4120 1435 4175 eamdem
1472 4119 1665 4174 iisdem
1702 4120 1770 4174 de
1814 4120 1995 4175 causis
2024 4136 2121 4190 pa-

553 4213 687 4268 titur
713 4210 1061 4268 Chalcedone
1088 4212 1403 4265 Dioscorus.
1435 4210 1853 4265 Damnationem
1882 4211 2123 4265 Flaviani

552 4314 845 4362 consecuta
866 4313 984 4359 erat
1017 4303 1270 4374 dejectio,
1297 4302 1609 4374 deportatio
1631 4310 1686 4358 et
1720 4317 1908 4368 mors;
1934 4303 2125 4374 dejici-

552 4402 645 4449 tur
671 4395 986 4460 Dioscorus,
1032 4395 1276 4464 Gangras
1314 4396 1371 4449 in
1400 4394 1656 4449 exsilium
1695 4396 1927 4465 rapitur,
1970 4410 2125 4451 exse-

552 4494 739 4540 cratus
761 4485 1036 4555 Eutyches
1060 4499 1128 4539 co
1155 4485 1395 4555 ejicitur,
1431 4500 1541 4554 quo
1564 4500 1727 4540 nemo
1754 4486 1923 4539 novit.
1952 4484 2124 4557 Chry-

552 4576 779 4645 saphius
818 4575 1085 4646 obsequio
1129 4584 1408 4630 meruerat
1446 4576 1516 4630 ab
1549 4576 1882 4645 imperatore
1932 4576 2120 4647 diligi;

552 4675 691 4737 nutu
732 4667 1033 4722 Pulcheriae
1064 4666 1358 4722 occiditur.
1391 4666 1711 4721 Prohibitus
1742 4665 1921 4721 fuerat
1949 4667 2127 4722 Theo-

553 4757 781 4812 doretus
831 4756 1023 4810 adesse
1068 4756 1277 4827 synodo
1333 4756 1644 4825 Epltesinae,
1680 4758 1752 4812 ob
1793 4757 2029 4827 scriptos
2070 4758 2125 4811 in

552 4847 814 4920 Cyrillum
846 4845 1118 4916 fidemque
1149 4846 1349 4911 libros;
1387 4847 1576 4915 jussus
1603 4855 1687 4900 est
1728 4847 1918 4902 adesse
1966 4847 2129 4903 Chal-

554 4938 873 5001 cedonensi,
902 4946 958 4992 et
985 4936 1126 4991 inter
1155 4937 1345 4991 Patres
1367 4935 1675 4999 considere,
1700 4936 1864 4989 etiam
1898 4945 2022 4990 ante
2045 4936 2130 4990 di-

551 5028 851 5099 judicatam
878 5042 1121 5090 causam,
1158 5026 1321 5080 etiam
1379 5024 1739 5079 irretractatis
1780 5025 1953 5087 libris,
1993 5042 2129 5094 quos

558 5116 1181 5188 siluissetapprobasse
1231 5115 1353 5169 fuit.
1416 5114 1671 5168 Ecclesir
1721 5114 1998 5183 Berytensi
2042 5116 2131 5184 jus

561 5209 876 5277 metropolis
934 5209 1204 5263 tribuerat
1250 5206 1597 5261 Theodosius
1634 5225 1647 5269 ;
1689 5206 1971 5275 abrogavit
2029 5223 2125 5275 per

561 5296 827 5369 synodum
855 5314 1007 5353 suam
1029 5300 1349 5360 ,Pulclieria.

2178 415 2303 468 tria.
2359 414 2622 476 Primum,
2683 423 2794 461 non
2835 414 3046 460 tantum
3096 403 3379 458 restitutos
3443 416 3475 455 a
3536 404 3745 472 synodo

2180 502 2585 559 Theodoretum
2629 507 2685 554 et
2746 497 2897 551 Ibam
2954 492 3138 564 Cyrilli
3185 490 3609 544 criminatores:
3650 491 3744 546 sed

2179 594 2344 650 etiam
2368 592 2615 661 'scripta,
2640 588 2842 658 quibus
2879 592 3102 640 sanctus
3133 582 3259 638 fidei
3299 581 3555 636 defensor
3584 597 3747 636 accu-

2181 687 2407 742 sabatur
2445 682 2692 746 haeresis,
2724 679 2922 750 partim
2954 675 3139 740 tacite,
3179 675 3378 744 partim
3432 682 3619 742 aperte
3648 688 3749 742 ap-

2180 775 2409 846 probata
2441 787 2584 828 esse.
2629 771 2896 833 Alterum,
2941 765 3251 819 damnatam
3290 761 3460 816 fuisse
3490 761 3750 832 Eutychis

2182 866 2532 930 sententiam,
2595 862 2870 918 laudatam
2942 856 3301 913 Orientalium
3362 854 3558 918 fidem;
3624 869 3751 908 cum

2187 966 2368 1011 tamen
2413 971 2519 1011 nec
2568 954 2660 1008 illa
2714 968 2745 1007 a
2791 948 3081 1004 duodecim
3112 944 3385 1016 capitulis,
3418 959 3520 998 nec
3576 943 3682 997 ista
3720 956 3756 996 a

2185 1047 2423 1103 Nestorii
2471 1044 2730 1116 opinione
2776 1041 3041 1097 differret.
3071 1038 3437 1098 Postremum,
3467 1033 3754 1106 Cyrillum,

2185 1136 2287 1189 etsi
2320 1134 2503 1188 verbis
2539 1131 2856 1187 honorificis
2883 1127 3188 1198 appelletur
3217 1124 3274 1178 in
3313 1122 3542 1194 synodo,
3577 1122 3758 1192 reipsa

2190 1235 2373 1280 tamen
2393 1224 2568 1295 rejici,
2592 1223 2962 1293 pietatemque
2986 1218 3044 1272 in
3073 1232 3140 1272 eo
3170 1215 3494 1271 catholicam
3519 1214 3762 1284 proscri-

2189 1314 2281 1381 bi;
2316 1312 2758 1384 quandoquidem
2782 1311 3013 1365 duarum
3037 1305 3240 1362 Christi
3272 1315 3596 1360 naturarum
3628 1319 3760 1374 pro-

2190 1412 2523 1474 pugnatores
2555 1399 3005 1460 restituebantur,
3042 1393 3364 1448 defensores
3408 1391 3575 1446 unius
3618 1391 3761 1461 deji-

2192 1494 2498 1549 ciebantur.

2271 1587 2329 1641 ν.
2356 1586 2547 1640 ιειιιίιξο
2582 1590 3002 1654 quantacunque
3031 1577 3137 1632 fuit
3164 1576 3409 1647 querela,
3440 1590 3549 1628 non
3580 1572 3764 1626 minus

2129 1674 2168 1728 Β
2196 1677 2434 1735 habebat
2458 1673 2767 1736 calumniae,
2796 1686 2960 1741 quam
2983 1669 3204 1724 invidiae
3232 1685 3245 1720 :
3271 1666 3549 1721 nitebatur
3576 1673 3764 1719 tamen

2198 1765 2529 1824 Theodoreti
2557 1762 2845 1819 sententia.
2870 1759 3162 1816 Asserehat
3181 1758 3272 1812 ille
3293 1757 3338 1789 ⁸⁸
3364 1755 3611 1811 eamdem
3642 1769 3765 1810 esse

2197 1857 2580 1921 Orientalium,
2603 1869 2725 1924 quae
2757 1850 3016 1915 Nestorii,
3049 1848 3479 1910 confessionem;
3515 1845 3766 1900 eamdem

2198 1950 2405 2021 pariter
2428 1945 2639 2018 Cyrilli,
2667 1958 2792 1999 cum
2826 1957 2929 2011 pax
2952 1940 3089 1995 inita
3105 1946 3209 2002 est,
3239 1952 3361 2007 qua:
3381 1934 3763 1999 Orientalium,

2201 2039 2363 2094 ﬁdem
2409 2053 2424 2090 :
2464 2044 2630 2105 atque
2688 2033 2764 2087 ita
2822 2029 3061 2100 jactabat
3114 2026 3397 2099 Cyrillum,
3454 2033 3586 2080 tunc
3639 2040 3769 2080 cum

2200 2127 2560 2186 Orientalium
2599 2123 2761 2179 ﬁdem
2818 2122 3109 2192 reciperet,
3155 2133 3444 2175 revocasse
3483 2133 3604 2188 qua:
3639 2126 3771 2173 ante

2202 2220 2465 2275 docuerat
2495 2217 2552 2272 in
2581 2214 2872 2286 capitibus.
2899 2212 3165 2275 Addebat,
3194 2211 3372 2281 ipsum
3400 2211 3456 2265 in
3497 2211 3772 2280 capitibus

2202 2311 2351 2367 aliud
2381 2323 2661 2380 nunquam
2692 2291 2965 2370 docuisse,
2999 2319 3163 2375 quam
3192 2302 3339 2373 quod
3371 2310 3466 2358 aut
3487 2301 3773 2371 Apollina-

2204 2402 2320 2457 rius
2347 2402 2499 2466 olim,
2534 2408 2630 2456 aut
2681 2409 2812 2454 tunc
2856 2397 3148 2469 Eutycbes.
3200 2394 3490 2450 Nitebatur
3518 2394 3561 2425 "
3601 2393 3772 2447 etiam

2204 2490 2428 2561 querela
2451 2488 2569 2544 haec
2600 2486 2878 2543 communi
2904 2485 3148 2540 omnium
3172 2482 3431 2553 opinione
3453 2480 3771 2543 scientium,

2204 2583 2472 2638 Eranistae
2528 2580 2773 2650 dialogos
2821 2574 3169 2647 imperatoris
3224 2571 3483 2627 mandato
3538 2570 3775 2626 ﬂammis

2206 2671 2438 2726 traditos
2470 2671 2637 2725 fuisse
2657 2670 2726 2733 ’⁸,
2756 2666 2901 2738 quod
2944 2663 3131 2736 Cyrilli
3171 2670 3228 2717 et
3272 2660 3556 2733 Eutychis,
3589 2661 3775 2715 tacitis

2206 2763 2430 2833 quidem
2467 2760 2802 2823 nominibus,
2839 2757 2934 2812 sed
2971 2755 3138 2811 certis
3159 2752 3517 2823 argumentis,
3541 2766 3772 2806 consen-

2208 2853 2417 2907 sionem
2457 2848 2751 2904 ostendere
2790 2845 3157 2900 moliebantur

2280 2942 2368 2996 VI.
2413 2940 2537 2995 Haec
2564 2954 2688 2994 cum
2720 2938 3051 3007 importune,
3089 2946 3416 3003 quocunque
3447 2940 3691 2999 tempore
3719 2936 3779 2985 et

2211 3047 2539 3103 quocunque
2576 3030 2700 3084 loco
2732 3029 2801 3082 ab
2824 3025 3179 3097 Eutychianis
3201 3022 3650 3083 obtruderentur,
3672 3033 3779 3073 au-

2213 3123 2399 3179 diendi
2446 3119 2844 3177 consuetudine
2892 3117 3092 3172 factum
3131 3125 3246 3178 est,
3285 3124 3365 3181 ut,
3415 3110 3563 3182 quod
3612 3107 3778 3163 tradit

2213 3213 2505 3271 Facundus
2530 3216 2597 3278 ",
2632 3211 2971 3283 populariter
2998 3206 3337 3269 crederetur,
3367 3205 3510 3259 inter
3540 3198 3780 3257 Nestorii

2214 3312 2270 3360 et
2310 3303 2575 3375 Eutychis
2618 3299 2948 3357 doctrinam.
2975 3296 3081 3350 boc
3112 3304 3215 3359 est,
3251 3295 3394 3348 inter
3428 3291 3660 3346 duarum
3684 3304 3784 3343 na-

2213 3406 2464 3452 turarum
2495 3402 2551 3448 et
2576 3392 2739 3447 unius
2763 3384 3439 3449 confessionem,medium
3464 3381 3623 3451 213
3642 3379 3781 3433 nihil

2213 3501 2373 3549 esse;
2423 3493 2589 3553 atque
2648 3482 2722 3535 ita
2779 3481 2882 3535 hac
2942 3480 2998 3533 in
3064 3476 3417 3532 contentione
3480 3472 3788 3542 quemlibet

2216 3583 2312 3629 aut
2354 3573 2708 3628 Nestorianas
2751 3578 2939 3640 partes
2988 3556 3144 3636 sequi
3189 3564 3413 3628 debere,
3472 3558 3567 3617 aut
3609 3561 3785 3629 Euty-

2217 3665 2463 3720 chianas.

2287 3757 2414 3812 Haec
2434 3755 2620 3826 opinio
2651 3750 3049 3809 incredibiliter
3079 3746 3295 3803 inhaesit
3319 3743 3643 3815 populorum
3666 3741 3792 3796 ani-

2219 3848 2346 3913 mis,
2392 3848 2508 3903 sive
2552 3846 2605 3901 id
2642 3844 2825 3901 effecit
2851 3858 3009 3898 error
3042 3838 3263 3902 mentis,
3288 3836 3403 3891 sive
3431 3834 3661 3889 allectus
3685 3847 3790 3885 vo-

2218 3940 2444 3995 luntatis
2470 3955 2484 3992 :
2510 3936 2820 4008 atqueinde
2848 3933 3113 4005 originem
3143 3928 3509 3998 duxitingens
3537 3923 3790 3995 quaedam

2222 4033 2392 4087 totius
2434 4032 2584 4087 orbis
2623 4028 2939 4096 commotio,
2974 4040 3097 4097 qua:
3140 4024 3232 4078 vix
3268 4018 3561 4091 aliquando
3602 4016 3791 4072 sedata

2221 4132 2325 4179 est.

2297 4216 2314 4235 θ
2338 4213 2450 4268 VII.
2486 4212 2624 4266 Dum
2673 4215 2965 4279 agerentur
3016 4205 3284 4259 luctuosae
3326 4200 3452 4264 illae,
3488 4212 3625 4268 quas
3659 4211 3794 4266 per—
3832 4189 3837 4198 ’

2224 4304 2570 4367 strinximus,
2608 4298 2907 4370 tragtediae,
2938 4304 2996 4350 et
3032 4292 3389 4349 occidentalis
3422 4290 3646 4358 insuper
3672 4286 3792 4340 Ἐο-

2226 4396 2391 4451 clesia
2424 4391 2745 4447 orientalem
2766 4387 2965 4443 Acacio
2992 4385 3265 4439 addictam
3289 4379 3671 4437 communione
3696 4392 3801 4431 sua

2227 4486 2547 4545 abstineret,
2575 4492 2671 4536 aut
2710 4494 2820 4533 non
2853 4476 3185 4531 audiebatur
3207 4469 3537 4527 Theodoreti
3569 4482 3796 4528 nomen,

2226 4593 2339 4648 pra:
2368 4574 2520 4630 orbis
2551 4572 2788 4628 tumultu
2819 4587 2835 4635 ;
2863 4578 2959 4624 aut
2991 4568 3036 4623 si
3071 4565 3418 4625 audiebatur,
3442 4558 3589 4631 quod
3614 4558 3801 4613 credi-

2226 4646 2410 4729 bilius,
2456 4663 2587 4734 quid
2629 4677 2696 4717 eo
2753 4660 2946 4726 fieret,
2998 4655 3279 4714 memoriae
3322 4666 3486 4707 nemo
3522 4646 3750 4704 tradidit
3784 4664 3802 4699 :

2227 4757 2427 4829 conjici
2471 4765 2653 4810 tamen
2695 4763 2977 4823 utcunque
3028 4757 3209 4820 potest
3230 4763 3298 4802 ex
3330 4754 3580 4800 veterum
3604 4755 3808 4795 monu-

2228 4847 2449 4912 mentis,
2500 4862 2624 4916 quze
2674 4853 2993 4915 supersunt,
3036 4852 3093 4897 et
3132 4838 3349 4894 duobus
3390 4831 3693 4905 praesertim
3732 4845 3807 4885 ex

2230 4937 2503 4999 conciliis,
2561 4935 2707 5005 quod
2772 4943 3067 5002 utrumque
3110 4926 3427 4984 Anastasius
3480 4923 3804 4992 imperator,

2229 5028 2428 5098 partim
2456 5024 2949 5095 Constantinopoli,
2981 5023 3179 5092 partim
3210 5018 3413 5073 Sidone
3436 5015 3491 5069 in
3519 5008 3806 5067 Palzcstiua

2231 5117 2477 5185 coegisse
2512 5117 2715 5171 dicitur
2742 5133 2754 5168 :
2779 5114 3004 5168 alterius
3032 5112 3217 5165 Victor
3255 5104 3622 5166 Tunoncnsis,
3667 5101 3811 5155 alte-

2231 5208 2346 5260 rius
2364 5208 2627 5276 Evagrius
2655 5205 2926 5264 meminit.
2945 5192 2953 5199 ’

2305 5297 2379 5350 De
2430 5297 2615 5365 priore
2674 5296 2747 5350 ita
2790 5284 3039 5347 Victor"
3073 5311 3086 5345 :
3120 5309 3137 5342 ι
3174 5288 3352 5344 Gibbo
3384 5287 3448 5342 V.
3485 5286 3546 5343 C.
3580 5282 3809 5341 consule

1861 5420 2175 5484 SCHULZII
2215 5427 2449 5484 NOTAE.

630 5523 676 5555 “'
701 5519 822 5576 Vid.
851 5520 1010 5591 epist.
1050 5518 1119 5591 ad
1161 5518 1477 5591 llimerium.
1556 5522 1600 5553 "
1636 5523 1752 5576 Vid.
1803 5532 1941 5591 part.
1997 5537 2239 5578 iit-conc.
2273 5522 2464 5578 Chalct
2479 5521 2533 5578 d.
2565 5534 2685 5590 cap.
2719 5519 2800 5575 l0.

559 5590 658 5649 lib.
687 5592 790 5646 Pro
818 5590 979 5643 tribus
1005 5590 1160 5657 capit.
1240 5590 1286 5623 τ’
1326 5591 1464 5645 Vict.
1505 5592 1718 5645 Tuuon.
1762 5590 1815 5645 in
1847 5592 2089 5646 Chronic.

2908 5521 2949 5551 ⁷ο
2983 5519 3119 5575 Vide
3145 5532 3330 5589 supra,
3364 5532 3398 5587 p
3456 5514 3594 5573 164.⁴
3660 5515 3701 5544 ⁷⁸
3743 5510 3807 5568 In
