4054 6138
310 195 394 264 165
1464 199 1827 259 HISTORIA

1962 152 2352 263 lEODtJRETl
2368 254 2379 265 .

3448 210 3553 277 166

306 313 601 369 Anastasius
660 313 981 383 imperator,
1062 312 1321 367 Flaviano
1391 313 1735 368 Antiocheno
1812 322 1868 367 et
1898 320 1942 373 Α
1973 313 2240 385 integrata
2279 318 2547 386 pravitate
2582 320 2902 375 Anastasius
2942 319 3197 375 infamem
3228 331 3282 377 et
3310 321 3549 379 irriden-

308 405 585 459 l‘hiloxeno
637 403 1050 473 Hierapolitano
1110 404 1477 472 praesulibus,
1544 403 1861 458 Constanti-

303 495 524 566 nopolim
602 495 873 566 synodum
956 506 1278 566 congregat,
1350 505 1407 550 et
1473 504 1665 550 contra
1736 495 1863 549 Dio-

301 590 481 643 dorum
555 588 904 651 Tarsensem,
968 588 1321 643 Theodorum
1395 588 1859 658 Mopsuestenum,

298 696 412 735 eum
456 680 698 749 scriptis,
768 679 1165 735 Theodoritum
1236 680 1385 752 Cyri,
1469 681 1616 735 Ibam
1689 681 1861 736 Edes-

300 788 498 835 senum,
532 770 832 833 Andream,
861 772 1429 844 Eutherium,Cyrum
1486 783 1541 827 et
1592 772 1859 827 Joannem

297 863 600 932 episcopos,
646 871 983 931 ceterosque
1020 863 1178 927 alios,
1213 863 1309 932 qui
1375 863 1428 917 in
1476 863 1696 919 Christo
1723 863 1861 919 duas

297 954 656 1023 praedicabant
723 962 971 1017 naturas,
1024 953 1271 1024 duasque
1336 954 1571 1021 formas,
1630 966 1688 1011 et
1764 958 1857 1026 qui

296 1062 394 1099 non
462 1044 859 1100 confiterentur
926 1061 1097 1099 unum
1175 1046 1245 1101 de
1329 1046 1637 1117 Trinitate_
1682 1048 1863 1103 cruci-

296 1140 475 1202 fixum,
510 1152 619 1190 una
652 1152 780 1190 cum
830 1136 1011 1191 Leone
1054 1136 1315 1207 episc0po
1360 1138 1627 1203 Romano,
1657 1146 1713 1193 et
1741 1140 1861 1209 ejus

292 1238 464 1293 torno,
501 1237 668 1298 atque
721 1226 1157 1283 Chalcedonensi
1214 1232 1420 1284 svnodo
1479 1230 1678 1283 inferre
1727 1245 1859 1283 ana-

290 1322 467 1377 thema
500 1320 794 1391 persuasit.
835 1339 852 1370 ι
1206 1373 1231 1393 ³

356 1411 432 1465 Ex
477 1410 587 1465 illis
637 1417 767 1464 octo
813 1408 1089 1479 episcopis
1143 1407 1354 1478 priores
1398 1424 1492 1462 sex
1545 1408 1657 1462 noti
1709 1417 1857 1474 sunt,

290 1502 620 1573 posteriores
644 1501 758 1556 duo
797 1502 999 1572 partim
1033 1517 1101 1555 ex
1130 1500 1463 1556 Theodoreti
1499 1499 1746 1569 epistolis
1772 1500 1860 1554 in-

290 1604 596 1659 notescunt,
625 1596 825 1665 partim
857 1611 925 1650 ex
963 1593 1105 1648 actis
1139 1593 1359 1648 concilii
1396 1592 1691 1663 Ephesini;
1732 1608 1858 1649 nam

1970 407 2092 460 dam
2124 409 2391 478 synodum
2421 410 2564 480 apud
2595 411 2851 465 Sidonem
2876 412 3177 477 civitatem,
3210 428 3344 466 Lxxx
3378 412 3549 469 ferme

1969 497 2307 565 perﬁdorum
2346 500 2621 571 episcopis
2667 503 3027 572 congregatis,
3056 503 3321 558 adversus
3357 503 3549 558 ortho-

1969 587 2235 643 doxorum
2269 591 2558 661 episcopos
2606 592 2724 646 ﬁeri
2770 594 3078 663 imperavit.
3123 595 3411 650 Flavianus
3442 596 3552 651 An-

1971 679 2186 734 tiochiae
2228 683 2534 739 catholicus
2575 684 2915 755 patriarcha,
2958 695 3013 741 et
3053 688 3292 744 Joannes
3335 688 3552 744 Palten-

1969 770 2110 825 sium
2137 774 2326 844 oppidi
2357 776 2622 845 pontifex,
2655 779 2913 847 quoniam
2954 780 3101 835 hunc
3139 789 3341 836 coetum
3374 784 3548 837 sacri-

1966 860 2147 932 legum
2175 865 2515 932 refellerunt,
2548 869 2601 923 in
2628 871 2932 935 castellum,
2962 873 3107 942 quod
3136 873 3295 930 Petra
3321 874 3546 939 dicitur,

1966 957 2186 1012 exsules
2218 959 2369 1014 missi
2398 972 2544 1015 sunt.
2577 962 2656 1016 lbi
2688 963 2975 1019 Flavianus
3005 966 3286 1020 confessor
3316 965 3545 1031 Christi,

1966 1045 2024 1100 in
2065 1047 2297 1103 Domino
2326 1051 2595 1121 requievit
2625 1071 2637 1106 :
2670 1054 2935 1110 Joannem
2970 1056 3218 1112 Justinus
3247 1056 3545 1128 Augustus,

1967 1151 2092 1191 mox
2132 1137 2431 1208 imperator
2462 1140 2656 1207 factus,
2694 1145 2989 1199 revocavit.
3031 1165 3048 1195 ι

2037 1229 2242 1283 Verum
2279 1232 2551 1287 Palmstini
2598 1236 2850 1290 monachi
2896 1237 2949 1290 in
2987 1236 3186 1292 litteris
3223 1237 3289 1291 ad
3326 1238 3550 1309 Alcyso-

1966 1335 2092 1375 nem
2124 1337 2239 1376 rem
2270 1325 2596 1394 explicatius
2624 1337 2854 1384 narrant
2885 1347 2897 1382 :
2934 1330 2979 1385 si
3009 1338 3210 1393 tamen,
3234 1340 3294 1385 ut
3322 1331 3548 1401 quibus-

1967 1405 2092 1487 dam
2124 1409 2361 1477 videtur,
2401 1429 2469 1467 eo
2509 1416 2806 1484 pertinent,
2843 1434 2964 1487 quae
2995 1418 3062 1473 de
3088 1418 3293 1475 Xenaia
3337 1430 3393 1475 et
3425 1421 3549 1476 Fla-

1966 1499 2129 1556 viano
2167 1502 2510 1561 Antiocheno
2544 1508 2803 1579 episeopo
2820 1510 3086 1568 referunt.
3123 1531 3141 1562 ι
3178 1511 3435 1577 Xenaias,
3466 1513 3551 1568 in-

1967 1593 2167 1662 quiunt
2199 1597 2264 1660 ",
2303 1599 2489 1653 nescio
2537 1615 2646 1669 quo
2686 1601 2944 1667 consilio,
2986 1618 3089 1658 nec
3130 1619 3237 1672 qua
3280 1604 3347 1659 de
3387 1620 3552 1661 causa

289 1690 341 1744 in
362 1689 509 1769 actis
530 1688 708 1760 Cyrus
727 1688 935 1743 dicitur
955 1687 1435 1757 Marcopolitanus,
1462 1686 1702 1742 Joannes
1726 1687 1865 1744 Cer-
1897 1677 1937 1731 Β
1966 1695 2251 1758 susceptas
2273 1689 2540 1745 adversus
2574 1692 2893 1746 Flavianum
2926 1694 3239 1750 inimicitias
3263 1712 3547 1761 exercens,

288 1782 641 1838 maniciensis
681 1781 994 1852 episcopus.
1021 1779 1104 1834 Ad
1147 1787 1442 1848 utrumque
1484 1779 1866 1836 Theodoretus

284 1876 544 1947 epistolas
587 1873 752 1939 fecit;
803 1872 871 1927 ad
917 1870 1120 1943 Cyrum
1171 1870 1444 1925 decimam
1500 1869 1749 1935 tertiam,
1795 1870 1863 1924 ad

282 1968 544 2024 Joannem
578 1964 938 2021 centesimam
978 1961 1297 2019 vicesimam
1335 1961 1605 2031 quintam,
1635 1971 1691 2016 et
1737 1976 1866 2016 cen-

284 2058 533 2113 tesimam
565 2055 885 2111 vicesimam
917 2060 1191 2124 quartam.

347 2146 471 2201 Erit
503 2145 757 2209 fortasse,
788 2143 884 2213 qui
912 2149 1132 2196 moneat
1164 2154 1272 2194 non
1303 2153 1424 2194 esse
1453 2140 1571 2193 sine
1602 2139 1863 2193 observa-

281 2237 428 2293 tione
459 2233 929 2306 praetereundum,
970 2231 1116 2302 quod
1156 2230 1224 2285 de
1261 2228 1480 2284 Andrea
1510 2238 1564 2283 et
1597 2228 1864 2283 Eutherio

278 2328 583 2384 scribitur:
612 2325 739 2380 inde
768 2324 920 2381 enim
946 2323 1123 2378 lucem
1156 2322 1408 2392 accipere
1434 2320 1580 2391 quod
1608 2320 1861 2386 traditur,

202 2486 203 2489 η
276 2431 391 2476 tum
422 2436 455 2475 a
491 2419 827 2493 Theophane
861 2418 917 2473 in
954 2416 1429 2487 Chronographia,
1458 2414 1730 2469 Andream
1768 2415 1867 2470 Sa-

274 2521 627 2568 mosatenum
672 2526 703 2565 a
745 2511 1006 2565 Dioscoro
1044 2509 1244 2579 Ephesi
1281 2506 1593 2576 depositum
1639 2523 1651 2558 :
1686 2515 1798 2560 tum
1830 2521 1863 2561 a

271 2603 568 2660 monachis
610 2602 913 2658 Palaestinae
949 2601 1004 2656 in
1050 2599 1295 2670 Epistula
1333 2597 1400 2652 ad
1439 2598 1763 2669 Alcysonem
1794 2597 1863 2651 de

270 2713 511 2752 nurnero
548 2694 959 2764 episcoporum,
989 2705 1128 2763 quos
1158 2689 1484 2769 Eutychiani
1516 2688 1862 2743 anathemate

266 2803 574 2859 percussos
604 2786 830 2841 vellent.
859 2785 1061 2839 Verum
1097 2782 1305 2836 fallitur
1342 2781 1531 2836 Victor
1559 2793 1711 2833 more
1738 2793 1861 2842 suo,

266 2897 373 2937 nec
423 2880 797 2949 Theophanes
844 2875 1157 2931 audiendus
1200 2883 1313 2937 est,
1363 2873 1607 2941 fidesque
1654 2880 1861 2926 temere

263 2970 566 3026 monachis
592 2967 906 3024 adhibenda
932 2984 947 3020 :
972 2982 1075 3021 nec
1108 2966 1258 3020 enim
1286 2973 1382 3018 aut
1411 2963 1505 3017 ille
1534 2970 1631 3017 aut
1658 2962 1749 3018 isti
1773 2977 1861 3017 sa-

1966 1786 2231 1845 prtetextu
2267 1785 2445 1833 tamen
2473 1780 2619 1846 tidei,
2653 1790 2711 1834 ut
2736 1782 2984 1851 plerique
3011 1792 3256 1847 narrant,
3286 1785 3551 1839 adversus

1964 1883 2093 1921 eum
2141 1872 2503 1935 commoveri,
2563 1888 2800 1943 eumque
2851 1883 3109 1945 tanquam
3161 1876 3547 1932 Nestorianum

1962 1957 2286 2012 calumniari
2336 1962 2523 2031 cmpit.
2560 1962 2665 2017 Sed
2711 1980 2835 2019 cum
2884 1965 2973 2019 ille
3015 1965 3328 2022 Nestorium
3363 1968 3547 2033 simul,

1964 2048 2195 2118 ejusque
2225 2052 2542 2121 opinionem
2571 2070 2673 2109 suo
2698 2057 3044 2114 anathemate
3083 2058 3416 2125 damnasset,
3441 2060 3549 2115 Xe-

1966 2138 2119 2193 naias
2151 2141 2343 2195 relicto
2367 2143 2619 2199 Nestorio
2643 2147 2710 2199 ad
2736 2145 3033 2202 Diodorum
3066 2158 3436 2220 transgressus
3451 2164 3552 2212 est.

1964 2238 2020 2283 et
2045 2231 2112 2283 ad
2140 2232 2490 2289 Theodorum
2525 2244 2581 2291 et
2607 2237 3025 2305 Theodoritum,
3054 2240 3202 2295 [bam
3233 2256 3296 2296 ac
3322 2239 3546 2314 Cyrum,

1964 2330 2022 2375 et
2062 2321 2384 2378 Eutherium
2436 2343 2501 2381 ac
2546 2327 2836 2392 Joannem,
2874 2330 3120 2402 aliosque
3161 2332 3349 2387 nescio
3385 2349 3545 2403 quos,

1964 2424 2068 2465 nec
2128 2412 2274 2466 unde
2330 2415 2625 2481 collectos,
2676 2433 2744 2472 ex
2798 2419 3001 2489 quibus
3051 2420 3270 2490 quidam
3310 2420 3547 2478 Nestorii

1965 2502 2163 2574 dogma
2208 2521 2396 2561 revera
2439 2509 2614 2562 secuti
2655 2509 2891 2578 fuerant,
2917 2512 3137 2581 quidam
3174 2529 3307 2570 vero
3336 2531 3458 2570 cum
3491 2516 3547 2572 in
3634 2530 3635 2533 ‘

1963 2595 2331 2663 suspicionem
2372 2599 2492 2669 ejus
2520 2601 2600 2654 rei
2631 2602 2929 2668 venissent,
2962 2612 3149 2674 postea
3179 2607 3321 2662 idem
3350 2608 3546 2679 dogma

1963 2698 2065 2737 suo
2097 2686 2446 2741 anathemate
2478 2688 2893 2756 damnaverant,
2921 2700 2976 2747 et
3008 2694 3063 2747 in
3102 2694 3358 2752 Ecclesiae
3397 2712 3551 2752 com-

1964 2775 2225 2831 munione
2267 2789 2571 2834 extremum
2612 2781 2757 2837 diem
2799 2783 3131 2839 clauserant.
3176 2784 3303 2849 Hos,
3344 2788 3544 2858 inquit,

1961 2881 2142 2921 omnes
2187 2868 2491 2925 Nestoriani
2538 2873 2799 2943 dogmatis
2853 2884 3139 2931 assertores
3179 2881 3281 2932 nisi
3326 2882 3549 2934 anathe-

1964 2960 2319 3024 matizaueris.
2330 2963 2679 3019 Nestorimtus
2692 2983 2763 3030 es,
2781 2968 2898 3020 licet
2913 2968 3099 3021 millies
3112 2969 3409 3024 Nestorium
3426 2989 3544 3026 cum

263 3064 337 3118 tis
364 3062 667 3118 historiam
703 3067 977 3115 noverunt
1012 3056 1321 3120 hominum,
1351 3069 1492 3125 quos
1514 3061 1856 3109 memorant:
1888 3034 1931 3092 C
1963 3049 2205 3105 doctrina
2244 3054 2406 3123 ipsius
2442 3058 2877 3111 auathematizrs.
2904 3059 3135 3129 Scriptis
3165 3064 3179 3081 '
3206 3061 3370 3116 etiam
3400 3062 3547 3118 litte-

263 3169 470 3225 nempe
497 3161 628 3208 ante
649 3150 936 3225 synodum
957 3148 1332 3204 latrocinalem
1353 3146 1467 3201 vita
1489 3152 1858 3210 excesserant,

263 3256 361 3302 aut
400 3255 562 3303 certe
602 3244 920 3314 episcopatu
962 3240 1209 3297 Andreas
1246 3247 1304 3294 et
1335 3237 1636 3293 Eutherius
1676 3254 1690 3292 :
1733 3251 1861 3291 nam

264 3336 537 3392 Rusticus
573 3333 807 3389 Andreae
852 3347 1139 3388 successor
1177 3330 1320 3385 inter
1364 3328 1653 3399 episc0pos
1692 3326 1864 3382 latro-

259 3429 398 3484 cinii
446 3435 710 3482 censetur
740 3426 807 3487 ",
868 3434 926 3479 et
973 3422 1195 3478 Patricii
1254 3421 1565 3492 Tyanorum
1612 3418 1862 3489 pmsulis

258 3520 418 3576 vices
450 3519 510 3572 in
541 3516 739 3572 eodem
770 3514 1063 3570 latrocinio
1093 3512 1258 3583 2M.
1286 3510 1598 3583 Anthymus
1632 3510 1860 3584 presby~

263 3622 352 3666 tcr
381 3610 578 3681 gessit.
626 3608 758 3664 Inde
797 3607 1005 3677 pariter
1050 3604 1438 3669 emendantur,
1469 3603 1564 3672 qui
1610 3619 1708 3673 pro
1746 3604 1860 3658 Eu-

260 3703 455 3756 therio
484 3699 821 3755 Eucherium
862 3707 955 3752 aut
994 3695 1407 3759 Eleutherium,
1433 3709 1535 3765 pro
1558 3692 1699 3765 Cyro
1724 3693 1860 3760 Qui—

260 3807 386 3846 rum
414 3799 518 3846 aut
538 3789 804 3862 Cyrillum
827 3790 1037 3860 legunt.

359 3882 486 3938 Cur
539 3890 725 3937 autem
798 3880 1037 3936 Diodoro
1093 3880 1420 3936 Theodorus
1472 3881 1856 3952 conjungatur,

257 3973 567 4029 Theodoro
611 3971 996 4037 Tbeodoretus
1037 3978 1096 4026 et
1144 3971 1301 4035 lbas,
1355 3971 1576 4040 utrique
1613 3970 1860 4025 Andreas

258 4078 319 4121 et
347 4066 678 4131 Eutherius,
708 4066 972 4120 omnibus
998 4063 1179 4136 Cyrus
1211 4073 1268 4119 et
1308 4064 1566 4128 Joannes,
1602 4078 1766 4117 causa
1801 4063 1859 4116 in

260 4164 528 4226 promptu
570 4165 656 4210 est
698 4173 710 4208 :
755 4170 882 4209 nam
934 4154 1204 4208 Diodorus
1255 4154 1606 4209 Theodorum
1645 4152 1855 4216 docuit,

262 4255 571 4315 utrumque
615 4244 994 4300 Theodoretus
1037 4252 1094 4299 et
1142 4244 1265 4299 lbas
1315 4243 1710 4309 defenderunt,
1750 4243 1857 4297 An-

260 4336 425 4393 dreas
480 4345 539 4392 et
600 4336 897 4392 Eutherius
953 4337 1219 4392 adversus
1269 4336 1534 4408 Cyrillum
1584 4335 1856 4390 virulenta

260 4428 472 4498 scripta
517 4428 833 4483 ediderunt.
885 4427 1060 4498 Cyrus
1113 4437 1170 4482 et
1222 4428 1462 4484 Joannes
1522 4426 1854 4483 Theodoreti

259 4527 454 4586 partes
518 4519 789 4574 acerrime
843 4534 1218 4590 propugnasse
1275 4519 1637 4589 perhibentur
1689 4536 1702 4572 :
1742 4518 1853 4572 imo

256 4610 548 4667 societatis
586 4626 712 4665 cum
757 4610 1009 4667 Nestorio
1054 4610 1371 4680 suspicione
1415 4610 1654 4665 Joannes
1696 4609 1854 4664 labo-

253 4701 440 4765 ravit,
488 4716 724 4772 eamque
770 4701 843 4755 ob
882 4717 997 4757 rem
1036 4701 1093 4755 in
1147 4700 1381 4756 concilio
1417 4698 1851 4755 Chalcedonensi

247 4794 453 4863 jussus
483 4801 571 4848 est
594 4792 850 4848 Nestorio
877 4793 1167 4848 anathema
1191 4791 1376 4848 dicere
1402 4792 1469 4845 ⁷⁸.

325 4883 477 4938 VIII.
511 4884 589 4939 De
625 4884 801 4939 altero
833 4884 1067 4940 concilio
1109 4893 1204 4939 aut
1235 4882 1522 4938 latrocinio
1552 4880 1757 4953 potius,
1794 4882 1851 4936 in

240 4989 369 5045 quo
427 4972 768 5029 motionem
831 4973 1167 5030 Theodoreti
1227 4973 1426 5028 factam
1492 4972 1848 5042 scripsimus,

239 5063 526 5137 quodque
576 5073 824 5119 coactum
878 5064 1113 5136 legimus
1158 5065 1229 5119 ab
1283 5063 1601 5128 Anastasio,
1647 5063 1851 5119 Sidone

228 5155 309 5209 in
349 5151 650 5208 Palestina
689 5167 834 5208 anno
866 5152 1073 5209 Christi
1103 5152 1228 5217 512,
1254 5152 1528 5207 Anastasii
1555 5151 1645 5215 22,
1678 5152 1850 5206 Paulo

227 5248 305 5298 et
322 5240 598 5297 Muciano
615 5256 784 5308 eoss.,
813 5243 932 5299 haec
960 5243 1129 5298 tradit
1152 5242 1498 5298 Marcellinus
1523 5242 1569 5273 τ’
1599 5259 1613 5294 :
1655 5260 1673 5292 ί
1706 5240 1851 5296 Red-

1964 3139 2043 3195 ris
2065 3140 2130 3194 ad
2157 3141 2399 3198 fautores
2425 3145 2670 3199 Dioscori
2705 3156 2759 3201 et
2792 3148 3073 3219 Eutychis,
3105 3166 3202 3206 eos
3230 3153 3544 3217 concitavit,

1958 3231 2199 3288 suadens
2239 3235 2341 3298 eis,
2382 3244 2443 3289 ut
2486 3236 2588 3291 sibi
2629 3237 2893 3293 adversus
2932 3240 3248 3296 Flavianum
3290 3243 3549 3313 prmsidio

1961 3332 2169 3388 essent,
2206 3323 2368 3395 215
2416 3327 2810 3399 exigerentque
2850 3331 2918 3385 ab
2954 3346 3043 3391 eo.
3079 3348 3189 3388 non
3230 3335 3450 3404 quidem
3487 3347 3548 3391 ut

1963 3410 2136 3481 ipsam
2165 3415 2455 3484 synodum,
2479 3415 2575 3470 sed
2608 3426 2668 3471 ut
2696 3433 2789 3473 eas
2814 3419 3075 3475 duntaxat
3102 3438 3385 3491 personas.
3408 3441 3547 3496 quas

1961 3520 2126 3574 supra
2147 3507 2444 3572 nominavi,
2473 3510 2820 3566 anathemate
2846 3512 3168 3570 damnaret:
3192 3518 3394 3587 quibus
3416 3535 3542 3575 cum

1963 3597 2253 3653 Flavianus
2275 3600 2567 3669 episcopus
2587 3601 2682 3655 diu
2705 3604 3048 3675 multumque
3081 3609 3392 3675 restitisset,
3426 3611 3547 3666 alii-

1956 3704 2069 3758 que
2096 3706 2287 3745 rursus
2319 3706 2443 3746 cum
2481 3692 2687 3747 Xenaia
2723 3694 2990 3750 adversus
3019 3696 3170 3751 illum
3212 3699 3544 3756 insurrexis-

1960 3789 2116 3846 sent,
2162 3782 2458 3837 Eleusinus
2511 3784 2722 3839 scilicet
2784 3784 3006 3855 quidam
3056 3785 3413 3857 Cappadociae
3459 3806 3545 3845 se-

1959 3872 2155 3926 cunda:
2182 3873 2496 3941 episcOpus,
2522 3873 2705 3929 Nicias
2726 3873 3009 3929 Laodicea:
3032 3891 3153 3945 quae
3173 3888 3257 3932 est
3281 3877 3336 3932 in
3363 3878 3538 3950 Syria,

1961 3972 2016 4018 et
2042 3980 2107 4019 ex
2138 3965 2260 4019 aliis
2290 3965 2428 4020 locis
2461 3965 2577 4029 alii,
2613 3982 2846 4037 quorum
2887 3967 2999 4022 odii
3034 3968 3299 4024 adversus
3332 3970 3543 4027 Flavia-

1959 4071 2090 4111 num
2119 4073 2368 4127 quamam
2393 4072 2570 4113 causae
2598 4058 2823 4125 fuerint,
2847 4059 2994 4114 haud
3029 4069 3276 4116 nostrum
3304 4071 3408 4127 est,
3443 4063 3539 4118 sed

1958 4148 2190 4203 aliorum
2225 4165 2539 4219 exponere:
2578 4151 2798 4206 tandem
2841 4152 2964 4207 illos
2995 4152 3100 4207 hoc
3139 4152 3283 4208 facto
3321 4155 3540 4224 quietu-

1958 4256 2051 4295 ros
2085 4241 2402 4303 arbitratus,
2434 4242 2600 4296 cessit
2640 4243 2857 4299 illorum
2895 4246 3266 4312 contentioni;
3303 4264 3539 4317 cumque

1960 4332 2304 4401 supradictas
2324 4348 2588 4402 personas
2609 4335 2812 4403 scripto
2832 4335 3365 4401 anathematizasset,
3383 4337 3540 4392 libel-

1959 4421 2073 4476 lum
2104 4438 2263 4477 suum
2293 4422 2361 4477 ad
2392 4422 2780 4492 imperatorem
2809 4423 2958 4477 misit
2983 4441 2995 4475 :
3026 4440 3147 4479 nam
3180 4433 3234 4478 et
3268 4425 3415 4480 hunc
3445 4427 3533 4481 ad-

1959 4529 2153 4568 versus
2199 4514 2515 4568 Flavianum
2542 4555 2556 4578 ,
2607 4523 2864 4584 tanquam
2908 4515 3220 4570 Nestoriani
3271 4515 3540 4587 dogmatis

1958 4615 2442 4675 propugnatorem,
2483 4615 2910 4661 commoverant.
2961 4606 3068 4661 Sed
3116 4621 3293 4676 neque
3331 4606 3434 4662 hac
3479 4622 3538 4661 re

1958 4706 2250 4753 contentus
2282 4696 2518 4752 Xenaias
2557 4697 2739 4768 exegit
2783 4697 2982 4754 iterum
3017 4715 3047 4754 a
3089 4698 3366 4764 Flaviano,
3395 4708 3450 4754 ut
3482 4709 3540 4755 et
3614 4692 3624 4701 ’

1956 4787 2223 4859 synodum
2252 4786 2444 4857 ipsam,
2474 4795 2531 4843 et
2564 4803 2659 4842 eos
2692 4786 2787 4857 qui
2821 4786 2957 4842 duas
2986 4796 3209 4843 naturas
3234 4787 3291 4844 in
3317 4786 3539 4843 Christo

1957 4879 2424 4949 praedicaverant,
2481 4880 2707 4936 alteram
2758 4880 2974 4944 carnis,
3021 4881 3249 4934 alteram
3295 4878 3536 4944 deitatis,

1957 4972 2291 5027 anathemati
2319 4972 2632 5042 subjiceret.
2664 4991 2681 5022 ι

2027 5061 2118 5131 IX.
2149 5061 2298 5132 Opus
2317 5061 2421 5117 fuit
2448 5072 2557 5116 tam
2582 5060 2794 5132 prolixo
2820 5058 3156 5123 testimonio,
3189 5057 3387 5128 partim
3410 5061 3540 5130 quia

1956 5153 2243 5208 historiam
2261 5155 2487 5224 exponit
2507 5152 2727 5208 aliunde
2744 5152 3056 5217 obscuram,
3076 5152 3274 5221 partim
3287 5152 3355 5208 ad
3377 5153 3540 5210 intel-

1956 5244 2257 5316 ligendum,
2281 5261 2388 5315 qua
2420 5246 2508 5301 via
2534 5245 2773 5301 solerent
2796 5243 3147 5315 Eutychiani,
3174 5257 3318 5317 quos
3362 5245 3543 5302 abdu-

1609 5405 1925 5464 SCHULZII
1963 5406 2193 5462 NOTAE.

310 5541 363 5573 ⁷³
569 5538 688 5596 Act.
714 5555 869 5596 conc.
907 5539 1167 5597 Chalced.
1248 5538 1289 5570 ⁷³
1316 5538 1435 5595 Vid.
1467 5539 1599 5595 Acta
1636 5556 1792 5596 conc.
1824 5509 2085 5597 Chalced.
2117 5549 2223 5596 act.
2257 5542 2307 5595 8.
2389 5544 2431 5574 ⁷³⁸
2458 5543 2515 5597 ln
2551 5543 2795 5598 Chronic.
2878 5543 2920 5575 ⁷⁸
2948 5543 3071 5599 Vid.
3093 5543 3293 5616 Evagr.
3331 5541 3432 5599 lib.
3465 5558 3546 5605 tu.

210 5622 367 5681 cap.
429 5608 524 5664 54.
