4048 6174
488 241 586 302 167

1617 234 1996 296 GARNERII
2037 232 2536 296 DISSERTATIO
2572 236 2622 298 Ι.

3653 227 3759 294 168

482 363 611 404 cere
641 346 888 407 vellenta
917 345 1044 407 fide,
1081 360 1175 398 eos
1197 344 1262 399 ad
1298 341 1814 398 condemnationem
1848 340 2067 395 concilii
2103 346 2139 396 Α
2172 341 2501 406 calumnias,
2533 349 2697 411 atque
2727 340 2798 395 ab
2848 339 3044 395 iisdem
3090 338 3333 400 defendi,
3370 352 3401 390 a
3435 335 3637 405 quibus
3670 336 3761 389 vel

485 437 954 495 Chalcedonensis
983 450 1197 506 cogere.
1224 433 1501 489 Jubebant
1530 433 1770 502 primum
1819 432 2071 486 Nestorio

488 529 779 585 anathema
801 527 1007 589 dicere,
1033 532 1149 579 tum
1170 522 1409 578 Nestorii
1447 521 1777 585 fautoribus,
1801 535 1923 574 mox
1951 519 2068 573 fau-

489 631 673 675 torum
703 617 1111 687 receptoribus,
1147 624 1205 669 et
1248 614 1468 668 tandem
1506 613 1743 669 concilio
1774 612 2074 668 Chalcedo-

487 710 669 774 nensi,
697 708 1040 774 duarumque
1077 713 1400 759 naturarum
1433 703 1834 774 pugnatoribus
1878 721 1893 757 :
1944 718 2071 757 nam

489 802 583 857 ubi
624 801 793 856 semel
829 798 1120 853 damnatus
1161 796 1341 851 fuerat
1388 796 1697 860 Nestorius,
1728 795 1877 865 quod
1908 810 2072 849 nemo

488 893 792 951 catholicus
828 889 1117 953 renucbat,
1145 888 1388 958 proclive
1415 896 1534 942 erat
1561 902 1658 942 eos
1687 887 1895 956 pariter
1913 884 2071 940 dam-

489 1001 643 1049 nare,
665 983 760 1053 qui
810 982 895 1036 vel
941 981 1327 1035 Nestorianum
1355 978 1674 1033 docuissent
1700 993 1968 1041 errorem,
2012 984 2074 1031 ut

489 1075 759 1131 Diodorus
784 1080 838 1126 et
882 1071 1241 1135 Theodorus;
1277 1070 1362 1124 vel
1394 1078 1671 1124 errantem
1710 1068 2072 1123 nihilominus

486 1167 821 1223 laudassent,
860 1171 920 1216 ut
967 1162 1348 1216 Theodoretus
1382 1169 1438 1215 et
1478 1160 1619 1224 lbas,
1644 1159 1839 1230 Cyrus,
1867 1159 2074 1214 Euthe-

490 1258 607 1311 rius
648 1265 710 1310 et
757 1255 998 1311 Joannes
1047 1252 1535 1309 Germaniciensis.
1594 1252 1898 1306 Anathema
1938 1266 2072 1305 vero

488 1354 778 1418 postquam
816 1344 872 1397 in
910 1358 1008 1398 eos
1053 1343 1334 1397 incussum
1366 1351 1505 1406 erat,
1542 1341 1768 1396 retineri
1796 1342 1921 1412 jure
1960 1357 2072 1396 non

488 1444 727 1509 poterat,
754 1434 1051 1505 quominus
1074 1433 1380 1504 pertineret
1414 1433 1483 1488 ad
1508 1431 1680 1502 ipsam
1702 1447 1922 1502 quoque
1943 1448 2071 1486 san-

490 1540 634 1587 ctam
665 1527 958 1601 synodum,
998 1526 1201 1597 quippe
1249 1540 1373 1595 qua:
1419 1524 1672 1579 homines
1698 1523 1895 1593 dignos
1936 1538 2071 1579 ana-
2126 1580 2133 1587 ,

497 1621 759 1684 themate,
800 1627 1028 1690 propter
1057 1616 1285 1671 haeresis
1303 1616 1661 1691 societatem,
1693 1630 1790 1669 sua
1822 1630 2071 1670 commu-

491 1707 657 1761 nione
684 1706 944 1760 donasset
966 1705 1117 1760 velut
1134 1704 1468 1760 Catholicos.

563 1797 631 1855 Ut
656 1807 745 1853 est
767 1797 926 1853 istius
955 1797 1147 1869 synodi
1192 1797 1490 1852 admodum
1518 1780 1752 1852 obscura
1784 1796 2068 1862 memoria,

489 1889 564 1945 ita
592 1890 766 1960 ipsius
794 1890 1008 1960 singula
1046 1906 1189 1962 aegre
1215 1889 1547 1961 colliguntur
1577 1905 1644 1944 ex
1662 1897 1914 1945 veterum
1956 1904 2074 1943 mo-

488 1982 771 2037 nimentis.
821 1981 1156 2037 Convenisse
1214 1984 1493 2053 octoginta
1532 1981 1706 2037 ferme
1760 1981 2069 2051 episcopos,

491 2072 659 2126 tradit
710 2072 1034 2128 Theodorus
1082 2072 1328 2128 Lector:
1372 2073 1581 2129 indicat
1630 2072 1934 2143 praefuisse,
1977 2083 2071 2127 aut

486 2163 681 2218 saltem
707 2163 1079 2234 principatum
1101 2163 1206 2219 sibi
1243 2178 1528 2235 arrogasse
1559 2162 1934 2219 Cothericium
1956 2162 2073 2219 Ca:-

488 2271 658 2311 sarea:
706 2255 1102 2326 Cappadociae,
1141 2267 1200 2313 et
1247 2256 1515 2312 Xenaiam
1561 2272 1658 2312 seu
1708 2257 2070 2312 Philoxenum

489 2346 797 2417 Hierapolis
827 2347 1151 2412 antistitem,
1182 2348 1331 2418 quod
1380 2348 1579 2406 rationi
1621 2358 1931 2419 temporum
1969 2347 2070 2402 ad-

485 2448 740 2494 versatur
774 2457 788 2492 :
821 2438 1012 2494 ambos
1035 2439 1330 2509 perhibent
1356 2439 1526 2496 fuisse
1559 2422 1842 2495 hominum
1866 2439 2073 2510 impro-

485 2529 764 2594 bissimas,
788 2529 1018 2585 idoneos
1058 2530 1210 2601 impii
1255 2531 1604 2601 imperatoris
1646 2531 1948 2595 ministros,
1977 2546 2070 2600 pa-

488 2636 577 2675 res
598 2620 997 2691 Acephalorum
1023 2614 1333 2692 signiferos,
1357 2622 1544 2678 hostes
1582 2622 1741 2688 fidei:
1753 2630 2070 2679 sanctorum

487 2712 850 2778 victimarios,
887 2720 943 2768 et
974 2729 1115 2784 pene
1145 2714 1433 2770 carniﬁces
1469 2733 1483 2770 :
1525 2715 1821 2785 perhibent
1863 2716 2071 2786 pariter

486 2803 800 2874 suppositas
814 2803 1135 2859 orthodoxis
1163 2804 1557 2871 confessiones,
1578 2806 1874 2876 omniaque
1905 2806 2071 2861 modo

488 2910 588 2965 per
624 2894 758 2960 vim,
792 2894 961 2981 lmodo
987 2910 1091 2970 per
1105 2894 1293 2949 dolum
1315 2905 1555 2966 peracta.
1579 2894 1718 2962 Quid
1750 2895 1962 2950 multa?
1990 2896 2071 2951 Ex

488 2985 594 3041 hac
622 2985 832 3057 synodo
883 2986 1027 3056 pulsi
1078 2985 1336 3040 feruntur
1383 2986 1608 3042 sedibus
1651 2987 1767 3042 suis
1812 2986 2071 3042 catholici

487 3078 771 3149 pra'sules,
804 3077 1092 3147 exsiliique
1116 3078 1376 3132 aerumnis
1400 3078 1599 3148 partim
1633 3077 1841 3139 amicti,
1873 3078 2072 3147 partim

488 3166 788 3237 absumpti,
826 3175 887 3220 ut
919 3165 1182 3221 admirari
1209 3174 1461 3237 Oporteat
1484 3182 1683 3222 arcana
1709 3166 1910 3222 divinae
1937 3183 2069 3238 pro-

488 3258 745 3314 videntiae
773 3258 1022 3323 consilia,
1071 3257 1238 3313 trium
1272 3258 1636 3329 capitulorum
1664 3258 2072 3314 damnationem

483 3351 595 3422 jam
631 3349 759 3404 inde
783 3349 1081 3404 molientis.

561 3441 727 3511 216
754 3438 825 3493 Χ.
853 3440 1053 3494 Narrat
1073 3438 1401 3493 Theodorus
1432 3438 1634 3493 Lector
1659 3440 1727 3505 ⁷⁷,
1758 3439 1925 3495 Helia;
1945 3440 2074 3494 Hie-

489 3531 887 3600 rosolymorum
925 3528 1189 3599 episcopo
1227 3530 1556 3599 praecepisse
1594 3532 1947 3585 Anastasium
1975 3532 2076 3586 im-

488 3628 822 3691 peratorem,
850 3629 910 3673 ut
939 3620 1209 3691 synodum
1237 3622 1645 3690 episcoporum,
1688 3622 1784 3692 qui
1815 3623 1919 3677 sub
1956 3623 2076 3693 ipso

488 3720 668 3773 erant,
702 3707 1006 3778 colligeret,
1048 3717 1104 3762 et
1126 3716 1382 3778 quartam
1433 3709 1701 3782 synodum
1745 3710 2072 3767 damnaret:

490 3798 698 3854 Heliam
725 3813 856 3852 vero
891 3797 1162 3868 synodum
1208 3812 1320 3853 non
1351 3814 1734 3871 congregasse,
1758 3802 1853 3856 sed
1898 3802 2073 3858 solum

489 3889 807 3959 imperatori
848 3888 1067 3945 dedisse
1111 3889 1348 3957 litteras,
1400 3891 1605 3961 quibus
1649 3892 1968 3948 Nestorium
2020 3904 2078 3950 et

490 3978 796 4054 Eutychen,
838 3982 1139 4038 Diodorum
1166 3986 1299 4041 item
1336 3994 1393 4040 et
1427 3984 1779 4040 Theodorum
1807 3988 1932 4057 (nec
1969 3987 2073 4043 du~

489 4072 641 4127 bium
664 4073 799 4142 quin
819 4083 1155 4131 memoratos
1174 4077 1357 4148 alios),
1392 4077 1564 4147 ipsam
1603 4094 1823 4149 quoque
1842 4079 2075 4137 Chalce-

487 4165 788 4223 donensem
826 4168 1097 4239 synodum
1147 4168 1454 4226 damnaret.
1482 4169 1753 4241 Opinatur
1805 4171 2075 4228 Baronius

490 4254 546 4312 id
578 4258 844 4328 scriptum
866 4275 898 4314 a
924 4259 1214 4317 Theodoro
1238 4262 1307 4318 de
1329 4263 1485 4318 Helia
1508 4279 1610 4333 per
1647 4279 1894 4319 errorem
1925 4282 1937 4318 :
1975 4264 2073 4320 sed

489 4351 829 4420 argumentis
856 4351 972 4406 suis
989 4366 1100 4406 non
1124 4351 1312 4421 edicit,
1338 4362 1399 4409 ut
1421 4354 1526 4425 ipsi
1547 4369 1741 4411 omnes
1763 4355 2071 4412 assentian-

491 4450 601 4497 tur.

1115 4557 1343 4616 CAPUT
1379 4559 1494 4616 XV.

488 4647 530 4702 Ι.
568 4645 1067 4726 Conversigjefum
1101 4651 1411 4726 Theodoreti
1441 4654 1516 4726 _ob
1557 4652 1842 4726 tumultum
1873 4652 2073 4726 Cyren-

554 4734 684 4796 sem.
717 4718 784 4782 li,
809 4718 1203 4796 lllJnducitur
1235 4723 1401 4796 ipsius
1434 4723 1614 4796 imago
1643 4718 2072 4796 Cyrum__trium-

556 4789 644 4859 phi
675 4788 959 4863 more._Fit
1003 4793 1219 4863 synaagis
1258 4788 1331 4863 ’ξπ
1354 4788 1709 4863 ίίρδὶιιεξὶηιᾱ
1741 4802 1792 4848 et
1840 4793 2070 4863 Nestorit'

557 4859 809 4930 martyris
837 4859 1105 4914 honorem.
1138 4861 1224 4914 1V.
1261 4859 1401 4914 Inde
1426 4865 1704 4916 commotio
1745 4864 1801 4916 in
1833 4861 2063 4919 Oriente.

556 4929 621 5003 νς
655 4929 955 5003 Imperator
977 4930 1338 5003 jubetiuquiji
1368 4930 1431 4983 de
1457 4948 1529 4984 re.
1552 4932 1629 4986 Vl.
1663 4932 1901 4986 Incertus
1924 4950 2070 5003 qum-

555 5000 1027 5071 stiopisueventus.
1104 5000 1223 5055 VII.
1268 5000 1488 5071 Tempus
1559 5009 1693 5055 actm
1777 5000 2064 5071 tragaidite.

564 5068 693 5123 Vlll.
742 5068 886 5124 Unde
928 5072 1303 5124 monachorum
1349 5068 1533 5142 religio
1574 5087 1700 5142 erga
1745 5068 2063 5126 Nestorium.

892 5157 968 5207 Ab
992 5172 1121 5208 anno
1145 5155 1325 5209 Christi
1349 5158 1441 5208 5l8
1469 5160 1527 5208 ad
1553 5160 1661 5209 527.

561 5249 603 5305 l.
638 5248 915 5311 Hactenus
939 5256 1232 5313 honestum
1262 5256 1444 5313 fuerat
1472 5257 1543 5313 ab
1575 5258 1643 5314 iis
1669 5258 1854 5314 vexari
1892 5259 2072 5314 Theo—

489 5339 670 5397 doreti
699 5354 921 5409 nomen,
951 5364 1188 5416 quorum
1220 5352 1472 5421 impietas
1501 5360 1631 5407 nota
1668 5360 1815 5409 esset
1848 5370 1860 5405 :
1895 5352 2071 5407 fuerat

490 5440 549 5488 et
584 5433 904 5503 gloriosum,
933 5453 1253 5496 communes
1301 5443 1412 5512 pali
1461 5459 1585 5500 cum
1626 5453 1812 5500 sancta
1859 5444 2070 5516 synodo

2176 432 2350 486 sancti
2388 432 2591 487 Leonis
2622 432 2923 503 apostolica
2956 430 3120 496 fides,
3157 429 3244 484 vel
3274 427 3532 482 Ecclesiae
3561 427 3760 481 catho-

2174 522 2293 576 lica:
2346 521 2598 576 definitio
2645 522 2928 577 miraculis
2979 528 3324 591 prapugnata
3380 527 3485 572 est.
3528 516 3759 582 Verum,

2173 615 2433 683 quoniam
2489 614 2660 668 animi
2690 654 2703 676 .
2764 621 3052 685 postquam
3112 609 3500 667 vehementius
3586 610 3761 665 sema

2174 706 2431 760 commoti
2460 714 2610 769 sunt,
2640 705 2732 758 vix
2779 720 2837 759 se
2881 704 3169 760 continent
3196 704 3338 757 intra
3379 700 3611 756 rationis
3638 716 3763 756 mo-

2173 796 2326 861 dum,
2361 796 2455 851 sed
2494 796 2701 866 impetu
2749 796 2865 865 rapi
2880 796 3069 851 solent
3107 794 3324 864 longius
3347 807 3512 863 quam
3539 778 3621 847 fas
3645 793 3759 846 sit:

2173 887 2404 957 contigit
2447 896 2506 942 ut
2549 887 2808 959 Cyrensis
2829 888 3010 941 clerus
3035 885 3382 955 populusque
3408 883 3764 938 scinderetur

2174 980 2227 1033 in
2260 988 2460 1050 partes,
2491 980 2635 1044 aliis,
2671 981 2888 1050 Opinor,
2923 977 3305 1048 sequentibus,
3333 975 3458 1030 aliis
3496 975 3763 1045 fugienti-

2174 1058 2278 1127 hus
2319 1071 2571 1142 Sergium
2605 1073 2948 1141 episcopum,
2981 1084 3145 1139 quem
3179 1067 3418 1123 Severus
3457 1065 3767 1121 Antioche-

2172 1179 2280 1217 nus
2322 1163 2788 1233 Eutychianorum
2826 1160 3256 1232 perditissimus,
3294 1166 3351 1214 et
3402 1158 3487 1213 sui
3516 1158 3764 1213 nominis

2174 1262 2345 1309 sectae,
2383 1263 2578 1309 auctor
2624 1254 2995 1308 ordinaverat.
3023 1250 3264 1322 Contigit
3293 1250 3459 1305 etiam
3488 1251 3507 1271 '
3543 1259 3605 1304 ut
3632 1264 3766 1320 pars

2174 1345 2349 1415 major
2373 1344 2753 1412 imprudenter
2798 1357 2856 1397 se
2905 1341 3248 1398 Nestorianis
3279 1339 3612 1411 quibusdam
3642 1347 3762 1392 tum

2172 1435 2479 1499 monachis,
2518 1444 2633 1490 tum
2663 1434 2898 1497 clericis,
2929 1433 3262 1504 adjunxerit.

2244 1526 2523 1581 incautam
2565 1525 2975 1580 multitudinem
3004 1523 3344 1595 impulerunt
3378 1522 3489 1577 duo
3527 1521 3585 1576 in
3634 1535 3764 1592 spe-

2175 1617 2315 1673 ciem
2349 1618 2582 1673 bonesta
2605 1635 2618 1671 :
2645 1616 2979 1672 Theodoreti
3011 1616 3278 1679 studium,
3301 1629 3464 1685 quem
3488 1612 3764 1685 Cyrenses

2126 1706 2147 1729 ’
2176 1727 2319 1783 pene
2342 1711 2669 1774 adorabant,
2691 1720 2745 1765 et
2784 1709 2975 1765 odium
3002 1709 3451 1771 Severianorum,
3492 1723 3521 1762 a
3553 1706 3763 1777 quibus

2176 1803 2414 1858 duarum
2470 1812 2793 1857 naturarum
2833 1809 3138 1857 assertores
3195 1801 3316 1857 dira
3379 1815 3559 1871 nuper
3610 1796 3761 1869 passi

2176 1904 2355 1951 erant.
2402 1895 2701 1965 Utriusque
2767 1894 3078 1950 affectionis
3133 1893 3451 1951 communio
3494 1892 3762 1950 suadebat

2177 1988 2335 2043 facile
2388 2002 2585 2057 puram
2633 2002 2757 2042 esse
2811 1985 3038 2042 sceleris
3086 1986 3231 2043 hanc
3285 1985 3625 2051 societatem,
3651 2000 3762 2055 qua

2176 2076 2381 2132 bellum
2413 2083 2702 2146 gereretur
2734 2076 2892 2146 quasi
2918 2090 3158 2139 sacrum,
3187 2083 3247 2131 et
3291 2090 3611 2130 communes
3660 2074 3762 2129 ho-

2177 2177 2290 2223 stes
2313 2165 2720 2236 frangerentur,
2744 2165 3035 2237 utriusque
3080 2173 3295 2220 natura:
3333 2165 3561 2220 baresis
3589 2164 3763 2220 elide-

2178 2267 2351 2314 retur.
2386 2316 2389 2317 ,

2250 2350 2316 2404 ll.
2337 2348 2598 2422 Cyrensis
2626 2350 2793 2421 igitur
2825 2347 3083 2404 Ecclesia:
3104 2345 3292 2402 clerici
3326 2345 3456 2411 duo,
3482 2345 3760 2401 Androni—

2177 2457 2277 2497 cus
2326 2442 2614 2513 presbyter
2652 2456 2719 2496 ac
2748 2439 3027 2504 defensor,
3065 2448 3123 2494 et
3156 2437 3427 2510 Georgius
3469 2437 3759 2503 diaconus,

2177 2542 2431 2588 auctores
2470 2532 2694 2587 fuerunt
2726 2530 3089 2594 multitudini,
3117 2540 3181 2586 ut
3220 2529 3652 2601 aggrederentur
3683 2527 3763 2583 fa-

2176 2624 2335 2678 cinus
2370 2623 2612 2679 audacia:
2643 2623 3045 2693 plenissimum.
3078 2620 3160 2691 Ad
3190 2621 3506 2677 audendum
3531 2620 3762 2693 juvabat

2176 2716 2423 2772 conditio
2476 2731 2685 2771 rerum.
2734 2715 2975 2772 Severus
3012 2715 3162 2771 enim
3187 2715 3257 2770 ab
3303 2714 3636 2786 imperatore
3662 2712 3763 2769 Ju-

2177 2807 2321 2863 stino
2350 2808 2643 2863 Antiochia
2679 2809 2889 2879 ejectus
2918 2806 3131 2879 fugerat
3166 2805 3583 2871 Alexandriam;
3620 2804 3763 2860 Pau-

2176 2900 2264 2956 lus
2295 2900 2531 2954 duarum
2557 2907 2880 2973 naturarum
2916 2909 3160 2955 assertor
3184 2899 3242 2954 in
3277 2898 3460 2954 locum
3499 2896 3761 2968 fugientis

2177 2992 2336 3061 217
2362 2999 2706 3046 successerat
2753 3009 2765 3045 :
2801 2990 2929 3045 inde
2978 2990 3178 3046 afﬂicta
3205 2989 3427 3058 quidem
3460 2996 3546 3044 est
3592 2987 3765 3058 Euty-

2176 3084 2500 3139 cliiauorum
2561 3081 2746 3146 factio,
2780 3097 2894 3135 non
2944 3090 3127 3138 tamen
3158 3089 3464 3152 prostrata;
3514 3078 3763 3133 animum

2177 3174 2323 3228 enim
2383 3188 2563 3244 nuper
2608 3174 2766 3243 quasi
2830 3172 3120 3245 tyrannide
3175 3173 3382 3229 elatum
3437 3168 3766 3226 continebat

2178 3267 2366 3336 potius
2399 3281 2565 3335 quam
2592 3265 2927 3336 deponebat.

2249 3357 2335 3411 lll.
2402 3357 2472 3413 Ut
2528 3355 2748 3411 afﬂictis
2786 3355 3119 3412 insultarent
3163 3353 3374 3419 clerici,
3424 3368 3564 3425 quos
3624 3351 3764 3418 dixi,

2177 3447 2510 3503 Theodoreti
2536 3448 2830 3518 imaginem
2857 3447 3049 3502 currui
3078 3447 3391 3518 impositam
3424 3445 3768 3516 triumphan-

2179 3541 2247 3595 tis
2276 3555 2430 3594 more
2466 3540 2521 3594 in
2551 3540 2829 3594 civitatem
2867 3539 3259 3604 introducunt;
3294 3538 3767 3595 circumfususest

2176 3628 2444 3698 plaudens
2466 3629 2725 3698 populus,
2750 3635 2809 3684 et
2846 3636 3178 3698 personante
3206 3628 3450 3699 epinicio
3469 3667 3484 3692 ,
3512 3625 3767 3698 procedit

2176 3735 2374 3790 pompa
2419 3720 2485 3774 ad
2527 3721 2815 3790 templum,
2867 3735 3080 3791 suoque
3129 3719 3329 3775 throno
3379 3719 3767 3775 Theodoretus

2175 3811 2515 3878 restituitur;
2548 3812 2863 3866 celebratur
2885 3813 3105 3883 synaxis
3130 3826 3287 3866 sacra
3317 3810 3372 3865 in
3404 3808 3761 3871 Theodoreti,

2176 3902 2535 3973 Diodorique,
2577 3913 2633 3958 et
2661 3903 2939 3958 Theodori
2964 3904 3267 3970 honorem;
3296 3902 3405 3957 imo
3433 3912 3490 3959 et
3518 3901 3763 3958 Nestorii

2174 3995 2432 4065 martyris
2484 3995 2544 4048 fit
2599 3996 2892 4060 memoria;
2939 4003 3200 4065 operatur
3246 3996 3440 4059 sacris,
3471 3992 3618 4063 quod
3670 3993 3763 4048 in-

2173 4070 2344 4140 nuere
2376 4085 2597 4139 videtur
2615 4085 2817 4140 Justini
2856 4085 3092 4153 sanctio,
3133 4086 3368 4155 ipsemet
3396 4083 3623 4153 Sergius
3641 4084 3764 4153 cpi-

2173 4188 2393 4243 sCOpus.
2419 4174 2560 4239 Quid
2585 4168 2731 4227 enim
2756 4190 2867 4227 non
2891 4173 3034 4228 ausit
3064 4172 3346 4243 popularis
3367 4172 3608 4236 vesania,
3632 4187 3761 4226 cum

2172 4263 2330 4319 furor
2357 4264 2679 4334 religionem
2705 4264 3043 4320 ementitur?

2103 4385 2149 4441 Β
2247 4354 2334 4409 ιν.
2373 4355 2507 4409 Tam
2558 4356 2815 4425 projecta:
2860 4355 3129 4421 audacize,
3159 4362 3432 4424 tantasque
3463 4353 3765 4425 impietatis

2175 4445 2390 4501 novitas
2409 4447 2707 4500 commovit
2734 4447 2953 4513 merito,
2974 4463 3084 4502 non
3117 4455 3327 4502 tantum
3354 4446 3578 4518 Cyrum,
3601 4445 3765 4515 cujus

2170 4538 2226 4591 in
2257 4536 2434 4591 oculis
2476 4552 2565 4592 res
2594 4538 2877 4608 agebatur,
2929 4539 3025 4594 sed
3058 4541 3244 4606 etiam,
3274 4540 3417 4595 fama
3474 4540 3761 4611 vulgaritr,

2170 4636 2341 4683 totam
2383 4628 2829 4700 Euphratesiam,
2863 4632 3022 4702 cujus
3056 4632 3356 4702 provincia:
3385 4646 3513 4702 pars
3535 4639 3619 4687 est
3651 4629 3762 4702 Cy-

2168 4736 2265 4775 rus
2306 4738 2319 4773 :
2347 4720 2458 4776 imo
2478 4731 2535 4777 et
2573 4721 2747 4792 ipsam
2776 4723 3148 4788 Antiochiam,
3182 4720 3763 4779 Orientalis'dimcesis

2174 4812 2411 4883 primam
2450 4812 2659 4879 sedem,
2691 4823 2858 4886 atque
2886 4815 3052 4872 etiam
3078 4814 3632 4886 Constantinopolim,
3658 4812 3766 4868 im-

2176 4904 2313 4973 perii
2341 4914 2526 4974 caput.

2245 4994 2350 5061 Qui
2399 4993 2598 5066 Cyrum
2635 4996 2969 5060 incolebant,
3010 4996 3337 5067 Eutychiani
3393 4996 3765 5051 communiter

2176 5094 2341 5155 atque
2387 5086 2657 5143 Catholici
2695 5098 3033 5143 curaverunt
3061 5104 3092 5142 a
3121 5087 3413 5144 defensore
3439 5096 3592 5158 gesta
3628 5102 3765 5142 θου-

2181 5176 2291 5240 lici,
2316 5192 2438 5245 quae
2469 5178 2538 5232 ad
2572 5179 2860 5247 praesidem
2903 5179 3204 5251 provincia:
3234 5174 3764 5236 maerentum-Eu-

2180 5265 2804 5339 tychianisingulariter
2837 5270 2905 5325 ad
2944 5272 3241 5342 primatem
3280 5270 3765 5342 Hierapolitanum

2177 5354 2245 5408 de
2271 5369 2329 5408 re
2355 5364 2466 5411 tota
2498 5359 2825 5414 retulerunt.
2864 5360 2916 5415 ls
2945 5354 3064 5417 erat
3098 5361 3339 5417 Xenaias
3362 5376 3458 5416 seu
3498 5359 3763 5415 Philoxe-

2176 5462 2282 5503 nus
2298 5447 2699 5518 Acephalorum
2726 5452 3117 5521 nequissimus.
3143 5451 3403 5509 Confecta
3441 5458 3570 5506 sunt
3589 5449 3763 5506 etiam

1827 5581 2148 5639 SCHULZII
2186 5580 2419 5636 NOT/E.

563 5668 607 5701 "
636 5670 755 5727 Li‘b.
784 5686 822 5728 lt
843 5671 977 5728 Hist.
1009 5668 1183 5725 cccles.
