4048 6174
385 231 493 296 [Si

1571 251 1931 312 HISTORIA
1971 256 2481 329 TIIEODORETI.

3548 284 3650 352 1Ϊο

306 346 325 389 ί
383 354 688 456 ξηξῖοίξδίε
712 365 885 428 895m,
913 358 1119 414 λυδίιίε
1148 358 1418 415 "mnibus
1438 360 1507 417 de
1534 363 1701 417 ωτιίο
1736 380 1965 419 numero
1995 372 2041 429 Α
2067 378 2314 443 consule,
2343 380 2410 434 ad
2454 380 2698 439 Orientis
2728 387 3042 456 praefectura
3081 390 3251 446 Sacra
3287 393 3645 454 scriberetur.

381 448 884 516 Stabilisianorum,
929 453 1024 521 qui
1080 452 1209 524 Cyri
1250 453 1505 520 aderant,
1534 454 1665 508 dum
1710 464 1968 526 ageretur

378 540 836 612 fabula;perlata
896 557 1026 600 sunt
1071 546 1130 600 in
1175 546 1372 603 urbem
1426 549 1629 620 regiam
1658 556 1715 603 et
1768 549 1884 604 haec
1910 561 1969 605 et

381 634 476 687 illa
510 651 522 685 :
556 634 778 690 additur
803 637 1181 704 Euphratesia:
1214 641 1510 709 provinciae
1559 641 1964 710 episc0porum,

376 728 663 797 ipsiusque
682 728 856 799 Sergii
882 729 1122 796 libellus,
1146 747 1257 801 quo
1278 732 1563 787 Nestorius
1591 732 1965 799 damnaretur,

378 830 436 873 et
467 829 705 888 quatuor
723 820 1088 875 conciliorum
1118 822 1256 876 fides
1284 823 1634 892 probaretur.

452 912 515 965 γ.
548 912 814 966 Perlectis
845 912 1124 977 omnibus,
1160 912 1464 983 imperator
1492 911 1968 984 praefectoOrien-

381 1003 455 1058 tis
487 1002 581 1057 dat
610 1002 923 1072 inquirendi
963 1005 1305 1070 mandatum,
1333 1012 1391 1059 et
1419 1005 1554 1058 illud
1574 996 1815 1073 quidem
1842 1019 1968 1057 ver-

378 1096 490 1161 bis,
526 1106 585 1149 ut
618 1112 715 1164 par
747 1104 884 1158 erat,
913 1096 1040 1150 fidei
1075 1097 1261 1151 studio
1286 1096 1526 1152 incensis
1562 1096 1624 1148 ⁷⁸.
1670 1114 1687 1146 ι
1721 1096 1799 1149 Ne
1832 1093 1969 1148 cmi-

376 1188 570 1241 nentia
594 1198 683 1240 tua
723 1198 967 1242 nostram
1008 1189 1391 1244 tantummodo
1422 1190 1613 1243 timeat
1636 1186 1968 1257 indignatio-

374 1295 531 1343 nem,
572 1278 668 1333 sed
700 1280 867 1334 etiam
914 1280 1012 1333 Dei
1058 1281 1236 1346 iram;
1268 1297 1380 1335 non
1406 1281 1553 1352 piget
1597 1295 1699 1334 nos
1738 1279 1969 1348 etjura-

381 1379 627 1425 mentum
656 1370 706 1424 ei
754 1370 1039 1440 imponere
1079 1372 1139 1425 in
1176 1372 1399 1426 nomine
1431 1371 1647 1427 Domini
1686 1379 1742 1425 et
1782 1368 1969 1423 Salva-

374 1461 520 1515 toris
539 1460 749 1516 Christi
776 1462 874 1516 Dei
910 1462 1105 1526 nostri,
1128 1461 1204 1516 ad
1233 1479 1399 1532 quem
1421 1463 1551 1517 talia
1575 1461 1874 1532 pertinent,
1908 1466 1968 1511 ut

381 1554 555 1623 ipsam
578 1554 866 1609 veritatem
901 1554 1146 1624 undique
1178 1556 1468 1625 requiras:
1502 1563 1559 1611 et
1585 1553 1859 1625 siquidem
1885 1551 1967 1605 in-

379 1648 672 1703 veniantur
708 1647 914 1703 milites
942 1664 1040 1718 per
1065 1650 1249 1703 munia
1275 1648 1408 1703 falsa
1451 1648 1674 1712 dixisse,
1695 1657 1756 1702 et
1783 1656 1964 1715 neque

374 1754 480 1808 pro
526 1739 784 1808 imagine,
816 1754 997 1808 neque
1047 1755 1148 1808 pro
1194 1740 1519 1795 collectione
1563 1754 1693 1795 vera
1730 1738 1954 1802 dixisse,

372 1841 490 1879 non
525 1836 735 1880 tantum
766 1842 859 1890 ea,
892 1842 1012 1896 quae
1050 1827 1106 1879 in
1144 1827 1460 1882 Nestorium
1485 1828 1826 1893 referuntur,
1858 1829 1956 1883 sed

372 1919 545 1973 etiam
572 1919 687 1983 illa,
721 1936 840 1987 qua:
864 1919 919 1973 in
946 1919 1359 1974 Theodoretum
1386 1929 1443 1976 et
1488 1921 1842 1977 Theodorum
1894 1938 1958 1977 ac

374 2007 697 2072 Diodorum,
733 2026 863 2063 mox
908 2009 1214 2065 fortissimo
1254 2027 1488 2067 numero
1532 2012 1846 2083 ejiciantur,
1901 2012 1956 2066 in

374 2115 487 2169 quo
518 2100 753 2155 militare
793 2110 1119 2164 noscuntur,
1142 2110 1199 2156 et
1245 2103 1505 2157 omnibus
1534 2105 1823 2159 tormentis
1865 2118 1959 2159 eo-

371 2207 500 2246 rum
523 2206 752 2261 corpora
784 2194 1124 2247 crucientur.
1155 2193 1211 2249 Si
1240 2203 1423 2249 autem
1448 2195 1738 2250 veritatem
1764 2196 1819 2251 in
1842 2196 1958 2251 suis

377 2281 818 2350 depositionibus
853 2283 1115 2349 dixerint,
1158 2284 1275 2338 sive
1298 2300 1399 2354 pro
1427 2285 1684 2356 imagine,
1710 2287 1824 2341 sive
1854 2302 1957 2357 pro

368 2374 699 2429 collectione
729 2375 814 2430 vel
845 2376 1110 2441 Nestorii,
1141 2376 1229 2431 vel
1255 2378 1493 2431 aliorum
1517 2377 1703 2443 trium,
1736 2377 1805 2433 de
1836 2394 1959 2432 om-

375 2464 541 2518 nibus
572 2465 733 2520 nobis
775 2481 1027 2537 suggere,
1063 2475 1126 2521 ut
1162 2482 1497 2537 cognoscere
1520 2469 1798 2539 possimus
1838 2484 1955 2533 eos,

372 2556 470 2625 qui
507 2557 560 2610 in
612 2573 797 2612 veram
825 2567 881 2612 et
919 2558 1349 2624 immaculatam,
1376 2577 1541 2630 quam
1573 2570 1629 2615 et
1673 2576 1774 2616 nos
1821 2562 1958 2616 coli-

375 2662 520 2710 mus,
579 2646 739 2701 fidem
783 2657 1175 2717 peccaverunt.
1219 2649 1297 2703 Ne
1336 2650 1469 2720 quid
1512 2661 1701 2705 autem
1747 2667 1815 2705 ex
1847 2652 1955 2715 his,

372 2754 497 2809 qua:
518 2754 548 2792 τι
574 2740 733 2793 nobis
763 2740 902 2793 lecta
944 2746 1094 2804 sunt,
1123 2748 1274 2794 tuam
1310 2743 1747 2813 magnitudinem
1792 2744 1961 2814 218

369 2828 575 2892 lateat,
615 2829 880 2898 iussimus
915 2829 1108 2884 eadem
1146 2839 1326 2901 gesta,
1366 2847 1490 2901 quae
1535 2832 1663 2904 Cyri
1710 2833 1959 2888 confecta

370 2928 526 2982 sunt,
562 2928 618 2973 et
657 2919 726 2973 ad
774 2935 875 2973 nos
915 2921 1116 2983 relata,
1147 2936 1251 2977 nec
1279 2938 1389 2977 non
1436 2924 1703 2993 rescripta
1740 2938 1954 2988 eorum,

2140 468 2273 523 Vlii.
2312 472 2429 528 Non
2469 476 2609 539 erit,
2639 478 2861 547 opinor,
2910 481 3151 537 alienum
3189 498 3221 538 a
3250 485 3371 541 loco
3409 490 3647 559 aperire,

2070 562 2215 615 unde
2240 575 2360 618 orta
2385 567 2456 621 sit
2490 570 2884 626 monachorum
2910 571 3272 631 Orientalium
3304 594 3432 651 erga
3455 581 3646 638 Nesto-

2070 654 2212 707 rium
2258 657 2473 727 religio,
2531 677 2641 730 qua
2702 663 3148 733 improbissimus
3188 668 3398 725 Christi
3447 672 3644 739 hostis,

2065 746 2222 814 quasi
2262 760 2469 822 martyr
2499 753 2649 817 fidei,
2675 764 2730 810 et
2767 757 2949 812 cultus
2984 759 3056 813 sit
3079 760 3207 814 olim
3228 801 3242 826 ,
3268 771 3324 815 et
3342 765 3645 820 etiamnum

2069 837 2281 892 colatur
2305 841 2379 895 ab
2403 843 2668 911 Ecclesia,
2687 849 2775 902 cui
2801 864 3003 904 nomen
3037 851 3183 906 fecit.

2149 929 2227 983 Et
2248 947 2357 1000 quo
2396 933 2611 1005 imperii
2635 939 2794 994 sedes
2811 941 3103 997 Antiochia
3126 942 3444 1015 Byzantium
3472 956 3652 1002 trans-

2068 1018 2177 1075 lata
2206 1033 2309 1088 est,
2346 1027 2577 1094 perfecit
2610 1031 2825 1085 artibus
2851 1031 2967 1087 suis
2999 1036 3156 1091 urbis
3183 1036 3347 1107 regiae
3382 1040 3644 1105 antistes,

2068 1118 2130 1163 ut
2158 1111 2502 1169 Antiocheno
2551 1119 2771 1186 praeiret
2798 1137 2811 1173 :
2855 1120 2981 1175 inde
3006 1130 3133 1176 nata
3158 1123 3388 1178 Asianos
3417 1125 3559 1179 inter
3588 1134 3647 1181 et

2064 1198 2375 1260 Orientales
2407 1205 2629 1262 invidia
2670 1210 2831 1278 plena
2858 1212 3135 1265 aemulatio
3165 1226 3180 1261 :
3208 1213 3336 1267 inde
3362 1214 3649 1285 episcopo-

2068 1312 2189 1350 rum
2226 1299 2390 1354 etiam
2426 1302 2479 1356 in
2518 1304 2789 1367 conciliis,
2822 1314 2878 1359 et
2905 1306 3149 1376 ipsorum
3184 1324 3402 1377 quoque
3426 1318 3645 1365 sancto-

2068 1401 2189 1439 rum
2234 1391 2630 1445 monachorum
2673 1393 2934 1463 frequens
2971 1395 3211 1450 scissio:
3256 1396 3382 1451 inde
3409 1397 3643 1453 Asiano—

2064 1491 2191 1530 rum
2234 1488 2355 1533 orta
2401 1480 2833 1550 impatientia,si
2876 1484 3097 1553 quando
3138 1500 3209 1539 ex
3249 1484 3643 1553 Orientalibus,

2067 1571 2368 1638 praesertim
2392 1573 2694 1637 monachis,
2720 1573 3388 1646 Constantinopolitanum
3411 1578 3465 1632 in
3490 1577 3646 1633 thro-

2066 1675 2199 1715 num
2236 1662 2436 1732 aliquis
2479 1664 2809 1719 eveheretur
2839 1683 2851 1718 :
2886 1667 3012 1722 inde
3043 1683 3154 1722 non
3192 1668 3416 1722 minima
3453 1683 3641 1736 causa,

2064 1769 2164 1808 cur
2180 1754 2607 1827 Chrysostomus
2640 1757 2861 1829 indigna
2903 1760 3140 1829 plurima
3179 1776 3371 1831 passus
3396 1761 3489 1827 sit,
3511 1770 3568 1816 et
3608 1775 3642 1815 ι

2059 1846 2175 1900 suis
2199 1846 2435 1913 clericis,
2460 1856 2516 1903 et
2542 1848 2610 1903 ab
2637 1849 2788 1903 urbis
2804 1852 3106 1907 monachis.

2153 1937 2533 1994 Antiochenus
2558 1949 2677 1995 erat
2705 1942 3027 2008 Nestorius;
3052 1942 3112 1996 in
3140 1943 3405 2013 Euprcpii
3444 1959 3636 2000 mona-

2060 2030 2230 2085 sterio
2264 2031 2568 2087 sanctitatis
2609 2034 2927 2104 opinionem
2967 2035 3297 2105 collegerat;
3324 2036 3556 2091 ﬂorebat
3581 2037 3637 2092 in

2058 2120 2398 2176 Antiochena
2426 2123 2691 2188 Ecclesia,
2712 2139 2837 2178 cum
2853 2124 3478 2195 Constantinopolitanaa
3501 2143 3641 2196 prte-

2058 2208 2237 2265 fectus
2273 2219 2385 2277 est;
2424 2211 2479 2266 id
2517 2228 2695 2283 neque
2737 2213 2990 2268 monachi
3038 2228 3218 2284 neque
3263 2215 3448 2269 clerici
3483 2216 3640 2271 urbis

2059 2301 2225 2373 regia:
2274 2317 2432 2371 aequo
2475 2302 2660 2357 animo
2702 2304 2968 2369 tulerunt,
3002 2305 3155 2358 velut
3193 2304 3279 2357 sui
3318 2313 3638 2376 contemptu

2060 2391 2286 2457 factum;
2315 2392 2773 2447 dissimulandum
2803 2403 2981 2448 tamen
3005 2393 3110 2447 fuit
3131 2403 3361 2463 propter
3383 2394 3631 2448 volunta-

2061 2490 2170 2536 tem
2192 2481 2480 2552 principis,
2496 2491 2551 2536 et
2577 2482 2921 2537 cohibendus
2942 2483 3287 2547 livor,donec
3305 2484 3531 2538 ultionis
3549 2499 3641 2537 oc-

2060 2573 2209 2627 casio
2225 2588 2283 2628 se
2301 2574 2475 2629 daret.
2494 2574 2697 2629 Verum
2719 2574 2809 2628 ubi
2835 2574 3071 2643 primum
3089 2573 3376 2628 Nestorius
3397 2572 3643 2642 prodidit

2060 2664 2335 2729 haeresim,
2382 2665 2494 2735 jam
2528 2681 2638 2719 non
2680 2680 2743 2719 se
2764 2664 3047 2719 continuit
3079 2664 3475 2718 monachorum
3509 2664 3645 2719 alie—

2056 2764 2204 2821 ‘ctus,
2232 2758 2397 2828 219
2430 2758 2527 2811 sed
2564 2756 2752 2811 divino
2790 2756 3056 2810 instinctu
3105 2763 3413 2809 commotus
3456 2754 3643 2823 erupit

2060 2850 2118 2904 in
2149 2862 2392 2921 apertam
2442 2850 2869 2906 dissensionem.
2903 2848 3092 2903 Sazviit
3126 2848 3415 2902 Nestorius
3458 2848 3511 2900 in
3545 2846 3639 2900 ad—

2060 2950 2385 2995 versantes:
2420 2940 2610 2994 iibello
2636 2940 2715 2993 illi
2746 2938 3030 3009 petierunt
3057 2938 3127 2992 ab
3162 2938 3493 3006 imperatore
3518 2935 3637 3006 cogi

370 3027 497 3081 qua:
531 3010 837 3065 Antiochia:
880 3014 1129 3068 confecta
1189 3022 1340 3077 sunt,
1372 3013 1476 3068 tibi
1522 3015 1844 3081 transmitti,
1895 3024 1956 3071 ut

2060 3031 2380 3096 concilium,
2412 3048 2522 3101 quo
2562 3031 2787 3086 haeresis
2828 3030 3185 3084 damnaretur
3216 3046 3229 3081 :
3261 3042 3375 3081 rem
3422 3041 3643 3096 promo-

370 3111 499 3173 post
535 3104 781 3161 confecta
826 3106 1033 3167 omnia,
1065 3120 1189 3175 quae
1228 3106 1516 3177 iussimus,
1562 3106 1762 3161 iterum
1797 3108 1959 3162 nobis

374 3193 733 3247 remittantur
761 3194 902 3263 ipsa,
931 3210 1057 3265 qua:
1094 3196 1150 3248 in
1196 3194 1340 3265 Cyro
1360 3194 1613 3249 confecta
1652 3202 1781 3250 sunt
1814 3214 1827 3249 :
1858 3212 1959 3266 pro

373 3285 479 3339 hac
512 3286 716 3340 etenim
748 3302 913 3340 causa
940 3286 1344 3341 destinavimus
1373 3286 1638 3341 Thomam
1668 3289 1948 3343 devotissi.

375 3393 525 3433 mum
559 3386 811 3448 agentem
839 3378 895 3431 in
934 3379 1100 3432 rebus
1126 3386 1184 3433 et
1226 3378 1607 3447 subadjuvam.
1650 3378 1845 3433 Latum
1883 3395 1956 3433 vn

376 3468 505 3526 ldus
543 3469 793 3539 Augusti,
825 3468 1327 3539 Constantinopoli,
1366 3468 1593 3522 Rustico
1634 3467 1699 3522 γ.
1724 3466 1785 3523 C.
1823 3482 1957 3523 con-

372 3562 511 3616 sule.
548 3580 567 3612 ι

445 3654 532 3707 Vl.
563 3653 704 3719 Quid
742 3663 1102 3709 consecutum
1133 3653 1229 3718 sit,
1260 3662 1354 3707 aut
1395 3668 1558 3722 quam
1609 3653 1803 3708 tulerit
1852 3653 1955 3708 Ju-

370 3744 569 3808 stinus,
604 3746 832 3814 perlatis
860 3746 927 3799 ad
978 3760 1040 3799 se
1086 3745 1274 3815 gestis,
1306 3746 1658 3809 sententiam,
1704 3744 1954 3813 ignotum

368 3844 459 3889 est
482 3852 496 3887 :
524 3835 785 3889 credibile
821 3844 1023 3900 tamen,
1052 3843 1150 3889 aut
1175 3850 1393 3889 causam
1429 3844 1548 3889 arte
1573 3835 1793 3903 politica
1817 3849 1951 3889 con-

368 3928 625 3996 sopitam,
650 3944 718 3982 ne
734 3928 865 3997 quis
886 3928 1240 3997 inquisitione
1270 3943 1399 3981 reus
1421 3927 1951 3997 deprehenderetur,

368 4033 536 4086 quem
566 4018 863 4073 innocuum
888 4017 1062 4071 videri
1086 4017 1383 4082 intererat;
1412 4024 1510 4070 aut
1535 4017 1952 4086 inquisitionem

369 4109 540 4178 gestis
572 4126 681 4164 non
706 4110 1003 4165 admodum
1032 4110 1377 4165 consensisse
1408 4127 1421 4163 :
1468 4126 1648 4180 neque
1686 4111 1833 4165 enim
1856 4110 1954 4166 Ju-

367 4201 644 4256 stinianus
695 4202 992 4271 imperator
1019 4202 1368 4271 neglexisset,
1394 4218 1495 4271 pro
1526 4218 1627 4256 suo
1652 4203 1822 4257 trium
1857 4218 1951 4259 ca-

369 4290 669 4360 pitulorum
708 4292 857 4355 odio,
888 4291 935 4345 si
977 4291 1112 4361 quid
1152 4292 1410 4347 acerbius
1455 4292 1755 4348 indicatum
1782 4302 1960 4362 esset,

2060 3121 2141 3175 vit
2170 3122 2393 3185 acriter,
2420 3130 2589 3189 atque
2619 3120 2783 3173 etiam
2822 3118 3056 3188 perfecit
3090 3116 3414 3181 Dalmatius,
3452 3131 3641 3172 mona-

2056 3213 2289 3268 chorum
2332 3211 2492 3265 urbis
2534 3210 2808 3264 exarchus
2840 3226 2853 3262 :
2888 3209 3133 3263 Orientis
3156 3225 3187 3264 e
3224 3209 3498 3263 contrario
3522 3224 3641 3262 mo-

2060 3304 2222 3359 nachi
2252 3303 2481 3373 Ephesi,
2508 3318 2617 3371 quo
2643 3300 3042 3365 conﬂuxerant,
3065 3316 3191 3355 cum
3215 3301 3406 3355 Patres
3432 3316 3637 3355 conve-

2059 3397 2263 3459 nirent,
2294 3411 2396 3466 pro
2445 3394 2702 3449 Nestorio
2754 3408 2856 3448 suo
2907 3393 3223 3447 tumultuati
3270 3400 3418 3457 sunt,
3467 3401 3519 3446 et
3562 3391 3637 3447 ita

2053 3489 2301 3559 quidem,
2325 3497 2387 3542 ut
2410 3488 2501 3541 vix
2527 3486 2957 3556 comprimendis
2991 3501 3151 3555 pares
3175 3495 3363 3539 essent
3383 3500 3507 3539 eum
3536 3485 3639 3538 mi-

2055 3580 2244 3634 litibus
2268 3579 2519 3635 comites.
2548 3579 2829 3648 Dejectum
2860 3577 3171 3632 Nestorium
3204 3576 3545 3631 reduxerunt
3568 3575 3636 3630 ad

2057 3672 2319 3743 Euprcpii
2360 3671 2795 3726 monasterium:
2830 3669 2885 3722 in
2914 3669 3018 3722 hoc
3059 3668 3151 3722 ille
3191 3680 3362 3722 annos
3399 3676 3639 3736 quatuor

2055 3765 2297 3835 integros
2319 3763 2518 3834 exegit,
2535 3762 2663 3816 inde
2687 3760 2930 3815 Orientis
2955 3759 3286 3812 monasteria
3309 3759 3634 3823 sollicitans,

2056 3867 2219 3927 atque
2246 3856 2412 3911 etiam
2456 3870 2582 3909 suas
2613 3854 2669 3908 in
2706 3862 2891 3923 partes
2918 3851 3217 3905 abducens.
3251 3849 3492 3904 Fallendi
3542 3865 3636 3904 ars

2053 3952 2192 4009 erat,
2226 3945 2311 3999 vel
2338 3960 2469 4007 una,
2508 3944 2594 3997 vel
2617 3940 3013 4003 efﬁcacissima,
3047 3939 3290 4008 pietatis,
3328 3940 3631 4008 patientiae,

2054 4051 2240 4090 rerum
2270 4036 2635 4088 humanarum
2686 4031 3061 4102 despicientiae
3093 4045 3155 4084 ac
3180 4031 3521 4101 pcenitentia:
3554 4032 3633 4086 af-

2052 4127 2251 4183 fectata
2292 4126 2524 4203 species.

2123 4218 2166 4272 E
2220 4215 2557 4271 monasterio
2600 4214 2921 4285 deportatus
2974 4210 3029 4266 in
3085 4210 3294 4276 Oasim,
3331 4225 3634 4281 perpessus

2053 4317 2137 4364 est
2173 4324 2294 4378 qum
2337 4307 2429 4361 vix
2480 4322 2721 4376 unquam
2770 4304 3173 4376 generosissimi
3217 4315 3485 4375 martyres
3522 4320 3536 4356 :
3568 4319 3632 4357 ea

372 4381 428 4435 id
453 4382 517 4435 ad
545 4382 736 4453 synodi
762 4384 952 4438 Patres
973 4385 1373 4449 transmittere,
1393 4400 1522 4441 cum
1546 4386 1742 4441 charta
1768 4386 1950 4441 Sacra:
1981 4383 2024 4439 D
2060 4397 2486 4453 lamenmbilitcr
2514 4396 2654 4450 mala
2679 4395 2954 4463 exposuit,
2979 4410 3086 4462 qua
3127 4394 3367 4461 pollebat
3391 4401 3507 4447 arte
3545 4393 3634 4445 di-

372 4488 405 4527 a
438 4474 651 4528 Iustino
676 4475 923 4544 scriptae,
950 4490 1118 4545 quam
1142 4491 1177 4529 e
1214 4476 1437 4531 scriniis
1480 4477 1731 4549 diligenti
1766 4477 1951 4533 studio

373 4566 536 4619 eruit.

448 4659 553 4713 νη.
588 4659 711 4714 Haec
752 4676 918 4729 porro
946 4661 1062 4716 sive
1108 4663 1395 4733 tragoedia,
1420 4664 1537 4719 sive
1590 4664 1793 4728 fabula,
1822 4664 1950 4736 Cyri

376 4758 493 4803 acta
518 4760 597 4804 est
616 4767 763 4805 anno
797 4751 1005 4806 Christi
1028 4753 1132 4808 519
1149 4762 1407 4820 exeunte,
1431 4755 1578 4825 quod
1606 4756 1949 4821 credibilius,

376 4850 471 4894 aut
492 4845 872 4912 consequentis
905 4845 1082 4909 initio,
1104 4861 1217 4915 quo
1246 4861 1393 4900 anno
1416 4847 1672 4901 Rusticus
1692 4849 1946 4903 consula-

376 4939 490 4984 tum
527 4935 694 5001 gessit
743 4951 755 4987 :
796 4951 977 5004 neque
1017 4936 1166 4990 enim
1213 4938 1396 5006 potuit
1439 4953 1602 4993 causa
1639 4947 1717 4993 tot
1755 4941 1943 5010 gestis,

375 5033 558 5091 totque
601 5026 858 5094 precibus
897 5035 953 5081 et
999 5027 1243 5083 libellis'
1290 5029 1578 5093 instructa,
1610 5030 1763 5085 brevi
1810 5041 1948 5087 tem-

376 5131 525 5184 pore,
557 5127 649 5173 aut
685 5118 1219 5192 Constantinopolim
1262 5123 1452 5177 venire
1484 5123 1628 5195 Cyro
1657 5132 1764 5179 tam
1813 5142 1945 5197 pro-

372 5218 463 5264 cul
494 5215 757 5280 distante,
784 5226 879 5271 aut
917 5217 973 5272 in
1000 5218 1125 5272 aula
1158 5218 1395 5287 negotiis
1431 5225 1655 5287 prepter
1686 5218 1945 5273 Vitaliani

370 5306 609 5359 consulis
637 5306 926 5362 factionem
956 5316 1011 5361 et
1048 5322 1263 5371 necem,
1295 5324 1417 5377 qum
1448 5324 1632 5363 mense
1664 5309 1811 5363 Julio
1853 5325 1946 5364 ac—

272 5386 290 5397 ’
372 5393 524 5458 cidit,
544 5397 1103 5468 iinpedita,eognosci,
1124 5406 1185 5453 ut
1209 5415 1279 5453 vu
1301 5400 1427 5455 idus
1445 5398 1697 5471 Augusti,
1713 5400 1941 5455 Rustico

2016 4490 2249 4546 .eendi:
2287 4487 2628 4543 miserabiles
2683 4486 2901 4539 litteras
2943 4484 3096 4537 dedit
3146 4483 3213 4537 ad
3255 4483 3629 4538 Theodosium

2050 4583 2463 4652 imperatorem,
2485 4587 2541 4633 et
2557 4576 2623 4632 ad
2641 4575 2932 4646 przrsidem
2955 4573 3274 4637 Thebaidis,
3301 4589 3440 4643 quas
3463 4573 3630 4627 etiam

2048 4674 2353 4727 amicorum
2405 4668 2711 4723 ministerio
2754 4681 2852 4736 per
2874 4664 3117 4720 Orientis
3156 4664 3415 4719 mandras
3444 4663 3629 4735 spargi

2050 4767 2281 4823 curabat
2334 4780 2347 4817 :
2406 4762 2744 4833 querebatur
2797 4774 2855 4814 se
2901 4757 3092 4813 exsilio
3141 4757 3366 4811 duriora
3414 4755 3548 4826 pati,
3595 4772 3630 4810 a

2054 4856 2334 4912 Blemmiis
2385 4855 2648 4924 primum,
2705 4850 2831 4906 Oasi
2884 4859 3114 4912 vastata,
3161 4849 3215 4902 in
3253 4848 3628 4917 captivitatem

2054 4949 2351 5004 abductum
2370 4987 2385 5007 ,
2410 4960 2535 5000 mox
2556 4943 2860 4998 Nomadum
2888 4950 3039 4995 metu
3065 4939 3350 4993 dimissum
3374 4938 3627 5007 Panopo-

2053 5036 2146 5090 lim
2172 5034 2408 5095 venisse,
2449 5031 2575 5086 inde
2620 5029 3035 5098 Elephantinam
3079 5035 3347 5095 raptatum
3379 5043 3408 5081 a
3435 5027 3627 5082 militi-

2055 5127 2180 5191 bus,
2213 5135 2329 5179 tum
2362 5123 2649 5177 reductum
2675 5116 3015 5187 Panopolim,
3041 5119 3391 5186 postmodum
3431 5117 3627 5173 detru-

2046 5232 2170 5271 sum
2196 5216 2249 5270 in
2278 5215 2517 5269 vicinum
2550 5208 2840 5278 Panopolis
2872 5208 3079 5272 locum,
3109 5207 3347 5280 denique
3386 5209 3440 5264 in
3462 5226 3625 5280 quar-

2053 5319 2168 5363 tum
2204 5304 2458 5362 exsilium
2503 5302 2760 5371 ejectum,
2805 5313 2931 5354 cum
2983 5314 3095 5354 uno
3124 5300 3417 5357 damnatus
3453 5310 3623 5357 esset.

2118 5398 2288 5452 Tanta
2322 5392 2665 5450 miseriarum
2716 5390 3071 5454 νρνθθςετήε
3120 5402 3230 5449 tam
3277 5393 3529 5450 ﬂebiliter
3554 5393 3621 5448 ab

1760 5553 2075 5612 SCHULZII
2115 5551 2342 5608 NOTAE.

450 5667 489 5692 Ν
518 5688 638 5743 'v'id.
673 5690 861 5760 synodi
890 5708 941 5755 v,
974 5691 1156 5747 collat.
1184 5689 1239 5746 8.

610 5784 879 5843 Parnm“
926 5788 1045 5845 (in.
1092 5782 1411 5844 LXXXIV.
