4054 6138
434 202 542 271 ’171

1580 196 1958 257 GARNERII
1996 196 2489 257 DISSERTATIO
2528 198 2576 258 Ι.

3606 194 3702 260 172

440 312 896 386 eloquentissimo
947 309 1152 364 misero
1208 306 1485 377 exposita,
1548 321 1578 361 a
1631 305 2028 375 potentissimis
2057 300 2102 370 Α
2131 306 2322 376 Opinio
2364 306 2433 362 de
2464 306 2757 361 sanctitate
2784 305 3019 361 Nestorii
3042 345 3057 369 ,
3114 314 3175 358 ut
3212 302 3538 360 saeculorum
3570 306 3704 361 ιιιιυ-

441 404 754 461 fautoribus
786 400 1137 471 ampliﬁcata,
1165 415 1193 452 ξι
1243 398 1378 452 viris
1429 397 1483 452 in
1530 398 1768 467 speciem
1822 397 2026 453 sanctis

444 494 699 559 laudata,
756 493 968 547 inﬂexit
1036 490 1258 546 tandem
1337 488 1683 559 imperatoris
1746 489 2023 555 animum;

446 600 617 656 quare
657 584 905 653 permisit
952 582 1230 636 hominem
1274 580 1343 634 ab
1368 580 1565 634 exsilio
1600 580 1849 636 redire”
1884 598 1897 634 :
1930 581 2026 635 sed

444 676 620 742 senio,
652 675 1062 731 calamitatibus
1110 681 1166 727 et
1209 673 1472 727 airumnis
1522 672 1578 726 in
1613 672 1701 726 via
1744 671 2028 727 confectus

446 774 551 830 est,
591 767 701 821 Deo
734 766 1031 820 damnante
1068 763 1430 834 irreligiosam
1478 763 1773 819 Theodosii
1809 764 2028 819 miseri-

424 856 713 919 ,cordiam.

524 948 649 1003 Ilaec
685 961 810 1001 cum
872 946 927 999 in
954 943 1081 1000 Oasi
1123 944 1410 1000 Nestorius
1444 952 1743 1014 pateretur,
1785 960 1817 999 a
1853 944 2033 999 Theo-

448 1037 645 1092 doreto
670 1037 725 1090 in
772 1034 999 1093 Oriente
1041 1034 1443 1105 praedicabatur
1463 1035 1614 1089 velut
1652 1034 2033 1090 sanctissimus

445 1128 575 1185 ﬁdei
608 1128 887 1193 defensor,
932 1146 949 1179 ι
982 1127 1077 1197 qui
1108 1127 1246 1182 nihil
1277 1135 1476 1197 praeter
1500 1141 1687 1180 sanam
1726 1126 2032 1180 doctrinam

448 1222 697 1277 novisset
736 1229 793 1275 et
820 1219 1128 1286 docuisset;
1170 1218 1264 1289 qui
1292 1233 1404 1288 prae
1434 1217 1637 1288 Cyrillo
1665 1217 1930 1271 innocens
1953 1216 2035 1272 fo-

432 1320 553 1376 ret,
587 1319 645 1365 et
675 1310 838 1365 morti
866 1317 1048 1364 tamen
1089 1308 1435 1372 traderetur;
1478 1322 1644 1376 quem
1680 1306 1815 1359 socii
1849 1316 2034 1375 pasto-

446 1416 537 1457 res
582 1401 808 1456 calamis
850 1398 1217 1464 oceidissent;
1270 1412 1433 1466 quem
1474 1396 1672 1451 laedere
1724 1410 1833 1449 non
1886 1394 2035 1450 aliud

443 1490 612 1556 foret,
637 1506 803 1562 quam
837 1491 1098 1561 pietatem
1132 1489 1305 1558 ipsam
1327 1486 1559 1541 violare.
1586 1504 1605 1538 ›

515 1582 1001 1653 Exaggerabantur
1052 1578 1325 1651 ejusmodi
1359 1578 1551 1633 Iaudes
1600 1593 1631 1631 a
1692 1578 1814 1633 viro
1864 1578 2037 1633 totius

434 1673 690 1730 Orientis
723 1672 1196 1745 eloquentissimo,
1227 1679 1283 1724 et
1326 1669 1383 1723 in
1426 1670 1787 1725 concionibus
1825 1670 2026 1741 palam,
2066 1665 2105 1716 Β

444 1772 502 1819 et
544 1765 601 1818 in
626 1763 1014 1834 congressibus
1042 1761 1187 1832 apud
1218 1760 1598 1816 sanctissimos
1630 1776 1878 1832 quosque
1907 1776 2026 1815 mo-

443 1854 673 1910 nachos.
714 1853 949 1924 Cyrillus
988 1861 1181 1907 contra
1225 1852 1514 1908 dicebatur
1539 1854 1584 1884 ⁸⁰
1620 1872 1638 1902 ‹
1676 1852 1732 1906 in
1772 1852 2029 1922 blasphe-

441 1958 561 1998 mas
605 1957 669 1998 ac
700 1941 898 2012 impias
931 1957 1095 1997 voces
1134 1942 1420 2012 erupisse,
1475 1956 1764 1997 revocasse
1817 1941 2028 1996 dudum

439 2034 769 2090 exstinctam
819 2031 1146 2104 Apollinarii
1201 2033 1423 2088 inanem
1469 2032 1631 2088 simul
1690 2040 1748 2088 et
1802 2032 2025 2103 impiam

440 2125 755 2181 doctrinam
776 2165 791 2191 ,
820 2126 1128 2181 aulicorum
1164 2126 1396 2197 gratiam
1425 2139 1717 2179 munerum
1749 2124 2026 2194 pollicita-

438 2217 594 2272 tione
642 2216 964 2282 redemisse,
1012 2216 1066 2270 in
1113 2217 1349 2272 concilio
1397 2216 1535 2271 nihil
1572 2232 1684 2271 non
1721 2216 2027 2271 Memnonis

441 2324 545 2380 0pc
584 2325 681 2379 per
726 2310 835 2365 vim
863 2309 1062 2380 egisse,
1094 2310 1384 2379 episcopos
1411 2310 1480 2363 ad
1513 2308 1887 2364 damnandum
1915 2307 2025 2362 Ne-

441 2399 677 2454 storium
713 2399 852 2454 alios
885 2413 1020 2454 auro
1048 2399 1298 2463 traxisse,
1338 2399 1478 2453 alios
1506 2406 1656 2453 metu
1698 2396 1960 2469 coegisse.
1999 2414 2018 2448 ›

527 2490 692 2560 220
720 2490 842 2545 Haec
869 2498 924 2543 et
949 2489 1053 2545 alia
1085 2505 1212 2544 cum
1240 2489 1437 2545 callide
1466 2498 1879 2560 spargerentur,
1908 2503 2027 2544 cre-

442 2581 717 2637 debantur
740 2580 921 2644 facile,
942 2581 1248 2650 praesertim
1277 2580 1347 2635 ab
1378 2580 1466 2642 iis,
1493 2582 1586 2650 qui
1615 2580 2025 2634 Theodoretum

440 2671 835 2742 suspiciebant,
869 2671 1020 2725 velut
1070 2670 1323 2725 doctrina
1363 2685 1690 2739 morumque
1737 2669 2024 2725 sanctitate

440 2762 579 2819 nulli
610 2762 914 2817 secundum
945 2780 958 2815 :
988 2763 1367 2833 suspiciebant
1392 2777 1526 2819 vero
1562 2762 1909 2817 anachoretae
1944 2762 2024 2816 illi

438 2851 651 2917 eximii,
684 2867 751 2907 ex
807 2866 1045 2922 quorum
1096 2859 1232 2907 nutu
1269 2852 1583 2922 pendebant
1628 2852 2025 2907 monachorum

424 2941 772 3006 voluntates,
814 2943 1258 3012 populorumque
1277 2942 1507 3013 judicia.
1538 2941 1868 3012 Opinionem
1908 2952 2026 2998 tan-

2131 397 2311 453 decim
2328 396 2483 468 lapsu
2502 412 2611 451 non
2628 396 2931 463 efﬂuxerit;
2961 397 3071 450 imo
3087 395 3295 465 plures,
3312 408 3452 464 quos
3466 408 3708 452 recenset

2131 489 2187 543 in
2207 503 2308 544 suo
2318 487 2578 559 Catalogo
2595 489 2960 551 llebed-Jesu,
2973 487 3351 542 defensionem
3361 487 3483 557 ejus
3494 485 3707 558 Syriaco

2130 579 2455 649 scripserint
2479 597 2491 633 :
2520 595 2627 635 una
2646 587 2797 635 certe
2820 578 3183 634 Orientalium
3205 577 3709 641 Ecclesiarummt»

2130 672 2259 727 stris
2289 671 2594 726 etiamnum
2626 670 3005 740 temporibus,
3045 671 3166 740 ejus
3193 668 3417 724 nomine
3450 669 3709 740 gloriatur

2128 761 2357 831 ejusque
2399 760 2741 825 doctrinam,
2793 761 2924 815 licet
2957 761 3307 830 aliquatenus
3330 768 3706 830 temperatam,

2130 851 2404 920 sequitur.

2729 941 2953 998 CAPUT
2991 942 3129 997 XVI.

2131 1052 2174 1106 I.
2210 1051 2393 1128 Status
2424 1069 2598 1128 rerum
2637 1054 2938 1128 imperante
2981 1054 3515 1128 Jz_:st4t_nian0.rll._Ad
3546 1059 3710 1128 ipsum

2207 1124 2467 1198 legatione
2498 1124 2739 1198 fungitur
2769 1123 3224 1198 sanctus_$_abbus.
3256 1127 3345 1181 llI.
3380 1126 3518 1191 Quid
3551 1123 3710 1198 egerit

2204 1209 2324 1265 cum
2373 1193 2642 1265 Theodoro
2693 1194 2963 1265 Augusta.
2986 1195 3074 1250 IV.
3112 1194 3270 1265 Origo
3317 1193 3621 1265 questionis
3650 1200 3711 1253 da

2207 1262 2370 1332 tribus
2419 1263 2689 1332 capitulis.
2728 1262 2793 1318 νζ
2847 1262 3075 1318 Collatia
3129 1262 3269 1319 inter
3320 1262 3614 1322 Catholicos
3665 1280 3711 1324 et

2206 1331 2538 1396 SeverianOs,
2568 1334 2653 1386 ubi
2687 1342 2863 1387 actum
2887 1334 2952 1386 de
2975 1335 3312 1389 Theodoreto.
3335 1337 3422 1391 VI.
3447 1336 3709 1392 Theodoro

2208 1402 2346 1472 favet
2376 1401 2701 1467 Severianis,
2733 1412 2779 1456 et
2824 1405 3042 1458 molitur
3086 1406 3143 1458 in
3193 1422 3427 1460 errorem
3469 1408 3712 1462 inducere

2208 1482 2374 1548 totam
2397 1472 2984 1548 Ecclesiam_._\jll_._Q_uw
3012 1475 3168 1548 fuerit
3179 1476 3333 1548 .VIII.
3364 1477 3428 1531 Et
3456 1480 3710 1548 quomodo

2207 1542 2482 1616 dominata
2517 1544 2647 1597 orbi.
2665 1543 2778 1616 _IX.
2804 1542 2921 1598 Vult
2949 1542 3188 1616 omnibus
3208 1542 3497 1616 majoribus
3516 1550 3711 1603 throni:

2208 1629 2328 1686 suos
2357 1615 2644 1686 imponere.
2664 1612 3314 1686 X.antantinopolitana:
3340 1614 3585 1671 Ecclesia:
3607 1617 3714 1671 An-

2211 1682 2728 1756 thiptnmrprazﬁcit.
2791 1683 2882 1738 X-I.
2954 1682 3106 1739 Hunc
3160 1688 3428 1756 Agapetus
3484 1687 3709 1742 abdicat.

2207 1751 2327 1828 XII.
2358 1751 2606 1828 Vigilinm
2632 1763 3109 1828 auro__c_o_rrnptum
3144 1751 3403 1828 tentatin
3422 1758 3563 1828 ‘sedc
3586 1775 3712 1828 apo-

2205 1822 2391 1897 stoliCa
2421 1822 2710 1897 collocare.
2737 1822 2883 1897 XIII.
2915 1822 3039 1879 Ideo
3081 1825 3234 1895 jubet
3264 1826 3381 1897 ιαῙίσὶ
3410 1822 3708 1897 Silam-ium.

2205 1894 2295 1965 qui
2330 1894 2540 1947 tandem
2569 1894 2792 1965 miseriis
2825 1894 3161 1965 consumptus
3192 1894 3592 1953 moritur.Y.IV.
3632 1897 3712 1951 Vi-

2204 1963 2364 2035 gilins
2403 1967 2700 2035 exintruso
2730 1963 2794 2035 ﬁt
2824 1962 3088 2034 legitimus
3127 1966 3383 2035 pontifex.
3415 1967 3529 2020 XV.
3564 1967 3709 2020 Alias

2208 2034 2438 2104 majores
2462 2033 2725 2088 Ecclesiae
2742 2033 2900 2102 221
2922 2047 3109 2104 regunt
3128 2033 3404 2090 Catholici.
3427 2036 3714 2091 XVI.Pauc

2210 2102 2301 2159 lus
2337 2102 2733 2176 Alexandrinus
2762 2102 3059 2176 deponitur.
3101 2105 3263 2159 XVII.
3309 2106 3346 2160 Α
3397 2107 3713 2176 depositione

2138 2184 2145 2190 ‘
2206 2182 2469 2228 revertens
2496 2172 2744 2245 Pelagius
2776 2172 2988 2245 adducit
3015 2176 3293 2229 monachos
3317 2176 3378 2229 de
3407 2172 3713 2245 Origenistis

2238 2254 2498 2315 nectores,
2514 2251 2563 2315 et
2582 2241 2647 2296 de
2662 2243 2927 2315 Theodoro
2944 2241 3256 2315 Cappadoce
3267 2246 3473 2315 Pelagii
3500 2241 3712 2302 aemulo.

2256 2314 2391 2368 VlIl.
2443 2313 2702 2385 Pelagius
2739 2313 2971 2385 incendit
3030 2313 3416 2385 imperatorem
3464 2318 3715 2370 adversus

2202 2382 2547 2455 Origenistas.
2580 2371 2726 2455 XIX.
2781 2371 3125 2455 Damnantui'
3175 2385 3280 2450 illi,
3328 2383 3515 2440 silente
3554 2385 3716 2439 Theo.

2203 2453 2351 2517 doro,
2376 2454 2467 2506 sed
2493 2453 2775 2506 vindictam
2802 2453 3108 2507 meditante.

2528 2564 2602 2614 Ab
2626 2578 2753 2614 anno
2786 2562 2965 2615 Christi
2991 2566 3081 2615 527
3103 2566 3164 2617 ad
3190 2566 3272 2616 5H
3291 2602 3307 2618 .

2118 2722 2121 2723 ν
2201 2669 2253 2721 1.
2281 2667 2482 2739 Sopita:
2512 2668 2686 2724 videri
2729 2680 3029 2740 potuerunt
3052 2670 3107 2726 in
3135 2670 3294 2743 Syria
3316 2670 3512 2736 turbae,
3531 2687 3716 2742 quan-

2132 2760 2226 2815 diu
2257 2761 2510 2816 Justinus
2544 2763 2841 2832 imperium
2884 2763 3141 2829 retinuit,
3183 2763 3281 2820 sed
3323 2764 3509 2819 statim
3549 2772 3713 2835 atque

2132 2853 2267 2909 illud
2301 2854 2613 2909 Iustiniano
2648 2855 2898 2920 tradidit,
2932 2865 3156 2927 repente
3180 2856 3575 2911 tumultuatum
3596 2864 3714 2921 est,

2132 2961 2308 3017 eoque
2336 2947 2724 3003 vehementius
2760 2948 3019 3002 commoti
3053 2948 3242 3013 animi,
3272 2963 3385 3019 quo
3411 2949 3536 3018 plus
3574 2946 3723 3004 acri-

420 3040 552 3088 .tam
614 3033 947 3089 conciliabat
999 3034 1351 3089 Theodoreto
1400 3034 1664 3105 frequens
1707 3043 2023 3090 sanctorum
2053 3026 2094 3082 C
2132 3036 2327 3091 monize
2373 3036 2676 3107 compressi
2722 3038 3082 3108 collegerant,
3106 3053 3326 3107 quoque
3355 3039 3719 3108 opportunior

422 3127 711 3198 ejusmodi
757 3128 1037 3193 salutatio,
1066 3129 1211 3194 vitm,
1235 3144 1398 3199 quam
1433 3138 1679 3201 agerent,
1712 3130 2023 3193 admiratio,

440 3217 546 3289 pile
597 3219 886 3290 cujusdam
936 3218 1159 3275 invidia:
1204 3221 1389 3289 plena,
1440 3220 1717 3291 colloquia
1756 3220 1824 3274 de
1860 3220 2028 3274 rebus

439 3307 645 3363 divinis
668 3309 878 3365 fervida
898 3324 963 3364 ac
982 3325 1125 3379 pene
1141 3309 1416 3374 ardentia,
1440 3325 1669 3379 precum
1688 3310 2021 3379 imploratio,

422 3408 498 3456 .et
526 3401 674 3470 quod
704 3401 791 3455 vel
840 3416 1071 3470 superos
1113 3408 1330 3470 tangat,
1367 3401 1677 3469 conscripta
1720 3401 2025 3455 viventium

436 3507 664 3562 quoque
706 3491 964 3557 historia,
995 3494 1010 3510 ⁶
1042 3491 1348 3567 etquidem
1384 3492 1681 3562 ejusmodi,
1720 3507 1842 3562 qua:
1884 3509 2024 3563 prte-

422 3582 589 3636 clara
608 3588 948 3651 exaggeratae
982 3580 1204 3637 virtutis
1233 3582 1486 3650 exempla
1516 3582 1812 3638 verborum
1843 3583 2025 3653 splen-

424 3670 576 3737 ;dore
604 3671 931 3737 illustraret,
967 3686 1030 3725 ac
1051 3686 1191 3741 pene
1228 3679 1492 3741 atquaret.

511 3762 652 3818 Hinc
689 3771 879 3818 exorta
920 3762 1317 3817 monachorum
1351 3763 1700 3819 orientalium
1737 3764 1790 3819 in
1824 3764 2021 3819 Nesto-

430 3849 585 3904 rium
618 3849 939 3920 pr0pensio,
969 3849 1268 3921 opinioque
1313 3860 1483 3919 tanta,
1515 3862 1576 3907 ut
1613 3854 1858 3909 defuncti
1893 3855 2023 3910 reli-

423 3940 598 4010 equias
626 3940 878 3995 nonnulli
909 3940 1313 4010 conquisierint
1345 3942 1424 3996 ad
1472 3944 1703 3999 cultum.
1739 3943 1902 4001 Certe
1929 3960 2023 4002 eo-

436 4047 561 4086 rum
595 4042 662 4086 ex
691 4047 927 4087 numero
956 4032 1203 4097 fuerunt,
1231 4033 1325 4103 qui
1366 4037 1706 4091 tumultuose
1737 4037 1907 4091 semel
1939 4045 2021 4091 at-

418 4138 544 4192 .que
565 4123 768 4177 iterum
800 4123 858 4177 in
887 4124 1121 4178 concilio
1146 4123 1601 4192 Chalcedonensi,
1632 4142 1815 4183 coram
1842 4127 2017 4198 impc-

420 4222 619 4268 a~atore
667 4213 944 4269 Marciano
999 4214 1401 4286 Pulcheriaque
1455 4219 1723 4291 Angusta,
1761 4220 2019 4276 Patrihus

422 4305 725 4359 anathema
749 4305 1180 4362 inclamantibus
1208 4308 1486 4375 Nestorio,
1513 4312 1904 4380 reclamarunt,
1928 4316 2013 4369 vi-

426 4407 559 4449 rum
581 4395 992 4450 sanctissimum
1036 4397 1382 4453 anathemate
1423 4402 1666 4469 percelli.
1698 4423 1716 4454 ι
1756 4403 1813 4457 ld
1842 4413 2013 4461 testa-

432 4493 547 4551 tur,
577 4486 856 4545 referente
882 4487 1119 4559 Evagrio
1145 4490 1211 4552 δι,
1242 4489 1567 4546 Eustathius
1593 4493 1888 4565 cpiscopus
1915 4496 2017 4551 Bc-

429 4574 540 4647 ryti
561 4577 617 4630 in
662 4576 887 4642 litteris,
924 4593 1062 4647 quas
1096 4578 1165 4633 ad
1194 4579 1461 4635 Joannem
1487 4582 1830 4654 episcopum,
1860 4596 1917 4641 et
1942 4587 2010 4642 ad

428 4666 667 4722 alterum
688 4667 957 4724 Joannem
990 4670 1375 4740 presbyterum
1410 4672 1479 4727 de
1515 4675 1685 4730 rebus
1722 4677 1778 4732 in
1801 4679 2013 4749 synodo

428 4757 604 4827 gestis
641 4758 883 4828 scripsit.
925 4758 1314 4824 Occurrentes,
1358 4762 1556 4834 inquit,
1585 4765 1769 4822 denuo
1805 4770 1864 4823 'ii
1915 4771 2009 4840 qui

424 4848 667 4905 Nestorii
693 4850 956 4921 reliquias
991 4855 1362 4921 postulabant,
1393 4868 1581 4914 contra
1620 4865 1888 4934 synodum
1917 4881 2014 4920 vo-

422 4938 647 4996 ciferati
673 4951 841 4997 sunt:
879 4942 996 5008 Qua
1027 4945 1092 4999 de
1125 4962 1287 5002 causa
1317 4951 1418 5004 viri
1461 4955 1634 5006 sancti
1667 4955 2009 5009 anathemate

427 5033 804 5089 damnantur!
832 5036 974 5092 adeo
1004 5047 1065 5093 ut
1112 5038 1413 5111 imperator
1451 5043 1828 5115 indignatione
1859 5063 2010 5102 com-

418 5135 611 5182 motus
638 5127 1034 5197 prolictoribus
1055 5133 1174 5188 suis
1205 5134 1567 5202 mandaverit,
1601 5144 1660 5191 ut
1687 5152 1784 5192 eos
1813 5139 2007 5208 procul

416 5220 787 5287 expellerent.
827 5240 845 5274 ι

498 5309 632 5367 Tam
655 5310 766 5366 alte
790 5327 954 5380 porro
976 5314 1182 5371 insedit
1203 5319 1570 5387 quorumdam
1595 5323 1792 5378 animis
1819 5324 2007 5379 isthmc

2130 3126 2244 3182 visa
2267 3137 2353 3183 est
2386 3129 2630 3184 motibus
2660 3131 2940 3186 successio
2987 3130 3322 3201 principum.
3357 3131 3715 3187 Justinianus

2127 3218 2276 3272 enim
2302 3219 2630 3289 jampridem
2653 3220 2915 3276 audiebat
2933 3222 3242 3277 acerrimus
3265 3222 3459 3293 synodi
3483 3223 3716 3279 Chalce-

2126 3306 2411 3372 donensis,
2442 3323 2748 3379 eorumque
2772 3311 2933 3371 adeo,
2963 3326 3105 3381 quos
3129 3313 3372 3383 synodus
3390 3314 3713 3383 recepisset,

2129 3396 2407 3462 defensor,
2434 3400 2580 3454 unde
2604 3408 2660 3454 et
2688 3399 2960 3472 Synodita:
2990 3419 3193 3459 nomen
3224 3405 3313 3458 vel
3336 3420 3366 3458 a
3394 3405 3601 3475 populo
3618 3419 3718 3459 acu

2127 3496 2462 3556 ceptavcrat,
2483 3490 2568 3545 vel
2622 3490 2667 3544 si
2709 3492 2989 3548 credimus
3037 3494 3292 3565 Evagrio,
3339 3495 3712 3551 all‘ectaverat.

2196 3579 2261 3633 Il.
2294 3580 2450 3637 Tunc
2481 3582 2650 3653 igitur
2677 3583 2825 3639 vires
2863 3595 3303 3656 resumpserunt,
3326 3588 3420 3658 qui
3454 3589 3711 3643 Theodo-

2123 3672 2228 3727 reti
2286 3681 2490 3743 partes,
2524 3676 2731 3746 quique
2766 3678 3003 3733 Nestorii
3048 3679 3425 3749 sequebantur
3462 3680 3711 3736 :eaedem

2124 3766 2272 3822 enim
2300 3777 2431 3823 tunc
2449 3768 2704 3837 creditae;
2727 3770 3002 3841 siquidem
3032 3773 3338 3828 invaluerat
3361 3775 3528 3830 stulta
3556 3790 3713 3845 qum—

2123 3858 2271 3925 dam,
2313 3860 2428 3915 sive
2472 3869 2813 3931 temporum,
2858 3865 2972 3919 sive
3011 3865 3709 3934 p0pulorum.credulitas,

2122 3958 2424 4020 utrumque
2447 3954 2729 4007 communi
2767 3954 2972 4009 invidia
3007 3956 3261 4011 laborare
3291 3974 3305 4010 :
3335 3965 3497 4026 atque
3530 3956 3584 4011 id
3608 3956 3713 4011 fuit

2123 4042 2180 4099 in
2209 4057 2396 4111 causa,
2417 4057 2518 4097 cur
2544 4053 2767 4100 sanctus
2794 4044 3005 4100 Sabbas
3026 4048 3093 4111 ⁸⁸,
3132 4064 3256 4101 cum
3282 4048 3553 4119 legatione
3580 4049 3713 4104 Hie-

2122 4133 2493 4205 rosolymitani
2545 4136 2808 4190 antistitis
2836 4136 2906 4191 ad
2934 4137 3305 4193 Iustinianum
3364 4139 3707 4211 fungeretur,

2122 4231 2411 4294 postquam
2442 4227 2690 4281 exoravit
2718 4226 3161 4284 Christianorum
3203 4246 3424 4285 causam
3445 4272 3459 4295 ,
3484 4240 3711 4302 propter

2120 4332 2285 4386 quam
2320 4327 2568 4384 venerat,
2597 4318 2847 4389 iramque
2879 4319 3228 4391 imperatoris
3252 4323 3308 4377 in
3332 4322 3709 4379 Samaritanos

2122 4410 2416 4473 convertit,
2439 4427 2566 4466 mox
2588 4412 2725 4478 Arii,
2744 4413 2981 4468 Nestorii
3011 4423 3067 4469 et
3087 4414 3341 4484 Origenis
3358 4424 3536 4471 sectas
3558 4432 3707 4471 com—

2122 4499 2282 4569 primi
2311 4501 2673 4570 postulaverit
2714 4504 3051 4558 ineluctabili
3079 4506 3315 4575 quadam
3352 4521 3578 4576 precum
3609 4522 3708 4577 po-

2123 4592 2292 4645 tentia
2318 4609 2331 4644 :
2361 4608 2484 4647 nam
2518 4592 2698 4648 fuerat
2718 4593 2908 4650 divino
2938 4597 3200 4652 instinctu
3235 4606 3428 4667 pactus
3458 4598 3579 4654 fore
3619 4608 3699 4657 ut.

2121 4682 2165 4735 si
2199 4682 2544 4738 Justinianns
2589 4686 2644 4740 id
2670 4687 3036 4756 praestitisset,
3069 4688 3345 4753 Siciliam,
3389 4690 3618 4745 Romam
3651 4702 3710 4745 et

2118 4773 2504 4845 Carthaginem
2526 4793 2627 4847 pro
2653 4784 2909 4839 mercede
2933 4784 3229 4856 reciperet.

2199 4865 2287 4919 III.
2333 4866 2575 4939 Contigit
2622 4886 2754 4926 vero
2790 4873 2891 4928 hac
2935 4874 2991 4928 in
3040 4877 3311 4948 legatione
3352 4877 3534 4947 quod,
3574 4879 3703 4949 quia

2117 4955 2357 5025 pertinet
2385 4957 2452 5011 ad
2483 4960 2721 5017 nobilem
2755 4967 2922 5020 trium
2945 4967 3310 5037 capitulorum
3340 4969 3705 5041 impugnatri-

2117 5063 2256 5111 cem,
2300 5050 2505 5106 referre
2537 5069 2647 5109 non
2682 5065 2767 5112 est
2805 5059 3042 5114 alienum
3073 5076 3103 5114 a
3155 5060 3297 5116 loco.
3328 5059 3465 5115 Cum
3493 5061 3709 5117 Sabbas

2120 5139 2176 5194 in
2200 5143 2402 5212 palatio
2422 5157 2758 5215 versaretur,
2783 5149 3099 5220 elﬂag’itavit
3121 5150 3412 5206 Theodora
3434 5150 3708 5222 Augusta,

2118 5244 2365 5306 utquam
2397 5238 2665 5296 hactenus
2696 5242 2898 5299 frustra
2925 5251 3213 5313 optaverat
3260 5244 3473 5313 prolem
3510 5245 3615 5299 sibi
3667 5248 3699 5301 ξι

2114 5328 2229 5383 Deo
2261 5329 2401 5396 dari,
2433 5333 2690 5399 precibus
2731 5336 2817 5390 vir
2848 5344 3072 5391 sanctus
3112 5334 3388 5390 obtineret
3421 5352 3435 5388 :
3481 5339 3706 5409 negavit

1770 5479 2082 5535 SCIIlILZII
2121 5483 2349 5541 NOTIE.

495 5563 538 5659 ζ’
562 5565 783 5659 Exagqu
1129 5580 1259 5618 χχιι.
1337 5566 1383 5598 ⁸ο
1412 5567 1584 5635 Epist.
1613 5569 1678 5623 ad
1701 5570 1892 5625 Joann.
1926 5572 2181 5629 Antioch.
2262 5577 2301 5608 ει
2336 5577 2456 5631 Lib.
2486 5595 2544 5646 ιι,
2581 5596 2702 5651 cap.
2743 5583 2795 5638 2.
2874 5584 2917 5616 θ’
2949 5583 3136 5655 Cyrill.
3162 5583 3371 5659 ingVita
3389 5583 3445 5640 S.
3472 5580 3687 5639 Sabbze.

418 5651 546 5707 cap.
572 5634 660 5703 9:5,
689 5634 778 5696 die
814 5636 847 5691 ὅ
874 5634 1130 5691 Decemb.
