4054 6138
393 232 484 299 173

1568 225 1925 287 HISTORIA
1958 223 2465 286 THEODORETI.

3529 233 3629 298 174

311 381 315 387 ν
390 348 474 403 ille
497 358 555 399 se
578 343 872 407 facturum,
914 361 931 393 ι
978 358 1047 397 ne
1078 342 1248 415 (quod
1279 343 1473 397 amicis
1507 341 1819 411 importune
1863 355 1954 392 ro-
1985 344 2028 397 Α
2061 338 2366 395 Theodosia
2390 351 2445 396 et
2468 340 2731 396 Curcsina
2755 342 2820 397 ad
2858 340 3117 414 Cyprum.
3141 343 3336 398 Mirum
3368 362 3499 401 vero
3530 364 3631 419 pro

387 438 631 510 gantibus
654 436 906 506 privatim
936 435 1197 508 aperuit),
1226 436 1271 491 si
1291 435 1512 506 quidem
1544 433 1781 489 fructum
1811 449 1877 488 ex
1894 448 1959 487 ea

389 531 470 585 edi
497 531 639 585 Deus
667 529 896 592 sineret,
928 529 1044 598 ipse
1086 544 1307 598 quoque
1332 534 1576 600 gustaret
1612 526 1801 582 Severi
1829 526 1961 595 dog-

392 632 544 684 mata,
587 628 641 675 et
669 619 977 674 deteriores
1002 635 1168 688 quam
1213 620 1365 689 prius
1400 619 1470 673 ab
1524 618 1811 673 Anastasio
1832 659 1844 682 ,
1875 627 1960 669 tu-

393 714 609 776 multus,
643 712 738 766 Dei
769 712 1169 765 conturbarent
1192 711 1494 766 Ecelesiam
1521 711 1586 764 ⁸³.
1631 730 1649 762 ι

468 803 554 855 IV.
587 801 824 855 Fovebat
868 800 1083 855 scilicet
1137 799 1380 870 Augusta
1433 799 1832 869 Acephalorum
1879 813 1964 851 se-

393 903 548 957 ctam,
584 890 888 963 synodique
931 890 1109 945 hostis
1139 898 1279 954 erat,
1309 890 1423 944 sive
1458 890 1530 945 ita
1566 890 1745 959 reipsa
1790 888 1959 942 senti-

394 994 501 1049 ret,
549 982 695 1054 quod
741 993 938 1037 eventa
984 982 1325 1047 docuerunt,
1369 982 1505 1047 sive,
1539 981 1685 1052 quod
1727 980 1964 1050 politicis

394 1085 521 1131 tunc
551 1074 867 1137 videbatur,
899 1072 1176 1126 divisisset
1202 1087 1326 1125 cum
1377 1071 1575 1125 marito
1620 1079 1792 1125 totum
1835 1068 1962 1121 reli-

389 1166 563 1237 gionis
590 1165 992 1235 principatum,
1021 1170 1083 1217 ut
1118 1164 1235 1233 ipsa
1273 1164 1382 1218 dux
1416 1161 1840 1232 Aecphalorum,
1870 1159 1967 1214 Ju-

392 1258 656 1315 stinianus
688 1254 1077 1326 Synoditarum
1113 1254 1285 1318 foret,
1315 1264 1480 1321 atque
1515 1255 1588 1308 ita
1627 1253 1789 1307 ambo
1815 1266 1968 1304 com-

395 1347 682 1403 municatis
705 1345 947 1401 consiliis
967 1360 1062 1398 sua
1085 1360 1186 1412 pro
1209 1354 1451 1414 tempore
1474 1354 1527 1398 ct
1551 1346 1669 1397 loco
1694 1353 1965 1396 momenta

392 1439 637 1508 partibus
657 1438 1010 1494 alternarent.

467 1529 641 1586 Silere.
678 1546 790 1585 non
827 1546 1052 1600 possum
1085 1530 1231 1601 quod
1258 1528 1496 1600 Cyrillus
1528 1528 1823 1581 Monachus
1854 1528 1869 1546 ⁶
1893 1526 1969 1580 le-

392 1622 625 1695 gationis
665 1621 904 1692 scriptor
943 1622 1131 1687 tradit,
1172 1623 1302 1677 dum
1337 1636 1531 1676 causas
1572 1620 1835 1689 inquirit,
1871 1634 1969 1673 cur

391 1714 703 1785 222apud
746 1714 1134 1784 imperatorem
1164 1714 1375 1770 Sabbas
1394 1713 1631 1768 Nestorii
1655 1722 1817 1782 atque
1849 1711 1969 1765 Ori-

390 1807 543 1876 genis
560 1806 871 1861 meminerit
894 1823 907 1860 :
934 1806 1063 1860 facit
1087 1806 1235 1861 enim
1258 1806 1323 1859 ad
1360 1806 1538 1860 lucem
1571 1805 1814 1859 historiae
1840 1803 1971 1857 atie-

391 1899 640 1953 remlam.
688 1917 706 1949 ι
740 1899 1000 1963 Nestorii,
1029 1899 1211 1969 inquit
1247 1900 1313 1964 ⁸⁸,
1354 1910 1409 1953 et
1448 1897 1702 1968 Origenis
1746 1897 1969 1951 Interesis

393 1991 589 2045 morbo
639 1990 797 2045 multi
845 1991 1100 2044 monachi
1142 1990 1503 2054 laborabant,
1552 1998 1610 2043 et
1665 1987 1968 2042 timendum

390 2089 512 2135 erat
546 2097 617 2135 ne
657 2080 795 2134 alios
822 2081 1163 2135 attraherent
1193 2080 1261 2134 ad
1308 2079 1578 2135 malorum
1603 2079 1921 2133 societatem
1954 2095 1967 2130 :

393 2187 519 2227 nam
554 2187 678 2226 cum
702 2170 927 2241 quidam
959 2185 1135 2239 nuper
1163 2170 1547 2224 convenissent
1578 2167 1830 2222 monachi
1867 2168 1971 2237 By-

393 2264 657 2326 zantium,
688 2262 791 2317 visi
818 2270 947 2316 sunt
980 2262 1149 2332 aliqui
1184 2274 1371 2317 tenere
1408 2262 1661 2332 dogmata
1695 2259 1971 2314 Theodori

394 2354 772 2424 Mepsuestiae,
818 2354 909 2409 alii
968 2362 1152 2408 autem
1212 2352 1485 2425 Origenis.
1529 2352 1829 2414 Leontius,
1878 2349 1972 2421 qui

390 2452 512 2499 erat
559 2444 676 2513 ipse
715 2458 935 2513 quoque
988 2443 1323 2507 monachus,
1362 2457 1567 2512 genere
1595 2440 1968 2513 Byzantinus,

394 2551 539 2589 unus
566 2550 634 2589 ex
654 2534 741 2599 iis,
768 2535 859 2605 qui
897 2550 1023 2589 cum
1048 2535 1244 2589 Nonno
1270 2534 1501 2604 ingressi
1532 2532 1753 2589 fuerant
1777 2548 1972 2587 novam

392 2626 651 2692 lautam,
680 2641 819 2695 quos
849 2635 1136 2696 postquam
1182 2625 1439 2696 cognovit
1476 2640 1705 2696 magnus
1743 2624 1971 2686 Sabbas,

394 2737 427 2775 a
449 2734 676 2774 suorum
706 2718 891 2773 statim
917 2719 1128 2789 expulit
1148 2719 1589 2782 conversatione,
1619 2736 1636 2769 ›
1674 2726 1782 2773 etc.

466 2811 548 2864 Ex
582 2809 669 2864 his
707 2816 959 2878 apertum
998 2817 1083 2862 est
1114 2809 1225 2878 jam
1268 2807 1395 2863 inde
1429 2823 1459 2861 a
1485 2807 1684 2863 Justini
1716 2806 1976 2876 tempori-

395 2904 503 2961 bus
525 2900 999 2970 Constantinopoli
1032 2900 1175 2954 rixas
1210 2900 1380 2956 fuisse
1413 2908 1588 2955 motas
1618 2900 1763 2953 inter
1797 2899 1976 2952 Theo-

2062 429 2265 485 Severo
2311 448 2580 502 pugnasse
2618 434 3049 504 Euphratenses,
3096 452 3328 506 quorum
3368 438 3633 496 hactenus

2058 519 2238 576 fuerat
2265 522 2319 577 in
2345 523 2753 579 Theodoretum
2788 527 3039 594 pertinax
3078 544 3269 582 amor:
3314 532 3408 585 sed
3452 533 3633 587 studia

2063 615 2403 682 temporibus
2424 616 2623 670 mutari
2651 633 2761 671 non
2797 618 3039 673 insolens
3062 630 3163 674 est.

2136 705 2215 758 Ex
2248 705 2538 761 duodecim
2578 723 2743 777 porro
2777 711 3062 765 recensitis
3089 714 3363 782 episcopis
3386 714 3634 770 Catholi—

2065 813 2158 853 eos
2203 814 2297 853 sex
2330 799 2628 869 imperator
2668 813 2994 868 vocaverat;
3025 804 3117 857 alii
3149 804 3356 857 dudum
3406 806 3459 860 in
3499 807 3635 860 urbe

2065 891 2213 960 regia
2238 891 2613 957 morabantur,
2660 893 2793 956 suis,
2829 895 3048 963 opinor,
3074 896 3283 964 expulsi
3315 912 3346 950 a
3385 898 3639 966 plebibus

2060 990 2289 1051 propter
2328 983 2583 1037 haeresin.
2612 982 2783 1053 Opem
2836 986 2914 1038 illi
2958 986 3216 1055 precibus
3248 987 3639 1044 eilicacissimis

2063 1073 2357 1129 Justiniani
2407 1075 2794 1143 implorabant,
2825 1077 3117 1145 sponsione
3166 1079 3425 1133 nimirum
3477 1080 3636 1144 facta,

2069 1175 2160 1230 ut,
2214 1165 2262 1220 si
2308 1165 2377 1219 de
2425 1166 2540 1220 suis
2576 1166 2975 1235 quaestionibus
3034 1169 3385 1235 docerentur,
3439 1180 3641 1226 sancta:

2068 1254 2277 1326 synodo
2318 1255 2721 1310 consentirent.
2747 1256 3082 1314 Conditione
3120 1271 3363 1332 accepta,
3404 1264 3641 1334 impera-

2068 1352 2156 1398 tor
2191 1343 2377 1399 doceri
2403 1361 2497 1400 eos
2529 1346 2723 1409 voluit,
2755 1348 2939 1403 habita
2978 1351 3276 1407 collatione
3303 1368 3425 1408 cum
3452 1355 3641 1409 erudi-

2069 1434 2297 1490 tissimis
2329 1436 2667 1507 quibusque,
2694 1453 2803 1493 non
2825 1455 3024 1512 magno
3045 1451 3227 1498 tamen
3247 1461 3426 1515 operte
3444 1448 3643 1517 pretio;

2070 1537 2360 1598 propterea
2397 1529 2543 1598 quod
2584 1530 2855 1600 Augusta,
2886 1541 2940 1586 et
2987 1533 3104 1604 ipsa
3141 1536 3457 1605 Severiana,
3484 1542 3643 1613 223

2071 1620 2210 1675 clam
2238 1628 2495 1675 nutantes
2521 1621 2811 1685 retinebat,
2842 1640 2935 1693 spe
2961 1625 3124 1691 facta,
3151 1627 3266 1682 fore
3299 1640 3359 1683 ut
3385 1631 3437 1685 in
3463 1632 3643 1698 sedes,

2074 1712 2225 1766 salvo
2256 1727 2471 1776 errore,
2501 1713 2759 1769 Ecclesia:
2808 1730 2947 1784 pene
2996 1719 3164 1774 totius
3186 1723 3457 1777 sententia
3484 1724 3648 1779 resti-

2072 1813 2380 1860 tuerentur.
2415 1804 2740 1860 Moliebatur
2759 1807 3096 1879 scilicetjam
3127 1811 3252 1866 inde
3278 1814 3456 1868 audax
3488 1815 3643 1885 quid-

2072 1898 2205 1952 libet
2238 1906 2448 1953 tentare
2486 1899 2701 1963 mulier,
2737 1915 2843 1969 qua
2880 1903 3093 1956 ratione
3133 1915 3314 1973 posset
3348 1908 3651 1978 majoribus

2074 1986 2250 2042 tribus
2313 1986 2557 2053 sedibus,
2604 1987 2884 2053 Romanae,
2915 1988 3538 2065 Constantinopolitanae
3595 2009 3652 2052 et

2074 2077 2488 2143 Alexandrina,
2544 2079 2795 2134 homines
2859 2096 2971 2135 suae
3022 2081 3283 2140 factionis
3335 2086 3648 2155 praeficere,

2074 2166 2276 2235 quibus
2336 2166 2707 2223 servientibus
2761 2184 2853 2223 res
2910 2169 3171 2226 Ecclesiae
3210 2174 3436 2242 perinde
3488 2185 3652 2246 atque

2076 2257 2293 2326 imperii
2327 2274 2433 2329 pro
2450 2257 2682 2313 arbitrio
2709 2258 3041 2314 inclinaret:
3074 2270 3130 2316 et
3158 2262 3210 2316 id
3237 2278 3367 2319 sane
3401 2266 3651 2335 perfece—

2076 2358 2181 2414 rat,
2206 2350 2332 2415 nisi,
2357 2352 2468 2404 Deo
2492 2348 2799 2405 Ecclesiam
2832 2362 3172 2423 protegente,
3197 2356 3523 2411 muliebrem
3549 2359 3652 2411 im-

2076 2442 2403 2511 probitatem
2435 2457 2561 2511 spes
2590 2442 2928 2498 frustrasset.

2149 2532 2234 2586 Vl.
2270 2531 2328 2586 ιιι
2355 2541 2468 2586 tum
2507 2532 2729 2587 demum
2758 2534 2977 2603 planius
3003 2546 3330 2605 exponetur,
3375 2553 3497 2593 cum
3536 2556 3653 2595 nia-

2076 2621 2274 2677 nifeste
2307 2623 2585 2686 claruerit,
2621 2639 2742 2692 quae
2776 2623 2945 2680 fuerit
2985 2626 3218 2691 indoles,
3242 2630 3448 2699 quique
3475 2646 3656 2687 mores

2077 2714 2294 2769 femina:
2356 2723 2600 2767 sanctam
2676 2714 2944 2784 synodum
2995 2714 3498 2774 Chalcedonenscm
3556 2736 3655 2790 per

2077 2806 2222 2860 latus
2277 2805 2607 2859 Theodoreti
2665 2805 3014 2876 aliorumque
3079 2806 3313 2862 duorum
3373 2812 3652 2879 petentis;

2079 2895 2185 2949 hoc
2229 2902 2333 2959 est,
2370 2893 2631 2949 Ecclesia:
2686 2894 2783 2948 toti
2831 2894 3153 2950 facessentis
3196 2896 3463 2951 famosum
3519 2899 3655 2954 illud

390 2996 517 3051 (ἰοτί
552 2993 919 3067 Mopsuesteni
947 3001 1005 3048 et
1034 2991 1289 3063 Origenis
1329 3001 1629 3048 sectatores
1669 3010 1684 3046 :
1723 3000 1971 3062 apertum
2000 3009 2045 3067 ο
2079 2988 2243 3042 trium
2274 2986 2642 3056 capitulorum
2668 2986 2968 3055 negotium,
3002 3002 3113 3056 quo
3147 2996 3294 3041 totus
3320 2988 3473 3043 orbis
3493 2987 3656 3044 Chri-

392 3092 564 3146 etiam
614 3087 767 3142 initia
797 3093 1043 3141 motuum
1082 3084 1193 3153 jam
1241 3082 1370 3138 inde
1404 3083 1566 3137 ducta
1601 3098 1752 3147 esse,
1782 3090 1841 3135 ut
1876 3082 1976 3134 ini-

396 3198 521 3237 rum
548 3197 658 3237 non
680 3182 770 3245 sit,
797 3188 986 3249 postea
1018 3176 1141 3231 odia
1165 3185 1220 3230 et
1254 3190 1466 3246 pugnas
1489 3174 1634 3228 inter
1658 3173 1974 3227 eorumdem

392 3274 720 3330 defensores
756 3271 1046 3327 exarsisse.

468 3364 603 3430 Qua:
638 3361 984 3416 narravimus
1031 3359 1300 3412 hactenus
1346 3356 1412 3409 de
1452 3353 1721 3423 legatione
1762 3352 1974 3416 Sabbte,

394 3455 751 3524 contigerunt
803 3465 949 3505 anno
994 3448 1287 3505 Iustiniani
1328 3448 1392 3510 4,
1438 3445 1642 3501 Christi
1684 3443 1806 3507 550,
1852 3458 1976 3496 cum

396 3542 614 3599 Sabbas
643 3538 1013 3610 nonagenario
1055 3538 1230 3609 major
1266 3544 1432 3599 esset,
1455 3542 1511 3590 et
1540 3545 1719 3589 tamen
1770 3533 1981 3602 aliquot

398 3643 530 3689 ante
554 3633 877 3703 legationem
903 3631 1062 3685 annis
1088 3628 1340 3682 monachi
1362 3627 1570 3698 jurgari
1595 3632 1895 3697 cmperant.

472 3724 539 3777 Υ.
584 3723 809 3777 Duobus
852 3730 971 3790 post
1009 3719 1169 3773 annis
1208 3726 1302 3771 aut
1346 3718 1515 3772 ferme
1551 3717 1755 3780 tribus,
1793 3716 1979 3771 habita

398 3824 488 3871 est
518 3811 992 3881 Constantinopoli
1021 3810 1242 3865 collatio
1266 3808 1579 3864 Catholicos
1621 3809 1766 3863 inter
1794 3816 1850 3862 et
1886 3808 1982 3863 Se—

402 3906 682 3968 ver-ianos,
700 3904 755 3957 in
793 3918 898 3973 qua
930 3902 997 3956 de
1020 3901 1368 3955 Theodoreto
1394 3899 1658 3954 nonnulla
1697 3898 1801 3953 fuit
1833 3914 1982 3969 quie-

400 3999 554 4054 stio:
598 3998 714 4051 haec
740 3996 795 4049 in
836 3994 1060 4065 primis,
1090 3992 1369 4063 quomodo
1401 3991 1747 4046 Chalcedone
1784 3990 1984 4045 dixerit

404 4089 698 4144 anathema
722 4085 996 4151 Nestorio,
1020 4101 1089 4138 an
1115 4101 1181 4139 ex
1213 4084 1418 4146 animo,
1444 4099 1512 4137 an
1549 4082 1979 4148 dissimulanter,

401 4187 466 4232 et
484 4176 653 4232 verbo
676 4185 854 4233 tenus.

480 4268 590 4323 Res
619 4268 675 4322 in
707 4267 854 4321 hunc
880 4266 1102 4320 modum
1145 4273 1303 4335 gesta
1330 4274 1433 4318 est.
1462 4264 1848 4318 Convenerunt
1883 4264 1982 4319 Ju-

2082 3078 2293 3132 stianus
2319 3077 2633 3146 impeditus,
2664 3092 2764 3146 pro
2795 3076 2970 3131 tribus
3003 3077 3322 3133 hominibus
3339 3096 3448 3134 non
3476 3083 3660 3140 minus

2081 3170 2362 3239 pugnavit,
2397 3184 2559 3237 quam
2595 3183 2696 3238 pro
2727 3167 2932 3223 Christi
2967 3168 3094 3224 ﬁde.

2152 3261 2261 3314 γη.
2296 3258 2793 3313 TraxitTheodora
2824 3258 3144 3328 imperatrix
3183 3262 3448 3332 originem
3485 3279 3551 3318 ex
3574 3266 3661 3318 in-

2083 3351 2223 3406 fima:
2279 3351 2443 3405 sortis
2488 3350 2834 3420 parentibus,
2888 3358 3044 3420 patre
3093 3352 3364 3423 siquidem
3400 3371 3660 3411 ursorum

2083 3443 2282 3497 theatri
2339 3443 2535 3506 altore,
2590 3450 2771 3497 matre
2824 3443 3087 3498 scenica:
3143 3445 3321 3499 caruit
3371 3456 3527 3516 patre
3570 3448 3664 3503 vix

2082 3535 2476 3606 quinquennis,
2526 3534 2765 3604 ideoque
2821 3534 2875 3589 in
2926 3536 3118 3591 matris
3160 3537 3323 3592 domo
3365 3548 3661 3609 egestatem

2083 3644 2242 3699 passa
2275 3636 2359 3682 est
2389 3642 2513 3681 cum
2550 3628 2839 3682 sororibus
2865 3627 3104 3694 duabus,
3138 3646 3300 3700 quam
3338 3640 3399 3703 ut
3426 3631 3659 3703 fugeret,

2084 3722 2267 3775 statim
2302 3727 2464 3789 atque
2510 3734 2610 3788 per
2654 3727 2870 3775 aetatem
2931 3719 3108 3785 licuit,
3154 3702 3419 3790 producta
3470 3702 3554 3779 est
3607 3727 3660 3780 in

2084 3827 2326 3875 scenam,
2385 3812 2479 3865 ubi
2539 3810 2683 3865 inter
2729 3810 2927 3865 mimos
2972 3810 3167 3866 didicit
3203 3828 3459 3881 spernere
3490 3814 3662 3884 pudo-

2084 3919 2200 3959 rem
2246 3904 2312 3957 ⁸⁸.
2367 3903 2524 3958 ilunc
2564 3918 2688 3957 cum
2715 3901 2993 3972 posuisset
3020 3902 3075 3955 in
3103 3902 3239 3956 urbe
3264 3904 3432 3973 regia,
3460 3904 3661 3959 Pentaa

2085 3996 2227 4066 polis
2262 3995 2603 4073 praefectum,
2634 3995 2793 4066 cujus
2828 3994 3045 4049 libidini
3076 3994 3369 4059 serviebat,
3405 3995 3661 4051 comitata

2084 4096 2168 4141 est
2217 4086 2272 4140 in
2312 4085 2627 4157 Egyptum,
2684 4085 2828 4140 unde
2874 4085 3407 4155 Constantinopolim
3444 4101 3662 4141 reversa

2087 4178 2289 4232 meruit
2316 4177 2461 4233 inter
2494 4176 2866 4232 cmboliarias.

2158 4268 2522 4324 Placuittunc
2554 4269 2815 4338 temporis
2856 4268 3165 4324 Iustiniano
3204 4268 3527 4338 juvenilitcr
3576 4269 3663 4321 in-

404 4359 635 4414 stiniani
673 4358 929 4412 mandato
956 4358 1085 4411 hinc
1114 4364 1168 4411 et
1194 4356 1320 4410 inde
1354 4372 1447 4411 sex
1473 4355 1752 4425 episcopi;
1777 4354 1982 4409 Catho-
2016 4354 2058 4407 ll
2088 4358 2343 4422 sanienti,
2376 4359 2471 4412 sed
2497 4366 2557 4412 ut
2583 4358 2754 4412 amica
2790 4358 3049 4427 primum,
3079 4358 3277 4412 deinde
3308 4360 3458 4413 velut
3490 4374 3662 4412 uxor:

409 4454 643 4508 licorum
690 4452 799 4507 dux
834 4460 953 4506 erat
991 4450 1259 4521 llypatius
1281 4450 1613 4519 Ephesinus,
1657 4450 1985 4504 Severiano-

408 4561 533 4598 rum
570 4544 793 4613 Sergius
832 4542 960 4613 Cyri
982 4542 1293 4611 episcopus.
1322 4541 1551 4611 Hypatio
1593 4541 1820 4596 aderant
1865 4541 1986 4595 Ste-

410 4637 627 4705 pbanus
677 4635 958 4699 Seleuciae,
999 4633 1293 4687 Anthimus
1346 4634 1741 4702 Trapezuntis,
1791 4635 1985 4688 Deme-

411 4726 554 4779 trius
581 4725 976 4794 Philipporum,
1017 4724 1255 4779 Joannes
1278 4724 1494 4778 V'ezniae
1528 4725 1786 4787 civitatis,
1810 4734 1868 4779 ct
1894 4726 1983 4779 ln-

411 4815 701 4868 noccutius
750 4814 1003 4867 Maronize
1052 4813 1317 4882 episc0pi,
1364 4829 1554 4869 omnes
1600 4815 1978 4883 metropolitaz.

405 4906 652 4961 Aderant
701 4905 891 4974 Sergio
946 4906 1183 4960 Thomas
1230 4906 1609 4970 Germanicite,
1650 4909 1983 4963 Philoxenus

408 4996 686 5059 Dolicbes,
714 4997 906 5052 Petrus
941 4997 1409 5067 Theodosiopolis,
1442 4999 1679 5055 Joannes
1720 5001 1986 5055 Constan-

410 5083 565 5147 tium,
589 5084 812 5138 Nonnus
832 5083 1112 5139 Curesinae
1133 5085 1323 5151 urbis;
1353 5102 1562 5153 omnes,
1583 5088 1626 5143 si
1650 5089 1791 5145 forte
1816 5091 1983 5145 Joan-

414 5189 545 5228 nem
578 5175 836 5244 cxcipias,
876 5175 1148 5229 minorum
1182 5177 1467 5232 civitatum
1495 5180 1847 5250 episcopi,ex
1873 5183 1985 5237 Eu-

408 5268 693 5338 phratesia
736 5278 793 5323 et
837 5267 1061 5339 Cypro:
1103 5268 1276 5340 Cyrus
1315 5270 1499 5335 enim,
1541 5271 1888 5327 Germanicia
1931 5286 1988 5329 et

412 5363 641 5418 Dofithe
674 5364 740 5420 ad
773 5363 1192 5433 Euphratcsiam
1242 5367 1519 5434 pertinent
1553 5383 1565 5419 :
1600 5365 1980 5430 Constantina,

2086 4466 2211 4505 nam
2251 4450 2556 4520 Euphemia
2611 4449 2873 4519 Augusta,
2926 4449 3126 4504 Justini
3163 4449 3382 4518 eonjux,
3420 4447 3665 4518 quandiu

2087 4542 2242 4607 vixit,
2282 4540 2557 4595 indecoris
2588 4540 2795 4608 nuptiis
2828 4538 3041 4593 obstitit
3068 4556 3082 4604 ;
3116 4555 3178 4592 ea
3208 4554 3339 4592 vero
3373 4539 3662 4602 exstincta,

2089 4633 2336 4687 rescissa:
2365 4640 2494 4687 sunt
2530 4630 2700 4702 leges,
2734 4630 2934 4700 quibus
2958 4630 3394 4700 prohibebantur
3423 4630 3661 4701 patricii,

2091 4740 2159 4779 ne
2221 4724 2467 4778 scenicas
2511 4722 2796 4777 ducerent.
2851 4721 2944 4777 Sic
2990 4722 3277 4776 Theodora
3324 4738 3391 4776 ex
3448 4722 3669 4776 scenica

2090 4816 2264 4871 evasit
2332 4816 2531 4885 conjux
2589 4814 2853 4878 Caesaris,
2917 4830 3043 4869 mox
3094 4814 3368 4884 Augusta,
3428 4812 3665 4881 denique

2092 4908 2279 4963 mundi
2333 4908 2501 4962 totius
2556 4907 2810 4972 domina,
2850 4922 3013 4976 quem
3074 4922 3197 4960 cum
3248 4904 3443 4969 bellis,
3501 4903 3666 4958 czedi~

2092 5000 2216 5063 bus,
2250 4999 2478 5069 rapinis,
2532 4998 2860 5069 flagitiisque
2910 5013 3080 5051 unum
3131 5007 3188 5050 et
3247 4994 3435 5064 viginti
3494 5008 3668 5048 annos

2090 5098 2363 5156 vexasset,
2400 5090 2627 5159 ipsaque
2662 5089 2757 5142 Dei
2784 5088 3045 5157 patientia
3073 5103 3231 5142 versa
3267 5087 3484 5141 tandem
3521 5096 3667 5141 esset

2090 5186 2147 5238 in
2175 5183 2444 5247 nemesin,
2478 5182 2643 5253 periit
2674 5197 2819 5235 anno
2848 5180 2970 5247 548,
3001 5181 3092 5235 lue
3126 5181 3309 5235 cancri
3363 5197 3563 5250 corpus
3601 5180 3667 5233 li-

2091 5274 2374 5329 bidinibus
2410 5274 2670 5328 fuadatum
2706 5274 2722 5291 ‘
2751 5272 3120 5342 depascente;
3163 5280 3326 5341 atque
3361 5272 3507 5325 hunc
3548 5270 3664 5323 exi-

2092 5378 2205 5421 tum
2246 5367 2435 5421 sortita
2473 5375 2556 5420 est
2595 5366 2807 5435 impura
2838 5365 3053 5429 mulier,
3093 5366 3266 5420 hostis
3291 5374 3491 5418 sancite
3523 5362 3668 5415 illius

1767 5520 1944 5576 SCHU
1957 5519 2087 5575 LZII
2129 5519 2358 5574 NOTAE.

484 5670 529 5700 ⁸³
562 5674 775 5746 Evagr.,
806 5676 899 5732 lib.
931 5695 986 5732 ιι.
1062 5680 1105 5711 ⁸⁸
1138 5682 1192 5733 in
1225 5680 1345 5734 Vita
1385 5680 1439 5734 S.
1474 5680 1687 5745 Sabbte,
1723 5698 1843 5753 cap.
1873 5682 1961 5736 (lii.
2035 5684 2079 5715 ⁸⁵
2117 5683 2403 5751 Evagrius,
2448 5680 2763 5751 Liberatus,
2804 5684 3034 5750 Procop.
3086 5680 3141 5733 in
3167 5677 3306 5733 Hist.
3341 5688 3535 5732 Arcan.
