4040 6172
375 238 475 307 175

1492 235 1584 294 CA
1599 229 1866 292 RNERII
1905 229 2400 290 DISSERTATIO
2439 230 2486 288 Ι.

3519 219 3621 289 176

370 352 586 427 synodi,
629 367 791 423 quam
825 351 1164 406 nobilissima
1197 348 1459 418 Augusta,
1493 345 1941 412 sanctissimaquc
1975 345 2011 398 Α
2044 358 2188 404 (tare,
2236 341 2424 396 statuit
2480 338 2729 393 maximis
2773 338 3031 394 Ecclesia:
3071 337 3297 393 sedibus
3343 337 3625 409 imponere

369 451 524 518 virgo
546 445 836 502 Pulcheria
864 451 1137 515 coegerat.

2045 433 2299 486 homines
2329 430 2583 486 factionis
2613 445 2747 493 suae,
2774 441 2832 484 ut
2855 444 3045 484 eorum
3081 429 3354 484 sententia
3383 438 3625 500 postmo-

446 537 662 594 Mu'lieri
713 537 816 591 fuit
871 535 1088 590 animus
1135 545 1334 602 genere
1376 530 1570 600 major,
1627 525 1725 582 sed
1769 525 1944 580 elatus
2045 523 2176 578 dum
2231 522 2358 578 fidei
2411 521 2823 588 defensionem,
2873 522 3229 577 constitutam
3257 519 3622 586 Chalcedone,

372 630 548 701 magis
588 643 754 698 quam
807 626 1076 688 excelsus,
1124 620 1440 677 dominandi
1499 618 1733 689 cupidus
1779 631 1944 685 supra
2044 623 2338 672 everteret.

371 729 600 784 sortem,
648 716 1047 772 incredibiliter
1085 722 1372 783 promptus
1417 709 1688 780 quidlibet
1729 705 1949 776 excogi-

375 823 491 867 tare
539 819 594 866 et
651 807 894 880 aggredi,
947 806 1214 860 infractus
1261 803 1421 858 malis
1467 810 1523 855 et
1575 799 1751 855 audax
1793 796 1946 853 abuti

372 903 595 958 fortuna
647 901 796 954 velut
839 898 1134 967 mancipio.
1169 897 1272 950 Par
1307 895 1492 948 animo
1523 892 1825 963 ingenium,
1856 906 1948 944 va-

372 995 538 1058 frum,
574 991 880 1060 multiplex,
925 989 1238 1058 versipelle,
1277 994 1452 1042 totum
1485 1001 1515 1040 a
1538 994 1735 1040 natura
1763 981 1949 1037 inimi-

373 1100 498 1140 cum
530 1101 544 1138 :
581 1092 878 1151 utrumque
904 1079 1199 1151 adjuvabat
1221 1079 1358 1133 mira
1383 1077 1632 1147 quaadam
1655 1073 1947 1144 eloquendi

374 1176 625 1240 facilitas,
679 1189 786 1244 qua
834 1173 970 1228 nihil
1018 1187 1129 1226 non
1182 1178 1399 1240 poterat
1452 1169 1628 1224 cuivis
1676 1165 1945 1222 suadere:

371 1265 564 1321 aderat
604 1275 661 1320 et
694 1265 942 1320 liberalis
969 1263 1125 1333 quasi
1151 1261 1417 1327 avaritia;
1448 1275 1643 1315 aurum
1671 1259 1818 1314 enim
1849 1273 1949 1328 ap-

367 1357 614 1428 petebat,
658 1367 716 1412 ut
756 1355 1065 1412 effunderet
1119 1356 1173 1409 in
1219 1355 1573 1410 consiliorum
1629 1351 1946 1405 ministros:

373 1448 566 1504 aderat
599 1449 805 1519 pariter
841 1463 932 1502 ars
973 1446 1238 1501 induendi
1288 1445 1527 1515 speciem
1579 1440 1820 1512 pietatis,
1855 1455 1954 1510 po-

364 1539 680 1610 .nendique,
713 1554 815 1609 pro
839 1537 1195 1592 inclinatione
1237 1534 1400 1606 224
1444 1549 1674 1589 rerum:
1719 1532 1814 1588 sed
1865 1533 1952 1588 bis

374 1631 637 1684 omnibus
663 1646 761 1701 per
790 1645 848 1684 se
878 1626 1277 1698 potentissimis
1303 1625 1413 1680 vim
1451 1625 1836 1681 incredibilem
1857 1625 1953 1681 ad-

2117 707 2183 762 Χ.
2235 709 2545 780 Epiphanio
2592 708 2759 781 igitur
2789 707 2942 762 urbis
2969 706 3129 777 regia:
3153 706 3411 776 episcopo
3436 703 3630 758 Anthi-

2047 813 2196 852 mum
2215 800 2450 865 suffecit,
2469 815 2582 855 sua:
2598 799 2962 868 Trapezuntis
2978 798 3236 852 Ecclesiae
3259 797 3626 858 desertorem,

2047 890 2242 945 aulicis
2290 893 2504 946 artibus
2559 891 2807 961 apprime
2859 890 3162 953 eruditum,
3220 887 3628 957 Acephalorum

2048 984 2372 1052 pessimum,
2420 992 2477 1037 et
2512 984 2602 1038 cui
2654 993 2868 1037 tantum
2911 982 3133 1050 pietatis
3177 980 3232 1034 in
3273 979 3508 1049 speciem
3558 977 3631 1032 ad

2048 1073 2348 1128 fallendum
2376 1074 2498 1140 fuit,
2521 1083 2786 1144 quantum
2831 1071 3197 1141 improbitatis
3242 1070 3309 1124 ad
3358 1068 3634 1138 quidlibet

2050 1165 2188 1220 clam
2221 1165 2557 1220 audendum.

2063 1319 2069 1323 I
2123 1253 2215 1310 XI.
2248 1255 2357 1310 Sua
2385 1265 2567 1310 tamen
2605 1271 2730 1326 spes
2756 1253 3039 1333 mulierem
3067 1252 3256 1307 fefellit
3281 1269 3293 1305 :
3332 1267 3455 1305 nam
3483 1266 3633 1305 surn-

2053 1363 2178 1403 mus
2199 1349 2445 1418 pontifex
2466 1349 2744 1419 Agapetus
2765 1347 2994 1402 veniens
3011 1345 3538 1414 Constantinopolim
3561 1343 3634 1408 ⁸⁸,

2053 1453 2238 1492 rerum
2291 1438 2604 1492 Italicarum
2657 1452 2844 1500 causa,
2897 1435 3210 1490 adulterum
3257 1435 3418 1504 225
3461 1435 3636 1498 hunc,

2054 1528 2428 1599 nequidquam
2477 1529 2764 1585 obnitente
2801 1544 2910 1598 qua
2959 1525 3144 1590 minis,
3199 1543 3304 1597 qua
3355 1526 3635 1597 precibus,

2056 1620 2287 1688 aurique
2318 1619 2596 1674 oblatione
2619 1620 2885 1690 Augusta,
2915 1634 3068 1673 suam
3092 1618 3329 1688 primum
3358 1619 3424 1673 ad
3447 1618 3639 1674 Eccle-

377 1721 544 1776 dcbat
570 1693 756 1777 forma:
779 1693 1110 1791 praestantia,
1135 1725 1396 1788 quantam
1424 1731 1586 1772 nemo
1615 1717 1834 1782 artifex,
1866 1719 1951 1774 vel
1983 1693 2028 1749 Β
2055 1713 2191 1766 siam
2245 1713 2478 1778 remis“.
2539 1723 2655 1768 tum
2709 1713 2930 1784 penitus
2955 1713 3250 1779 abdicaVil.
3287 1713 3514 1783 ipsoque
3541 1727 3639 1768 νο-

377 1812 634 1880 penicillo
670 1812 850 1880 potuit
896 1811 979 1865 vel
1013 1810 1144 1864 caelo
1189 1809 1536 1879 exprimere;
1578 1826 1742 1864 nemo
1777 1819 1948 1875 certe,

362 1903 505 1956 licet
534 1902 846 1970 superbam,
879 1917 989 1954 non
1020 1901 1212 1955 coluit.

446 1993 583 2048 .Yllf.
617 1991 712 2046 His
741 1992 1076 2063 adjumentis
1123 1993 1415 2057 instructa,
1472 1993 1669 2046 marito
1716 1991 1954 2062 primum

375 2081 648 2136 dominari
692 2081 887 2147 voluit,
937 2097 1049 2152 quo
1102 2081 1314 2136 caeteris
1362 2083 1554 2152 jugum
1604 2081 1953 2152 imponeret:

362 2177 546 2240 ~utque
611 2177 1161 2227 noveratamantem
1212 2172 1347 2236 otii,
1405 2170 1716 2241 scholaeque
1774 2173 1959 2242 potius

375 2277 542 2331 quam
588 2278 756 2334 regno
776 2273 990 2328 natum,
1017 2264 1277 2334 cupidum
1309 2265 1430 2320 auri
1455 2282 1519 2321 ac
1540 2266 1664 2320 vani
1692 2267 1954 2332 nominis,

377 2351 556 2422 ipsum
586 2368 617 2408 a
638 2355 790 2425 regni
811 2356 960 2412 euris
987 2355 1056 2410 ad
1082 2372 1173 2411 res
1196 2371 1380 2412 sacras
1402 2357 1715 2413 tractandas
1733 2359 1953 2423 avertit,

376 2443 792 2515 scribendisque
821 2447 1085 2516 applicuit
1118 2447 1355 2518 legibus,
1397 2449 1602 2518 quibus
1642 2458 1701 2504 et
1743 2450 1955 2520 opimas

347 2535 734 2613 ‘haereditates
775 2537 949 2602 adire,
995 2548 1053 2593 et
1071 2539 1194 2610 jura
1227 2541 1488 2606 vendere,
1524 2550 1579 2595 et
1615 2541 1957 2611 privatorum

377 2641 511 2696 opes
539 2627 797 2683 invadere
823 2629 1018 2684 liceret
1046 2647 1060 2682 :
1098 2629 1178 2687 sic
1200 2630 1347 2685 enim
1375 2632 1702 2701 suppetebat
1727 2633 1954 2697 affatim,

377 2719 526 2788 quod
556 2719 612 2774 in
637 2719 818 2785 ludos,
849 2721 1146 2791 pensiones
1171 2721 1555 2786 barbarorum,
1588 2723 1807 2778 insanas
1829 2724 1959 2779 sub-

377 2809 732 2875 structiones,
763 2817 820 2865 et
852 2811 1082 2867 bellicos
1109 2821 1362 2882 sumptus
1394 2812 1794 2868 effunderetur.
1829 2814 1959 2870 Cin-

375 2898 457 2954 xit
487 2899 654 2970 igitur
681 2900 961 2956 hominem
990 2901 1151 2958 valde
1180 2902 1408 2969 bonum,
1437 2903 1763 2959 clericorum
1783 2905 1957 2976 juris-

376 2991 791 3062 peritorumque
833 2992 1112 3093 satellitio,
1159 2994 1254 3064 qui
1302 2994 1538 3065 scriptos
1585 3011 1617 3050 a
1669 3011 1730 3052 se
1783 2996 1958 3052 libros
1980 3033 2026 3093 ε

375 3091 751 3152 supponerent
769 3083 1064 3139 vanissimo
1093 3085 1348 3155 principi.

447 3177 519 3233 Ut
547 3178 712 3232 etiam
735 3180 970 3236 serviret
989 3179 1172 3234 mariti
1195 3181 1506 3245 affectibus,
1529 3181 1665 3236 fovit
1688 3183 1955 3238 immensa

375 3267 598 3326 licentia
624 3271 975 3328 Prasinorum
1006 3273 1449 3344 Venetorumque
1469 3275 1957 3344 amphitheatrales

375 3361 834 3426 concertationes,
865 3378 1097 3432 quarum
1139 3364 1322 3419 studio
1360 3365 1956 3422 insaniebatJustinia-

375 3463 502 3504 nus.
526 3448 597 3506 llt
619 3448 845 3504 vanitati
872 3451 1234 3518 blandiretur,
1257 3454 1430 3508 suasit
1452 3453 1655 3523 ubique
1685 3463 1954 3510 terrarum

373 3537 724 3595 aedificandas
751 3539 939 3608 urbes,
986 3541 1202 3612 aliaque
1245 3559 1412 3613 opera
1463 3544 1704 3614 publica,
1752 3547 1955 3615 quibus

374 3644 578 3684 nomen
643 3646 804 3685 suum
855 3632 1201 3689 Justinianus
1253 3633 1577 3704 imponeret.
1630 3635 1772 3703 Quin
1827 3653 1953 3693 cum

374 3718 522 3774 bella
559 3721 820 3790 gessisset
847 3719 1085 3776 feliciter
1122 3721 1258 3778 orbe
1291 3730 1406 3777 toto
1427 3739 1537 3793 per
1576 3723 1950 3790 administros,

371 3824 443 3864 ex
475 3809 563 3864 his
599 3811 718 3866 viro
759 3811 958 3867 stolide
1008 3812 1206 3884 ignavo
1243 3812 1452 3870 afﬁnxit
1486 3814 1806 3871 inanissima
1847 3831 1952 3870 no-

377 3901 544 3967 mina,
602 3903 930 3971 Alemanici,
989 3906 1229 3972 Gothici,
1282 3906 1555 3973 Francici,
1615 3907 1948 3976 Germanici,

372 3992 580 4060 Antici,
609 3995 841 4062 Alanici,
865 3997 1164 4063 Vandalici,
1187 3997 1378 4065 Africi,
1413 4010 1520 4056 etc.

446 4084 543 4141 His
575 4087 792 4142 artibus
828 4089 1093 4145 illudebat
1119 4092 1510 4157 Iustinianum,
1546 4092 1819 4164 simulque
1859 4102 1952 4149 to-

376 4174 489 4230 tius
535 4175 686 4230 orbis
731 4176 1022 4246 imperium
1066 4180 1289 4235 tenebat
1328 4182 1610 4252 tyrannica
1638 4192 1948 4253 potestate:

373 4280 503 4320 nam
525 4265 595 4320 ad
621 4265 932 4332 arbitrium,
964 4277 1022 4323 et
1045 4269 1333 4339 praefectos
1361 4273 1682 4342 provinciis,
1710 4284 1766 4330 et
1793 4290 1952 4330 exer-

2053 1806 2199 1860 lente
2216 1805 2546 1872 Iustiniano,
2567 1808 2815 1862 Mennam
2831 1809 3011 1862 virum
3031 1809 3312 1862 meliorem
3329 1807 3638 1861 substituit.

2128 1897 2241 1952 XII.
2272 1898 2469 1954 Verum
2491 1915 2654 1969 quam
2674 1899 3290 1970 Constantinopolitanae
3311 1915 3416 1952 non
3436 1899 3638 1969 potuit,

2057 1990 2316 2046 Romana:
2369 2009 2494 2046 mox
2538 1992 2797 2047 Ecclesia:
2845 1992 3150 2062 perniciem
3196 1991 3399 2046 inferre
3446 1991 3638 2046 molita

2055 2089 2158 2134 est.
2192 2080 2435 2151 Agapeto
2459 2081 2628 2147 enim,
2661 2096 2786 2135 cum
2819 2081 2876 2136 in
2918 2095 2986 2136 eo
3021 2088 3185 2146 esset,
3227 2089 3289 2135 ut
3336 2089 3644 2136 revertere-

2059 2177 2149 2224 tur
2193 2173 2252 2226 in
2301 2171 2653 2227 Occidentem
2680 2212 2696 2237 ,
2738 2171 2806 2226 ad
2862 2187 3094 2242 superos
3138 2173 3400 2227 translato
3425 2213 3440 2236 ,
3487 2173 3640 2244 Vigi-

2055 2261 2190 2316 lium
2236 2262 2463 2333 Agapeti
2493 2262 2935 2333 apocrisiarium,
2985 2277 3148 2332 quem
3184 2263 3298 2317 sedi
3327 2263 3642 2333 apostolica:

2058 2354 2272 2409 inhiare
2302 2364 2550 2419 noverat,
2587 2355 2874 2425 promissis
2906 2354 3238 2425 aggteditur.
3287 2355 3532 2425 Spondet
3577 2365 3641 2410 ut

2055 2445 2302 2500 Belisarii
2357 2446 2585 2500 Romam
2635 2455 2767 2502 tunc
2812 2448 3054 2502 tenentis
3086 2463 3190 2517 ope
3213 2447 3457 2517 pontifex
3483 2462 3643 2502 crea-

2057 2547 2229 2601 retur,
2251 2537 2295 2592 si
2315 2537 2666 2607 promitteret
2698 2546 2909 2592 tantum
2940 2553 3019 2603 se,
3041 2553 3166 2593 cum
3191 2539 3428 2608 primum
3450 2537 3639 2593 sedem

2058 2631 2414 2703 apostolicam
2435 2641 2780 2700 occupasset,
2807 2641 2864 2686 et
2881 2632 3092 2703 synodo
3109 2632 3217 2686 vim
3236 2631 3640 2699 detracturum,

2056 2727 2113 2773 et
2151 2719 2470 2784 Theodosii,
2504 2720 2774 2786 Antbimi,
2808 2720 3108 2791 Severiquc
3131 2721 3294 2776 fidem
3317 2721 3518 2778 litteris
3547 2722 3644 2777 flr-

2057 2819 2330 2865 maturum
2358 2830 2370 2864 :
2401 2811 2615 2866 addidit
2641 2811 2926 2882 promissis
2944 2811 3110 2878 dona,
3135 2812 3254 2867 auri
3276 2821 3484 2883 septem
3508 2829 3644 2870 cen-

2059 2902 2266 2956 tenaria
2299 2920 2315 2969 ;
2350 2903 2472 2957 auri
2503 2903 2718 2973 species
2755 2904 3077 2972 perstrinxit
3114 2904 3392 2960 hominem
3411 2921 3640 2961 avarum

2056 2993 2209 3063 juxta
2236 3002 2289 3046 et
2319 2993 2692 3048 ambitiosum.
2715 2993 2897 3061 Quare
2926 2993 3057 3049 dato
3079 2995 3446 3066 chirographo
3473 2996 3639 3052 fidem

2062 3083 2374 3154 obstringit,
2425 3093 2482 3140 et
2526 3085 2594 3139 ad
2639 3085 2879 3155 praedam
2929 3086 3118 3140 volat:
3165 3087 3263 3141 sed
3293 3085 3522 3143 Romam
3545 3104 3640 3159 ap-

2061 3175 2255 3245 pulsus
2313 3174 2610 3230 Silverium
2670 3179 2878 3245 reperit
2921 3177 3034 3246 jam
3085 3177 3424 3232 ordinatum.
3456 3179 3642 3235 Monet

2061 3266 2128 3320 de
2154 3281 2215 3320 re
2247 3265 2613 3332 Theodoram,
2652 3265 2812 3336 jubet
2842 3265 2933 3320 illa
2965 3266 3284 3322 Belisarium
3312 3268 3644 3338 proditionis

2059 3358 2389 3413 calumniam
2422 3357 2655 3413 Silverio
2680 3357 2883 3421 facere,
2923 3367 2978 3413 et
3021 3358 3077 3412 in
3120 3359 3375 3414 exsilium
3415 3361 3640 3430 ejicere,

2060 3450 2235 3520 ejecto
2250 3449 2548 3520 subrogare
2564 3451 2840 3520 Vigilium.
2867 3451 3020 3506 Fecit
3038 3451 3303 3520 imperata
3322 3451 3642 3518 Belisarius,

2059 3551 2290 3612 cogente
2334 3541 2612 3596 Antonina
2664 3557 2857 3608 uxore,
2912 3558 3022 3613 qua
3079 3543 3327 3599 ministra
3379 3544 3643 3599 utebatur

2061 3629 2373 3697 Theodora,
2401 3633 2704 3703 redemptis
2736 3633 3136 3688 adulteriorum
3159 3636 3512 3691 excusatione
3535 3637 3645 3691 mi-

2059 3721 2323 3778 nisteriis.

2131 3812 2272 3868 Xlll.
2299 3815 2530 3885 Ejicitur
2556 3831 2690 3888 ergo
2711 3817 2961 3872 Pataram
2989 3818 3043 3872 in
3071 3817 3328 3872 exsilium
3347 3817 3639 3885 Silverius;

2059 3909 2076 3927 ‘
2105 3905 2200 3962 sed
2233 3907 2544 3964 Patarensis
2581 3909 2827 3979 episcopi
2869 3910 2976 3964 viri
3024 3909 3355 3965 sanctissimi
3403 3912 3639 3974 monitu,

2055 3996 2212 4068 jubet
2271 3997 2401 4052 inde
2469 3999 2660 4055 reduci
2718 4001 3052 4070 imperator,
3105 4009 3166 4055 ut
3217 4012 3643 4072 cognosceretur

2059 4089 2246 4145 Romae
2275 4105 2458 4146 causa.
2498 4091 2611 4147 Hac
2657 4100 2840 4148 tamen
2884 4092 3152 4172 inaudita,
3201 4109 3451 4149 summus
3505 4110 3644 4164 pon-

2059 4181 2192 4236 tifex
2229 4182 2422 4254 Vigilio
2450 4184 2711 4239 venditur
2757 4184 3013 4240 ducentis
3055 4186 3176 4240 auri
3230 4185 3432 4256 pondo,
3481 4187 3642 4256 cujus

2057 4273 2314 4328 mandato
2333 4274 2389 4328 in
2420 4274 2656 4329 insulam
2675 4275 2957 4331 Palmariae
2973 4276 3275 4345 proximam
3293 4277 3638 4347 deportatus,

373 4356 578 4412 citibus
609 4357 796 4422 duces,
853 4367 910 4414 et
957 4360 1218 4416 Ecclesiis
1270 4364 1544 4419 antistites
1592 4366 1945 4435 praaficiebat,
1981 4389 2025 4447 υ
2055 4365 2426 4435 ωτυωηίεᾳυθ
2455 4372 2550 4420 aut
2593 4366 2775 4422 inedia
2816 4367 3142 4438 absumptus
3183 4367 3432 4440 martyrii
3482 4384 3642 4424 coro-

373 4463 534 4518 quos,
570 4448 665 4503 ubi
699 4449 1004 4516 colliberet,
1048 4451 1326 4522 redigebat
1355 4453 1412 4507 in
1437 4455 1708 4520 ordinem,
1758 4471 1948 4512 amans

371 4538 579 4594 arbitra
631 4540 799 4595 sortis
836 4541 1047 4596 audire.
1090 4541 1311 4596 Nullum
1344 4543 1538 4598 habuit
1562 4544 1950 4614 obsequentio-

259 4629 276 4643 ‘
374 4646 490 4686 rem
527 4631 725 4687 ducem
768 4633 1052 4697 Belisario,
1084 4634 1176 4702 qui
1219 4635 1568 4690 serviendum
1602 4635 1818 4710 feminae
1844 4655 1950 4708 pu-

374 4724 530 4787 tavit,
558 4733 618 4777 ut
655 4722 918 4780 Romanis
949 4727 1284 4780 exercitibus
1326 4728 1662 4799 imperaret;
1712 4739 1769 4786 et
1818 4747 1950 4787 vero

370 4814 570 4886 dignus
598 4827 716 4872 erat
737 4825 887 4872 tanto
905 4817 1210 4884 dominatu,
1243 4819 1522 4890 gloriaque
1558 4821 1754 4876 bellica
1782 4834 1950 4893 atque

371 4907 615 4975 politica,
663 4909 772 4964 nisi
827 4907 1119 4964 Antonium
1160 4911 1400 4980 conjugi,
1454 4910 1782 4968 feminarum
1823 4924 1951 4985 post

370 4995 712 5054 Theodoram
740 5000 1108 5070 nequissimae,
1132 5001 1428 5071 nupsisset.

441 5086 534 5141 ιχ.
573 5089 892 5159 Hujusmodi
921 5091 1122 5146 femina
1147 5107 1271 5146 cum
1292 5089 1563 5160 potiretur
1585 5107 1790 5156 rerum,
1815 5108 1947 5147 ausa

369 5182 455 5230 est
491 5181 657 5229 totam
701 5177 1029 5234 labefactare
1074 5179 1416 5235 Ecclesiam:
1459 5195 1696 5250 cumque
1746 5195 1948 5236 conce-

361 5275 526 5340 ptum
547 5267 874 5338 jampridem
914 5271 1204 5327 consilium
1237 5271 1305 5328 de
1331 5271 1686 5328 convellenda
1715 5274 1944 5344 synodo,

369 5358 659 5429 tribusque
685 5358 940 5429 capitulis
966 5362 1292 5420 damnandis
1319 5365 1485 5421 vellet
1514 5365 1732 5422 tandem
1766 5367 1946 5437 expli-

2052 4471 2178 4510 nam
2211 4456 2444 4526 adeptus
2467 4465 2572 4512 est.

2126 4545 2261 4601 XlV.
2294 4547 2488 4601 Fertur
2519 4548 2749 4619 Vigilius
2774 4549 2994 4605 interim
3024 4551 3262 4615 dedisse,
3287 4567 3425 4622 quas
3446 4561 3641 4622 pactus

2053 4650 2191 4702 erat,
2224 4654 2454 4693 arcanas
2481 4641 2714 4705 litteras,
2758 4650 2821 4696 ut
2863 4643 3063 4714 pignus
3096 4643 3296 4707 forent,
3337 4654 3433 4699 aut
3471 4645 3639 4700 arrha

2055 4730 2258 4800 potius,
2312 4730 2459 4796 fidei,
2514 4748 2640 4786 cum
2695 4741 2913 4804 tempus
2939 4735 3167 4799 sineret,
3211 4735 3543 4805 prodendam
3580 4736 3639 4791 in

2056 4822 2124 4877 iis
2151 4823 2499 4878 Theodorum
2523 4825 2847 4880 nominatim
2870 4835 3036 4895 atque
3059 4826 3467 4881 Theodoretum
3487 4828 3644 4881 dam-

2053 4914 2240 4979 nabat,
2290 4915 2579 4986 ipsumque
2633 4916 2873 4972 Leonem
2925 4918 3200 4989 Magnum,
3249 4926 3414 4988 atque
3469 4918 3641 4973 etiam

2055 5014 2299 5059 sanctam
2335 5008 2623 5076 synodum.

2106 5095 2268 5152 :Sunt
2317 5098 2412 5166 qui
2451 5098 2662 5153 litteras
2713 5099 2944 5156 credant
2995 5101 3304 5170 suppositas
3347 5099 3418 5154 ab
3467 5099 3637 5166 Afris,

2053 5187 2252 5257 Vigilio
2296 5189 2646 5260 impudenter
2672 5190 2946 5258 infensis;
2982 5209 3086 5246 nec
3116 5208 3254 5246 vana
3291 5192 3639 5248 credentium

2055 5279 2192 5335 fides
2220 5282 2442 5339 videtur
2476 5303 2490 5339 :
2523 5301 2648 5341 nam
2677 5289 2860 5356 primo
2890 5287 3034 5356 apud
3083 5287 3296 5341 nullum
3351 5295 3642 5342 auctorem

2053 5370 2332 5441 leguntur,
2368 5383 2571 5444 praeter
2617 5375 2780 5432 Afros
2833 5375 2975 5432 duos
3019 5375 3419 5443 sebismatieos,
3468 5375 3642 5434 Libe-

1755 5521 2075 5582 SCHULZII
2112 5523 2346 5582 NOTA‘J.

443 5665 488 5696 “
521 5671 760 5728 Liberat.
800 5672 984 5740 Brev.,
1031 5687 1152 5743 cap.
1185 5674 1246 5728 2|
1288 5686 1340 5730 et
1376 5677 1480 5744 22;
1514 5680 1702 5738 Anast.
1754 5682 2014 5744 Bibliotb.
2051 5697 2104 5744 ct
2136 5687 2366 5758 Procop.
