4024 6152
331 328 423 394 ῙνῗἾ

1491 325 1852 388 HISTORIA
1890 320 2377 386 THEODORETI
2388 373 2398 385 .

3470 325 3570 391 1'78

326 450 497 496 ratum
521 446 577 493 et
605 436 878 492 Victorem
905 436 1290 492 Tuuoncusem
1320 454 1333 502 ;
1364 436 1563 491 deinde
1589 436 1737 490 nulla
1763 432 1893 488 alibi
1926 435 1967 491 A
1998 434 2525 509 Hierosolymorum,
2574 435 2804 504 aliisque
2849 450 2948 504 pro
2982 449 3133 488 more
3161 435 3452 504 epise0pis.
3492 436 3572 490 Ab

327 527 531 598 uspiam
556 525 799 595 ipsarum
820 526 1026 580 mentio
1047 524 1125 589 tit,
1149 534 1511 595 praterquam
1536 524 1621 578 vel
1649 523 1705 577 in
1737 521 1895 575 libris

326 618 561 675 Facundi
605 616 1037 681 Hermiauensis,
1095 616 1309 681 eodem,
1358 630 1466 686 quo
1524 614 1813 669 Liberatus
1842 620 1897 666 et

326 709 527 773 Victor,
543 708 736 762 morbo
753 707 1074 771 laborantis,
1088 709 1172 763 vel
1197 709 1340 779 apud
1362 708 1709 763 A‘uastasium
1732 705 1803 760 Af
1805 720 1894 760 ro-

327 816 445 854 rum
499 798 802 854 mendaciis
852 798 1096 853 illusum.
1146 800 1392 870 Denique
1430 798 1708 869 quomodo
1731 796 1899 851 Iusti-

327 894 540 954 nianus,
568 905 701 943 cum
729 889 938 944 fureret
978 889 1033 943 in
1066 891 1347 961 Vigilium,
1406 890 1667 944 damnare
1718 887 1899 958 capita

327 981 738 1045 detrectantem;
782 996 884 1035 suo
926 980 1200 1034 hominem
1243 980 1627 1051 chirographo,
1661 987 1757 1033 aut
1788 993 1897 1031 non

327 1072 483 1136 arsit,
541 1080 637 1125 aut
689 1087 800 1126 non
856 1070 1181 1125 infamavit?
1220 1069 1339 1136 Qua
1371 1071 1579 1125 ratione
1611 1069 1900 1124 Theodore

327 1179 446 1218 non:
477 1162 741 1217 convenit
770 1177 836 1215 ex
874 1161 1179 1233 syngrapha
1225 1160 1276 1214 id
1305 1168 1583 1229 prastare,
1625 1158 1771 1229 quod
1813 1174 1902 1213 ac-

327 1263 485 1322 cepto
508 1252 685 1321 pretio
716 1259 911 1321 pactus
932 1259 1052 1304 erat
1072 1251 1109 1303 ’ἴ

396 1343 505 1398 Sed
528 1342 1027 1413 quomodocunque
1075 1341 1175 1396 ista
1224 1356 1283 1395 se
1331 1340 1646 1404 habuerint,
1686 1355 1794 1395 non
1834 1340 1903 1394 Ii-

328 1433 444 1489 cuit
466 1434 647 1503 impia
670 1432 887 1487 femina
916 1448 1016 1488 suo
1050 1433 1258 1487 scelere
1284 1431 1376 1485 diu
1413 1431 1519 1486 frui
1551 1448 1564 1485 :
1597 1447 1743 1496 nam,
1783 1447 1906 1501 qua

332 1526 426 1581 Dei
462 1524 808 1596 providentia
850 1532 935 1578 est
974 1524 1268 1595 singularis
1312 1539 1439 1594 erga
1469 1524 1655 1578 sedem
1690 1533 1907 1593 aposto-

331 1614 747 1680 iicam,'stalim
793 1614 1054 1669 defuncto
1107 1615 1271 1685 226
1320 1614 1589 1677 Silverio,
1652 1614 1904 1684 Vigilius,

1998 528 2084 583 his
2128 538 2252 599 post
2286 529 2560 600 cognitam
2592 543 2810 583 causam
2842 537 3025 582 motus
3065 535 3148 581 est
3186 528 3307 581 loco
3348 528 3569 593 Paulus,

1998 618 2184 673 Zoilus
2212 617 2594 673 Alexandrinae
2626 618 2882 673 Ecclesia
2912 617 3254 687 prapositus.

2070 709 2232 764 XVII.
2262 711 2487 764 Peracto
2511 712 2732 780 negotio
2767 708 3036 776 Pelagius,
3069 708 3199 761 dum
3247 707 3389 762 Gaza
3427 707 3573 762 Con-

2000 801 2416 871 stantinopolim
2470 801 2718 856 terrestri
2771 801 2857 853 via
2909 800 3222 862 revertitur,
3272 799 3465 853 incidit
3520 799 3575 853 in

2000 895 2307 973 Palestinos
2347 896 2666 959 monachos,
2713 896 2806 965 qui
2854 895 3068 949 libellos
3092 910 3315 964 precum
3345 895 3577 964 impera-

2002 988 2360 1051 tori'ferrent,
2397 988 2746 1057 postulaturi,
2793 996 2854 1041 ut
2899 986 3333 1056 Origenistarum
3382 986 3579 1040 tumul-

2006 1079 2279 1134 tuantium
2323 1077 2552 1133 audacia
2609 1078 2940 1132 retineretur
2988 1076 3142 1130 freno
3169 1077 3371 1145 legum,
3415 1082 3470 1129 et
3520 1081 3580 1127 ut

2005 1170 2122 1240 ipsa
2167 1168 2500 1223 tumultuum
2544 1182 2708 1220 causa
2751 1165 3055 1228 tolleretur,
3083 1163 3430 1233 dogmatibus
3462 1159 3582 1216 Ori-

2005 1262 2159 1332 genis
2187 1260 2367 1314 ediCto
2393 1258 2542 1328 regio
2568 1257 2909 1326 proscriptis.

2076 1350 2236 1421 227
2289 1349 2489 1405 Didicit
2532 1349 2601 1402 ab
2649 1347 2716 1402 iis
2765 1347 2902 1401 duas
2947 1345 3291 1416 potissimum
3330 1343 3582 1415 Origenis

2006 1443 2337 1513 quastiones
2368 1451 2495 1498 tunc
2523 1440 2784 1510 temporis
2804 1439 3146 1505 contentiose
3177 1436 3369 1508 agitari
3397 1453 3412 1502 ;
3444 1436 3583 1489 alte-

2009 1549 2123 1587 ram
2151 1532 2218 1587 de
2246 1532 2681 1602 praexsistentia
2699 1531 3027 1595 animarum,
3054 1530 3278 1583 alteram
3300 1529 3368 1584 de
3396 1543 3580 1583 rerum

2008 1634 2132 1694 post
2160 1632 2310 1678 certa
2338 1623 2535 1677 sacula
2564 1621 2911 1675 restitutione
2945 1639 2956 1673 :
2991 1622 3059 1674 ad
3094 1621 3193 1674 bas
3218 1628 3420 1683 tamen,
3455 1617 3584 1687 quia

331 1716 561 1778 urgente
603 1707 817 1761 arcanis
848 1707 1202 1761 instinctibus
1238 1706 1494 1769 Numine,
1530 1705 1906 1775 episcopatum

2021 1715 2267 1768 Palribus
2314 1714 2643 1783 quibusdam
2687 1712 2818 1767 olim
2866 1727 2975 1765 non
3029 1710 3359 1765 videbantur
3400 1708 3583 1778 perni-

331 1816 431 1871 per
486 1800 667 1854 scelus
743 1808 1028 1868 acceptum
1099 1808 1293 1868 sponte
1346 1797 1618 1866 deposuit.
1675 1796 1907 1850 Romani

333 1889 520 1944 clerici
560 1888 764 1943 factum
812 1888 1016 1952 mirati,
1044 1888 1403 1941 mutationem
1438 1886 1673 1940 dextera
1696 1885 1910 1941 Excelsi

332 1980 631 2052 perfectam
674 1980 870 2035 merito
916 1979 1041 2051 nui,
1092 1980 1147 2033 in
1174 1979 1321 2034 Petri
1348 1978 1609 2033 cathedra
1641 1984 1913 2048 reponunt

333 2070 641 2141 legitimum
666 2070 776 2140 jam
819 2067 1158 2140 pontificem,
1199 2084 1362 2139 quem
1387 2069 1530 2122 Deus
1558 2083 1623 2121 ex
1657 2068 1787 2138 lupo
1819 2084 1912 2138 pa-

335 2170 542 2216 storem
582 2160 819 2215 fecisset.

409 2251 641 2306 Indutus
689 2250 779 2305 ille
822 2250 1026 2305 virtute
1073 2266 1141 2304 ex
1185 2250 1316 2312 alto,
1363 2248 1497 2302 etin
1530 2248 1695 2302 alium
1720 2263 1914 2303 versus

338 2341 543 2403 virum,
581 2339 635 2393 id
665 2340 796 2410 egit,
827 2338 975 2408 quod
1004 2346 1168 2408 caput
1192 2337 1449 2392 Ecclesia
1473 2337 1723 2401 decebat,
1750 2337 1911 2393 ﬁdem

338 2430 589 2486 defendit
636 2431 936 2499 apostolico
987 2429 1189 2493 studio,
1239 2429 1497 2498 stetitque
1554 2444 1653 2499 pro
1704 2430 1913 2500 synodo

340 2529 600 2576 constans
630 2528 687 2575 et
728 2521 1173 2590 imperterritus;
1225 2535 1535 2590 quanquam
1595 2536 1695 2590 pro
1736 2521 1917 2577 tribus

339 2610 599 2680 capitulis
644 2610 863 2665 videtur
897 2627 961 2665 ea
991 2611 1400 2681 dispensatione
1431 2628 1541 2666 non
1568 2613 1735 2667 semei
1760 2629 1913 2679 usus,

340 2721 451 2775 qua
477 2705 679 2760 Paulus
716 2704 830 2775 ipse
866 2707 1144 2776 apostolus
1180 2706 1517 2776 aliquando:
1562 2724 1685 2762 nam
1728 2721 1916 2761 amore

340 2797 497 2866 pacis
545 2806 603 2850 et
648 2797 955 2851 animorum
987 2797 1293 2853 concordia
1323 2798 1620 2853 retinenda
1652 2814 1815 2855 causa
1849 2797 1917 2852 de

343 2888 526 2958 legum
555 2887 736 2957 rigore
769 2888 1019 2942 nonnihil
1050 2887 1280 2943 remisit.

411 2976 528 3032 XV.
584 2978 770 3032 Rebus
818 2979 1077 3033 Ecclesia
1128 2979 1385 3033 Romana
1438 2978 1514 3032 ita
1572 2978 1915 3043 constitutis,

2012 1807 2194 1871 ciosa,
2244 1806 2459 1861 additas
2491 1821 2610 1861 esse
2656 1805 2790 1859 alias
2835 1805 3041 1873 plures,
3072 1817 3194 1872 qua
3216 1802 3477 1871 majorem
3504 1801 3585 1854 fa-

2012 1905 2201 1953 cerent
2259 1898 2468 1953 auctori
2527 1896 2809 1951 invidiam.
2856 1893 3100 1949 Rescivit
3137 1891 3303 1946 etiam
3346 1891 3587 1945 acriores

2012 1999 2237 2060 propter
2260 1990 2362 2044 ista
2388 1990 2639 2059 dogmata
2675 1988 2729 2041 in
2779 1984 3129 2040 monasteriis
3171 1982 3381 2045 turbas,
3421 1996 3584 2050 quam

2014 2081 2070 2133 in
2100 2079 2420 2133 civitatibus
2449 2076 2657 2131 moveri
2684 2094 2698 2143 ;
2722 2075 2886 2144 idque
2914 2090 2980 2128 ex
3012 2089 3078 2127 eo
3112 2070 3254 2136 fieri,
3279 2070 3425 2139 quod
3448 2069 3588 2124 Eva-

2013 2170 2116 2240 grii
2150 2169 2362 2223 Pontici
2386 2177 2440 2222 et
2469 2166 2683 2239 Didymi
2711 2164 3017 2235 presbyteri
3042 2164 3059 2183 ⁶
3090 2177 3278 2233 opera,
3307 2161 3359 2215 in
3387 2162 3588 2231 quibus

2014 2262 2209 2316 lateret
2243 2260 2493 2330 Origenis
2538 2272 2834 2320 venenum,
2864 2266 3087 2327 propter
3113 2255 3404 2310 asceticam
3427 2253 3592 2309 disci-

2015 2352 2219 2423 plinam
2245 2366 2275 2405 a
2301 2349 2585 2405 monachis
2618 2347 2776 2402 avide
2804 2348 3137 2418 legerentur.

2086 2442 2310 2497 Audivit
2339 2440 2524 2505 simul,
2579 2438 2727 2508 quod
2758 2428 2999 2492 'avidius
3045 2435 3281 2506 excepit,
3337 2440 3592 2488 auctores

2017 2535 2354 2590 tumultuum
2390 2532 2447 2585 in
2476 2546 2617 2585 nova
2660 2530 2964 2600 prasertim
3015 2528 3193 2582 Laura
3238 2527 3378 2581 duos
3429 2525 3595 2580 exsti-

2020 2624 2149 2678 tisse
2194 2622 2429 2685 nobiles,
2480 2619 2734 2674 Nonnum
2766 2625 2822 2672 et
2859 2615 3171 2679 Leontium,
3206 2630 3345 2684 quos
3372 2624 3597 2668 sanctus

2019 2712 2229 2769 Sabbas
2277 2728 2397 2767 eam
2423 2711 2495 2766 ob
2531 2725 2752 2766 causam
2779 2707 2905 2762 inde
2926 2706 3226 2777 expulisset
3253 2723 3268 2771 ;
3304 2705 3449 2775 ipsos
3473 2711 3595 2772 post

2018 2804 2192 2859 sancti
2235 2801 2339 2857 viri
2382 2802 2595 2857 obitum
2629 2799 2860 2854 rediisse
2907 2796 2972 2851 ad
3002 2796 3258 2862 Lauram,
3296 2794 3463 2849 fretos
3491 2808 3594 2861 ope

2019 2894 2297 2948 Theodori
2360 2902 2418 2949 et
2466 2890 2796 2955 Domitiani,
2846 2889 3166 2959 priusquam
3219 2885 3593 2956 episcopatum

2019 2986 2478 3056 adipiscerentur,
2533 2982 2623 3036 ille
2668 2979 3060 3036 Casarienscm
3081 2974 3457 3046 Cappadocia,
3494 2972 3596 3025 iste

343 3084 472 3138 spes
507 3077 629 3123 erat
681 3069 1041 3123 diuturnioris
1074 3069 1223 3139 pacis
1266 3087 1281 3135 ;
1311 3070 1581 3139 siquidem
1619 3085 1685 3124 ex
1712 3087 1778 3124 eo
1805 3086 1915 3124 uno

2021 3080 2366 3149 Ancyrauum
2414 3075 2637 3130 Galatia
2664 3092 2678 3140 ;
2713 3084 3005 3141 utrumque
3034 3067 3478 3124 tumultuantium
3504 3081 3598 3135 pa-

341 3159 637 3214 videbatur
686 3160 949 3230 pendere,
997 3160 1043 3214 si
1096 3160 1413 3215 defensores
1463 3161 1654 3231 synodi
1710 3161 1917 3229 primos

344 3250 517 3305 totius
573 3250 830 3304 Ecclesia
873 3250 1102 3304 thronos
1146 3248 1448 3319 primisque
1480 3265 1744 3319 suppares
1769 3258 1923 3304 tene-

346 3351 493 3396 rent.
539 3342 785 3397 Tenebat
816 3358 948 3398 vero
978 3343 1279 3396 Romanum
1311 3343 1561 3413 Vigilius,
1612 3342 1923 3398 Constanti-

344 3434 726 3503 nopolitanum
758 3434 997 3497 Mennas,
1029 3434 1234 3488 Paulus
1258 3434 1708 3499 Alexandrinum,
1736 3434 1924 3490 Antio-

345 3523 586 3577 chenum
620 3524 967 3592 Ephremius,
987 3525 1184 3579 Petrus
1207 3523 1782 3597 Hierosolymitanum,
1811 3524 1924 3597 Hy-

348 3614 531 3682 patius
551 3615 908 3684 Ephesinum,
937 3616 1259 3670 Theodorus
1287 3615 1676 3671 Caesariensem
1710 3617 1921 3688 Cappa-

347 3704 542 3770 docia,
566 3722 757 3760 omnes
802 3723 988 3761 revera
1030 3708 1307 3774 catholici,
1343 3717 1541 3777 prater
1564 3718 1921 3777 postremum,

349 3797 513 3867 cujus
570 3798 705 3851 ﬁdes
760 3807 854 3852 aut
903 3798 1071 3851 dubia
1117 3798 1240 3861 fuit,
1291 3800 1587 3853 autforsan
1613 3801 1926 3868 nulla;sed

349 3887 625 3941 obstinata
656 3888 903 3957 placendi
933 3889 1274 3959 principibus
1304 3890 1557 3946 voluntas
1589 3892 1767 3961 potuit
1805 3906 1926 3946 esse

352 3993 459 4050 pro
502 3980 808 4034 constantia
845 3980 899 4033 in
951 3979 1344 4051 prepugnanda
1385 3981 1614 4051 synodo,
1652 3981 1927 4051 siquidem

352 4067 604 4120 addictos
627 4067 727 4137 ipsi
749 4068 969 4122 videbat
992 4069 1288 4139 principes,
1319 4070 1684 4125 Iustinianum
1724 4073 1925 4143 reipsa,

352 4157 765 4212 dissimulanter
791 4155 1155 4215 Theodoram.

428 4248 548 4303 Non
599 4248 791 4303 fuisset
830 4266 998 4319 porro
1044 4252 1195 4320 pacis
1242 4259 1388 4306 tanta
1442 4268 1566 4324 Spes
1611 4253 1785 4319 irrita,
1822 4255 1929 4310 nisi

355 4341 621 4410 Augusta,
647 4341 903 4396 Ecclesia
926 4342 1088 4407 furia,
1122 4343 1328 4398 intenta
1353 4344 1405 4398 in
1431 4360 1647 4399 omnem
1670 4346 1930 4400 turbandi

2024 3177 2243 3223 tronum
2278 3182 2419 3231 esse,
2451 3174 2746 3235 utrumque
2777 3162 2997 3232 Origeui
3030 3162 3273 3231 apprime
3294 3158 3594 3220 addictum,

2023 3268 2321 3324 utrumque
2368 3253 2484 3308 suis
2525 3252 2739 3306 artibus
2764 3257 3005 3305 tentasse
3037 3247 3199 3302 fidem
3230 3243 3596 3298 monasterio--

2025 3362 2170 3411 rum,
2208 3345 2305 3400 sed
2335 3359 2489 3398 nova
2526 3341 2825 3413 praesertim
2854 3339 3068 3402 Laurae,
3096 3336 3187 3392 cui
3211 3351 3322 3390 sua
3347 3333 3598 3388 factionis

2024 3436 2301 3492 hominem
2372 3431 2783 3504 praﬁciendum
2863 3436 3193 3492 curassent;
3245 3422 3597 3479 Theodorum

2023 3526 2555 3596 Constantinopolim
2582 3524 2799 3579 venisse
2825 3529 2951 3577 ante
2979 3520 3190 3589 aliquot
3224 3531 3416 3579 annos,
3453 3513 3598 3569 suis-

2025 3636 2131 3691 que
2186 3617 2476 3690 prastigiis
2528 3615 2585 3669 in
2630 3614 2858 3686 gratiam
2906 3611 3256 3682 principum,
3317 3606 3600 3677 ipsiusque

2026 3712 2235 3767 Manna
2288 3708 2595 3778 irrepsisse,
2640 3720 2739 3760 sua
2789 3702 3039 3774 potentia
3078 3699 3329 3756 effecisse
3386 3704 3596 3767 postea,

2024 3818 2094 3857 ne
2129 3802 2347 3859 Gelasio
2376 3814 2477 3871 pro
2515 3796 2866 3853 monasteriis
2888 3799 3392 3864 questuro'pateret
3417 3790 3600 3844 aditus

2025 3891 2093 3947 ad
2118 3889 2508 3951 Iustinianum,
2551 3886 2662 3956 jam
2714 3897 2845 3937 vero
2897 3879 3155 3935 Ecclesia
3204 3875 3523 3933 Casariensi
3567 3891 3597 3929 a

2027 3983 2221 4038 Menna
2239 3978 2461 4050 quidem
2476 3984 2531 4032 et
2546 3972 2855 4031 Iustiniano
2873 3986 2969 4040 per
2985 3983 3251 4031 errorem,
3270 3982 3301 4020 a
3314 3964 3602 4020 Theodore

2027 4081 2256 4145 propter
2279 4069 2634 4125 consiliorum
2669 4062 2983 4119 societatem
3011 4067 3067 4114 et
3090 4072 3379 4113 commune
3408 4054 3601 4127 synodi

2028 4161 2238 4223 odium,
2271 4158 2585 4229 prafectum
2634 4170 2753 4210 esse
2784 4171 2797 4207 :
2855 4150 2906 4206 id
2952 4147 3145 4221 jactari
3170 4149 3312 4203 fama
3343 4148 3399 4201 in
3423 4147 3600 4219 Syria.

2030 4249 2196 4319 idque
2231 4264 2371 4316 agre
2417 4248 2580 4308 ferre,
2630 4249 2900 4315 quotquot
2940 4255 3129 4311 parem
3172 4238 3381 4309 angelis
3436 4238 3604 4293 vitam

2032 4350 2227 4397 asceta
2267 4338 2551 4392 ducerent.

355 4432 726 4495 occasionem,
762 4432 998 4487 oblatam
1038 4434 1381 4503 arripuisset,
1409 4444 1463 4490 et
1494 4451 1558 4489 ex
1589 4436 1824 4491 scintilla
1846 4437 1929 4492 fe-
1963 4437 2006 4491 D
2104 4430 2290 4486 XVIII.
2318 4429 2398 4483 Ad
2418 4429 2534 4482 hac
2562 4424 2828 4496 gestiebat
2850 4424 3033 4478 animo
3058 4418 3329 4489 Pelagius,
3361 4425 3422 4471 ut
3441 4433 3609 4471 amu-

358 4521 524 4575 cisset
557 4522 749 4592 ingens
779 4524 944 4578 totius
988 4523 1138 4579 orbis
1193 4524 1527 4580 incendium.
1570 4525 1763 4597 Opera
1803 4544 1934 4600 pre-

360 4613 498 4666 tium
521 4624 605 4668 est
631 4630 767 4676 rem,
824 4631 943 4683 qua
984 4618 1226 4672 omnium
1273 4620 1728 4689 consequentium
1771 4622 1935 4676 cardo

358 4704 486 4768 fuit,
516 4706 681 4774 paulo
712 4705 876 4761 altius
900 4707 1092 4763 ordiri.

436 4793 573 4848 XVI.
630 4795 831 4849 Paulus
865 4796 1086 4865 quidam
1134 4813 1200 4851 ex
1242 4798 1534 4867 praeposito
1564 4799 1937 4855 Tabcnnesio-

360 4893 545 4937 tarum
569 4884 965 4939 monachorum
988 4886 1253 4941 suffectus
1276 4887 1451 4941 fuerat
1476 4888 1531 4942 in
1557 4888 1737 4943 locum
1761 4889 1940 4944 Theo-

359 4975 532 5037 desii,
570 4992 731 5045 quem
764 4977 880 5031 suis
908 4977 1156 5047 partibus
1184 4979 1463 5033 addictum
1495 4980 1786 5035 Theodora
1816 4981 1940 5036 Ale-

360 5066 649 5122 xandrina
681 5068 939 5124 Ecclesia
976 5084 1075 5137 per
1108 5068 1245 5125 ﬁdos
1279 5071 1561 5126 ministros
1596 5072 1934 5142 praefecerat.

358 5159 619 5213 Nondum
650 5160 740 5215 ille
776 5176 978 5216 annum
1009 5170 1180 5216 totum
1209 5174 1464 5233 exegerat
1500 5164 1553 5217 in
1595 5164 1934 5234 episcopatu,

357 5265 495 5303 cum
549 5252 855 5338 poptulatus
909 5258 995 5308 est
1049 5253 1190 5323 apud
1244 5254 1626 5323 imperatorem
1678 5255 1745 5309 de
1792 5257 1939 5312 cade

358 5341 589 5396 diaconi
619 5361 634 5395 :
667 5358 787 5397 eam
809 5344 880 5398 ob
916 5360 1030 5399 rem
1059 5346 1127 5399 ab
1157 5344 1441 5415 Augustali
1469 5347 1676 5417 ejectds
1705 5347 1940 5401 Alexan-

359 5432 514 5497 dria,
558 5430 759 5487 Gazam
811 5433 1110 5489 Palastina
1145 5433 1199 5488 in
1225 5435 1475 5490 exsilium
1497 5436 1649 5490 venit
1680 5453 1693 5489 :
1723 5436 1799 5490 ibi
1821 5436 1941 5506 jus-

355 5539 463 5577 sus
489 5532 575 5577 est
614 5540 833 5578 causam
876 5524 1058 5580 dicere
1087 5541 1271 5581 coram
1308 5526 1587 5596 judicibus
1611 5527 1679 5581 ab
1708 5526 1945 5597 impera-

356 5624 488 5668 tore
510 5614 674 5679 dalis,
694 5616 911 5687 Pelagio
943 5633 1140 5687 neiupe
1186 5618 1363 5690 Vigilii
1387 5618 1759 5690 apocrisiario,
1809 5618 1946 5673 duo~

360 5709 581 5778 Malae
641 5710 985 5779 patriarchis,
1047 5711 1339 5781 Ephremio
1399 5710 1720 5779 Antiochia,
1780 5712 1942 5770 Petro

2033 4524 2121 4578 Ius
2167 4521 2400 4591 quisque
2440 4517 2599 4580 solet,
2644 4529 2767 4568 cum
2820 4511 3062 4567 occurrit
3106 4509 3322 4566 occasio
3373 4506 3608 4562 faciendi

2034 4610 2349 4669 adversario
2371 4605 2606 4678 negotii:
2638 4603 2870 4675 spondet
2903 4600 3185 4656 monachis
3216 4599 3605 4669 patrocinium.

2035 4720 2136 4760 suo
2165 4712 2411 4771 tempore
2454 4697 2633 4754 audiri
2688 4695 2757 4749 ab
2806 4694 3135 4763 imperatore
3180 4697 3377 4743 curat:
3431 4687 3607 4757 impe-

2036 4803 2206 4859 rator,
2252 4791 2456 4847 furiose
2487 4794 2750 4860 appetens
2774 4784 2964 4840 audire
2998 4781 3303 4851 theologus,
3335 4778 3449 4833 edit
3479 4793 3607 4832 san-

2037 4886 2273 4942 ctionem
2322 4883 2494 4939 instar
2544 4877 2767 4952 grandis
2824 4874 3139 4937 voluminis,
3192 4887 3298 4942 qua
3358 4870 3610 4939 dogmata

2037 4976 2287 5048 Origenis
2332 4973 2576 5046 exponit,
2624 4970 2844 5032 refutat,
2891 4964 3206 5037 proscribit,
3240 4973 3295 5016 et
3327 4959 3469 5031 quod
3504 4958 3610 5012 mi-

2041 5069 2287 5132 rabilius,
2316 5080 2555 5121 canones
2575 5061 2783 5125 condit,
2808 5056 3247 5114 contradicentes
3267 5053 3611 5107 anathemate

2039 5158 2314 5232 percellit,
2370 5156 2529 5227 jubet
2581 5166 2773 5208 omnes
2808 5148 3167 5220 patriarchas,
3208 5145 3372 5199 etiam
3411 5145 3613 5199 Itoma-

2040 5268 2195 5316 num,
2225 5258 2281 5305 et
2322 5247 2428 5303 sibi
2463 5243 2736 5306 assentiri,
2770 5250 2824 5297 et
2859 5249 3048 5296 coacto
3074 5237 3325 5294 diacesis
3355 5235 3611 5292 concilio.

2042 5358 2172 5399 suos
2224 5353 2460 5395 canones
2512 5332 2903 5390 subscribere:
2955 5332 3089 5402 quin
3148 5339 3202 5385 et
3240 5339 3389 5385 vetat
3440 5330 3612 5384 ullum

2042 5432 2255 5503 uspiam
2303 5438 2594 5489 terrarum,
2636 5425 2721 5480 vel
2753 5423 2994 5479 ordinari
3018 5423 3354 5493 episcopum,
3383 5420 3468 5475 vel
3497 5434 3616 5472 mo-

2041 5522 2298 5581 nasteriis
2354 5529 2565 5592 patrem
2607 5517 2832 5589 praeﬁci,
2860 5516 2953 5587 qui
2983 5531 3081 5571 suo
3106 5512 3466 5582 chirographo
3495 5509 3619 5564 edi-

2045 5624 2202 5673 ctum.
2214 5629 2325 5669 non
2344 5610 2663 5680 recepisset.

2117 5706 2257 5765 XIX.
2284 5702 2617 5763 Reclamavit
2644 5720 2805 5762 nemo
2834 5699 3027 5770 palam,
3070 5696 3229 5767 cujus
3264 5702 3408 5750 esset
3441 5690 3625 5754 aliqua
