4040 6172
342 298 442 367 I81

1510 294 1877 354 HISTORIA
1909 288 2397 351 THEODORETI
2408 337 2419 347 .
2458 312 2463 317 ·

3504 280 3607 346 182

342 409 718 481 mtuum,
748 401 1102 472 Siciliamque
1128 409 1182 456 et
1213 400 1423 457 Italiam
1455 416 1580 455 cum
1616 402 1790 455 Roma
1828 415 1921 454 vc-
1952 403 1995 459 Α
2024 394 2302 481 dorusque
2352 394 2757 481 subripuissent
2795 410 2808 447 :
2860 391 3179 481 metuebant
3234 392 3447 448 scilicet
3492 410 3559 447 ne
3585 433 3602 459 ,

344 509 459 554 tere
481 498 539 551 in
563 496 740 566 ipsius
767 494 1034 549 ditionem
1065 491 1369 563 redegerit:
1401 491 1455 546 id
1492 508 1661 545 unum
1694 491 1923 562 rependi

346 603 510 659 posse
533 603 563 641 a
597 586 851 656 piissimo
886 584 1158 655 principe,
1183 600 1280 652 pro
1328 591 1407 636 tot
1462 582 1709 637 victoriis
1734 598 1764 636 a
1814 582 1925 637 Nu-

344 678 493 733 mine
520 677 771 743 indultis,
807 676 937 730 dare
964 690 1157 744 pacem
1205 674 1490 738 Ecclesim,
1522 689 1644 741 quae
1696 672 1793 727 Dei
1835 688 1923 727 reo

346 784 510 840 gnum
537 776 645 833 est,
670 782 836 837 quam
889 766 1036 820 Deus
1076 763 1237 819 dedit
1262 762 1409 827 orbi,
1447 762 1598 833 quod
1628 762 1925 818 Iustiniani

348 859 667 927 imperium.

420 948 508 1004 III.
540 946 638 1001 IIis
659 945 893 1016 aliisque
923 945 1247 1014 imperator,
1283 952 1345 998 ut
1386 951 1509 997 erat
1549 943 1715 997 homo
1767 944 1926 998 valde

347 1039 547 1103 bonus,
580 1054 777 1108 passus
809 1047 894 1091 est
915 1036 1155 1105 primum
1195 1050 1252 1090 se
1310 1034 1554 1088 amoveri
1610 1049 1640 1087 a
1672 1042 1928 1103 suscepto

349 1128 619 1184 adversus
675 1125 986 1195 Acephalos
1035 1139 1236 1194 opere,
1301 1132 1415 1177 tum
1468 1124 1668 1179 deinde
1723 1123 1927 1178 librum

351 1215 627 1271 Theodori
653 1215 839 1271 studio
864 1213 1273 1278 elucubratum,
1319 1229 1420 1269 suo
1468 1213 1690 1268 nomine
1729 1214 1928 1268 inscri-

354 1310 647 1379 psitatque
667 1307 877 1362 edidit:
914 1305 1156 1360 edictum
1183 1314 1395 1375 postca,
1433 1304 1581 1374 quod
1632 1306 1929 1360 voluminis

354 1401 526 1454 instar
548 1400 656 1461 sit,
709 1413 740 1452 a
781 1395 1184 1452 Theodorianis
1240 1397 1606 1466 compositum
1666 1396 1930 1451 adversus

356 1492 453 1548 tria
479 1491 720 1561 capitula
745 1490 954 1545 edidit:
983 1490 1221 1559 denique
1264 1488 1547 1544 mandavit
1574 1487 1778 1557 ubique
1820 1496 1932 1543 ter-

352 1599 560 1646 rarum,
616 1583 686 1637 ab
748 1582 1005 1638 omnibus
1053 1597 1207 1637 suam
1263 1581 1446 1637 edicto
1470 1579 1931 1650 subscriptionem

353 1672 612 1742 supponi.

2025 496 2134 550 qua
2164 480 2377 536 valebat
2397 480 2539 552 apud
2571 480 2959 549 imperatorem
2998 480 3193 551 gratia,
3225 496 3445 551 quoque
3488 482 3606 536 ani«

2027 587 2119 627 mo
2169 581 2288 627 erat
2327 589 2455 642 erga
2488 579 2733 626 sanctam
2781 570 3074 641 synodum,
3120 570 3449 642 praestigias
3479 585 3606 623 suas

2029 663 2375 726 dissolveret,
2410 661 2800 718 etJustiniano
2837 661 3080 725 fraudes,
3106 678 3228 730 qua;
3272 662 3375 731 ipsi
3406 661 3596 715 tende-

2030 755 2252 818 bantur,
2286 755 2654 824 factionisquc
2687 753 2923 807 infandae
2952 754 3246 807 consilium
3274 753 3539 822 aperiret.

2097 846 2316 915 Pelagio
2342 846 2513 914 igitur
2537 846 2727 915 procul
2770 846 2970 915 posito,
3023 845 3366 915 suffectoque
3409 846 3463 899 in
3489 845 3609 915 eius

2029 938 2212 992 locum
2244 936 2545 1005 Stephano,
2578 938 2801 991 homine
2829 937 2978 1006 paris
3025 938 3247 1006 quidem
3302 938 3472 992 studii
3507 953 3607 1008 pro

2033 1028 2157 1090 fide,
2190 1028 2286 1082 sed
2310 1028 2536 1096 imparis
2557 1027 2611 1082 in
2646 1029 2773 1082 aula
2801 1028 2988 1097 gratim
3025 1037 3190 1098 atque
3232 1030 3604 1093 auctoritatis,

2031 1119 2277 1189 prostitit
2305 1117 2783 1188 Constantinopoli
2811 1119 3087 1184 edictum,
3145 1120 3490 1190 missumque
3537 1123 3606 1176 ad

2033 1229 2229 1267 omnes
2275 1212 2430 1268 orbis
2462 1213 2775 1283 episcopos.
2828 1213 3068 1268 concivit
3111 1230 3254 1276 eam,
3289 1230 3412 1284 qua:
3460 1216 3608 1271 dicta

2031 1313 2135 1368 est,
2178 1304 2604 1359 commotionem
2652 1305 2982 1359 animorum.
3031 1305 3156 1361 Haec
3210 1315 3269 1359 ut
3297 1307 3605 1372 sedaretur,

2033 1398 2444 1452 convocandam
2502 1398 2672 1452 totius
2726 1397 2986 1452 Ecclesia:
3051 1398 3317 1467 synodum
3348 1400 3611 1457 Iustinia—

2033 1504 2138 1543 nus
2167 1489 2424 1553 credidit,
2451 1490 2565 1558 ipsa
2587 1498 2913 1560 perurgente
2951 1491 3215 1560 Augusta,
3253 1492 3346 1547 sed
3392 1502 3611 1548 contra-

2035 1580 2119 1636 rio
2147 1581 2402 1637 consilio.
2436 1583 2737 1637 Videbatur
2764 1582 2912 1636 enim
2959 1581 3064 1637 sibi
3098 1597 3290 1637 secura
3341 1584 3606 1647 victorias,

2039 1671 2181 1727 etde
2200 1662 2409 1743 sy'nodo
2454 1672 2893 1729 Chalcedonensi
2933 1673 3140 1729 certius
3182 1675 3607 1744 triumphatum,

422 1764 484 1818 Id
519 1764 652 1817 fecit
683 1764 1007 1832 imperator,
1044 1762 1336 1832 Acephalis
1389 1764 1796 1833 gratulantibus
1823 1764 1929 1818 sibi
1968 1771 2004 1824 Β
2036 1762 2320 1833 siquando
2352 1773 2573 1819 coactos
2603 1764 2658 1817 in
2686 1764 2879 1817 urbem
2910 1764 3116 1835 regiam
3151 1765 3304 1820 orbis
3334 1767 3613 1822 antistites

354 1860 565 1923 partam
590 1852 695 1908 hac
721 1864 838 1908 arte
870 1854 1176 1907 victoriam.
1241 1854 1467 1907 Mennas
1494 1871 1617 1908 cum
1668 1856 1783 1909 suis
1815 1855 1933 1925 epi-

355 1946 535 2015 scOpis
559 1945 806 2001 edictum
832 1946 1063 2015 recepit,
1096 1962 1160 2000 ea
1198 1956 1379 2002 tamen
1413 1947 1692 2012 cautione,
1715 1947 1759 2002 si
1780 1962 1933 2001 sum-

354 2052 477 2092 mus
501 2037 750 2106 pontifex
782 2038 1074 2108 probaret:
1104 2038 1196 2092 alii
1239 2047 1350 2094 tres
1384 2036 1683 2094 Orientalis
1710 2037 1931 2107 imperii

354 2129 678 2199 patriarchae
709 2128 966 2183 reluctari
996 2144 1106 2183 non
1135 2138 1265 2185 sunt
1294 2129 1434 2193 ausi,
1470 2137 1618 2182 metu
1674 2128 1933 2183 amitten-

353 2217 436 2273 da:
456 2218 763 2288 dignitatis,
793 2216 940 2287 quod
977 2218 1282 2289 contigerat
1333 2218 1745 2283 decessoribus,
1783 2218 1939 2288 prin-

355 2308 490 2379 cipis
524 2309 773 2364 animum
798 2309 1080 2364 offendere
1105 2324 1215 2363 non
1245 2309 1456 2364 veritis.

428 2401 523 2455 IV.
553 2400 815 2456 Restabat
843 2416 987 2470 unus
1012 2401 1186 2455 instar
1206 2401 1455 2455 omnium
1504 2416 1755 2455 summus
1800 2414 1942 2468 pon-

356 2491 507 2555 tifcx,
533 2506 699 2561 quem
729 2490 1016 2545 Theodora
1042 2490 1109 2545 ad
1129 2490 1606 2553 consentiendum,
1630 2488 1935 2560 urgendum

356 2581 590 2653 putavit,
620 2582 819 2650 partim
842 2581 1020 2635 uxorii
1052 2580 1421 2650 imperatoris,
1464 2580 1664 2649 partim
1682 2580 1936 2634 Belisarii

354 2672 672 2727 famulantis
723 2674 1008 2743 potentia:
1044 2673 1124 2729 sic
1152 2673 1300 2728 enim
1350 2673 1641 2727 videbatur
1704 2671 1935 2729 convelli

355 2779 515 2832 posse
570 2763 823 2818 funditus
873 2762 1343 2819 Chalcedonensis
1399 2762 1669 2835 synodus,
1712 2762 1758 2819 si
1814 2778 1937 2833 qua:

355 2855 547 2924 prima:
574 2854 722 2910 sedis
752 2856 1077 2910 auctoritate
1122 2854 1427 2920 nitebatur,
1496 2854 1742 2925 ejusdem
1787 2854 1938 2910 sedis

357 2947 690 3001 auctoritate
719 2946 1026 3002 labeﬁeret.
1084 2946 1193 3010 Sua
1239 2962 1364 3015 spes
1401 2945 1661 3000 feminam
1707 2944 1931 3000 fefellit:

361 3052 485 3090 nam
518 3036 768 3107 Vigilius,
803 3039 818 3055 ‘
850 3036 1048 3091 Leonis
1069 3038 1244 3108 Magni
1299 3045 1520 3108 sumpto
1561 3037 1778 3107 spiritu,
1813 3037 1934 3091 edi—

2036 1853 2263 1910 babcret
2287 1855 2340 1910 in
2380 1871 2478 1910 sua
2508 1862 2800 1925 potestate.

2114 1944 2199 1998 VI.
2227 1945 2495 2000 Indicitnr
2525 1961 2658 2017 ergo
2685 1948 2929 2017 synodus
2949 1947 3479 2018 ConstantinOpolim
3531 1952 3606 2015 ll";

2034 2044 2263 2088 vocatur
2311 2037 2425 2105 ipse
2475 2037 2707 2107 Vigilius
2768 2053 2868 2106 pro
2914 2052 3066 2092 more
3118 2052 3219 2107 per
3264 2039 3612 2109 imperatoris

2037 2122 2261 2179 Sacram
2286 2142 2298 2178 :
2326 2126 2422 2179 sed
2444 2126 2607 2180 datur
2630 2126 2790 2181 simul
2814 2143 2844 2181 a
2876 2126 3165 2181 Thcodora
3215 2128 3353 2183 clam
3382 2129 3614 2185 manda—

2035 2225 2150 2270 tum
2179 2218 2245 2271 ad
2276 2218 2627 2279 Bclisarium,
2658 2234 2769 2288 quo
2789 2218 3110 2289 pontificem
3157 2221 3345 2275 venire
3392 2230 3613 2291 cogeret

2034 2309 2119 2362 vel
2147 2309 2402 2363 invitum.
3580 2338 3589 2363 ε

2108 2398 2218 2453 V'II.
2251 2398 2453 2452 Verum
2482 2398 2575 2453 diu
2604 2414 2661 2453 se
2698 2399 2943 2468 pontifex
2976 2401 3257 2457 excusavit
3300 2402 3465 2456 allato
3493 2417 3613 2457 ma-

2031 2489 2215 2559 jorum
2264 2490 2538 2558 exemplo,
2587 2490 2680 2559 qui
2727 2504 2907 2559 neque
2955 2490 3214 2554 Nicaeam,
3265 2493 3440 2547 accitu
3473 2492 3616 2549 Con-

2038 2577 2285 2642 stantini,
2332 2594 2515 2648 neque
2538 2579 2819 2648 Ephesum
2862 2591 2958 2634 aut
3000 2580 3430 2645 Chalcedonem,
3462 2582 3613 2639 eilia-

2037 2670 2341 2742 gitantibus
2365 2671 2495 2726 licet
2525 2670 2838 2731 Theodosio
2883 2674 3106 2743 juniore
3129 2684 3185 2729 et
3227 2675 3495 2729 Martiano
3516 2691 3612 2730 ac.-

2037 2763 2333 2819 cessissent
2368 2781 2380 2817 :
2409 2764 2673 2818 afferebat
2702 2763 2899 2819 deinde
2930 2765 3059 2829 loci,
3119 2766 3187 2821 ad
3231 2782 3393 2835 quem
3423 2767 3615 2820 condi-

2038 2864 2187 2910 ctum
2218 2863 2358 2920 erat,
2389 2856 2894 2912 incommoditatem
2915 2874 2929 2923 ;
2954 2859 3204 2921 alterius,
3229 2867 3360 2928 puta
3388 2860 3610 2918 Siciliae.

2037 2949 2506 3016 opportunitatem
2546 2949 2707 3019 longe
2742 2950 3035 3019 majorem;
3071 2967 3138 3005 eo
3188 2951 3433 3020 undique
3467 2950 3608 3004 faci-

2039 3039 2147 3094 lius
2167 3040 2427 3095 advenire
2462 3041 2654 3096 Patres
2680 3057 2862 3111 posse,
2900 3044 3233 3113 paribusque
3278 3042 3476 3097 studiis
3514 3041 3618 3097 0c-

359 3136 506 3182 ctum
526 3127 708 3196 rejeci'
737 3146 753 3192 ;
785 3127 837 3181 id
868 3138 1146 3191 causatus,
1180 3128 1327 3198 quod
1356 3137 1578 3182 sanctus
1602 3128 1732 3182 olim
1749 3127 1936 3183 deces-
1967 3119 2009 3175 (ἶ
2045 3130 2322 3187 cidcntem
2371 3131 2763 3201 Orientemque
2808 3133 2866 3187 in
2928 3149 3091 3188 unam
3122 3134 3453 3188 sententiam
3479 3148 3615 3188 con-

359 3234 473 3281 ser,
497 3217 757 3289 religiose
785 3217 1133 3273 retinendam
1176 3219 1322 3271 omni
1350 3235 1416 3272 ex
1439 3227 1592 3286 parte
1630 3217 1899 3288 synodum
1923 3235 1934 3269 :

371 3308 550 3376 «Quia
594 3326 783 3380 neque
826 3310 1090 3380 perfectio
1134 3310 1558 3375 incrementum,
1610 3324 1790 3378 neque
1836 3309 1938 3363 ad-

362 3400 652 3470 iectionem
685 3401 971 3471 plenitudo
1007 3400 1204 3471 recipit
1236 3400 1303 3454 ⁸⁷.
1348 3420 1367 3453 ι

430 3492 628 3548 Secuta
650 3502 736 3548 est
769 3494 855 3548 sui
878 3493 1073 3563 capitis
1100 3494 1414 3563 exemplum
1448 3492 1726 3547 Ecclesia:
1762 3492 1940 3546 sicubi

366 3603 469 3641 non
499 3586 778 3641 serviebat
816 3586 1051 3655 turpiter
1085 3585 1340 3656 principi,
1391 3584 1496 3640 hoc
1525 3592 1631 3649 est,
1686 3585 1741 3639 in
1781 3582 1940 3640 Occi-

367 3678 526 3732 dente
548 3686 607 3732 et
642 3678 697 3732 in
724 3677 929 3741 Africa,
962 3678 1058 3735 sed
1085 3678 1396 3748 praesertim
1446 3677 1499 3731 in
1534 3677 1772 3748 Illyrico,
1809 3678 1940 3732 Dal-

376 3773 536 3827 matia
562 3788 628 3828 ac
667 3772 881 3836 Galliis,
921 3772 1154 3842 aliisque
1213 3771 1608 3827 remotioribus
1656 3772 1725 3826 ab
1782 3771 1939 3827 Italia

369 3865 695 3933 provinciis:
747 3873 913 3935 atque
970 3865 1097 3921 inde
1156 3865 1262 3920 fuit
1315 3873 1514 3929 metus,
1576 3881 1647 3919 nc
1701 3865 1939 3920 schisma

371 3950 677 4008 IIormisda:
702 3954 1044 4023 temporibus
1083 3955 1416 4010 exstinctum
1465 3955 1856 4009 revivisceret:
1888 3963 1946 4010 et

370 4044 587 4111 quidem
618 4053 773 4099 tanto
796 4045 1184 4101 vehementius
1211 4053 1473 4116 tantoque
1498 4045 1836 4115 pertinacius
1860 4045 1946 4099 fu-

373 4143 572 4200 turum,
628 4145 842 4205 quanto
874 4152 1039 4192 causa
1098 4137 1390 4193 videbatur
1434 4137 1745 4203 honestior,
1783 4151 1945 4208 syno-

372 4225 495 4280 dum
530 4228 934 4283 mcumenicam
969 4228 1314 4299 tueri,quam
1348 4228 1609 4284 Acacium
1658 4228 1939 4283 damnare.

440 4317 501 4372 Υ.
533 4317 663 4373 Haec
696 4320 992 4373 commotio
1038 4320 1288 4389 contigit,
1335 4334 1447 4389 quo
1492 4334 1636 4373 anno
1696 4319 1947 4388 Pelagius

2042 3223 2270 3292 spirare.
2296 3222 2667 3276 Nihilominus
2691 3224 2975 3278 annitente
3004 3223 3277 3277 Antonina
3314 3223 3616 3278 Theodore

2042 3312 2293 3367 ministra
2316 3313 2614 3367 Belisarius
2641 3313 2955 3383 pontificem
2984 3330 3050 3369 ex
3085 3314 3237 3368 Italia
3281 3314 3431 3369 exire
3469 3329 3617 3369 com-

2040 3402 2205 3472 pulit,
2236 3411 2292 3456 et
2316 3417 2457 3473 pene
2486 3418 2582 3473 per
2616 3403 2726 3456 vim
2762 3404 2945 3473 ejecit.

2114 3494 2252 3548 Vill.
2288 3494 2457 3549 Roma
2510 3493 2697 3563 igitur,
2744 3502 3034 3564 postquam
3076 3512 3107 3550 a
3174 3496 3351 3551 Totila
3404 3496 3618 3566 direpta

2041 3592 2148 3648 est,
2200 3599 2457 3653 egressus
2504 3583 2763 3653 Vigilius,
2824 3581 2914 3638 die
2975 3584 3047 3639 22
3102 3583 3430 3638 Novembris
3474 3596 3620 3639 anno

2047 3675 2150 3730 546
2174 3676 2388 3745 trajecit
2418 3676 2472 3729 in
2503 3674 2766 3738 Siciliam,
2801 3673 2892 3729 ubi
2917 3684 2974 3729 et
2994 3674 3377 3730 ordinationes
3411 3675 3622 3744 aliquot

2046 3780 2235 3821 mense
2265 3761 2552 3819 Decembri
2586 3762 2800 3827 habuit,
2859 3771 2915 3818 et
2942 3762 3272 3833 legationem
3323 3762 3462 3817 Zoili
3494 3763 3622 3818 Ale—

2047 3857 2297 3913 xandrini
2326 3856 2561 3925 excepit,
2596 3865 2652 3910 et
2671 3872 2701 3910 a
2724 3856 2881 3910 Datio
2907 3855 3299 3912 Mediolanensi
3318 3863 3623 3915 conventus

2046 3948 2259 4012 didicit,
2287 3964 2397 4017 quo
2426 3954 2573 4001 statu
2610 3962 2702 4002 res
2729 3945 2856 4001 fidei
2900 3946 3081 4001 forent
3122 3946 3616 4016 Constantinopoli,

2051 4048 2107 4096 et
2134 4040 2202 4094 ab
2242 4039 2394 4094 Afris
2420 4037 2719 4108 Sardisque
2749 4053 2850 4109 per
2881 4037 3090 4108 legatos
3115 4049 3336 4107 rogatus
3360 4046 3465 4101 est,
3496 4051 3622 4108 pro-

2046 4131 2237 4185 videre
2265 4145 2332 4184 ne
2374 4128 2506 4199 quid
2549 4127 2867 4183 detrimenti
2892 4127 3139 4199 synodus
3162 4126 3625 4184 Chalcedonensis

2048 4230 2352 4292 pateretur;
2387 4229 2443 4276 et
2468 4220 2683 4276 litteras
2715 4220 2782 4274 ad
2809 4219 3200 4290 imperatorem
3223 4220 3398 4282 dedit,
3421 4220 3623 4290 quibus

2050 4313 2254 4368 ibidem
2281 4312 2469 4366 haberi
2494 4311 2785 4366 concilium
2822 4309 3112 4381 ﬂagitaret.
3163 4311 3269 4366 Sed
3297 4311 3468 4367 irrita:
3502 4311 3624 4366 fue-

373 4410 633 4466 diaoonus
669 4412 899 4465 Romam
922 4412 1104 4467 rediit,
1136 4411 1274 4467 sum
1294 4412 1387 4481 qui
1415 4420 1738 4466 revocatum
1783 4428 1814 4466 ιι
1846 4411 1943 4466 Vi-
1980 4451 2021 4506 D
2052 4411 2181 4457 runt
2212 4416 2439 4473 preces:
2469 4416 2638 4470 quare
2666 4400 2940 4455 Natalitiis
2970 4400 3124 4455 festis
3160 4402 3417 4470 peractis,
3445 4412 3625 4456 trans-

374 4500 497 4568 gilio
522 4500 775 4563 credant,
800 4508 925 4569 post
947 4501 1191 4555 edictum
1216 4502 1576 4571 publicatum,
1612 4517 1702 4565 ne,
1742 4511 1802 4556 ut
1823 4510 1943 4556 erat

376 4587 645 4656 gratiosus
669 4588 1032 4658 principibus,
1068 4589 1123 4643 in
1147 4604 1338 4646 eorum
1390 4590 1719 4645 sententiam
1749 4606 1945 4645 conce-

375 4678 543 4732 deret.
587 4679 732 4734 Sunt
769 4680 861 4749 qui
890 4680 1186 4751 conjiciant
1216 4696 1246 4734 a
1276 4681 1587 4736 Iustiniano
1626 4682 1939 4744 remissum,

376 4776 435 4822 ut
455 4770 795 4838 periclitanti
834 4770 1019 4825 Romae
1047 4785 1208 4839 opem
1251 4770 1446 4835 ferret,
1474 4771 1621 4842 quod
1651 4780 1706 4827 et
1741 4772 1949 4841 praesti-

381 4858 464 4922 tit,
499 4860 758 4929 pecunia,
788 4876 952 4929 quam
977 4876 1227 4931 magnam
1254 4871 1541 4931 acceperat
1586 4843 1656 4918 ab
1710 4863 1947 4932 impera-

381 4957 513 5012 tore,
561 4965 687 5002 cum
747 4949 1081 5013 discederet,
1137 4950 1204 5004 ad
1256 4950 1542 5005 levandam
1596 4952 1948 5008 obsessorum

382 5036 621 5108 itmpiaut
651 5042 869 5095 collata.
906 5040 1088 5111 Longe
1139 5040 1480 5106 credibilius,
1514 5043 1764 5108 rediisse,
1796 5044 1951 5113 prius

381 5145 538 5196 quam
562 5132 811 5186 edictum
842 5134 1111 5189 adversus
1159 5132 1265 5187 tria
1307 5135 1545 5203 capitula
1597 5135 1860 5190 ederetur
1894 5136 1950 5190 in

381 5217 592 5287 lucem;
632 5223 798 5294 idque
834 5225 1061 5289 factum,
1100 5226 1413 5278 autsummi
1444 5227 1721 5295 pontificis
1759 5227 1951 5289 solius,

381 5319 477 5363 aut
538 5313 714 5367 solius
807 5314 1194 5384 imperatoris,
1246 5324 1342 5368 aut
1394 5317 1683 5384 utrimque
1745 5318 1955 5388 iussio-

379 5415 485 5463 ne,
539 5420 704 5469 quam
770 5405 886 5459 suis
935 5407 1149 5459 artibus
1229 5408 1470 5475 Augusta
1547 5407 1705 5476 231
1778 5407 1957 5462 Theo-

2054 4496 2205 4551 misit
2235 4494 2291 4549 in
2317 4494 2713 4556 continentem,
2755 4492 3012 4561 factoque
3037 4508 3135 4561 per
3161 4492 3441 4547 Helladcm
3459 4500 3627 4561 atque

2052 4585 2329 4659 Illyricum
2363 4586 2581 4649 itinere,
2607 4583 3145 4652 Constantinopolim
3181 4584 3462 4651 ingressus
3518 4592 3621 4647 est,

2055 4678 2145 4734 die
2186 4676 2442 4731 vicesima
2486 4675 2675 4746 quinta
2721 4673 2968 4731 Januarii
2993 4688 3137 4730 anno
3178 4674 3302 4738 547,
3365 4690 3490 4729 cum
3529 4690 3627 4729 cx-

2057 4768 2243 4822 orat’us
2268 4766 2458 4824 fuisset
2483 4767 2551 4820 ab
2582 4765 2811 4837 Illyricis
2832 4765 2899 4818 de
2934 4763 3042 4828 via,
3079 4778 3146 4817 ne
3178 4761 3346 4817 trium
3387 4762 3626 4833 capitum

2058 4858 2394 4916 damnationi
2426 4859 2810 4914 asscntiretur.

2130 4951 2220 5007 IX.
2249 4951 2319 5008 Ut
2349 4951 2404 5004 io
2436 4952 2577 5005 hanc
2629 4951 2969 5023 Illyricorum
3012 4950 3341 5006 sententiam
3390 4955 3501 5001 tota
3531 4961 3629 5002 vo-

2063 5044 2297 5098 luntatis
2324 5042 2678 5097 inclinatione
2710 5042 3013 5105 ferebatur,
3048 5041 3121 5095 ita
3144 5038 3327 5097 statim
3382 5046 3546 5108 atque
3576 5039 3631 5093 in

2064 5134 2253 5190 urbem
2288 5134 2493 5204 regiam
2529 5132 2698 5196 venit,
2723 5132 2986 5205 iudicium
3040 5130 3295 5188 exercuit
3317 5130 3386 5186 de
3414 5130 3630 5193 Menna,

2062 5224 2294 5292 aliisque
2339 5224 2809 5292 subscriptoribus
2837 5224 3115 5293 episcopis
3151 5242 3162 5275 :
3199 5237 3370 5292 quare
3428 5220 3645 5276 factum,

2066 5315 2324 5385 Stephani
2345 5315 2682 5384 apocrisiarii
2707 5315 2814 5380 sui,
2829 5316 3273 5371 communionem
3296 5313 3456 5384 232
3484 5313 3634 5368 Hen-

2066 5423 2149 5460 na:
2183 5407 2475 5471 exsecrati,
2508 5406 2766 5477 probans,
2793 5407 2945 5463 urbis
2977 5409 3135 5478 regia:
3182 5405 3506 5471 antistitetn,
3545 5403 3635 5459 vi-

1732 5567 2048 5622 SCIIULle
2091 5566 2295 5622 NOT/E
2318 5592 2332 5609 ο

449 5691 492 5720 ⁸⁷
521 5698 696 5769 Epist.
738 5700 955 5755 Leonis.
1036 5701 1079 5731 ⁸⁸
1123 5700 1278 5756 Anno
1305 5703 1427 5770 546,
1468 5703 1570 5758 sub
1600 5703 1834 5758 initium.
