4024 6152
387 239 488 306 183

1509 243 1883 306 ΟᾹΒΝΕΒΙΙ
1926 244 2422 311 DISSERTATIO'
2453 247 2505 308 Ι.

2013 120 2036 126 γλ
2049 117 2186 130 «ﬁ...

3531 239 3636 306 186

385 357 550 412 dente
579 353 907 425 imperatore
953 362 1010 410 et
1038 353 1408 424 nequidquam
1437 355 1727 412 obnitente
1774 357 1956 413 'l'heo-
1986 362 2029 420 Α
2059 375 2147 418 sas
2171 370 2231 417 ut
2256 361 2606 434 produceret,
2647 355 2827 412 videri
2875 363 3058 426 potest
3117 353 3289 409 libros
3335 353 3634 411 duodecim

385 445 544 510 dora,
571 444 743 499 sacris
789 442 1089 508 abstinuit;
1145 443 1356 498 Zoilum
1400 443 1617 517 Aigypti
1646 447 1959 517 primatem,

394 533 543 604 quod
575 533 930 604 approbasset
979 531 1242 596 edictum,
1292 533 1530 602 graviter
1592 535 1959 606 objurgatum,

388 623 458 679 ad
487 623 870 694 paenitentiam
897 621 1111 692 adegit;
1137 621 1426 693 dignisque
1455 639 1672 679 summo
1704 625 1963 695 pontifice

392 714 593 771 studiis
644 729 867 768 rursum
907 713 1224 778 contendit,
1267 725 1325 768 ut
1374 715 1428 768 in
1483 714 1670 770 Sicilia
1720 717 1962 788 synodus

393 815 718 877 cogeretur:
759 819 861 867 ne,
926 803 1072 873 quod
1122 805 1303 874 reipsa
1348 806 1551 870 evenit,
1607 806 1960 862 Orientalium

393 895 671 951 serviliter
701 895 1046 950 adulantium
1081 896 1316 966 principi
1345 897 1663 961 multitudo,
1689 897 1960 954 Occiden-

392 984 584 1040 talium
638 983 824 1037 eidem
875 997 1139 1054 generose
1202 984 1570 1040 obnitentium
1631 987 1961 1057 paucitatem

391 1075 676 1132 obrueret.

463 1165 532 1221 Χ.
566 1166 762 1222 Annus
780 1168 994 1238 integer
1020 1168 1147 1233 fuit,
1175 1168 1305 1224 dum
1335 1171 1542 1226 mutuis
1575 1171 1678 1226 hac
1708 1171 1777 1225 de
1807 1187 1960 1241 qua:-

391 1260 575 1315 stione
605 1260 850 1316 dissidiis
870 1276 905 1314 a
925 1261 1184 1331 pontiﬁce
1217 1269 1274 1316 et
1315 1263 1647 1332 imperatore
1678 1269 1918 1316 certatur
1944 1279 1957 1316 :

391 1369 502 1423 quo
532 1361 778 1423 tempore
805 1352 1118 1419 Theodora,
1153 1369 1280 1408 eum
1305 1354 1558 1408 Mennam
1588 1353 1802 1408 videret
1821 1355 1961 1410 male

391 1455 678 1516 acceptum
721 1461 752 1500 a
785 1446 1014 1516 Vigilio,
1071 1447 1139 1500 de
1194 1445 1454 1500 Antbimo
1504 1461 1604 1501 suo
1655 1447 1963 1502 revocando

393 1535 673 1606 cogitavit.
709 1535 970 1606 Vigilium
998 1550 1128 1604 ergo
1148 1533 1486 1605 aggreditur,
1508 1536 1526 1555 ‘
1560 1551 1668 1606 qua
1693 1549 1848 1606 parte
1861 1552 1962 1606 po-

392 1635 555 1690 terat,
584 1627 861 1696 precibus,
893 1625 1199 1695 promissis,
1233 1634 1289 1679 et
1315 1625 1507 1692 minis;
1544 1626 1639 1681 sed
1664 1628 1959 1692 incassum,

393 1719 663 1788 siquidem
700 1719 838 1773 mori
866 1732 1028 1787 quam
1063 1717 1292 1786 obsequi
1319 1718 1556 1773 malebat
1586 1720 1857 1789 pontifex,
1889 1721 1964 1776 ita

392 1809 710 1879 apostolicis
733 1809 928 1877 plenus
959 1815 1080 1861 erat
1125 1807 1326 1862 animis
1361 1825 1374 1861 :
1403 1817 1589 1878 atque,
1632 1817 1694 1863 ut
1745 1826 1965 1867 omnem

390 1899 657 1970 Augusta»
676 1915 830 1968 spem
863 1898 1153 1963 adimeret,
1188 1899 1438 1955 Mennam
1491 1901 1547 1955 in
1601 1903 1830 1971 gratiam
1873 1921 1966 1960 re-

391 1998 614 2061 ceptum
637 1990 934 2045 interdicto
962 1991 1146 2056 solvit,
1173 2000 1230 2046 et
1254 1990 1323 2046 ab
1352 2007 1420 2047 eo
1455 1993 1696 2048 vicissim
1729 1997 1962 2067 accepit,

375 2083 532 2152 grati
568 2082 740 2136 animi
778 2098 930 2153 ergo.
963 2092 1024 2138 ut
1059 2083 1259 2136 summi
1306 2083 1584 2152 pontificis
1625 2101 1827 2142 nomen
1875 2088 1964 2142 di-

392 2172 614 2244 ptycbis
653 2171 1275 2243 Constantinopolitana
1312 2173 1570 2229 Ecclesiae
1602 2176 1840 2245 primum
1876 2177 1964 2232 in-

391 2265 730 2320 scriberetur
755 2265 824 2319 ".

462 2354 559 2410 Xl‘.
591 2355 711 2410 Non
734 2355 808 2410 ita
837 2355 994 2410 facile
1025 2372 1084 2412 se
1130 2359 1411 2428 expedivit
1458 2358 1746 2414 conatibus
1789 2359 1964 2414 Justi-

389 2446 553 2502 niani-
572 2445 843 2501 instanter
868 2449 1132 2517 urgentis,
1165 2457 1225 2502 ut
1248 2449 1516 2518 scriptum
1558 2449 1626 2503 de
1667 2449 1844 2504 tribus
1869 2465 1963 2504 ca-

389 2537 590 2608 pitulis
613 2536 861 2592 edictum
881 2537 1172 2606 probaret:
1198 2553 1320 2592 eam
1349 2539 1501 2594 enim
1525 2540 1638 2593 vim
1683 2540 1965 2595 reluctans

390 2642 584 2697 passus
630 2635 734 2692 est,
781 2643 910 2697 qua,
941 2627 992 2683 si
1023 2629 1298 2683 credimus
1333 2628 1641 2693 Anastasio,
1687 2629 1963 2684 exclama-

391 2725 478 2772 ret
523 2718 850 2786 aliquando:
909 2719 1074 2774 «Non
1109 2735 1139 2774 a
1190 2720 1505 2775 Iustiniano
1561 2728 1619 2775 et
1675 2719 1965 2776 Theodora

389 2806 664 2877 piissimis
706 2808 1049 2878 principibus
1090 2809 1395 2864 accersitus
1426 2809 1574 2876 veni,
1608 2810 1706 2866 sed
1736 2811 1793 2864 in
1844 2810 1966 2865 Dio-

389 2899 686 2954 cletianum
707 2909 767 2954 et
790 2900 1164 2956 Eleutheriam
1197 2901 1386 2957 incidi.
1417 2921 1435 2954 ι

459 2989 576 3046 χιι.
608 2991 764 3046 Fecit
785 3007 848 3046 ea
871 2992 976 3056 vis,
1016 3000 1076 3047 ut
1105 2993 1250 3063 apud
1282 3009 1342 3049 se
1401 2993 1694 3049 concilium
1739 3004 1963 3065 septua-

390 3082 549 3154 ginta
565 3083 952 3154 episcOporum
983 3083 1230 3149 haberet,
1263 3085 1611 3155 provisurus,
1646 3085 1690 3140 si
1723 3100 1830 3154 qua
1872 3100 1963 3138 ra-

392 3174 546 3231 tione
571 3173 654 3229 fas
677 3183 844 3240 esset,
873 3175 1079 3230 salvam
1107 3184 1369 3245 praestare
1414 3175 1608 3247 synodi
1661 3175 1965 3232 Chalcedo-

391 3263 584 3320 nensis
611 3266 1014 3331 auctoritatem,
1045 3275 1102 3321 et
1131 3266 1293 3320 simul
1309 3267 1517 3335 aliquid
1535 3267 1601 3321 de
1619 3282 1780 3322 causa
1799 3267 1964 3322 trium

393 3352 680 3409 hominum
714 3354 1028 3418 remittere,
1063 3353 1119 3407 id
1151 3362 1256 3414 est.
1289 3355 1526 3424 benigna
1575 3355 1811 3424 quadam
1846 3356 1958 3410 dis—

391 3444 718 3515 pensatione
761 3444 1073 3500 concedere
1106 3444 1382 3509 nonnihil,
1423 3461 1531 3514 qua
1577 3455 1635 3500 et
1674 3445 1967 3516 imperato-

393 3537 690 3592 rishonori
711 3543 1053 3606 parceretur,
1071 3543 1127 3589 et
1152 3535 1537 3590 occluderetur
1568 3552 1630 3593 os
1650 3537 1960 3607 Acephalis:

393 3635 555 3684 erant
601 3627 748 3682 enim
803 3626 1072 3682 invidiose
1113 3626 1410 3692 causaturi,
1467 3629 1572 3682 sibi
1621 3639 1753 3684 tunc
1797 3630 1964 3685 fuisse

394 3721 650 3776 clausum
673 3720 882 3794 aditum
906 3719 972 3773 ad
1008 3719 1327 3785 Ecclesiam,
1385 3735 1511 3776 eum
1567 3723 1964 3779 instantissime

395 3821 652 3883 peterent
671 3812 910 3866 admitti.

467 3902 658 3958 Cretas
675 3902 764 3957 ille
795 3903 1018 3958 Patrum
1041 3920 1110 3960 ex
1131 3905 1198 3959 iis
1212 3913 1435 3959 coactus
1456 3915 1540 3959 est
1560 3905 1654 3976 qui
1681 3922 1963 3975 nunquam

396 4001 717 4048 eurvassent
740 4009 916 4064 genua
948 4010 1129 4050 coram
1156 3995 1344 4060 Belial,
1364 3995 1459 4050 sed
1493 4011 1757 4067 generose
1777 3997 1964 4051 stetis-

393 4092 517 4138 sent
547 4084 812 4140 hactenus
839 4101 939 4155 pro
959 4101 1121 4141 causa
1147 4087 1265 4141 Dei.

464 4173 606 4228 Xll‘l.
637 4174 858 4230 Patrum
905 4193 1048 4232 unus
1076 4177 1180 4231 fuit
1230 4176 1520 4232 Facundus
1557 4177 1966 4233 llermianensis

392 4265 448 4319 in
482 4265 671 4321 Africa
717 4268 1030 4338 episcopus,
1082 4269 1319 4324 celebris
1362 4269 1452 4323 ille
1499 4269 1665 4323 trium
1723 4269 1962 4338 capitum

2062 450 2330 506 adversus
2371 447 2670 506 Iustiniani
2712 445 2956 501 edictum
3003 441 3314 514 scripsisse.
3357 442 3470 504 llos
3502 459 3636 500 vero

2060 556 2202 613 pene
2224 550 2357 597 tunc
2381 541 2713 604 absolverat,
2740 552 2850 608 quo
2902 544 3148 604 tempore
3177 534 3410 605 Vigilius
3452 535 3640 591 conci-

2059 633 2193 688 lium
2213 631 2507 688 contraxit.

2133 722 2387 778 Actiones
2409 721 2628 776 concilii
2663 718 2847 789 plures
2878 714 3174 780 exstitisse,
3215 731 3282 770 ex
3318 730 3386 770 eo
3421 725 3640 772 constat

2060 813 2209 884 quod
2235 830 2292 868 se
2342 813 2399 866 in
2430 811 2593 866 tertia
2618 808 2912 865 Facundus
2931 816 3120 862 narret
3145 822 3247 877 pro
3268 807 3377 862 lb:e
3403 808 3638 877 epistola

2062 904 2207 975 apud
2228 903 2489 974 Vigilium
2514 902 2827 956 vehementi
2852 901 3099 955 oratione
3127 899 3333 954 dixisse
3358 916 3374 953 :
3401 920 3418 950 ‹
3447 901 3580 955 Peto
3605 917 3640 956 a

2057 994 2270 1065 justitia
2290 1001 2493 1056 vestra,
2525 999 2714 1046 utrum
2753 999 3010 1060 suscepta
3049 990 3122 1044 sit
3155 1004 3185 1044 a
3240 989 3449 1060 synodo
3474 988 3639 1045 Chal-

2061 1082 2357 1140 cedonensi
2378 1083 2612 1151 epistola
2639 1081 2766 1147 ibas,
2797 1097 2920 1152 quae
2949 1082 3101 1136 velut
3129 1081 3455 1136 Nestoriana
3481 1080 3639 1135 dam-

2060 1181 2317 1238 natatest,
2350 1181 2411 1228 ut
2435 1172 2765 1244 inquiratis;
2796 1181 2852 1226 et
2873 1172 3006 1226 dum
3051 1173 3362 1228 constiterit
3400 1188 3512 1226 non
3539 1173 3642 1226 ob—

2061 1281 2182 1322 esse
2211 1265 2438 1338 synodo,
2461 1264 2608 1335 quod
2642 1281 2769 1335 pars
2815 1264 3045 1319 adversa
3073 1264 3142 1319 de
3183 1263 3464 1318 Theodori
3507 1278 3640 1333 per-

2063 1373 2199 1412 sona
2222 1357 2500 1426 proponit,
2535 1357 2615 1412 sie
2635 1372 2698 1410 ea
2756 1371 2877 1425 quae
2901 1355 3138 1424 proferri
3194 1355 3405 1420 volunt,
3466 1354 3640 1425 relegi

2062 1449 2415 1520 permittatis,
2452 1463 2523 1502 ne
2545 1447 2684 1501 forte
2721 1461 2846 1516 qua:
2874 1455 3134 1515 aguntur,
3169 1445 3238 1499 ad
3287 1445 3639 1500 retractatio-

2064 1555 2190 1595 nem
2244 1539 2538 1594 vidcantur
2577 1547 2894 1592 memoratze
2941 1535 3135 1607 synodi
3184 1535 3490 1605 pertinere.
3525 1533 3644 1604 Ego

2065 1633 2213 1688 enim
2241 1631 2414 1686 fateor
2433 1629 2758 1699 simpliciter
2784 1628 3114 1683 beatitudini
3132 1637 3350 1691 vestrae,
3380 1642 3491 1681 non
3539 1640 3643 1696 pro

1995 1715 2040 1770 Β
2070 1722 2344 1777 Theodori
2393 1721 2761 1791 Mopsuesteni
2820 1719 3174 1775 damnatione
3224 1733 3312 1773 me
3349 1734 3380 1773 a
3421 1727 3645 1774 contra-

2067 1814 2366 1870 dicentium
2400 1814 2788 1868 communione
2827 1810 3205 1874 subtraxisse;
3238 1807 3346 1863 hoc
3373 1808 3524 1863 enim
3554 1807 3642 1862 vel

2065 1907 2112 1961 si
2140 1904 2556 1975 approbandum
2584 1919 2694 1957 non
2719 1903 2810 1967 sit,
2841 1902 3129 1957 ferendum
3159 1914 3342 1957 tamen
3361 1899 3640 1964 existimo,

2064 2013 2168 2053 nec
2191 2005 2395 2052 tantam
2419 2011 2541 2052 esse
2578 2011 2798 2050 causam
2815 1995 3022 2066 judico,
3061 2011 3161 2064 pro
3183 2010 3291 2064 qua
3310 1993 3644 2048 deberemus

2065 2107 2098 2147 a
2129 2089 2518 2146 communione
2572 2087 2948 2142 multitudinis
2987 2085 3288 2156 segregari.
3343 2084 3451 2139 Sed
3510 2083 3644 2153 quia

2063 2199 2133 2238 ex
2172 2195 2405 2252 persona
2460 2178 2740 2234 Theodori
2783 2177 3069 2247 epistolam
3109 2176 3218 2231 [bas
3257 2175 3639 2230 Nestorianam

2065 2275 2299 2346 probare
2324 2271 2505 2328 conati
2539 2280 2688 2335 sunt,
2724 2279 2780 2325 et
2800 2286 2869 2325 ex
2905 2268 3138 2340 epistola
3159 2267 3266 2322 lbze
3289 2266 3583 2338 synodum,
3608 2281 3642 2320 a

2065 2383 2174 2437 qua
2202 2376 2456 2434 suscepta
2491 2373 2594 2426 est,
2632 2361 2968 2431 improbare,
3009 2379 3028 2412 ι
3068 2369 3177 2415 etc.

2138 2454 2380 2510 Facundi
2418 2453 2584 2508 verba
2616 2452 2837 2516 docent,
2863 2451 3110 2505 animose.
3144 2449 3328 2504 minus
3355 2457 3488 2502 tunc
3510 2455 3643 2502 tem«

2070 2547 2224 2618 poris
2245 2543 2526 2598 Theodori
2555 2543 3024 2612 Tbeodoretique,
3061 2557 3226 2611 quam
3258 2542 3367 2597 Iba:
3415 2554 3640 2595 causam

2067 2636 2346 2691 defensam
2399 2649 2559 2687 esse:
2595 2648 2719 2686 nam
2765 2630 3114 2686 Chalcedone
3144 2631 3285 2685 lecta
3323 2630 3503 2684 fuerat
3531 2628 3642 2682 Iba:

2066 2725 2470 2795 epistola,'non
2521 2723 2650 2776 item
2693 2721 2862 2774 ullum
2907 2719 3136 2774 alterius
3172 2719 3461 2788 utriusque
3497 2717 3640 2771 scri-

2067 2822 2254 2883 ptnm;
2296 2825 2401 2866 nec
2453 2811 2595 2864 lecta
2641 2809 2819 2863 solum
2871 2808 3108 2878 epistola
3140 2815 3246 2870 est,
3309 2806 3406 2860 sed
3464 2803 3643 2858 videri

2067 2904 2247 2974 potuit
2283 2917 2313 2955 a
2341 2900 2594 2954 Patribus
2615 2907 2712 2953 aut
2737 2899 3056 2968 approbata,
3081 2907 3177 2952 aut
3213 2906 3362 2952 certe
3392 2911 3504 2950 non
3532 2895 3641 2948 im-

2066 2994 2336 3064 probata:
2393 3007 2503 3045 non
2544 2990 2724 3060 potuit
2775 2989 2942 3060 igitur
2973 2988 3041 3042 ad
3091 3003 3320 3043 examen
3391 2985 3643 3040 revocari

2066 3081 2186 3136 sine
2215 3077 2518 3133 oil‘ensione
2549 3078 2793 3141 Patrum,
2825 3077 2944 3130 sine
2961 3092 3068 3145 qua
3116 3085 3298 3132 tamen
3339 3073 3642 3129 examinari

2066 3172 2148 3228 fas
2178 3179 2298 3226 erat
2323 3170 2448 3234 alia,
2479 3186 2601 3239 quae
2642 3154 2990 3224 Chalcedone
3018 3185 3087 3224 ne
3111 3170 3392 3239 proposita
3413 3167 3641 3237 quidem

2067 3265 2306 3328 fuerant,
2333 3271 2544 3325 tantum
2565 3263 2723 3317 abest
2759 3270 2819 3315 ut
2853 3261 3121 3331 probata;
3182 3261 3293 3313 imo
3327 3275 3450 3328 quae
3482 3273 3643 3313 erro-

2066 3370 2183 3410 rem
2207 3355 2491 3408 continere
2524 3352 2761 3424 Cyrillus
2799 3353 3172 3422 impugnando
3207 3351 3494 3407 docuerat.

2135 3445 2439 3501 Causarum
2491 3444 2762 3515 ejusmodi
2806 3443 3088 3498 distinctio
3137 3457 3248 3497 non
3309 3442 3549 3512 primum
3586 3441 3646 3496 in

2068 3536 2246 3607 Vigilii
2287 3534 2525 3590 concilio
2550 3535 2822 3598 innotuit,
2859 3533 2956 3588 sed
3001 3535 3112 3604 jam
3165 3532 3380 3603 pridem
3424 3531 3648 3586 aberu-

2043 3628 2196 3694 ,ditis
2241 3635 2530 3697 perspecta
2575 3626 2755 3680 fuerat
2788 3643 2801 3679 :
2843 3640 2967 3679 nam
3002 3627 3170 3679 Roma
3196 3624 3449 3693 Pelagius
3471 3663 3485 3686 ,
3517 3628 3646 3676 ante

2065 3720 2370 3774 discessum
2429 3717 2738 3788 pontificis,
2795 3717 3137 3771 Fcrrandum
3192 3715 3647 3786 Carthaginiensis

2067 3811 2323 3867 Ecclesiae
2370 3811 2682 3873 diaconum,
2733 3825 2797 3865 ea
2852 3819 3182 3880 tempestate
3232 3809 3528 3871 celebrem,
3575 3807 3647 3862 de

2067 3905 2180 3958 sola
2204 3903 2562 3972 [basepistola
2585 3902 2916 3956 sententiam
2968 3908 3294 3971 rogaverat:
3330 3898 3647 3954 Fcrrandtzs

2066 4001 2216 4048 certe
2245 3993 2313 4047 de
2354 3994 2469 4046 sola
2525 3991 2830 4061 respondit,
2863 3999 2919 4046 et
2971 3992 3038 4047 de
3063 3992 3234 4046 solius
3260 3992 3468 4062 judicio
3506 4004 3644 4044 con-

2066 4094 2362 4156 querentes
2376 4083 2855 4138 Cbalcedonenses
2883 4083 3074 4138 Patres
3100 4083 3440 4154 exaggeratis
3462 4081 3646 4136 verbis

2067 4177 2297 4232 inducit.
2343 4176 2445 4230 «in
2499 4177 2818 4240 novissima,
2871 4175 3071 4245 inquit,
3112 4175 3520 4230 resurrectione
3564 4173 3648 4227 di-

2067 4276 2192 4323 cant
2219 4269 2321 4322 viri
2346 4267 2585 4338 religiosi
2608 4284 2621 4320 :
2649 4267 2762 4322 Cur
2786 4267 3074 4337 epistolam
3099 4266 3459 4336 reprobastis,
3485 4266 3647 4334 cujus

390 4357 670 4422 defensor,
724 4374 1006 4430 nunquam
1036 4362 1169 4416 satis
1211 4359 1521 4415 laudandus
1548 4400 1564 4426 ,
1611 4361 1656 4414 si
1695 4360 1953 4430 Vigilium
1991 4377 2036 4433 ι)
2066 4360 2391 4414 catholicam
2420 4373 2540 4413 esse
2571 4359 2869 4412 dictionem
2926 4360 3218 4420 sensimus,
3255 4356 3510 4418 diximus,
3557 4357 3648 4424 ju—

389 4446 588 4503 d'ucem
611 4450 774 4520 sequi
798 4451 1101 4517 maluisset,
1127 4467 1251 4506 cum
1286 4452 1436 4522 pacis
1465 4467 1629 4506 causa
1660 4452 1962 4521 prudenter

387 4539 596 4609 aliquid
619 4541 686 4596 de
707 4542 940 4611 pristino
972 4543 1150 4612 rigore
1204 4543 1442 4608 remisit,
1478 4558 1644 4612 quam
1673 4558 1799 4597 cum
1846 4543 1962 4599 suis

386 4629 538 4685 Afris
569 4647 843 4688 summum
869 4634 1211 4704 pontificem,
1265 4633 1409 4688 ultra
1456 4635 1780 4690 reverentia:
1838 4649 1959 4690 mo-

387 4721 554 4787 dum,
577 4737 829 4793 arguere.

458 4813 580 4881 Quo
605 4823 850 4885 tempore
874 4816 1104 4887 Vigilius
1135 4816 1427 4871 concilium
1480 4819 1776 4885 contraxit,
1820 4821 1962 4891 jam-

386 4901 598 4957 dudum
649 4904 740 4959 ille
791 4904 1268 4975 Constantinopoli
1311 4908 1652 4974 morabatur,
1689 4925 1859 4980 agens
1903 4909 1960 4964 in

386 4995 556 5052 rebus
587 4997 850 5052 Ecclesiae
905 4996 1199 5064 Africanae,
1255 5015 1614 5072 magnamque
1655 5003 1859 5057 ibidem
1908 5012 1964 5058 et

385 5086 531 5157 apud
563 5102 695 5143 suos
722 5087 1018 5158 collegerat
1041 5087 1310 5144 doctrime
1355 5091 1692 5161 opinionem,
1728 5107 1835 5161 qua
1858 5091 1964 5147 fre-

385 5181 477 5230 tus
498 5175 843 5230 confidenter
864 5190 924 5230 se
966 5190 1093 5230 cum
1129 5175 1430 5246 Stephano,
1459 5178 1610 5234 sedis
1648 5179 1963 5248 apostolicae

383 5263 769 5336 apocrisiario,
807 5264 922 5334 jam
985 5274 1102 5320 tum
1145 5266 1542 5322 abstinuerata
1574 5268 1962 5326 communione

381 5355 598 5413 Henna:
626 5355 868 5410 edictum
902 5355 1248 5426 recipientis.
1276 5357 1437 5428 233
1465 5357 1825 5415 Abstinentiae
1842 5373 1967 5414 cau-

2061 4451 2388 4515 dicavimus,
2417 4458 2474 4504 et
2511 4450 2779 4520 judicium
2813 4459 3062 4504 nostrum
3117 4446 3524 4503 subscribendo
3553 4445 3648 4499 fir-

2062 4540 2368 4595 mavimus?
2396 4539 2480 4593 An
2531 4541 2659 4609 quia
2712 4540 3044 4595 venerabilis
3095 4539 3220 4593 lbas
3265 4537 3648 4592 Alexandrinae

2062 4631 2323 4686 Ecclesia:
2340 4630 2655 4700 pontificem
2684 4639 2936 4684 sanctum
2967 4629 3341 4698 vituperavit?
3363 4627 3472 4682 Sed
3497 4627 3645 4680 idem

2063 4731 2252 4777 sancto
2273 4721 2477 4795 Cyr-illo
2499 4731 2689 4793 postea
2721 4739 2780 4777 se
2823 4721 3256 4777 communicasse
3297 4719 3644 4790 signiﬁcavit.

2065 4811 2122 4866 Si
2155 4812 2472 4866 merebatur
2491 4829 2591 4883 pro
2612 4813 2756 4868 beati
2778 4811 3382 4885 Cyrillivituperatione
3405 4811 3644 4880 culpam,

2066 4905 2384 4959 merebatur
2414 4921 2512 4974 pro
2558 4913 2862 4960 restaurata
2907 4905 3298 4960 communione
3326 4919 3437 4958 non
3484 4903 3650 4956 mini-

2069 5011 2210 5049 mam
2240 4997 2490 5067 gratiam.
2527 4997 2595 5053 Ut
2648 4997 2822 5051 sancti
2876 4995 3063 5068 Cyrilli
3108 4996 3366 5066 capitula,
3424 5003 3649 5065 propter

2069 5088 2482 5159 ambiguitatem
2555 5096 2612 5144 et
2677 5088 2973 5143 locutionis
3033 5089 3464 5150 obscuritatem,
3522 5101 3646 5140 cum

2067 5178 2438 5235 Orientalibus
2457 5181 2731 5250 episcopis
2761 5196 2955 5250 parum
2980 5180 3332 5250 intelligendo
3373 5180 3644 5248 culparet,

2071 5268 2324 5325 humanae
2355 5270 2455 5324 fuit
2479 5269 2844 5326 infirmitatis:
2877 5269 3040 5341 23a.
3073 5279 3132 5324 ut
3183 5270 3329 5324 dicta
3376 5286 3475 5323 sua
3505 5269 3646 5322 bene

2071 5359 2453 5430 interpretanti
2481 5360 2696 5415 facilius
2714 5360 2988 5428 crederet,
3019 5375 3084 5416 ac
3120 5359 3486 5416 libentissime
3514 5374 3650 5415 cun-

1674 5539 1680 5546 '
1710 5517 1888 5576 SCIlU
1901 5517 2031 5574 [.le
2069 5518 2301 5574 NOTAE.

455 5658 504 5736 ’ξ
535 5658 721 5712 Anast.
760 5659 816 5716 in
855 5655 969 5713 Vita
999 5653 1193 5728 Vigilii.
1273 5657 1318 5690 ’°
1341 5654 1498 5713 Praef.
1535 5655 1599 5714 ad
1640 5657 1736 5714 lib.
1765 5673 1837 5712 xu
1867 5667 1919 5713 et
1957 5655 2013 5713 in
2045 5656 2190 5715 libro
2217 5655 2414 5713 Contra
2442 5652 2761 5711 Hociamtm.
