4024 6152
223 304 321 372 185
1374 300 1737 363 HISTORIA
1774 302 2282 363 THEODORETI.
3368 294 3467 360 I86

218 416 483 481 sentiret,
541 415 767 471 omnino
818 413 1177 471 sacerdotalis
1236 414 1415 470 fuerat
1476 416 1788 480 eharitatis,
1820 421 1865 474 A
1891 416 2021 486 quid
2055 433 2085 470 a
2116 414 2375 486 pontiﬁce
2402 413 2469 468 de
2499 408 2806 467 constantia
2835 410 3100 465 hactenus
3129 407 3185 463 in
3205 408 3472 478 capitibus

224 509 341 564 sine
372 508 488 562 ullo
526 507 820 577 dispendio
852 508 1119 562 veritatis.
1170 506 1283 562 Cur
1335 508 1622 577 epistolam
1654 510 1793 561 nos‘
1898 508 2148 562 tuendis:
2181 506 2444 575 Accphali
2467 504 2769 573 agebantur
2814 502 2868 555 in
2915 500 3106 564 furias,
3146 515 3271 554 cum
3311 514 3472 554 suum

214 600 626 664 damnaremus,
652 599 744 654 ubi
783 609 1041 669 tanquam
1070 600 1344 669 praeterita
1374 609 1503 654 sunt
1555 608 1790 668 utraque
1895 604 2190 652 cernerent
2207 595 2274 650 de
2303 593 2496 666 synodi
2521 591 2743 647 statutis
2786 589 3183 645 labefactandis
3210 597 3468 643 conatum

214 698 458 751 narrata,
492 704 590 757 per
640 688 790 742 illius
818 689 995 742 sancti
1035 687 1225 759 CyriIIi
1263 688 1452 742 ﬁdeles
1520 688 1795 757 interpre—
1895 689 2027 744 hinc
2077 687 2249 751 eludi,
2297 686 2444 740 unde
2470 684 2775 755 juvandum
2818 683 3180 752 jactaverant.

215 779 484 834 tationes?
521 779 663 849 Ipse,
704 780 819 849 ipse
847 789 1071 833 sanctus
1107 780 1341 851 Cyrillus
1374 795 1484 832 non
1521 778 1614 831 nni
1663 778 1790 842 Ihm,
1964 780 2161 834 Parum
2185 788 2301 832 erat
2322 778 2544 847 quidem
2570 775 2862 830 Iustiniani
2895 773 3321 842 indignationem
3353 787 3474 826 mo-

213 870 307 924 sed
346 871 605 940 pluribus
630 868 1003 924 Orientalibus
1042 870 1335 940 episcopis,
1383 869 1600 924 auferre
1637 882 1795 923 scan-
1893 870 2059 933 visse,
2091 877 2211 922 erat
2247 868 2301 921 in
2346 868 2502 920 lucro
2534 864 2792 919 eﬁerasse
2827 862 3132 931 Accphalos
3169 880 3181 914 :
3215 870 3269 915 at
3313 863 3474 914 mise-

212 961 394 1015 dalum
425 962 585 1015 mala:
620 962 991 1030 intelligentiae
1042 962 1391 1031 properavit,
1434 961 1572 1014 bene
1614 961 1788 1013 inter—
1895 976 2017 1014 rum
2058 959 2162 1013 fuit
2207 974 2479 1013 summum
2504 956 2817 1026 pontiﬁcem
2842 952 3188 1008 aCatholicis
3215 952 3472 1005 invidiam

212 1055 484 1124 pretando
528 1054 769 1123 capitula
806 1070 937 1107 sua:
979 1064 1035 1109 et
1078 1070 1179 1108 nos
1230 1070 1330 1124 pro
1377 1053 1597 1125 injuriis
1650 1054 1793 1123 ejus,
1894 1052 2007 1122 pati
2050 1051 2265 1105 violatae
2309 1048 2522 1120 synodi,
2558 1048 2716 1117 cujus
2760 1045 3059 1115 integritati
3094 1054 3284 1098 contra
3317 1043 3473 1096 inva-

212 1144 459 1199 bistorite
492 1144 676 1206 modo,
704 1160 826 1213 quae
873 1146 1251 1215 contigerant,
1284 1151 1652 1213 exponentem
1708 1158 1797 1197 re-
1894 1145 2140 1199 dentium
2189 1143 2488 1213 impetum,
2540 1157 2647 1209 qua
2697 1154 2802 1193 una
2854 1138 3066 1192 ratione
3118 1137 3231 1200 fas,
3277 1152 3476 1189 consu-

210 1235 580 1305 probaremus
605 1234 916 1304 epistolam.
951 1235 1006 1289 Si
1046 1235 1327 1289 contraria
1353 1250 1498 1289 vera:
1548 1234 1675 1288 ﬁdei
1706 1248 1795 1287 re-
1894 1236 2060 1290 lebat.
2812 1258 2817 1261 Α

207 1330 352 1394 gulis
381 1328 437 1381 in
465 1328 559 1381 illa
580 1329 812 1397 epistola
834 1328 1167 1382 venerabilis
1190 1328 1313 1382 Ibas
1336 1327 1626 1396 episc0pus
1647 1327 1798 1380 locu—
1876 1368 1881 1373 .
2456 1322 2680 1379 CAPUT
2719 1320 2908 1375 XVIII.

211 1430 297 1518 tu?
324 1420 499 1518 “ﬁsse
534 1420 806 1518 ﬁrmatur:
833 1429 1056 1518 νξθρμῖτ
1087 1419 1371 1518 “W339”!
1394 1420 1481 1472 vel
1517 1418 1795 1518 ambigua,
1896 1440 1935 1495 I.
1986 1438 2143 1518 Struit
2185 1440 2476 1506 imperator
2534 1438 2594 1518 in
2643 1435 2909 1518 Vigilium.
2960 1434 3026 1488 II.
3074 1432 3136 1486 In
3184 1450 3335 1501 quem
3372 1432 3476 1485 duo

209 1508 292 1561 vel
335 1508 598 1572 obscura,
628 1524 750 1578 qua:
777 1508 986 1562 faciunt
1011 1508 1117 1562 hoc
1138 1508 1353 1573 videri;
1392 1518 1582 1562 nostra
1630 1507 1791 1561 debet
1968 1509 2218 1564 Ecclesia:
2256 1502 2508 1578 Romanu:
2546 1502 2719 1559 clerici
2758 1504 3288 1578 rebellant,_propte_r
3322 1502 3478 1557 Iudi-

206 1612 327 1651 esse
367 1600 641 1653 sententia
671 1599 911 1653 melior:
948 1599 1078 1669 quia
1108 1615 1209 1653 nos
1271 1614 1339 1653 ex
1378 1613 1473 1652 ore
1520 1599 1659 1668 ejus,
1698 1600 1794 1667 qui

1967 1589 2169 1635 catum.
2210 1580 2301 1633 III.
2350 1577 2565 1669 Vigilius
2609 1583 2910 1669 constante:
2950 1576 3117 1669 mu‘lm
3160 1574 3381 1669 εἴρξειν,

205 1777 533 1832 verborum.
596 1779 882 1834 Postremo
920 1796 1092 1850 quare
1142 1790 1463 1851 putaremus
1504 1779 1791 1850 epistolam
1833 1754 1877 1815 Β

206 1872 395 1925 favere
419 1871 696 1935 Nestorio,
741 1873 900 1943 cujus
938 1882 1154 1937 auctor,
1193 1872 1354 1927 nobis
1406 1871 1791 1943 prmsentibns,
1973 1853 2269 1943 ιξτιορᾴιὶηιι
2317 1857 2453 1943 VIII-
2507 1853 2747 1943 ξρηοάιιδ
2796 1853 3181 1943 Βίιῖρεαεδιεηαι
3218 1854 3274 1905 in
3314 1867 3477 1905 εαυεα

198 1963 556 2033 iubentibus,
591 1926 965 2029 audientibus,
994 1926 1292 2019 voce’viva
1323 1926 1546 2017 minime
1572 1926 1795 2016 dubita-'-
1942 1959 1949 1966 ’
1973 1926 2225 1984 “cado”.
2254 1944 2316 1981 ex
2345 1926 2597 1997 dip‘ychis
2628 1926 2894 1994 expunet"

202 2054 282 2109 vit
313 2054 789 2111 anathematizare
832 2056 1170 2119 Nestorium,
1230 2054 1540 2123 suscipiens
1585 2061 1791 2107 tomum

1482 2069 1540 2107 ns
1585 2061 1794 2107 tomum
2312 2031 2387 2083 Ab
2412 2044 2542 2080 anno
2565 2030 2743 2080 Christi
2765 2028 2856 2078 518
2886 2026 2946 2076 ad
2963 2027 3071 2076 555.

202 2161 368 2216 papa
387 2146 614 2212 Leonis,
650 2156 707 2202 et
726 2146 1131 2202 confessionem
1162 2162 1309 2201 verae
1345 2145 1473 2200 fidei
1504 2144 1794 2199 nobiseum
1972 2141 2013 2196 I.
2040 2140 2176 2196 Cum
2213 2138 2390 2193 tribus
2413 2139 2527 2192 fere
2559 2143 2683 2206 post
2710 2133 2991 2188 mensibus
3014 2131 3271 2202 periisset
3296 2130 3479 2185 Theo-

201 2236 613 2293 subscribendo
633 2237 1005 2293 conﬁrmans?
1049 2256 1067 2289 ›
1102 2237 1229 2291 11ωο
1251 2235 1581 2290 Ferrandus.
1900 2234 2035 2290 dora
2067 2234 2157 2287 lue
2194 2230 2400 2295 cancri,
2432 2228 2600 2298 cmpit
2639 2227 2791 2282 orbis
2830 2226 3141 2289 universus,
3171 2224 3326 2294 quasi
3361 2240 3480 2278 ma-

275 2328 423 2384 XIV.
463 2328 601 2385 Cum
628 2346 718 2386 res
751 2338 1012 2401 ageretur
1033 2332 1088 2384 in
1116 2329 1329 2401 synodo
1347 2327 1532 2400 Vigilii
1563 2334 1796 2382 conten-
1900 2327 2048 2398 ligno
2080 2322 2366 2379 morientis
2397 2321 2593 2392 spiritu
2628 2319 2862 2383 afllatus,
2897 2318 2952 2373 in
2984 2317 3266 2388 Vigilium,
3297 2323 3481 2385 spreta

205 2419 415 2474 tiosius
437 2436 603 2489 quam
634 2421 851 2488 utilius,
876 2436 981 2476 nec
1002 2420 1291 2491 aﬁ‘ulgcret
1311 2434 1437 2489 spes
1462 2416 1792 2482 concordiae,
1901 2417 2049 2472 sedis
2075 2414 2391 2485 apostolica:
2420 2410 2752 2474 reverentia,
2785 2407 3047 2463 insanire.
3077 2406 3211 2461 Nam
3243 2404 3481 2474 impera-

205 2513 423 2582 placuit
471 2512 742 2583 pontiﬁci,
800 2522 864 2568 ut
913 2514 1148 2584 quisque
1198 2512 1529 2567 sententiam
1591 2509 1797 2580 scripto
1900 2516 1989 2563 tor
2023 2508 2143 2563 dira
2182 2521 2414 2576 quaeque
2453 2502 2719 2567 minatur;
2767 2500 2898 2567 nisi,
2921 2499 3178 2555 cautione
3218 2496 3483 2561 detracta,

206 2603 463 2658 traderet
484 2604 627 2659 intra
656 2615 866 2676 septem
890 2605 1031 2670 dies,
1060 2619 1294 2674 quorum
1322 2601 1436 2657 duo
1464 2610 1647 2655 tamen
1670 2599 1797 2655 festi
1898 2602 2210 2657 Judicatum
2239 2599 2307 2655 ad
2333 2597 2568 2653 formam
2599 2594 2765 2650 edicti
2798 2593 3028 2649 reﬁciat.

204 2704 391 2751 erant.
420 2696 482 2751 Id
509 2704 699 2752 monet
754 2697 1067 2761 Facundus,
1116 2712 1293 2766 eoque
1337 2704 1553 2764 tempus
1597 2692 1798 2747 habitat
1972 2695 2038 2750 II.
2075 2694 2300 2764 Ipsimet
2331 2691 2564 2747 comites
2600 2687 2785 2758 Vigilii
2823 2695 2987 2756 atque
3028 2680 3338 2745 domestici,
3364 2678 3485 2751 an_i-

206 2789 408 2859 synodi
441 2804 556 2843 non
582 2789 820 2844 obscure
872 2789 1073 2843 innuit.
1123 2788 1259 2843 Nam
1300 2801 1427 2842 cum
1466 2784 1798 2840 sententiam
1903 2784 2009 2840 mis
2062 2800 2162 2855 pro
2214 2790 2459 2852 tempore
2511 2777 2894 2841 commutatis,
2947 2773 3284 2837 Judicatum,
3339 2770 3485 2841 quod

208 2894 369 2933 suam
419 2879 539 2948 ipse
580 2878 825 2948 pontifex
877 2879 1140 2949 scriptam
1190 2876 1407 2932 dederit
1462 2874 1795 2938 Iustiniano,
1904 2876 2071 2946 paulo
2100 2883 2227 2930 ante
2251 2872 2609 2928 laudaveram
2637 2878 2698 2925 ut
2721 2868 2967 2940 prudens
2991 2864 3118 2921 mali
3157 2863 3485 2926 remedium,

212 2978 337 3040 post
368 2970 509 3025 alias
550 2970 784 3024 aliorum
836 2971 1000 3039 paulo
1044 2978 1171 3024 ante
1218 2967 1446 3022 traditas
1471 3007 1485 3032 ,
1531 2979 1799 3035 suamque
1906 2984 2033 3023 mox
2060 2966 2355 3021 traducunt
2382 2972 2640 3033 tanquam
2664 2968 2910 3032 apertam
2941 2956 3065 3013 ﬁdei
3096 2955 3483 3027 proditionem.

213 3057 462 3113 Sabbato
510 3067 700 3113 sancto
745 3057 1083 3121 exhibuerit,
1130 3056 1185 3110 id
1226 3064 1312 3109 est
1360 3054 1448 3108 die
1508 3052 1799 3107 undecima

1906 3057 2104 3113 Clerici
2133 3057 2244 3111 duo
2264 3055 2524 3110 Ecclesia:
2551 3054 2832 3116 Romanae,
2860 3049 3119 3106 Rusticus
3137 3056 3193 3102 et
3215 3045 3487 3101 Sebastia-

214 3149 459 3218 Aprilis;
503 3163 633 3202 nam
674 3147 882 3202 Pascha
909 3147 1004 3201 illo
1044 3115 1193 3200 anno
1248 3145 1302 3199 in
1358 3145 1504 3199 diem
1541 3142 1804 3197 duodeci~
1830 3115 1870 3173 (ί
1904 3163 2028 3211 nus,
2058 3161 2293 3215 quorum
2325 3159 2469 3198 unus
2504 3141 2780 3213 pontiﬁcis
2813 3115 2881 3195 ex
2917 3138 3087 3192 fratre
3114 3147 3307 3205 nepos,
3338 3132 3488 3187 Iudi-

214 3256 368 3294 mum
418 3239 630 3311 Aprilis
691 3239 969 3295 incidebat
1006 3255 1019 3292 :
1054 3253 1279 3293 necesse
1340 3245 1425 3291 est
1484 3236 1803 3289 inchoatam
1906 3240 2011 3292 culi
2047 3237 2293 3306 exempla
2327 3233 2620 3304 perﬁdiose
2657 3232 2902 3302 vulgant,
2933 3228 3266 3296 mittuntque
3301 3224 3353 3278 in
3387 3222 3489 3277 Oc-

216 3334 389 3389 fuisse
408 3333 685 3405 synodum
712 3333 801 3387 die
825 3332 1041 3387 decima
1081 3338 1233 3385 sexta
1259 3328 1462 3392 Martii,
1501 3343 1625 3397 quae
1665 3325 1803 3380 feria
1905 3330 2179 3386 cidentcm
2242 3327 2309 3381 ad
2373 3323 2750 3381 sollicitandos
2802 3320 3036 3375 animos.
3094 3316 3225 3372 Inde
3282 3312 3486 3378 Africa,

215 3425 486 3490 secunda,
514 3424 954 3496 productamrlue
984 3422 1164 3479 tribus
1208 3429 1304 3475 aut
1352 3430 1593 3490 quatuor
1635 3417 1805 3471 aetio-
1907 3419 2092 3483 Italia,
2139 3418 2354 3482 Galliae,
2400 3415 2710 3486 Illyricum,
2758 3408 3058 3474 Dalmatia,
3102 3405 3329 3475 aliaeque
3365 3419 3491 3473 pro-

218 3519 387 3574 hibus
425 3518 495 3572 ad
539 3517 788 3587 quintam
825 3531 999 3585 usque
1051 3522 1148 3569 aut
1212 3522 1420 3568 sextam
1466 3511 1679 3565 feriam.
1717 3508 1807 3561 Sic
1906 3512 2099 3566 vint'ia:
2130 3516 2549 3565 commoventur
2581 3507 2637 3560 in
2667 3503 2946 3575 Vigilium,
2982 3513 3221 3570 eumque
3261 3495 3490 3567 prodita:

214 3614 447 3670 enimin
469 3611 785 3682 septiduum
803 3610 913 3665 duo
938 3609 1061 3664 festi
1086 3608 1205 3662 dies
1238 3604 1505 3665 incident,
1559 3600 1806 3656 Domini-
1910 3604 2035 3658 ίίιιιιί
2076 3612 2169 3657 θυι
2206 3608 2486 3664 accusant,
2519 3605 2615 3653 aut
2652 3610 2808 3651 reum
2844 3599 3132 3665 peragunt.

219 3720 322 3760 cus
351 3712 409 3759 et
437 3679 873 3772 Εὐάγγελισμδς,
897 3709 1062 3771 atque
1090 3702 1231 3754 intra
1256 3699 1511 3754 idoneum
1547 3694 1808 3764 temporis

1982 3699 2068 3753 III.
2106 3697 2235 3763 Quae
2262 3702 2386 3766 post
2416 3699 2623 3747 tantam
2663 3686 3087 3745 commotionem
3128 3695 3317 3739 secuta
3357 3679 3485 3745 sint,

222 3796 471 3867 spatium
512 3793 938 3859 concludentur,
982 3808 1103 3863 quae
1145 3801 1297 3863 gesta
1341 3803 1465 3843 esse
1515 3785 1810 3841 Facundus

1909 3806 2141 3862 quaeque
2166 3787 2409 3859 pontifex
2432 3793 2527 3839 aut
2549 3782 2726 3854 egerit
2748 3780 2901 3851 pacis
2924 3777 3128 3841 studio,
3150 3782 3244 3829 aut
3270 3789 3299 3828 a
3323 3771 3491 3828 Iusti-

218 3895 411 3941 narrat
434 3886 503 3939 υ.
1911 3887 2077 3939 niano
2126 3890 2417 3951 tyrannum
2465 3876 2657 3931 induto
2689 3886 2885 3943 passus
2927 3870 2999 3925 sit
3025 3870 3105 3933 ”;
3135 3881 3241 3936 qua
3280 3864 3491 3919 ratione

292 3978 453 4046 Quod
483 3986 671 4033 autem
696 3976 899 4047 scripto
931 3975 1179 4047 pontifex
1208 3952 1526 4044 imperatori
1558 3969 1806 4032 tradidit,

1907 3978 2015 4046 jam
2052 3974 2327 4045 paenitens
2364 3970 2432 4024 de
2474 3968 2627 4022 irrita
2659 3960 3088 4033 dispensatione,
3123 3958 3368 4013 Iudicato
3407 3969 3493 4008 re-

219 4071 496 4126 famosum
530 4069 667 4124 illud
689 4078 771 4124 est
791 4046 1115 4127 Iudicratum,
1138 4066 1282 4135 quod
1317 4082 1439 4117 cum
1468 4062 1812 4117 Iustinianus
1913 4075 2093 4136 (ξυνίῃ,
2130 4062 2355 4117 Γράίετίι
2389 4059 2455 4113 ad
2498 4056 2787 4128 pristinam
2826 4052 2994 4106 trium
3032 4048 3270 4118 capitum
3300 4048 3317 4065 ο
3347 4046 3491 4100 inge-

222 4170 426 4231 praeter
451 4170 725 4217 conventa
750 4160 1045 4230 vulgasset,
1069 4157 1383 4212 Occidentis
1404 4154 1646 4209 Ecclesia
1672 4166 1810 4222 pene
1913 4133 2062 4227 grnm
2087 4150 2492 4213 defensionem;
2518 4143 2795 4215 quomodo
2821 4139 3151 4209 templorum
3178 4135 3327 4206 asylo
3350 4133 3492 4189 tueri

224 4262 340 4309 tota
370 4256 427 4309 in
448 4253 738 4325 Vigilium,
782 4226 935 4308 velut
984 4252 1039 4305 in
1093 4248 1288 4320 synodi
1348 4243 1813 4302 Chalcedonensis
1915 4226 1994 4309 se,
2027 4244 2260 4315 fugaque
2293 4247 2351 4295 et
2386 4236 2640 4292 altarium
2672 4231 2961 4301 complexu
3002 4236 3223 4283 coactus
3249 4226 3352 4289 sit;
3386 4240 3493 4294 qua

225 4346 551 4400 violatorem
575 4343 815 4413 ﬁdeique
845 4342 1209 4404 desertorem,
1243 4346 1516 4393 commota
1547 4344 1653 4390 est.
1683 4334 1806 4390 Non

1915 4340 2150 4394 militum
2193 4332 2397 4389 ferocia
2425 4346 2457 4385 a
2491 4342 2642 4384 sacra
2671 4338 2859 4379 mensa
2901 4320 3068 4377 fuerit
3100 4318 3347 4383 avulsus;
3388 4330 3493 4385 qua

228 4436 334 4492 fuit
365 4448 550 4493 tamen
576 4452 677 4491 cur
699 4441 1160 4496 commoveretur,
1197 4431 1385 4485 audito
1422 4429 1655 4483 Judicati
1704 4442 1806 4481 no—
1840 4448 1883 4503 ι)
1919 4427 2175 4483 ﬁrmitate
2209 4422 2377 4479 animi
2408 4429 2465 4476 et
2486 4416 2839 4473 Theodorum
2863 4411 3255 4468 Caesariensem
3284 4416 3339 4462 et
3366 4421 3496 4461 suos

229 4531 418 4585 mine:
473 4530 583 4584 hoc
633 4528 784 4583 enim
829 4526 1062 4597 Vigilius
1109 4540 1309 4578 nomen
1359 4522 1567 4591 scripto
1610 4529 1811 4591 pratter
1912 4522 2176 4577 diaconos
2219 4514 2391 4571 sacris
2441 4506 2818 4569 interdixerit,
2867 4502 3227 4568 Mennamque
3268 4504 3324 4551 et
3360 4496 3497 4548 alios

232 4638 438 4677 morem
480 4622 730 4685 fecerat,
785 4635 896 4689 quo
934 4626 1147 4672 vetaret
1185 4630 1516 4686 quemquam
1562 4612 1810 4675 credere,
1910 4610 2200 4679 episcopos
2239 4604 2531 4674 ipsumque
2572 4594 2923 4652 Theodorum
2965 4590 3032 4645 ad
3068 4589 3284 4657 veniam
3325 4586 3498 4653 culpae

233 4712 552 4787 synodicam
575 4676 1148 4772 esse'de‘ﬁnitionem,
1174 4676 1268 4762 sed
1300 4676 1573 4776 privatum
1616 4702 1815 4756 dunta-
1912 4676 2243 4758 exorandam
2289 4691 2567 4765 adegerit;
2613 4686 2746 4759 quid
2789 4701 2915 4742 cum
2964 4678 3304 4783 Illyricianis,

230 4768 325 4859 1’“
355 4802 768 4874 PIT-iudicium.
1136 4768 1143 4772 ν
1268 4768 1317 4804 ”
1912 4794 2094 4858 Afris,
2140 4788 2345 4853 Gallis,
2387 4782 2749 4841 offensionem
2788 4777 2965 4849 passis
3003 4772 3263 4846 gesserit;
3299 4768 3500 4874 quibus

296 4862 704 4952 Continebatur
720 4892 969 4947 Judicato
1006 4890 1173 4945 trium
1204 4888 1446 4959 capitum
1494 4884 1807 4940 damnatio:
1915 4881 2210 4941 Iustiniani
2245 4877 2504 4951 perjuriis
2542 4875 2735 4928 illusus
2772 4870 2863 4935 sit,
2900 4883 3117 4939 quaque
3163 4862 3330 4920 animi
3371 4876 3501 4913 con-

233 4986 334 5043 sed
359 4986 466 5040 hac
491 4985 770 5048 cautione,
807 4992 870 5038 ut
902 4983 971 5038 de
998 4953 1582 5053 personis—sileretur,
1634 4985 1691 5031 et
1723 4976 1812 5030 in-
1919 4975 2141 5039 stantia,
2170 4980 2228 5028 et
2250 4987 2362 5042 quo
2386 4969 2513 5024 vitae
2540 4970 2856 5033 contemptu
2898 4959 3060 5015 morti
3102 4972 3200 5027 pro
3238 4953 3500 5022 religione

235 5089 393 5151 ῑεῧη
455 5085 642 5133 essent
682 5044 878 5147 SYIIOdi
939 5044 1167 5130 sti-mna.
1921 5084 1981 5123 se
2020 5062 2318 5127 obtulerit;
2362 5073 2524 5130 quam
2561 5057 2815 5111 luctuosa
2849 5050 3088 5119 denique
3122 5044 3289 5101 fuerit
3328 5055 3501 5143 anno-

302 5132 503 5225 Eautio
546 5132 918 5223 Iustinianum
963 5164 1231 5229 offendit,
1264 5161 1545 5217 damnatio
1617 5160 1814 5223 bonos,
1922 5173 2044 5213 rum
2074 5164 2310 5225 quatuor
2337 5149 2569 5205 historia
2597 5164 2611 5200 :
2637 5152 2823 5200 narrat
2856 5143 2972 5211 ipse
3003 5136 3247 5210 pontifex
3274 5135 3326 5187 in
3358 5132 3498 5187 litte-

237 5270 477 5333 ntraque
507 5261 807 5331 Augustam
830 5275 894 5315 ac
925 5258 1249 5329 Acephalos.
1298 5254 1695 5325 Indignabatur
1723 5251 1818 5306 Iu-
1923 5248 2019 5311 ris,
2050 5245 2254 5315 quibus
2289 5240 2484 5312 partim
2522 5235 2872 5333 Theodorum
2898 5232 3264 5333 diaconosque
3286 5237 3493 5326 excom-

238 5354 510 5411 stinianus
548 5352 811 5415 edictum,
848 5365 960 5421 quo
993 5347 1359 5403 invehebatur
1390 5345 1445 5399 in
1481 5343 1640 5413 235
1690 5357 1817 5411 per-
1923 5336 2200 5398 municat,
2262 5332 2483 5403 partim,
2523 5324 2891 5383 communiter
2932 5319 3255 5380 Ecclesiam,
3297 5315 3502 5371 amicos

242 5463 423 5512 sonas,
487 5442 820 5515 reprehendi
853 5406 883 5497 ε.
907 5441 1168 5497 dolebant
1220 5438 1372 5504 boni,
1404 5434 1693 5491 remissum
1720 5432 1819 5486 ali-
1924 5428 2205 5500 privatim,
2240 5426 2309 5480 de
2343 5422 2458 5478 suis
2491 5420 2659 5475 rebus
2687 5417 2869 5473 docet.
2906 5416 3143 5471 Narrant
3182 5410 3345 5467 etiam
3389 5406 3503 5460 cle—

1614 5565 1940 5626 SCIIULZBI
1978 5561 2207 5618 NOTAE.

314 5680 356 5709 “
384 5678 440 5732 In
474 5677 572 5731 lib.
606 5676 688 5802 3d
712 5675 940 5730 Mocian.
1022 5676 1066 5709 "
1101 5671 1296 5733 Paucis
1334 5685 1398 5727 ca
1461 5666 1779 5739 complexus
1813 5672 1899 5722 est
1937 5658 2256 5727 Gamerius,
2305 5670 2424 5728 qua:
2475 5649 2798 5709 memoriam
2853 5643 3036 5716 Vigilii
3060 5640 3205 5697 male
3232 5636 3300 5692 ad
3325 5640 3506 5709 peste-

314 5765 334 5802 s
360 5763 612 5802 columen
653 5754 833 5801 arunt.

251 5762 334 5804 ros
360 5754 833 5805 commendarunt.
