4040 6172
530 309 629 377 1-87

1652 319 2028 382 GARNERII
2071 322 2562 383 DISSERTATIO
2600 323 2651 381 I.

3696 334 3801 396 12,8

529 421 627 476 riei
681 421 884 486 Italiae,
936 421 1136 477 libellis
1188 422 1261 476 ad
1313 423 1520 492 legatos
1573 423 1912 481 Childeberti
1967 432 2109 500 regis
2140 439 2180 492 Α
2211 429 2355 483 enim
2391 444 2518 498 pars
2549 444 2742 499 magna
2769 427 3097 483 miserabilis
3133 434 3455 490 conventus,
3488 429 3582 496 qui
3617 429 3795 484 domi-

528 513 862 569 Francorum
893 515 1055 569 datis.

602 602 690 659 IV.
725 605 880 660 llisce
909 604 1110 659 litteris
1131 605 1439 675 libellisque
1476 614 1713 671 constat,
1742 608 1812 662 ab
1834 610 2112 682 episcopis

528 696 749 768 Illyrici,
779 697 1077 752 Galliarum
1123 705 1181 751 et
1212 696 1409 753 Africae
1441 698 1679 769 synodos
1711 701 2017 759 celebratas
2054 703 2109 758 in

528 806 691 845 causa
736 790 901 843 trium
951 790 1229 858 capitum;
1281 790 1375 845 sed
1428 791 1482 845 in
1525 791 1593 845 iis
1639 793 1886 849 modeste
1932 795 2109 865 egisse

525 879 729 943 Gallos,
769 880 1089 936 iracundius
1132 881 1363 953 Illyrios,
1388 882 1550 937 Afros
1578 899 1679 953 pro
1718 887 1876 956 genio
1908 888 2106 957 gentis.

526 969 879 1025 Stomachum
925 971 1124 1043 Illyriis
1167 974 1359 1035 movit,
1395 974 1544 1045 quod
1586 989 1713 1030 suas
1745 992 1937 1045 preces
1968 978 2112 1048 Vigi-

524 1061 633 1116 lios
671 1060 921 1133 factaque
945 1065 1298 1133 precantibus
1344 1067 1612 1135 promissa
1652 1068 1926 1137 sprevisse
1959 1068 2111 1124 vide-

523 1161 679 1205 retur
713 1171 725 1206 :
755 1154 915 1209 Afros
937 1164 1133 1211 natura
1161 1156 1406 1212 fervidos
1427 1159 1682 1213 accendit
1707 1159 1948 1213 Facundi
1977 1161 2112 1216 alio—

523 1258 758 1315 rumque
806 1247 1019 1314 relatio,
1074 1265 1183 1303 non
1232 1250 1461 1320 simplex
1510 1260 1565 1305 et
1607 1251 1844 1315 sincera,
1887 1252 2006 1316 sed,
2051 1262 2112 1308 ut

522 1335 666 1390 solet
698 1337 768 1391 ab
798 1338 971 1403 iratis,
1003 1338 1330 1394 invidiosius
1366 1339 1572 1409 scripta
1608 1357 1619 1392 :
1655 1338 1928 1393 Gallorum
1969 1350 2110 1395 tem-

525 1430 774 1497 perantia
802 1446 869 1484 ει
894 1445 962 1484 eo
987 1431 1189 1495 elucet,
1217 1431 1363 1501 quod
1398 1430 1467 1486 de
1498 1431 1631 1500 ipsis
1656 1430 1895 1500 capitum
1921 1431 2112 1487 defen-

525 1529 680 1572 sores
711 1519 847 1572 nihil
889 1520 1169 1574 memoriae
1212 1520 1579 1590 prodiderint,
1613 1520 1882 1590 proditori
1918 1524 2109 1592 procul

527 1607 716 1673 dubio,
742 1609 787 1663 si
822 1610 952 1680 quid
992 1611 1247 1668 acerbius
1275 1620 1489 1682 gestum
1519 1622 1683 1667 esset.

597 1700 675 1755 De
723 1701 1019 1756 Galliarum
1071 1703 1279 1773 synodo
1318 1705 1481 1759 silent
1524 1705 1790 1775 temporis
1830 1713 2104 1771 auctores,

523 1804 627 1844 nec
675 1792 812 1845 certi
864 1792 1163 1861 quidquam
1212 1794 1354 1849 scire
1400 1795 1560 1861 licet,
1604 1798 1720 1853 sive
1767 1815 1835 1854 ex
1882 1800 2102 1867 litteris,

523 1892 660 1946 quas
699 1879 1026 1933 Aurelianus
1059 1880 1415 1945 Arelatensis,
1448 1886 1543 1953 qui
1583 1888 1851 1956 synodum
1889 1890 2102 1957 habuit,

522 1982 620 2036 per
658 1970 1005 2023 Auastasiom
1053 1971 1205 2026 dedit
1244 1973 1310 2027 ad
1361 1976 1700 2044 pontiﬁcem,
1758 1981 1872 2037 sive
1917 1998 1982 2037 ex
2025 2001 2108 2039 re-

520 2058 727 2129 scripto
755 2062 1030 2130 pontiﬁcis
1060 2082 1072 2117 :
1111 2081 1233 2119 nam
1265 2067 1549 2136 perierunt
1576 2070 1856 2128 Aureliani
1886 2075 2104 2141 litterae,

521 2156 579 2202 et
620 2164 945 2218 responsum
993 2152 1300 2221 pontiﬁcis,
1353 2157 1500 2225 quod
1550 2158 1805 2224 habetur,
1853 2178 1922 2219 ex
1969 2180 2109 2235 pra:-

521 2240 727 2309 scripto
763 2241 1081 2297 Graecorum
1125 2245 1438 2301 confectum
1484 2248 1675 2316 fuisse,
1713 2252 1881 2308 Italia:
1920 2254 2107 2309 clerici

520 2346 832 2402 queruntur
864 2353 876 2389 :
914 2336 1189 2405 conjicere
1234 2345 1415 2393 tamen
1455 2356 1525 2395 ex
1567 2357 1831 2412 responso
1877 2345 1960 2399 fas
1999 2354 2105 2413 est,

522 2424 706 2480 missis
751 2441 782 2480 a
816 2427 1044 2481 Rustico
1081 2435 1137 2482 et
1172 2428 1497 2485 Sebastiano
1536 2433 1589 2486 in
1621 2433 1826 2490 Gallias
1862 2436 2106 2507 scriptis,

520 2525 773 2571 vocatum
805 2518 973 2572 fuisse
1001 2519 1257 2589 Vigilium
1283 2520 1340 2575 in
1365 2523 1736 2592 suspicionem
1761 2538 2106 2599 Oppugnatae,

520 2622 632 2661 non
672 2608 1137 2666 Chalcedonensis
1185 2619 1419 2679 tantum,
1464 2615 1561 2669 sed
1609 2618 1774 2670 etiam
1821 2619 2109 2688 Ephesium

519 2700 738 2771 synodi,
774 2702 884 2756 imo
919 2712 977 2758 et
1014 2704 1259 2773 epistola:
1297 2705 1500 2760 Leonis
1538 2707 1606 2761 ad
1644 2708 1962 2764 Flavianum
1994 2726 2009 2763 :
2052 2711 2107 2765 in

520 2789 629 2846 hoc
658 2793 807 2848 enim
835 2795 1067 2850 crimine
1100 2798 1436 2853 removendo
1462 2806 1608 2854 totos
1628 2808 1731 2854 est.
1757 2802 1894 2857 Illud
1925 2811 2109 2858 autem

519 2880 756 2934 nefanda
798 2881 986 2938 fraude
1017 2884 1269 2940 scelerati
1307 2886 1561 2943 homines
1598 2892 1935 2960 persuadere
1961 2894 2108 2948 nite-

520 2971 742 3037 bantur,
773 2982 905 3029 tunc
932 2992 1057 3030 cum
1087 2976 1393 3033 Judicatum
1433 2980 1487 3034 in
1529 2984 1842 3051 provincias
1880 2985 2108 3042 missum

518 3058 811 3116 laudarent
855 3079 869 3115 :
916 3062 1137 3119 aiebant
1184 3066 1455 3137 siquidem
1497 3072 1770 3127 contineri
1807 3074 2106 3131 convictio-

520 3167 649 3206 nem
688 3153 935 3211 criminis
979 3172 1043 3211 ea
1092 3166 1286 3227 parte,
1326 3159 1441 3231 qua
1481 3164 1816 3232 parcebatur
1857 3169 2111 3237 personis

519 3243 856 3302 Theodoreti
906 3256 964 3302 et
1005 3248 1142 3315 Ibat;
1192 3250 1486 3308 artiﬁciose
1525 3254 1673 3310 enim
1716 3256 1989 3324 parcitum
2025 3257 2109 3312 id-

516 3336 692 3401 circo,
732 3339 877 3407 quod
906 3347 1139 3408 uterque
1178 3340 1500 3397 crederetur
1531 3358 1562 3396 a
1601 3344 1819 3415 Vigilio,
1849 3362 1961 3401 non
1990 3347 2110 3402 sine

514 3427 663 3501 iusta
707 3443 891 3489 causa,
934 3437 991 3481 et
1026 3428 1383 3484 Theodorum
1424 3434 1861 3502 commendasse,
1905 3447 1963 3493 et
2008 3438 2112 3510 Cy-

518 3518 711 3572 rillum
744 3519 1057 3572 damnasse.

468 3674 472 3678 Α
594 3609 658 3660 γ.
694 3608 770 3663 De
809 3609 1154 3680 Illyricorum
1193 3621 1470 3667 conventu
1508 3613 1560 3667 id
1593 3615 1754 3670 tradit
1783 3617 1971 3672 Victor
1998 3619 2111 3675 Tu-

519 3696 789 3751 .uonensis
824 3716 839 3751 :
877 3717 894 3747 ε
926 3699 1053 3753 Post
1083 3700 1435 3775 consulatum
1466 3702 1648 3758 Basilii
1683 3706 1788 3760 viri
1821 3708 2111 3764 clarissimi

520 3802 671 3843 anno
696 3804 769 3853 ix,
799 3789 1167 3861 Illyriciauam
1196 3792 1465 3864 synodum
1498 3794 1553 3848 in
1589 3795 1911 3854 defensione
1946 3801 2112 3857 trium

527 3880 767 3950 capitum
799 3879 1114 3938 Iustiniano
1148 3882 1396 3954 Augusto
1434 3886 1740 3956 scripsisse,
1774 3898 1831 3944 et
1863 3890 2112 3948 Benena-

526 3980 643 4026 tum
673 3972 865 4042 primae
891 3973 1212 4031 Iustiniana:
1238 3975 1558 4047 episcopum
1579 3977 1999 4038 obtrectatorem
2020 3999 2115 4039 eo-

527 4064 779 4119 rumdem
810 4065 973 4121 trium
1001 4067 1243 4136 capitum
1270 4068 1686 4125 condemnasse.
1722 4090 1741 4122 ι
1774 4071 1969 4130 Annos
1996 4076 2110 4143 ille,

436 4209 446 4218 ,
522 4169 692 4224 quem
726 4170 878 4211 more
908 4171 1009 4211 suo
1042 4170 1250 4212 nonum
1290 4166 1468 4225 vocat,
1498 4167 1555 4215 et
1592 4160 1648 4214 in
1686 4177 1797 4230 quo
1837 4162 2111 4222 Theodori

525 4246 740 4302 obitum
774 4245 961 4313 refert,
1002 4249 1182 4319 reipsa
1216 4257 1443 4306 octavus
1476 4250 1601 4317 fuit,
1634 4268 1739 4322 qua
1776 4253 1989 4311 ratione
2019 4258 2112 4314 alii

526 4352 825 4394 numerare
873 4339 1083 4403 solent,
1132 4348 1298 4410 atque
1346 4341 1420 4396 ita
1461 4342 1933 4413 quingentesimus
1975 4362 2112 4417 qua-

2211 521 2330 583 nari
2365 520 2538 574 voluit
2567 521 2619 574 in
2654 530 2818 590 caput
2847 521 3118 576 universa:
3144 520 3421 574 Ecclesiaz.
3461 538 3480 571 ι
3516 521 3646 576 Post
3665 538 3790 578 cou-

2212 588 2450 665 sulatum
2495 610 2701 672 Basilii,
2722 588 2930 678 inquit,
2960 610 3065 664 viri
3085 608 3377 665 clarissimi
3401 624 3531 663 ann.
3560 626 3615 669 ι.
3645 609 3795 665 Afri-

2212 702 2334 756 cani
2368 702 2643 756 antistites
2673 702 2931 771 Vigiliom
2959 702 3268 756 Romanum
3299 700 3619 770 episcopum
3644 702 3797 759 dam~

2210 800 2460 848 natorem
2503 794 2670 848 trium
2707 793 3074 864 capitulorum
3101 792 3437 864 synodaliter
3464 806 3494 846 a
3520 792 3796 851 catholica

2212 886 2621 949 communione,
2662 893 2943 942 reservato
2979 886 3033 941 ei
3071 884 3412 955 poenitentiae
3437 885 3580 948 loco,
3616 886 3798 941 reclu-

2212 975 2382 1042 dunt;
2417 983 2473 1031 et
2503 992 2605 1046 pro
2638 976 2959 1032 defensione
2997 985 3420 1031 memoratarum
3450 977 3619 1032 trium
3646 979 3801 1049 capi-

2210 1068 2452 1121 tulorum
2500 1068 2716 1122 litteras
2760 1068 2893 1122 satis
2941 1067 3168 1123 idoneas
3204 1067 3514 1123 Iustiniano
3551 1068 3800 1139 principi

2210 1171 2309 1226 per
2334 1156 2642 1227 Olympium
2672 1157 3083 1228 Magistrianom
3110 1157 3357 1212 mittunt.
3392 1175 3411 1208 ι

2285 1243 2576 1312 Postquam
2618 1259 2687 1298 eo
2721 1260 2896 1314 usque
2927 1244 3163 1299 vesaniae
3202 1244 3442 1300 Africam
3483 1245 3617 1301 falsa
3667 1246 3803 1301 reli-

2210 1335 2389 1405 gionis
2423 1335 2617 1390 umbra
2670 1336 2980 1406 mentisque
3013 1338 3229 1392 caecitas
3259 1338 3494 1406 impulit,
3525 1337 3805 1394 Constan-

2212 1424 2436 1495 tinopoli
2472 1426 2783 1491 Facundos,
2809 1427 2990 1497 specie
3011 1428 3380 1497 respondendi
3403 1428 3650 1484 Mociano
3674 1431 3802 1485 cui-

2210 1513 2336 1569 dam
2363 1525 2695 1571 conventum
2726 1516 2991 1588 culpanti,
3021 1516 3197 1586 reipsa
3224 1517 3279 1571 in
3307 1516 3563 1588 Vigilium
3592 1519 3795 1574 acerbe

2212 1602 2371 1656 simul
2412 1612 2467 1658 et
2513 1605 2854 1661 calomniose
2902 1606 3154 1663 invectus
3198 1616 3318 1672 est,
3369 1607 3576 1677 scripto
3617 1608 3793 1674 libro,

2211 1708 2322 1762 quo
2366 1695 2549 1751 nullos
2589 1706 2685 1752 aut
2730 1698 3057 1753 virulentior
3092 1714 3215 1753 esse
3247 1706 3431 1768 queat,
3469 1709 3564 1754 aut
3609 1700 3795 1769 impu-

2140 1763 2181 1822 Β
2208 1782 2448 1839 dentior.

2278 1876 2338 1929 Id
2380 1891 2512 1931 vero
2560 1878 2792 1932 maxime
2834 1879 2889 1932 in
2936 1895 3003 1933 eo
3048 1879 3346 1936 defendere
3378 1881 3597 1945 nititur,
3641 1882 3793 1951 quod

2209 1965 2587 2024 incredibilem
2635 1969 2871 2024 habebat
2917 1970 3203 2033 invidiam,
3246 1988 3518 2027 summum
3570 1974 3797 2043 pontiﬁ-

2208 2072 2328 2113 cem
2373 2059 2442 2113 ab
2482 2059 2761 2115 Africanis
2813 2063 3199 2117 communione
3257 2080 3367 2118 non
3418 2080 3540 2120 esse
3597 2068 3796 2122 excluo

2209 2166 2374 2206 sum:
2405 2153 2692 2208 contendit
2729 2156 2877 2209 enim
2917 2171 2948 2209 a
2986 2156 3167 2225 seipso
3210 2158 3515 2222 exclusum,
3554 2174 3680 2214 cum
3737 2161 3796 2218 in

2206 2244 2453 2300 Judicalo
2484 2261 2585 2301 suo
2620 2247 2910 2302 anathema
2950 2248 3183 2313 diceret,
3218 2258 3280 2305 ut
3310 2250 3427 2321 ipse
3455 2251 3679 2321 quidem
3710 2254 3798 2308 in-

2210 2344 2565 2406 terpretator,
2602 2338 2858 2393 Patribus
2885 2338 3231 2396 Chalcedone
3268 2343 3629 2413 congregatis,
3667 2345 3797 2399 toti-

2208 2443 2316 2497 que
2349 2428 2607 2484 Ecclesia:
2635 2431 2939 2496 catholicaz,
2965 2441 3130 2501 atque
3161 2434 3299 2488 adeo
3322 2433 3611 2491 Africanze.

2281 2517 2413 2572 Post
2428 2518 2598 2573 multa
2628 2519 2796 2589 igitur
2832 2521 3161 2591 impotenter
3187 2524 3400 2578 eﬁ‘otita
3432 2550 3446 2577 .-
3489 2546 3507 2576 ι
3538 2526 3682 2591 Ilmc,
3710 2528 3797 2582 in-

2209 2608 2350 2677 quit,
2385 2607 2719 2675 soﬁicerent,
2756 2611 2800 2666 si
2831 2612 3154 2679 adversarii,
3183 2631 3324 2684 quos
3355 2624 3411 2671 et
3438 2617 3554 2685 ipse
3582 2620 3794 2687 culpat.

2209 2714 2321 2753 non
2369 2700 2669 2757 inferentes
2710 2703 3001 2758 anathema
3046 2703 3481 2763 Chalcedonensi
3531 2710 3794 2773 concilio,

2210 2806 2391 2859 neque
2428 2792 2482 2845 in
2537 2808 2638 2847 nos
2679 2809 2891 2857 omnes,
2926 2795 2942 2814 ‘
2986 2794 3082 2850 sed
3133 2795 3339 2865 aliquid
3377 2797 3639 2852 adversus
3673 2800 3796 2870 ejus

2211 2881 2588 2937 auctoritatem
2624 2891 2897 2952 gerentes,
2938 2883 3041 2953 ipsi
3072 2885 3256 2954 potius
3282 2902 3315 2940 a
3347 2886 3508 2942 nobis
3530 2888 3633 2943 sub
3662 2904 3798 2944 ana-

2212 2974 2453 3029 themate
2487 2974 2882 3030 damnarentur
2914 2994 2928 3029 :
2960 2993 3107 3033 nunc
3146 2986 3328 3032 autem
3370 2979 3478 3033 illis
3501 2980 3668 3049 impie
3696 2997 3798 3051 ge-

2212 3066 2481 3129 rentibus,
2511 3074 2569 3122 et
2599 3082 2700 3122 nos
2727 3082 2792 3122 ac
2817 3068 3008 3123 Patres
3040 3077 3258 3126 nostros
3287 3071 3801 3128 anathematizanti-

2212 3154 2336 3217 bus,
2377 3170 2607 3225 seseque
2653 3172 2752 3226 per
2795 3156 2899 3212 hoc
2942 3157 3234 3214 anathema
3275 3160 3690 3230 segregantibos
3726 3162 3801 3217 ab

2212 3248 2467 3303 universa
2495 3246 2702 3304 Christi
2741 3249 3015 3316 Ecclesia;
3051 3265 3153 3305 nos
3189 3250 3284 3321 qui
3316 3251 3430 3306 Deo
3461 3261 3705 3322 regente,
3740 3253 3800 3309 in

2210 3348 2439 3410 paterna
2475 3339 2749 3396 sententia
2789 3350 2846 3397 et
2886 3343 3275 3400 communione
3306 3353 3643 3413 perstamus;
3671 3361 3798 3411 nos,

2212 3432 2456 3502 inquam,
2485 3432 2541 3486 in
2565 3433 2807 3489 Ecclesia
2827 3435 3136 3499 constituti,
3157 3435 3247 3491 cui
3275 3435 3537 3492 dixerunt
3565 3437 3801 3494 anathe-

2210 3535 2320 3585 ma,
2335 3521 2629 3576 statuimus
2647 3522 2953 3578 secundom
2966 3522 3291 3581 Christianae
3309 3526 3589 3597 religionis
3606 3526 3801 3585 obser-

2211 3613 2473 3678 vantiam,
2490 3630 2600 3669 non
2617 3615 3027 3670 communicare
3046 3615 3116 3671 ab
3128 3615 3370 3672 Ecclesia
3387 3618 3763 3689 segregatis".
3775 3638 3793 3669 ι

2281 3704 2423 3772 Quid
2472 3705 2632 3775 plura
2678 3706 2952 3775 proferam
3002 3723 3069 3762 ex
3119 3707 3283 3773 libro,
3318 3724 3431 3778 quo
3478 3725 3590 3763 uno
3630 3710 3804 3769 colle-

2211 3802 2357 3852 ctam
2389 3795 2682 3875 duodecim
2711 3797 2837 3852 aliis
2870 3796 3136 3854 doctrinae
3177 3807 3344 3868 atque
3374 3800 3541 3854 etiam
3575 3800 3804 3870 pietatis

2222 3887 2421 3943 famam
2470 3886 2813 3958 inquinavit?
2833 3888 2966 3955 Quae
3014 3888 3229 3944 felicior
3267 3890 3590 3957 exstitisset.
3630 3898 3801 3961 atque

2211 3976 2380 4033 etiam
2422 3976 2767 4048 prudentior,
2806 3976 2852 4032 si
2896 3976 3183 4033 charitatis
3225 3975 3498 4046 impulsu,
3538 3977 3801 4046 Vigilium

2213 4076 2438 4124 secutus
2475 4067 2670 4123 fuisset
2702 4067 3017 4123 studentem
3062 4068 3205 4138 paci,
3249 4083 3350 4123 nec
3389 4068 3801 4125 Donatistarum

2214 4175 2368 4214 more
2397 4158 2641 4214 Africam
2671 4158 2794 4214 orbi
2822 4160 3176 4228 praetulisset.

2284 4253 2398 4308 VII.
2426 4253 2722 4322 Postquam
2751 4250 3000 4306 auditum
3022 4260 3108 4305 est
3137 4251 3192 4305 in
3219 4249 3357 4304 urbe
3391 4251 3538 4321 regia
3563 4251 3631 4306 de
3656 4250 3803 4306 Afri-

2214 4359 2349 4399 cana
2395 4342 2624 4414 synodo,
2671 4342 2924 4412 lectaque
2971 4342 3355 4411 episcoporum
3396 4341 3465 4395 ad
3508 4341 3804 4411 imperato-

525 4428 872 4500 dragesimos
913 4438 1139 4485 octavus
1185 4430 1427 4497 Christi,
1476 4433 1774 4490 Iustiniani
1819 4436 2113 4495 vicesimus
2145 4437 2189 4495 D
2218 4451 2332 4491 rem
2377 4434 2567 4489 relatio
2611 4448 2710 4502 per
2747 4432 3159 4503 Magistrianom
3198 4431 3386 4493 missa,
3426 4430 3633 4500 placuit
3674 4431 3802 4486 inde

524 4520 827 4585 secundus,
853 4538 882 4576 a
905 4521 1162 4578 Kalendis
1182 4522 1406 4594 Aprilis.
1435 4524 1666 4594 Oportet
1689 4526 1855 4597 igitur
1877 4529 2107 4600 Illyrios,

524 4610 712 4667 statim
743 4611 933 4666 audito
960 4613 1156 4667 nuntio
1188 4613 1256 4669 de
1290 4612 1525 4679 Judicqti
1561 4616 1825 4671 missione
1862 4617 1930 4672 ad
1962 4619 2114 4674 Men-

525 4718 689 4767 nam,
735 4702 1082 4757 concurrisse
1121 4704 1190 4758 ad
1231 4704 1392 4774 237
1422 4706 1714 4777 synodum,
1774 4708 1894 4771 sed,
1938 4718 1997 4763 ut
2027 4720 2113 4765 est

528 4793 612 4848 ira
644 4808 888 4862 praeceps
917 4807 981 4846 ac
1014 4793 1351 4857 turbulenta,
1384 4797 1723 4853 tumultuose
1755 4807 1813 4853 et
1846 4799 2111 4870 injuriose

527 4897 647 4938 rem
695 4882 899 4953 egisse;
945 4899 1104 4947 nam,
1138 4892 1195 4937 et
1241 4884 1311 4938 ab
1363 4886 1518 4941 iratis
1560 4887 1834 4959 episcopis
1865 4907 2113 4947 summus

530 4975 778 5043 pontifex
815 4974 1037 5045 indigna
1074 4989 1270 5044 passus
1296 4983 1403 5041 est,
1437 4985 1494 5032 et
1521 4977 1830 5033 Benenatos
1863 4998 1892 5035 a
1919 4982 2111 5036 subdi-

530 5065 605 5119 tis
635 5065 959 5129 damnatus,
1003 5074 1059 5121 et
1106 5064 1404 5136 imperator
1451 5068 1521 5122 ah
1567 5069 1796 5139 ingratis
1831 5073 1971 5128 male
2008 5074 2109 5128 ha—

530 5152 701 5206 bitus.

605 5244 693 5297 Vl.
724 5244 832 5299 Sed
860 5262 1004 5300 anno
1032 5258 1297 5317 sequente
1320 5249 1540 5320 longius
1562 5250 1814 5307 Afrorum
1848 5254 2118 5323 impoten-

530 5336 607 5393 tia
642 5337 915 5405 prorupit,
941 5339 993 5391 id
1025 5356 1176 5406 ausa,
1209 5341 1356 5411 quod
1389 5357 1420 5395 ε
1454 5344 1673 5398 nemine
1702 5345 1968 5402 hactenus
1994 5357 2113 5401 ten-

533 5437 730 5482 tatum.
766 5428 960 5483 Narret
990 5431 1176 5485 Victor
1214 5434 1332 5502 ipse
1375 5436 1489 5489 suis
1533 5436 1741 5491 facinus
1785 5453 1974 5503 suum;
2012 5439 2119 5494 fuit

2217 4538 2450 4579 evocare
2479 4522 2785 4593 prmcipuos
2814 4521 3099 4591 praesules,
3129 4521 3279 4574 velut
3307 4519 3372 4574 ad
3403 4521 3801 4575 occumenicam

2218 4611 2507 4682 synodum.
2532 4611 2811 4666 Venerunt
2837 4610 3103 4681 primates
3133 4609 3299 4678 238
3333 4607 3465 4671 duo,
3496 4607 3806 4678 Reparatus

2218 4703 2724 4763 Proconsularium,
2755 4702 2973 4757 Firmus
3006 4700 3398 4765 Numidarum;
3437 4699 3638 4769 reliqui
3676 4716 3806 4769 pro—

2219 4794 2523 4849 vinciarum
2584 4793 2834 4849 seniores
2882 4793 3155 4847 miserunt
3205 4791 3431 4869 legatos.
3483 4789 3625 4855 Quid
3671 4806 3805 4843 vero

2215 4886 2689 4956 Constantinopoli
2724 4885 2959 4956 egerint,
2986 4901 3095 4954 qua
3124 4884 3425 4954 pertinacia
3454 4880 3683 4937 tulerint
3710 4880 3805 4934 alii

2216 4979 2432 5042 exsilia,
2462 4979 2555 5033 alii
2596 4993 2849 5033 carceres
2894 4992 2994 5047 pro
3040 4978 3219 5031 tribus
3259 4975 3535 5045 capitulis,
3567 4990 3678 5043 qua
3721 4990 3809 5027 ra-

2220 5070 2641 5141 tionequitlam,
2669 5068 2783 5122 sive
2808 5068 3069 5139 praemiis,
3101 5068 3214 5122 sive
3239 5066 3450 5121 sedium
3475 5062 3806 5132 cupiditate,

2220 5163 2547 5217 recesserint
2581 5161 2635 5216 in
2671 5169 2854 5229 partes
2880 5157 3199 5221 Iustiniani,
3240 5166 3425 5211 narrat
3468 5155 3656 5211 Victor
3695 5152 3812 5206 Tu-

2218 5253 2501 5318 nonensis,
2545 5269 2648 5308 nec
2682 5269 2739 5306 se
2786 5251 3107 5306 illaudatum
3154 5262 3276 5304 esse
3319 5249 3480 5314 sinit;
3528 5247 3571 5301 si
3618 5263 3814 5302 tamen

2220 5346 2392 5414 ipsius
2413 5354 2498 5399 est
2525 5359 2652 5413 pars
2669 5351 2910 5398 extrema
2932 5339 3212 5405 Chronici,
3237 5339 3384 5410 quod
3406 5355 3514 5394 non
3547 5354 3695 5391 reor.

2295 5435 2426 5489 VIII.
2460 5435 2597 5489 Dom
2635 5432 2751 5487 haec
2786 5432 2838 5487 in
2874 5431 3042 5486 variis
3072 5431 3261 5485 uutndi
3308 5429 3559 5501 partibus
3599 5443 3819 5499 gerun-

1876 5573 2191 5631 SCIIUL'LI
2226 5571 2454 5627 NOTJZ.

605 5641 654 5685 ’θ’
686 5657 1063 5733 migratione,
1100 5670 1205 5733 etc.
1233 5658 1379 5715 lianc
1401 5664 1565 5719 animi
1603 5665 1875 5721 levitatem
1917 5675 2145 5722 testatur
2171 5667 2545 5729 Constilulum,
2580 5663 2645 5719 de
2693 5677 2801 5733 quo
2830 5662 2937 5716 vid.
2968 5676 3207 5731 sequens
3232 5667 3386 5729 caput
3431 5656 3511 5711 19.
3589 5653 3631 5687 ”
3674 5653 3819 5710 Vid.

546 5724 787 5783 Facundi
815 5728 909 5785 lib.
944 5731 1074 5784 Adv.
1125 5730 1441 5786 Marianum.
