4040 6172
227 298 326 365 189

1403 307 1763 367 HISTORIA
1802 306 2156 366 THEODOR
2166 309 2254 367 ET
2265 310 2306 368 Ι.

3386 308 3482 375 190

227 427 338 480 tur,
390 414 814 485 Mepsuestiam,
859 431 980 486 qua
1027 417 1220 472 civitas
1265 417 1470 476 Cilicia:
1517 419 1805 482 secundae,
1838 421 1881 476 A
1910 433 2111 472 annum
2149 420 2273 484 490,-
2300 419 2581 474 autetiam
2613 419 2735 482 480,
2766 420 3113 474 intercessit:
3146 436 3270 474 nam
3300 422 3482 476 Theo-

224 508 485 564 convenit
509 523 655 562 anno
678 508 800 574 530,
828 509 917 564 die
955 510 1019 562 17
1049 509 1218 575 Junii,
1244 512 1482 582 synodus
1511 510 1806 566 Iustiniani

227 602 430 656 litteris
469 610 696 655 evocata
745 619 757 654 :
811 602 1102 657 evocanda:
1145 617 1307 657 causa
1361 619 1470 658 non
1525 604 1631 657 alia
1679 602 1803 666 fuit,

227 709 390 762 quam
436 701 500 748 ut
563 692 860 763 provinciae
913 693 1080 746 totius
1130 694 1522 763 seniorumque
1570 693 1808 747 civitatis

230 784 548 838 testimonio
576 792 873 847 constaret,
908 783 1255 838 Theodorum
1300 784 1641 853 Mopsuestia:
1675 784 1806 838 olim

229 878 573 947 episcopum,
598 875 921 946 jamdudum
955 876 1008 929 in
1039 876 1153 945 ipsa
1183 892 1279 929 sua
1315 875 1560 930 Ecclesia
1584 875 1809 929 damna-

231 981 344 1022 tum
377 969 570 1031 fuisse,
610 968 844 1037 ideoque
868 984 935 1022 ex
963 968 1134 1022 sacris
1157 967 1430 1038 diptychis
1451 974 1804 1036 expunctum.

232 1059 287 1114 ld
313 1059 600 1130 satagebat
629 1060 949 1128 imperator,
989 1058 1184 1127 partim
1214 1067 1276 1111 ut
1301 1056 1639 1111 satisfaceret
1673 1069 1808 1125 pon-

233 1150 360 1206 tiﬁci
397 1151 619 1220 neganti
665 1165 722 1204 se
759 1165 918 1219 posse
951 1149 1298 1203 Theodorum
1337 1149 1616 1211 damnare,
1651 1148 1809 1217 cujus

233 1245 284 1296 in
315 1243 578 1297 Ecclesia:
605 1257 739 1310 pace
771 1241 1015 1296 defuncti
1060 1242 1325 1295 memoria
1360 1255 1427 1295 eo
1467 1255 1638 1309 usque
1671 1238 1810 1292 infa-

233 1341 371 1385 mata
401 1347 514 1385 non
543 1331 750 1396 fuerat;
779 1333 978 1399 partim
1009 1337 1070 1384 ut
1096 1329 1286 1395 edicti,
1323 1345 1432 1399 quo
1458 1329 1809 1383 Theodorum

233 1422 456 1492 perinde
493 1432 660 1491 atque
689 1420 979 1492 Origenem
1013 1420 1413 1491 proscribebat,
1455 1418 1683 1473 formam
1715 1417 1811 1472 dc-

232 1513 505 1580 fenderet;
542 1514 744 1584 partim
784 1515 922 1568 alias
956 1514 1028 1568 ob
1053 1528 1268 1577 causas,
1302 1527 1438 1582 quas
1467 1527 1568 1565 suo
1599 1511 1652 1565 in
1685 1510 1810 1566 loco

232 1605 614 1660 discessimus.

295 1699 609 1752 Adfuerunt
649 1711 841 1750 omnes
875 1697 1173 1766 provinciae
1205 1694 1449 1767 episcopi
1476 1694 1541 1748 ⁹⁵.
1587 1691 1809 1748 Praefuit

229 1790 466 1847 Joannes
504 1789 804 1854 Anazarbi,
855 1805 950 1843 seu
994 1788 1497 1858 Justinianopoleos
1538 1785 1803 1839 antistes:

230 1883 403 1937 vocati
440 1898 636 1937 omnes
674 1882 741 1934 de.
785 1882 954 1944 clero,
989 1882 1346 1950 senioresque
1373 1881 1695 1950 eptimatum
1731 1877 1809 1932 ci-

233 1971 412 2027 vitatis
436 1990 450 2025 :
475 1973 688 2042 prolata
703 1971 959 2043 diptycha
983 1971 1150 2027 trium
1174 1987 1436 2042 generum
1460 1986 1525 2025 ex
1552 1968 1808 2024 Ecclesiae

227 2065 467 2122 cimelio.
507 2063 788 2128 Constitit,
836 2072 948 2118 tum
994 2063 1306 2118 testimonio
1347 2063 1650 2125 seniorum,
1693 2068 1808 2113 tum

228 2155 618 2227 diptycborum
665 2156 1036 2225 inspectione,
1087 2170 1192 2210 nec
1256 2153 1589 2223 appellatum
1640 2151 1808 2204 fuisse

229 2255 351 2299 ante
400 2246 690 2313 sexaginta
740 2259 946 2308 annos,
992 2258 1094 2298 nec
1150 2242 1477 2311 inscriptum
1534 2237 1810 2310 diptychis

231 2336 506 2392 Theodori
547 2353 767 2401 nomen,
813 2336 908 2390 sed
943 2336 1062 2406 ejus
1091 2336 1212 2390 loco
1243 2335 1597 2389 substitutum
1632 2331 1809 2403 Cyril-

229 2427 339 2481 lum
367 2424 756 2481 Alexandrinae
781 2424 1038 2478 Ecclesia:
1063 2423 1370 2492 przesulcm.
1401 2424 1476 2477 De
1507 2438 1564 2477 re
1591 2430 1699 2476 tota
1725 2437 1804 2476 re-

230 2517 399 2572 latum
435 2523 520 2570 est
557 2515 830 2586 synodicis
866 2514 1085 2578 litteris,
1121 2522 1178 2567 et
1211 2512 1278 2568 ad
1318 2513 1720 2581 imperatorem,
1754 2518 1812 2565 et

230 2609 296 2663 ad
333 2623 619 2663 summum
665 2604 981 2676 pontiﬁcem
1017 2623 1031 2659 :
1073 2604 1126 2659 id
1167 2606 1312 2660 enim
1353 2604 1608 2674 tractoria
1639 2602 1810 2656 Justi-

230 2702 430 2758 nianns
457 2700 737 2768 expressis
763 2697 947 2752 verbis
975 2705 1223 2761 caverat,
1251 2711 1358 2765 qua
1386 2695 1498 2750 sive
1534 2703 1671 2758 arte,
1696 2693 1810 2748 sive

233 2795 447 2858 fraude,
479 2793 535 2846 id
573 2799 816 2856 cautum,
841 2791 974 2845 alias
997 2788 1370 2859 exposuimus.

295 2885 556 2941 Mirabile
602 2897 772 2953 porro
820 2889 905 2936 est
950 2881 1223 2950 primum,
1275 2878 1522 2934 seniores
1575 2880 1814 2938 civitatis

230 2979 466 3043 nescire,
496 2992 612 3047 quo
648 2986 893 3046 tempore
933 2973 1106 3028 deleri
1139 2987 1338 3026 nomen
1373 2972 1646 3027 Theodori
1683 2988 1815 3028 eon-

1910 509 2153 574 dorctus,
2179 511 2418 580 quandiu
2445 511 2599 573 vixit,
2625 526 2732 579 qua
2763 519 2880 562 eral.
2909 510 3051 578 apud
3075 511 3272 566 Cilices
3296 523 3485 567 aucto-

1910 601 2092 663 ritate,
2125 617 2342 670 quoque
2385 615 2511 671 erga
2556 601 2904 656 Theodorum
2942 602 3145 666 studio,
3185 603 3484 660 obstitiSSet

1909 692 2110 744 acriter
2167 699 2273 745 tam
2327 692 2592 760 iujurioso
2645 693 2908 746 adversus
2957 693 3192 747 amicum
3241 696 3479 749 conatui.

1908 782 2026 836 Non
2063 798 2193 852 ergo
2221 782 2497 852 diptychis
2530 783 2804 836 sublatum
2848 799 3048 838 nomen
3089 784 3362 840 Theodori
3401 797 3484 842 est

1908 880 2034 927 ante
2063 889 2264 926 annum
2299 874 2421 939 458,
2453 890 2632 943 neque
2665 875 2830 926 etiam
2868 885 2990 943 post
3023 875 3158 939 .590;
3192 893 3314 929 nam
3347 878 3485 931 Mar-

1909 965 2082 1034 tyrius
2108 965 2416 1035 presbyter,
2444 967 2535 1034 qui
2570 967 2691 1036 jure
2729 965 3096 1036 interrogatus
3131 977 3235 1031 est,
3266 977 3485 1037 octoge-

1908 1058 2098 1110 narius
2125 1066 2243 1110 erat
2272 1072 2416 1110 anno
2442 1056 2564 1120 5'50,
2594 1073 2717 1110 cum
2755 1057 2808 1110 in
2845 1057 3052 1127 synodo
3098 1068 3390 1113 testaretur
3425 1077 3483 1114 se

1909 1156 2034 1201 ante
2071 1147 2348 1216 sexaginta
2379 1161 2552 1200 annos
2585 1145 2840 1200 Ecclesia:
2873 1147 3264 1215 Mopsuestenae
3305 1148 3484 1202 inscr-

1911 1241 2028 1296 vire
2067 1241 2330 1310 coepisse,
2369 1256 2470 1294 nec
2503 1240 2779 1294 audivisse
2834 1256 3096 1308 unquam,
3138 1241 3279 1294 inter
3330 1258 3486 1296 sacra

1909 1333 2162 1406 diptycha
2193 1333 2441 1403 legenda,
2472 1333 2800 1402 appellatum
2837 1331 3134 1395 Theodori,
3170 1331 3262 1384 sed
3295 1331 3482 1401 Cyrilli

1910 1441 2139 1490 nomen;
2172 1429 2280 1478 imo
2306 1440 2428 1477 cum
2458 1439 2565 1478 non
2592 1423 2885 1477 admodum
2917 1438 3106 1476 recens
3130 1438 3249 1475 esse
3280 1423 3487 1475 debue-

1911 1517 1984 1572 rit
2023 1516 2248 1578 factum,
2285 1531 2393 1584 quo
2431 1498 2675 1584 tempore
2712 1531 2880 1570 senex
2907 1515 2996 1569 ille
3026 1515 3080 1568 in
3110 1515 3317 1568 elerum
3348 1517 3487 1571 asci-

1913 1615 1999 1661 tus
2034 1615 2139 1670 est,
2165 1606 2411 1675 alioquin
2450 1605 2516 1660 de
2556 1621 2613 1660 re
2652 1613 2802 1660 tanta
2840 1606 3093 1659 nonnihil
3128 1606 3392 1669 audisset,
3417 1605 3485 1660 ad

1911 1699 2233 1763 delendam,
2286 1707 2380 1752 aut
2441 1699 2632 1753 saltem
2701 1699 3097 1752 obscurandam
3164 1700 3484 1751 memoriam

1909 1807 2048 1861 opus
2091 1791 2196 1846 fuit
2246 1791 2431 1860 aliquo
2482 1800 2762 1860 tempore,
2803 1802 2931 1860 puta
2976 1791 3242 1846 decennio
3277 1809 3289 1844 :
3321 1799 3486 1859 atque

1910 1882 1984 1936 ita
2032 1883 2374 1952 probabilius
2423 1882 2558 1936 nihil
2603 1882 2710 1938 dici
2754 1889 2962 1951 potest,
3007 1897 3170 1950 quam
3215 1880 3483 1950 ejusmodi

1909 1975 2299 2031 obductionem
2325 1974 2521 2029 factam
2554 1982 2681 2029 ante
2711 1990 2913 2027 annum
2944 1973 3067 2027 480.
3098 1973 3201 2026 Sed
3229 1987 3338 2041 quo
3371 1982 3488 2024 tan-

1909 2065 2032 2120 dem
2069 2065 2245 2119 anno?
2280 2064 2400 2118 Non
2429 2064 2558 2127 alio,
2592 2064 2807 2132 opinor,
2846 2078 3007 2132 quam
3047 2079 3155 2132 quo
3191 2062 3487 2115 Basiliscus

1912 2155 2253 2228 tyrannidem
2279 2156 2567 2224 occupavit
2596 2155 2664 2224 (is
2686 2164 2769 2209 cst
2793 2152 2938 2223 475),
2971 2169 3190 2223 quoque
3217 2137 3482 2213 edictum,

1910 2247 2176 2303 suadente
2221 2246 2500 2300 Zenonidc
2548 2259 2740 2308 uxore,
2772 2243 3035 2297 adversus
3077 2242 3487 2297 Chalcedonen-

1911 2356 2024 2395 sem
2050 2337 2314 2410 synodum
2347 2337 2401 2391 in
2435 2336 2746 2406 provincias
2773 2335 2939 2388 misit.

1981 2429 2136 2497 Quod
2168 2430 2212 2483 si
2239 2444 2426 2482 verum
2456 2427 2602 2482 istud
2629 2434 2734 2489 est,
2765 2431 2832 2478 ut
2853 2433 2998 2478 certe
3024 2429 3268 2492 apparet,
3302 2421 3488 2483 mirari

1911 2522 2180 2591 quispiam
2237 2521 2360 2590 jure
2413 2525 2613 2587 queat,
2669 2514 3099 2584 improbissimas
3159 2512 3484 2566 feminarum

1914 2622 2024 2668 tres
2071 2621 2261 2666 contra
2306 2609 2656 2664 Theodorum
2707 2622 3010 2676 pugnasse,
3061 2621 3405 2674 pugnantque
3456 2620 3487 2658 a

1912 2704 2189 2758 Zenouidc
2235 2703 2568 2763 inchoatam,
2599 2716 2628 2753 a
2674 2698 2960 2752 Tlieodora
3006 2705 3332 2758 consertam,
3367 2712 3491 2765 per-

1912 2804 2087 2850 actam
2123 2792 2302 2863 Vigilii
2344 2791 2470 2846 odio
2513 2791 2581 2846 ab
2614 2789 2908 2851 Antoniua,
2942 2787 3338 2841 famulantibus
3379 2787 3490 2840 sin-

1913 2887 2158 2958 gularum
2182 2884 2516 2952 impotentiae
2539 2881 2747 2936 uxoriis
2770 2878 3001 2938 maritis,
3027 2878 3306 2941 Basilisco,
3325 2878 3493 2932 Justi-

1913 2978 2098 3039 niano,
2134 2984 2188 3030 et
2225 2973 2506 3028 Belisario.
2559 2970 2664 3026 Sed
2712 2971 2827 3024 haec
2865 2969 3017 3031 alias,
3060 2977 3119 3020 ut
3147 2967 3280 3032 dixi,
3314 2966 3490 3022 fusius

231 3072 445 3142 tigerit;
475 3068 679 3124 deinde
704 3067 916 3122 nullum
939 3065 995 3119 in
1019 3064 1291 3136 diptyehis
1317 3063 1497 3118 liturte
1521 3065 1809 3133 vestigium
1839 3080 1880 3136 ο
1918 3067 2161 3137 exposita
2193 3073 2342 3119 sunt.

229 3162 528 3224 exstitisse,
565 3166 659 3213 aut
692 3159 738 3212 si
779 3157 902 3221 fuit,
944 3156 1001 3210 in
1034 3154 1166 3212 Acta
1204 3170 1316 3209 non
1359 3153 1590 3210 relatum
1619 3173 1632 3209 :
1658 3155 1813 3210 deuio

230 3271 333 3325 que
377 3253 650 3326 Cyrillum
701 3265 802 3320 pro
848 3248 1136 3303 Theodoro
1181 3247 1492 3302 suﬂectum.
1540 3247 1811 3313 Mirabile,

230 3346 478 3418 inquam,
527 3353 635 3408 est,
683 3358 808 3397 cum
849 3338 1143 3410 aliquando
1178 3339 1503 3394 Theodorus
1535 3340 1680 3394 inter
1727 3355 1816 3394 sa-

231 3455 322 3496 cra
371 3437 636 3510 mysteria
686 3432 1026 3504 coepiscopis
1057 3441 1448 3486 annumeratus
1484 3432 1556 3486 sit
1594 3449 1607 3486 :
1636 3447 1817 3486 annu-

235 3532 556 3587 merabatur
633 3537 820 3589 certe,
877 3541 1002 3580 cum
1071 3523 1364 3579 Historiam
1437 3524 1817 3579 Theodoretus

235 3622 546 3676 absolveret
600 3631 748 3671 anno
795 3614 916 3679 450,
942 3612 1278 3681 summisque
1337 3613 1590 3669 laudibus
1632 3613 1815 3667 virum

236 3712 373 3766 fama
406 3710 686 3766 celebrem
719 3714 957 3760 ornaret.
986 3702 1272 3769 Quomodo
1307 3703 1475 3774 igitur
1505 3705 1642 3759 tanti
1673 3712 1816 3759 tam-

239 3819 337 3873 que
378 3802 675 3857 insolentis
719 3799 846 3854 facti
889 3799 1037 3853 nulla
1082 3797 1346 3854 remansit
1378 3797 1665 3860 memoria,
1694 3813 1818 3852 cum

238 3892 385 3947 urbis
427 3892 542 3947 fere
588 3892 758 3947 totius
804 3892 1200 3948 celeberrimus
1241 3891 1515 3958 interpres
1568 3887 1818 3957 Scriptu-

242 3999 312 4040 ra
374 3993 583 4040 sanctae
653 3984 978 4039 Theodorus
1052 3981 1300 4038 audiret?
1353 3979 1639 4047 Quomodo
1710 3988 1818 4032 tam

244 4078 480 4133 recentia
547 4077 772 4133 fuerunt
841 4079 1235 4148 Mopsuestenze
1309 4074 1568 4130 Ecclesia:
1639 4072 1819 4143 dipty-

244 4169 360 4233 cba,
394 4185 520 4240 quae
556 4170 612 4223 in
657 4170 1076 4239 quibuscuuque
1121 4169 1243 4222 aliis
1289 4165 1552 4222 Ecclesiis
1599 4173 1824 4234 propter

246 4270 574 4316 vetustatem
627 4261 684 4315 in
735 4261 918 4330 pretio
968 4260 1348 4315 habebantur?
1392 4256 1678 4324 Quomodo
1723 4271 1820 4325 pa-

248 4354 612 4409 triarcharum
645 4369 809 4418 unus,
837 4363 893 4408 et
926 4354 980 4408 in
1009 4353 1186 4407 aliena
1226 4351 1474 4414 dioecesi,
1495 4358 1550 4404 et
1579 4349 1822 4403 minores

250 4444 387 4500 inter
408 4447 700 4515 episcopos
729 4445 1093 4500 censebatur?
1119 4443 1282 4513 239
1302 4441 1585 4509 Quomodo
1619 4439 1686 4494 ad
1711 4438 1817 4510 Cy-

248 4535 348 4589 rilli
391 4549 595 4589 nomen
645 4541 755 4588 tam
801 4534 1062 4589 inusitato
1107 4533 1270 4588 modo
1315 4532 1602 4586 recitatum
1653 4545 1818 4584 nemo

248 4626 420 4690 haesit,
447 4635 503 4682 et
543 4628 760 4682 curiose
806 4642 1002 4682 causas
1029 4626 1177 4690 facti,
1204 4641 1311 4680 non
1349 4623 1642 4678 admodum
1669 4633 1819 4677 vete-

247 4717 341 4780 ris,
371 4717 658 4786 qutesivit?
693 4716 818 4770 llaec
856 4727 910 4771 et
947 4717 1074 4781 alia,
1110 4722 1170 4768 ut
1206 4713 1618 4768 admirationem
1649 4713 1817 4767 vehe-

247 4814 522 4870 mentem,
597 4807 676 4861 sic
741 4807 1062 4861 nonnullam
1141 4804 1538 4859 dubitationem
1599 4817 1819 4857 movere

250 4905 460 4967 queunt
496 4897 705 4951 homini
748 4913 855 4952 non
895 4897 1249 4951 vehementer
1289 4893 1535 4956 credulo,
1571 4908 1640 4947 ne
1681 4893 1823 4948 forte

251 4987 328 5053 id,
350 4989 616 5058 quidquid
643 4998 745 5051 est,
770 4989 988 5042 concilii
1013 5004 1040 5042 a
1061 4986 1369 5042 Iustiniano
1395 4984 1638 5054 pontifici
1674 4983 1823 5038 frau-

249 5079 371 5132 dein
408 5081 687 5145 moliente,
710 5080 1074 5150 excogitatum
1108 5081 1198 5141 sit,
1228 5089 1283 5132 et
1322 5095 1420 5148 per
1459 5077 1824 5146 obsequentes

252 5171 535 5225 ministros
559 5179 860 5240 peractum.

315 5261 475 5326 Quod
501 5262 549 5316 si
577 5263 762 5316 nullus
790 5263 863 5316 sit
891 5261 1216 5316 dubitationi
1250 5262 1424 5325 locus,
1456 5268 1678 5330 oportet
1711 5275 1829 5314 mu-

163 5406 181 5418 .
253 5358 358 5406 tata
390 5353 562 5407 fuisse
587 5354 844 5425 diptycha
869 5370 936 5408 eo
963 5355 1224 5424 temporis
1252 5355 1560 5418 intervallo,
1585 5353 1731 5422 quod
1761 5353 1830 5406 ab

253 5444 406 5498 obitu
433 5444 790 5509 Theodoreti,
810 5447 902 5514 qui
938 5447 1160 5515 contigit
1188 5461 1332 5500 anno
1365 5447 1466 5500 457
1495 5456 1589 5501 aut
1618 5444 1739 5508 458,
1762 5442 1828 5497 ad

2497 3172 2723 3227 CAPUT
2760 3170 2902 3225 XIX.

1912 3270 1956 3326 1.
1996 3267 2216 3338 Vigilius
2255 3264 2510 3319 consentit
2548 3264 2613 3338 in_
2641 3263 3040 3338 celebrationem
3084 3258 3308 3322 concilii,
3342 3259 3496 3338 modo

1986 3330 2097 3393 tota
2134 3337 2214 3390 illi
2248 3352 2410 3388 causa
2449 3334 2806 3401 permittatur;
2847 3333 2984 3401 quod
3017 3331 3306 3401 imperator
3329 3330 3496 3399 jura—

1986 3417 2068 3461 tus
2107 3405 2381 3478 promittit.
2422 3400 2489 3478 ll.
2531 3402 2826 3478 Theodorus
2862 3400 3497 3478 (antipodas-auitae”:

1988 3468 2316 3548 imperatori,
2340 3481 2406 3548 Aut
2454 3473 2638 3548 datam
2679 3470 2839 3538 ﬁdem
2887 3470 3076 3548 fallat:
3112 3469 3202 3548 ΠΕ
3247 3468 3499 3548 Edictum

1986 3537 2239 3601 aduersus
2283 3543 2386 3597 tria
2437 3537 3014 3611 capitula’proponitur
3058 3539 3111 3592 in
3151 3537 3406 3611 Ecclesia.
3441 3545 3498 3611 et

1988 3617 2258 3684 recipitur.
2289 3615 2376 3670 IV.
2413 3607 2631 3684 Vigilius
2666 3607 2718 3664 in
2762 3607 3064 3684 recipientcs
3104 3607 3499 3684 animadvertit.

1988 3688 2052 3742 V.
2088 3675 2292 3740 Manna:
2321 3675 2544 3736 succedit
2584 3675 2888 3751 Eutychius‘,
2921 3687 2968 3732 et
3005 3676 3328 3751 Vigiliq‘tlat
3353 3675 3496 3751 litte-

1991 3774 2078 3810 ras
2111 3771 2218 3809 sua!
2247 3754 2387 3822 ﬁdei,
2420 3746 2888 3822 synodum-haberi
2922 3746 3258 3822 mgnum)”.
3295 3746 3498 3822 Annuit

1993 3825 2227 3892 Vigilius.
2247 3815 2366 3877 Ἧι.
2404 3815 2662 3876 [adicitur
2685 3820 2913 3891 synodus
2937 3815 3322 3892 a_tl_lILNonas
3346 3815 3496 3892 Maii.

1990 3881 2125 3951 νῐίι.
2168 3894 2402 3948 (labetur
2440 3899 2544 3944 toto
2587 3907 2692 3944 uno
2714 3881 2931 3943 Vmense.
2966 3887 3057 3942 ιχ.
3096 3886 3302 3952 Quarta
3333 3881 3500 3937 colla-

1994 3967 2131 4020 tione
2162 3974 2208 4019 et
2243 3971 2392 4032 parte
2426 3963 2621 4031 quinta:
2654 3977 2824 4032 causa
2855 3957 3105 4012 Theodori
3153 3952 3500 4032 Elapsuestcui

1993 4037 2188 4102 agitur.
2219 4024 2286 4087 Χ.
2331 4024 2512 4087 Altéra
2553 4030 2947 4102 partje‘guiytre
2969 4043 3132 4102 causa
3175 4024 3497 4102 Theodoreti.

1993 4092 2084 4160 Xl.
2119 4103 2248 4170 Quae
2278 4105 2379 4172 ipsi
2411 4092 2631 4172 objecta.
2663 4092 3007 4172 XllLScribit'
3028 4095 3382 4172 Constitutam

1993 4162 2171 4246 gilius,
2198 4176 2252 4246 in
2293 4162 2394 4246 quo
2422 4162 2733 4246 n5minatim
2762 4168 3065 4246 Tlt‘rotloreti
3098 4180 3375 4246 personant
3400 4162 3499 4246 tle-

1995 4234 2506 4316 ῖεηάίίνᾴοεὶνίιιαιῃ
2534 4242 2773 4316 da_n_mat_.
2803 4238 2943 4316 Xlll.
2984 4234 3508 4316 Attalicum-(licitae

1997 4304 2028 4366 ὶι
2060 4304 2277 4367 concilio
2317 4311 2554 4380 operibus
2587 4309 2912 4380 Theodoreti,
2950 4316 2998 4380 et
3038 4321 3215 4358 eorum
3259 4304 3502 4372 defenso-

1997 4385 2155 4438 ribus.
2198 4377 2364 4453 2w
2397 4379 2537 4433 XIV.
2586 4377 2923 4453 Quincpera
2963 4377 3283 4453 damnentur
3299 4391 3347 4453 la
3376 4388 3508 4453 coit.-

1995 4453 2136 4514 cilia,
2173 4439 2412 4506 (51am
2449 4439 2871 4518 reprehensiones
2905 4443 3260 4515 capitulorum
3292 4439 3502 4511 Cyr-illi,

1996 4541 2066 4578 an
2097 4523 2205 4576 alia
2233 4523 2394 4575 etiam
2417 4535 2599 4588 opera.

2332 4609 2406 4659 Ab
2432 4621 2558 4657 anno
2581 4603 2755 4655 Christi
2782 4603 2872 4651 5i8
2897 4603 2956 4651 ad

1996 4719 2036 4772 l.
2069 4718 2360 4784 Postquam
2391 4713 2532 4768 duos
2566 4711 2681 4766 fere
2717 4716 2861 4762 totos
2892 4721 3064 4760 annos
3091 4719 3337 4758 smnmus
3366 4717 3498 4772 pon-

1927 4809 2058 4863 tifex
2087 4815 2142 4860 et
2177 4805 2474 4872 imperator
2508 4799 2892 4860 dimicassent,
2926 4795 3015 4850 ille
3057 4792 3359 4863 apostolico
3397 4789 3508 4862 spi-

1929 4897 2176 4962 ritu,hic
2217 4893 2501 4966 tyrannico
2550 4890 2754 4949 animo,
2792 4886 3127 4942 celebratum
3168 4893 3249 4937 est
3287 4881 3505 4936 tandem

1930 4991 2183 5062 quintum
2224 4987 2544 5047 concilium,
2573 4981 2770 5052 Vigilio
2804 4979 3000 5048 partim
3037 4977 3273 5037 volente,
3310 4972 3507 5043 partim

1933 5082 2124 5136 invito.
2154 5079 2272 5134 Jam
2305 5077 2431 5131 inde
2455 5074 2674 5145 quidem
2702 5071 2770 5124 ab
2803 5067 2960 5122 initio
2992 5065 3182 5119 haberi
3217 5079 3509 5118 consense-

1929 5181 2034 5237 rat,
2062 5172 2158 5226 sed
2186 5170 2239 5224 in
2267 5168 2473 5230 Sicilia,
2501 5180 2610 5234 quo
2639 5159 2980 5216 commodius
3009 5154 3292 5223 utriusque
3321 5154 3510 5209 Eccle-

1927 5265 2021 5319 sia:
2043 5263 2302 5333 praesules
2323 5257 2708 5320 convenirent;
2735 5252 3008 5321 repulsam
3031 5263 3245 5317 passus,
3264 5260 3512 5300 assense-

1933 5363 2019 5409 rat
2042 5353 2162 5424 cogi
2192 5353 2246 5406 in
2279 5350 2416 5405 urbe
2445 5347 2614 5416 regia,
2645 5343 2806 5398 modo
2837 5342 3046 5412 integra
3075 5338 3240 5393 trium
3271 5337 3508 5407 capitum

1936 5459 2120 5507 causa,
2156 5441 2406 5498 rescissis
2448 5437 2705 5493 omnibus
2737 5435 3002 5490 hactenus
3041 5447 3103 5486 ea
3133 5430 3199 5485 de
3236 5447 3291 5484 re
3321 5430 3504 5500 gestis,

1599 5597 1772 5653 Stllll‘
1789 5597 1911 5652 1.le
1959 5595 2190 5651 NOTAE.

313 5682 355 5712 "
401 5690 522 5748 Vid.
558 5691 721 5758 infra,
759 5693 976 5748 dissert.
1014 5695 1078 5749 ad
1121 5694 1308 5763 synod.
1343 5711 1392 5759 γ,
1431 5709 1547 5764 cap.
1586 5693 1684 5748 ult.
