4048 6174
571 323 664 390 191

1695 322 2072 384 GAIINERII
2112 317 2607 380 DI‘SSERTATIO
2647 320 2692 379 Ι.

3727 318 3824 384 192

557 431 771 503 synodo
798 432 1229 504 permitteretur.
1264 430 1344 485 Ad
1381 429 1434 485 id
1463 440 1810 486 sacramento
1842 431 2140 501 imperator
2171 449 2209 503 Α
2242 427 2337 495 qui
2363 427 2474 482 Deo
2507 428 2736 497 placeat,
2766 438 2823 483 et
2859 437 3178 484 sanctarum
3207 439 3443 500 quatuor
3487 431 3824 502 synodorum

554 536 616 574 se
645 523 1004 594 obligaverat,
1038 521 1390 590 stetissetque
1432 521 1724 589 promisso,
1757 537 1854 591 spe
1887 519 2136 590 potiundi

556 615 694 681 Voti,
727 615 833 670 nisi
881 613 1206 668 Theodorus
1242 612 1555 684 Cappadox,
1589 611 1797 666 humile
1833 611 1966 666 illud
2001 610 2137 664 aulae

557 707 913 776 mancipium,
940 703 1254 775 frangenda:
1283 703 1406 759 fidei
1441 712 1635 758 auctor
1661 703 1876 758 fuisset.

626 796 692 851 II.
736 797 927 851 Aiebat
961 795 1072 860 ille,
1113 811 1238 850 cum
1279 796 1574 867 abjecissct
1607 795 1690 850 sui
1724 793 2015 849 sacerdotii
2048 809 2136 848 re-

552 887 876 952 verentiam,
911 887 1196 959 indignum
1239 904 1452 942 summa
1499 897 1790 959 potestate,
1825 896 1974 958 gesta
2011 902 2042 940 a
2075 901 2134 940 se

552 978 869 1034 rescindere
899 979 967 1033 ad
1001 979 1230 1034 alterius
1257 979 1546 1033 arbitrium
1581 997 1593 1032 :
1621 993 1726 1032 non
1754 993 1875 1033 esse
1898 977 2134 1047 impera-

548 1067 709 1130 toris,
748 1067 896 1139 leges
942 1067 1214 1139 accipere,
1251 1069 1344 1124 sed
1387 1069 1519 1123 dare
1554 1085 1566 1120 :
1605 1067 2007 1123 intolerandum
2051 1069 2132 1122 vi-

550 1157 692 1223 deri,
727 1159 1028 1225 hominem,
1058 1162 1150 1231 qui
1181 1161 1430 1231 captivus
1461 1161 1552 1225 sit,
1582 1169 1638 1216 et
1670 1161 1879 1216 servire
1909 1159 2127 1225 debeat,

549 1246 825 1306 dominari
850 1253 988 1308 velle
1012 1253 1066 1307 in
1098 1254 1233 1308 urbe
1260 1253 1405 1324 regia
1433 1273 1445 1307 :
1473 1269 1784 1323 supremam
1809 1260 1931 1322 post
1956 1252 2128 1308 Deum

545 1345 892 1414 majestatem
938 1360 1045 1398 non
1095 1344 1298 1399 debere
1344 1345 1598 1407 aliorum,
1634 1343 1886 1412 quamvis
1925 1344 2130 1413 episco-

549 1446 769 1501 porum,
799 1433 952 1503 sequi
983 1433 1211 1504 judicia,
1273 1433 1368 1488 scd
1409 1443 1640 1488 cunctos
1673 1434 1940 1504 cujusque
1977 1433 2126 1488 modi

547 1521 616 1575 ad
645 1521 968 1592 obsequium
1001 1539 1222 1595 cogere;
1256 1524 1489 1578 Romani
1519 1522 1793 1592 pontificis
1823 1525 2125 1580 auctorita-

549 1619 658 1666 tem
683 1614 1084 1684 suspiciendam
1104 1615 1342 1684 populis,
1381 1614 1480 1668 scd
1500 1613 1569 1668 ab
1595 1613 1689 1668 illo
1708 1613 1916 1684 despici
1940 1630 2120 1684 posse,

547 1704 705 1773 cujus
736 1706 1048 1760 sanctiones
1085 1706 1283 1761 divinae
1321 1707 1518 1761 merito
1556 1707 1817 1762 dicuntur
1839 1716 1896 1764 et
1921 1723 2120 1774 sacrae;

2241 517 2658 573 definitionibus
2687 529 2954 589 congruat
2984 537 2996 573 :
3033 520 3313 590 quoniam,
3349 521 3548 592 inquit,
3590 523 3658 577 ad
3701 539 3827 590 aug-

2239 619 2485 664 mentum
2521 610 2671 680 pacis
2692 619 2749 664 et
2769 611 3118 666 concordiam
3150 613 3521 668 Ecclesi'arum
3560 615 3818 683 pertinet,

2238 710 2299 755 ut
2321 701 2469 756 omni
2505 703 2572 756 de
2601 702 2784 757 medio
2825 703 3167 758 dissensione
3201 704 3435 769 sublata,
3465 721 3588 775 quae
3623 723 3652 760 a
3678 723 3819 777 praev-

2235 792 2398 847 dictis
2417 804 2656 862 quatuor
2679 796 2884 849 sanctis
2907 795 3158 850 conciliis
3184 795 3411 850 definita
3442 807 3591 860 sunt,
3621 797 3816 853 incon-

2235 896 2394 936 cussa
2420 895 2735 948 serventur,
2781 894 3095 938 sanctarum
3136 885 3472 955 synodorum
3509 890 3816 945 reverentia

2235 971 2290 1026 in
2318 974 2578 1029 omnibus
2597 975 2891 1030 custodita.
2927 994 2945 1026 ι

2303 1065 2393 1120 VI.
2425 1065 2678 1135 Accepta:
2719 1075 2848 1120 sunt
2877 1066 3133 1138 Eutychii
3164 1067 3362 1122 littera:
3412 1067 3530 1138 ipso
3571 1070 3815 1141 Epipha-

2232 1150 2450 1205 niorum
2483 1152 2574 1207 die
2612 1171 2625 1206 :
2658 1161 2828 1224 utque
2853 1164 3012 1209 erant
3041 1156 3349 1211 reverentia
3376 1166 3432 1212 et
3461 1159 3662 1228 pietate
3702 1163 3816 1231 ple-

2229 1258 2334 1307 nae,
2363 1243 2608 1298 animum
2636 1244 2817 1316 Vigilii
2855 1245 3146 1302 infractum
3175 1249 3352 1313 malis,
3384 1258 3438 1304 et
3477 1253 3817 1308 tumultuan-

2231 1335 2303 1390 tis
2325 1336 2583 1392 Ecclesiaa
2619 1349 2937 1409 pertaesum,
2970 1340 3023 1394 in
3051 1350 3236 1411 partes
3268 1343 3594 1410 clementiae,
3626 1348 3714 1401 vel
3743 1363 3814 1403 eo

2228 1423 2485 1489 maxime,
2517 1425 2872 1494 inflexerunt,
2901 1429 3048 1498 quod
3068 1445 3418 1486 communem
3447 1434 3695 1488 omnium
3716 1451 3813 1506 pa-

2229 1514 2594 1572 triarcharum
2627 1518 2789 1574 fidem
2811 1520 3198 1586 continerent,
3244 1523 3435 1593 illique
3481 1525 3597 1581 suis
3624 1527 3808 1582 nomi-

2227 1603 2393 1660 nibus
2437 1606 2766 1680 subscriptis
2794 1619 2982 1666 sancte
2999 1612 3250 1682 jurarent
3283 1628 3343 1668 se
3372 1623 3609 1684 quatuor
3639 1631 3804 1689 syno-

2227 1695 2326 1751 dos
2369 1699 2520 1753 omni
2549 1715 2616 1755 ex
2656 1709 2814 1771 parte
2853 1704 3134 1773 amplecti,
3167 1720 3271 1760 nec
3295 1706 3438 1762 velle
3469 1707 3617 1762 aliud
3643 1709 3807 1778 quid-

546 1803 765 1862 paratos
808 1809 928 1848 esse
977 1792 1336 1849 Orientalium
1384 1795 1598 1850 animos
1621 1796 1690 1850 ad
1745 1797 2120 1861 serviendum,
2157 1785 2196 1840 Β
2226 1787 2372 1854 Diam
2420 1790 2648 1846 omnino
2695 1799 2907 1849 tentare
2956 1809 3121 1864 quam
3163 1796 3314 1866 quod
3358 1798 3508 1853 salva
3559 1799 3804 1871 ipsarum

544 1885 710 1938 modo
737 1885 1023 1940 videantur
1051 1887 1170 1957 cogi
1200 1902 1215 1940 :
1245 1887 1474 1958 cogendi
1505 1887 1727 1942 modum
1755 1887 2119 1958 aptissimum,

541 1975 586 2030 si
635 1975 1014 2042 restituantur,
1046 1993 1168 2048 quae
1207 1979 1442 2034 rescindi
1482 1979 1617 2034 velit
1656 1979 1934 2049 pontifex,
1973 1989 2028 2034 et
2066 1981 2121 2035 in

540 2067 784 2124 Ecclesia
818 2080 1216 2140 proponantur,
1245 2071 1301 2126 in
1335 2087 1499 2142 quam
1539 2073 1835 2128 convenire
1876 2073 2118 2144 episcopi

538 2161 959 2231 compellantur,
1003 2172 1065 2219 ut
1109 2180 1210 2234 pro
1259 2165 1589 2235 imperatore
1631 2181 1824 2236 preces
1873 2181 2120 2221 commu-

539 2251 684 2306 niter
729 2251 987 2320 fundant;
1045 2271 1239 2311 omnes
1281 2271 1627 2322 assensuros,
1667 2265 1868 2328 praeter
1911 2273 2118 2329 paucos

535 2345 630 2414 qui
675 2346 860 2414 sperni
901 2348 1054 2401 nullo
1097 2347 1298 2403 damno
1342 2358 1548 2418 queant
1588 2367 1600 2403 :
1638 2365 1922 2404 assensum
1971 2351 2116 2421 ejus-

531 2435 682 2490 ntodi
722 2436 968 2492 futurum
1008 2439 1228 2493 arrbam
1263 2440 1556 2510 praestandi
1585 2456 1615 2494 a
1643 2441 1970 2510 patriarchis
1998 2458 2116 2496 om-

532 2526 698 2582 nibus
720 2528 990 2599 obsequii,
1017 2539 1073 2584 et
1095 2532 1250 2600 quasi
1288 2532 1694 2602 praejudicatam
1727 2535 1918 2605 synodi
1942 2535 2113 2590 totius

531 2620 860 2674 sententiam
897 2639 909 2674 :
943 2638 1052 2676 non
1092 2623 1290 2678 decere
1333 2623 1616 2678 dominum
1638 2624 1816 2690 orbis,
1847 2625 2112 2682 adhibitis

529 2712 882 2767 cautionibus
927 2721 1219 2783 prmstare,
1262 2715 1408 2784 quod
1446 2715 1691 2786 jussione
1736 2717 1911 2786 possit
1946 2733 1959 2770 :
2000 2733 2108 2773 non

529 2799 673 2856 hanc
705 2801 873 2857 fuisse
911 2803 1050 2858 diva:
1087 2804 1387 2860 Theodorie
1427 2814 1688 2871 mentem,
1722 2822 1846 2860 cum
1877 2806 2106 2873 diceret,

527 2889 936 2960 imperatoriam
961 2893 1298 2962 majestatem
1321 2894 1434 2948 sola
1456 2893 1638 2948 divina
1662 2894 1930 2948 minorem
1953 2910 2103 2950 esse:

527 2983 924 3052 parentandum
967 2983 1222 3054 Augusta:
1258 2985 1533 3051 manibus,
1559 3000 1670 3055 quo
1707 2987 1942 3041 maxime
1982 3003 2107 3042 ave-

525 3073 640 3139 bat,
677 3075 1026 3130 inimicorum
1061 3076 1438 3146 depressione.

595 3167 682 3221 IlI.
714 3168 809 3222 His
836 3168 1001 3222 aulici
1027 3168 1271 3239 episcopi
1297 3167 1598 3224 mendaciis
1623 3168 1896 3224 abductus
1923 3184 1951 3222 a
1979 3185 2105 3238 pro-

524 3256 704 3327 posito
725 3257 1087 3326 Justinianus,
1113 3268 1299 3330 spreto
1324 3268 1689 3324 sacramento,
1712 3259 1843 3315 fecit
1866 3267 2105 3330 potesta-

523 3354 634 3402 tem
665 3349 991 3404 restituendi
1017 3351 1072 3405 in
1100 3350 1398 3422 integrum,
1421 3351 1565 3420 quod
1591 3352 1754 3420 paulo
1778 3359 1907 3404 ante
1938 3351 2105 3405 resci-

520 3439 696 3494 derat.
734 3440 989 3497 Edictum
1031 3443 1221 3513 igitur,
1255 3458 1366 3511 quo
1405 3443 1640 3511 quisque
1669 3442 1967 3512 jubebatur
1999 3443 2102 3496 tria

520 3531 758 3601 capitula
790 3533 1072 3598 damnare,
1105 3533 1449 3604 proponitur,
1480 3541 1537 3588 et
1565 3533 1787 3603 quidem
1823 3532 1878 3586 in
1910 3533 2100 3588 Eccle-

519 3621 622 3688 sia,
653 3639 764 3694 quo
797 3625 1107 3696 religiosius
1139 3624 1441 3680 videretur.

589 3713 678 3770 IV.
714 3715 961 3770 Pontifex
997 3725 1104 3770 tam
1130 3712 1484 3784 perfidiosum
1513 3714 1726 3770 facinus
1759 3723 2097 3780 exsecratus,

518 3805 776 3877 prohibet
811 3807 1034 3871 acriter,
1073 3821 1142 3861 ne
1189 3807 1314 3876 quis
1353 3815 1543 3877 pareat
1580 3825 1593 3860 :
1630 3806 1725 3878 qui
1767 3807 1921 3872 faxit,
1952 3817 2100 3863 vetat

517 3897 626 3953 frui
676 3899 1060 3954 communione
1101 3898 1250 3954 sedis
1295 3899 1628 3968 apostolica,
1671 3908 1728 3954 et
1767 3899 1852 3954 sui
1887 3899 2098 3956 ordinis

515 3989 717 4060 gradu;
757 3989 1116 4045 denuntiatur
1153 3990 1474 4060 prohibitio,
1510 3999 1572 4045 ut
1610 3999 1849 4061 oportet,
1880 3992 2096 4061 episco-

515 4082 602 4154 pis
630 4099 644 4135 :
674 4082 817 4136 trahi
865 4090 1043 4136 tamen
1074 4097 1132 4137 se
1161 4082 1443 4149 patiuntur
1469 4099 1500 4138 a
1525 4083 1818 4138 Theodoro
1849 4083 1903 4137 in
1937 4084 2099 4138 obse-

515 4174 727 4243 quium,
753 4189 863 4243 quo
885 4173 1077 4243 polluti
1097 4175 1164 4228 ad
1183 4189 1338 4229 sacra
1360 4190 1483 4228 mox
1503 4175 1764 4246 mysteria
1787 4190 1909 4230 cum
1934 4174 2091 4246 241

515 4265 775 4320 facinoris
810 4275 1035 4321 auctore
1065 4265 1354 4322 accedunt.
1383 4267 1744 4322 Recrudescit
1776 4267 1980 4323 bellum
2005 4267 2097 4323 Vi-

514 4356 704 4429 gilium
729 4357 871 4412 inter
895 4366 952 4412 et
975 4357 1376 4425 Iustinianum;
1419 4359 1745 4415 Theodorus
1771 4375 1801 4414 a
1837 4359 2093 4430 pontifice

2225 1879 2533 1932 reverentia
2566 1878 2739 1935 fieret.

2293 1967 2563 2041 Eutychio
2595 1971 2764 2044 igitur
2786 1974 3032 2044 pontifex
3062 1977 3328 2046 postridie
3357 1980 3634 2046 rescribit,
3671 1980 3806 2038 fide-

2221 2077 2328 2131 que
2364 2061 2539 2132 ipsius
2568 2064 2811 2132 laudata,
2847 2068 3065 2134 annuit,
3105 2077 3168 2124 ut
3197 2068 3267 2124 de
3309 2071 3491 2126 tribus
3518 2072 3801 2143 capitulis,

2219 2168 2284 2207 ex
2309 2153 2513 2222 quibus
2539 2157 2772 2226 quastio
2792 2165 2921 2213 nata
2947 2167 3052 2224 est,
3083 2158 3228 2216 facto
3246 2161 3483 2233 regulari
3501 2172 3798 2230 conventu,

2217 2245 2476 2314 aequitate
2514 2255 2754 2314 servata,
2814 2250 3013 2306 mediis
3070 2252 3434 2308 sacrosanctis
3488 2253 3800 2328 Evangeliis

2216 2336 2436 2392 collatio
2457 2352 2582 2392 cum
2614 2339 2784 2396 unitis
2807 2339 3072 2396 fratribus
3103 2342 3393 2399 habeatur.
3430 2363 3449 2396 ι

2285 2428 2396 2482 VII.
2433 2429 2563 2484 Post
2599 2429 2742 2487 hanc
2779 2433 2994 2487 veniam
3044 2431 3308 2489 indicitur
3345 2436 3416 2491 ab
3461 2436 3797 2509 imperatore

2213 2520 2457 2589 synodus
2505 2522 2572 2576 ad
2611 2532 2868 2592 quartum
2901 2525 3104 2581 abhinc
3131 2541 3397 2594 mensem,
3429 2531 3524 2600 qui
3566 2530 3742 2588 Maius
3775 2550 3793 2588 :

2214 2609 2498 2677 indicitur,
2537 2611 2783 2683 inquam,
2835 2617 3166 2672 celebranda
3194 2635 3251 2672 ut
3277 2619 3480 2681 Nonas.
3511 2636 3634 2692 qua:
3653 2621 3794 2680 feria

2211 2701 2472 2765 secunda,
2504 2714 2624 2772 post
2660 2706 2888 2760 alteram
2913 2723 2943 2762 a
2967 2709 3062 2780 νέᾳ
3085 2714 3319 2782 κυριακῇ
3348 2712 3694 2769 Dominicam
3721 2715 3790 2770 ”.

2209 2793 2397 2863 Neque
2426 2795 2574 2848 enim
2621 2797 2776 2865 prius
2821 2798 3022 2854 habere
3057 2800 3253 2855 licuit:
3289 2817 3414 2856 nam
3449 2804 3629 2873 primo
3660 2813 3790 2862 ante

2202 2886 2431 2955 jejunia,
2458 2904 2693 2956 quorum
2723 2889 2943 2944 initium
2987 2891 3181 2947 incidit
3215 2909 3361 2950 anno
3389 2897 3494 2951 555
3535 2897 3592 2952 ἰη
3640 2898 3790 2954 diem

2207 2976 2461 3045 quintum
2505 2978 2714 3040 Martii.
2750 2981 2941 3036 Patres
2986 2984 3172 3039 vocari
3226 2987 3633 3058 convenireque
3673 3005 3788 3046 non

2209 3073 2497 3134 poterant;
2534 3068 2734 3123 deinde
2780 3070 3121 3140 jejuniorum
3168 3083 3417 3144 tempore
3451 3093 3572 3132 mos
3602 3080 3788 3135 eccle-

2207 3155 2464 3213 siasticus
2490 3159 2710 3214 vetabat
2740 3160 3008 3215 celebrari
3033 3163 3290 3234 synodos,
3322 3168 3789 3236 quemadmodum

2205 3257 2262 3304 et
2291 3249 2444 3306 festis
2487 3251 2877 3316 Paschalibus,
2913 3269 3151 3323 quorum
3192 3256 3510 3313 Dominicus
3552 3260 3787 3329 contigit

2203 3337 2293 3393 die
2314 3339 2384 3392 20
2410 3341 2635 3410 Aprilis,
2669 3350 2833 3412 atque
2863 3343 2936 3398 ita
2958 3342 3053 3396 νέα
3075 3346 3334 3418 κυριακὴ.
3357 3363 3465 3418 qua
3496 3348 3631 3404 festa
3661 3366 3788 3420 per-

2203 3439 2441 3500 aguntur
2463 3471 2478 3496 ,
2509 3432 2600 3488 die
2635 3433 2704 3486 27
2747 3434 2994 3503 ejusdem
3029 3437 3268 3500 mensis;
3302 3437 3544 3508 denique
3585 3457 3786 3497 conce-

2202 3517 2368 3575 dendi
2402 3522 2618 3576 fuerant
2670 3523 2927 3579 Patribus
2960 3525 3080 3581 dies
3118 3525 3407 3582 minimum
3454 3540 3662 3598 septem
3713 3531 3782 3586 ad

2200 3610 2665 3674 conveniendum,
2695 3611 2999 3683 synodique
3022 3613 3090 3668 de
3127 3630 3280 3670 more
3310 3615 3620 3672 faciendum
3645 3619 3781 3674 feria

2199 3701 2443 3756 secunda
2480 3701 2720 3757 initium.
2765 3703 3124 3760 Squiciebant
3149 3721 3318 3776 porro
3355 3709 3516 3777 pauci
3553 3710 3630 3763 illi
3660 3709 3783 3766 dies

2199 3795 2598 3864 congregandis
2646 3795 2948 3851 Patribus:
2985 3813 3112 3852 nam
3162 3807 3220 3853 et
3279 3801 3513 3854 maxima
3549 3817 3676 3870 pars
3723 3802 3780 3855 in

2200 3883 2335 3939 urbe
2371 3895 2510 3950 erat,
2544 3897 2601 3941 et
2629 3887 2763 3943 fides
2792 3888 3144 3958 praesentium
3185 3891 3500 3960 imperatori
3531 3892 3773 3963 obligata

2198 3974 2321 4039 fuit,
2345 3986 2401 4032 et
2428 3977 2788 4042 advenarum,
2819 3981 2866 4034 si
2893 3981 3081 4050 plures
3107 3982 3268 4052 longe
3301 3983 3649 4047 accederent,
3691 3982 3778 4038 af-

2197 4066 2364 4122 fectio
2392 4068 2574 4122 timeri
2602 4069 2802 4138 potuit.

2269 4156 2429 4226 242
2457 4157 2587 4212 VIII.
2613 4158 2909 4213 Inchoatur
2929 4174 3060 4230 ergo
3076 4160 3370 4214 concilium
3396 4161 3486 4215 die
3510 4178 3540 4215 v
3566 4161 3689 4216 Maii
3705 4164 3782 4228 ’⁷,

2197 4246 2432 4302 habetur
2461 4247 2674 4318 integro
2699 4249 2813 4304 fere
2845 4266 3031 4319 mense
3065 4269 3076 4304 :
3111 4259 3237 4306 octo
3263 4252 3654 4306 collationibus
3679 4253 3780 4309 abr-

2194 4339 2428 4394 solvitur
2457 4340 2525 4394 ad
2559 4340 2707 4395 diem
2751 4357 2786 4395 u
2819 4342 2969 4397 Junii
2998 4360 3010 4396 :
3043 4343 3366 4398 collationes
3401 4353 3516 4398 tres
3557 4345 3778 4414 priores

513 4428 532 4470 έ
571 4449 895 4504 nominatim
949 4449 1016 4505 de
1067 4451 1239 4520 gradu
1289 4451 1566 4523 dejicitur,
1618 4452 1800 4507 caeteri
1837 4428 2090 4522 episcopi
2124 4450 2168 4506 D
2197 4429 2396 4523 Ρξιξίίίηῖ
2429 4428 3142 4523 ιὲβθηάίῖίηῖρβτδθοτίδ
3172 4430 3241 4485 ad
3289 4432 3580 4502 ⁵Υ¹¹⁰δ¹¹π¹ν
3606 4433 3776 4505 Emi"

514 4541 920 4597 interdicuntur
944 4542 1136 4606 sacris,
1163 4542 1338 4598 donec
1363 4545 1738 4609 consentiant;
1764 4559 1886 4598 cum
1915 4544 2093 4614 capite

512 4633 771 4690 Ecclesia:
795 4635 1038 4689 animose
1067 4643 1338 4705 pugnatur
1360 4635 1489 4690 hinc
1515 4619 1571 4690 et
1600 4635 1747 4700 inde,
1778 4635 1872 4690 sed
1905 4651 1932 4689 a
1959 4651 2096 4706 pon-

516 4725 676 4779 tificis
710 4734 886 4794 parte,
923 4724 1073 4779 velut
1105 4742 1135 4778 a
1173 4726 1504 4796 martyribus
1537 4727 1696 4791 solet,
1742 4725 1811 4780 ab
1841 4726 1946 4779 alia
1977 4733 2096 4779 tan-

509 4831 673 4885 quam
707 4831 736 4868 a
767 4817 1238 4884 persecutoribus.

584 4904 646 4957 V.
671 4903 892 4959 Interim
936 4904 1160 4959 llIcnuas
1194 4906 1448 4969 moritur,
1493 4907 1740 4962 succedit
1782 4908 2087 4980 Eutychius

509 4992 596 5046 vir
639 5002 882 5056 sanctus,
913 4993 1006 5064 qui
1032 5008 1158 5047 mox
1187 4994 1252 5049 ad
1299 4995 1610 5065 pontificem
1651 5012 1763 5050 sua:
1810 4996 1934 5050 fidei
1971 4998 2086 5052 for-

511 5095 652 5134 mam
697 5081 764 5134 de
803 5097 957 5136 more
1013 5082 1178 5136 mittit
1201 5083 1675 5146 ,communionem
1711 5083 2038 5152 deprecatus
2069 5104 2083 5140 :

509 5168 767 5239 efﬂagitat
789 5169 949 5224 simul
988 5186 1084 5240 per
1117 5171 1369 5242 Vigilium
1411 5180 1736 5241 potestatem
1781 5171 1899 5226 fieri
1941 5174 2086 5229 cele-

510 5254 736 5310 brandze
775 5257 989 5325 synodi.
1025 5276 1042 5308 ι
1085 5258 1140 5312 in
1168 5275 1296 5327 qua,
1335 5265 1397 5310 ut
1425 5258 1519 5320 ait,
1549 5257 1876 5326 przesidente
1903 5259 2088 5330 ponti-

513 5341 635 5405 fice,
664 5343 767 5398 sub
805 5344 1202 5414 tranquillitate
1229 5354 1284 5398 ct
1305 5345 1749 5409 mansuetudine,
1789 5348 2089 5417 propositis

510 5431 718 5486 sanctis
771 5431 1100 5502 Evangeliis,
1146 5432 1424 5486 communi
1457 5440 1714 5498 tractatu,
1753 5434 1993 5504 capitula
2019 5434 2088 5489 ad

325 5535 737 5605 r‘aqnmen
765 5533 1064 5579 vocentur:
1088 5533 1144 5578 et
1166 5524 1452 5594 quaestioni
1485 5524 1798 5596 imponatur
1829 5527 1917 5582 ille
1942 5527 2087 5593 finis,

2195 4518 2305 4572 chii
2333 4519 2399 4573 ad
2436 4519 2713 4589 Vigilium,
2739 4521 2920 4590 Vigilii
2955 4522 3023 4576 ad
3043 4523 3370 4594 Eutycbiutn
3393 4523 3625 4590 litteris;
3648 4541 3778 4595 par-

2192 4611 2290 4665 tim
2319 4611 2374 4666 in
2401 4611 2570 4666 variis
2592 4611 2658 4666 ad
2690 4628 2966 4667 summum
3009 4615 3324 4684 pontificem
3370 4615 3771 4688 legationibus.

2191 4703 2397 4775 quibus
2468 4713 2756 4774 rogaretur
2817 4721 3050 4774 przeesse
3119 4707 3404 4774 concilio;
3461 4707 3664 4776 partim
3717 4708 3777 4763 in

2191 4795 2456 4852 vocandis
2490 4795 2686 4850 Africae
2711 4805 2767 4852 et
2801 4796 3004 4865 Illyrici
3049 4799 3348 4868 episcopis,
3403 4799 3499 4869 qui
3541 4799 3598 4853 in
3626 4799 3771 4856 urbe

2192 4897 2383 4951 erant;
2431 4889 2625 4956 partim
2657 4887 2895 4958 denique
2923 4889 2979 4942 in
3025 4890 3148 4945 fidei
3176 4891 3544 4962 professione,
3590 4901 3650 4947 et
3687 4908 3778 4949 re-

2193 4999 2314 5038 rum
2345 4981 2678 5053 agendarum
2706 4983 3102 5053 propositione.

2263 5074 2356 5129 IX.
2411 5073 2587 5129 Causa
2634 5073 2910 5131 Theodori
2989 5076 3359 5149 Mopsuesteni
3415 5079 3772 5135 collationem

2185 5173 2436 5234 quartam
2483 5165 2660 5220 tenuit
2691 5165 2780 5220 die
2820 5165 2886 5220 l2
2917 5166 3062 5232 Maii,
3092 5177 3147 5222 et
3171 5171 3419 5239 quintam
3449 5169 3540 5226 die
3577 5185 3776 5226 conse-

2184 5263 2408 5324 quente.
2437 5254 2708 5310 Producta
2740 5269 2869 5310 sunt
2900 5271 2968 5311 ex
3008 5258 3176 5312 variis
3210 5258 3388 5322 libris,
3418 5273 3541 5329 quae
3574 5259 3776 5314 Nesto-

2187 5347 2272 5401 rio
2301 5345 2581 5400 faverent:
2608 5346 2772 5402 allata
2807 5358 3080 5404 momenta
3109 5364 3308 5415 causae,
3340 5351 3576 5407 diversis
3599 5352 3771 5406 etiam

2185 5452 2254 5491 ex
2275 5437 2431 5502 locis,
2465 5445 2578 5492 tum
2613 5436 2798 5509 Cyrilli
2849 5449 2906 5494 et
2941 5440 3141 5506 Procli,
3189 5454 3352 5512 atque
3385 5443 3551 5498 etiam
3587 5443 3777 5497 Theo-

2187 5525 2386 5591 doreti,
2417 5533 2473 5580 et
2497 5525 2766 5594 aliorum,
2811 5535 2927 5583 tum
2966 5527 3210 5585 historia:
3247 5529 3634 5588 ecclesiastica
3661 5529 3776 5586 lle-

1897 5657 2020 5712 SCli
2033 5657 2203 5714 [1.le
2248 5657 2369 5714 NOI
2387 5656 2476 5712 ΑΞ.

697 5764 820 5805 acra
843 5749 909 5804 ad
947 5749 1232 5820 synodum.
1304 5750 1345 5778 ’⁷
1386 5750 1501 5805 Υἱᾱ.
1541 5752 1670 5806 Acta
1701 5750 1890 5822 synodi
1930 5767 1980 5804 γ.
