4024 6152
264 246 357 303 Ιυδ
1399 234 1759 295 HISTORIA
1790 232 2279 295 TlIEODORETl
2293 284 2304 293 .

3396 246 3499 315 194

248 350 413 422 syehii
466 346 776 419 presbyteri
805 387 821 409 ,
853 354 910 400 et
958 344 1128 399 libelli
1187 345 1256 399 ab
1302 345 1577 399 Armeniis
1621 343 1817 397 Proelo
1846 348 1889 400 Α
1918 352 2093 410 putet,
2122 344 2222 400 has
2248 361 2376 400 vero
2408 356 2466 400 ut
2489 345 2703 402 divinas
2725 348 2827 403 soli
2850 350 2996 419 Deo;
3024 355 3314 413 anathema
3346 362 3438 418 sit.
3467 384 3487 417 ›

244 442 444 506 oblati;
471 440 687 495 relecta
724 439 938 509 pariter
971 438 1268 493 Theodosii
1314 439 1462 508 leges
1490 436 1633 501 duae,
1664 435 1817 489 velut

241 533 585 587 Theodorum
638 530 975 596 attinerent;
1034 544 1363 601 responsum
1415 529 1524 593 iis,
1568 528 1684 583 sive
1715 526 1811 596 qui

239 625 495 695 epistolas
524 622 833 694 proferrent
875 623 928 677 in
970 621 1189 677 laudem
1235 620 1533 685 Theodori,
1570 619 1687 674 sive
1717 618 1814 689 qui

232 717 513 771 neminem
559 716 616 769 in
659 730 793 785 pace
841 714 1163 769 defunctum
1213 713 1461 767 damnari
1501 728 1662 782 posse
1691 727 1815 766 con-

235 808 568 862 tenderent:
600 807 875 862 recensita
928 806 1150 861 tandem
1181 806 1374 877 synodi
1414 806 1813 876 Mopsuestenae

234 906 421 964 gesta;
472 896 714 966 denique
758 896 1161 951 conclamatum
1204 912 1235 950 a
1280 895 1491 967 synodo
1542 894 1814 950 adversus

231 988 581 1058 lopsnesten
589 1003 702 1041 um.

296 1080 363 1134 Χ.
395 1079 603 1134 Eadem
638 1079 929 1134 collatione
977 1078 1190 1148 quinta.
1245 1094 1369 1148 quae
1410 1079 1687 1135 celebrata
1730 1080 1813 1134 di-

223 1172 371 1226 citur
394 1187 451 1225 nt
484 1171 616 1226 ldus
646 1170 837 1233 Maias,
863 1179 1044 1224 actum
1073 1180 1157 1225 est
1179 1170 1246 1224 de
1278 1169 1644 1225 Theodoreto.
1682 1172 1809 1226 Jus-
1852 1196 1857 1201 ο

227 1260 296 1314 sit
341 1260 590 1331 synodus
634 1260 854 1314 recitari
886 1274 984 1320 ea,
1030 1278 1048 1309 ι
1095 1274 1216 1330 qua:
1262 1260 1493 1315 collecta
1541 1270 1701 1315 erant
1742 1276 1810 1315 ex

226 1350 562 1405 Theodoreti
603 1349 929 1419 conscriptis
958 1358 1148 1404 contra
1190 1359 1398 1404 rectam
1430 1350 1592 1405 fidem
1637 1368 1807 1422 expo-

224 1440 367 1504 sitis,
392 1451 450 1495 et
475 1450 667 1495 contra
693 1449 895 1495 sancta:
919 1441 1197 1495 memoria:
1230 1440 1493 1511 Cyrillum
1521 1452 1578 1496 et
1600 1442 1809 1498 duode-

222 1532 330 1587 cim
367 1534 489 1602 ejus
510 1534 711 1602 capita,
747 1548 961 1587 necnon
1002 1547 1100 1601 pro
1125 1531 1417 1587 Theodoro
1449 1541 1505 1587 et
1531 1533 1804 1598 Nestorio,

222 1633 279 1678 et
306 1638 502 1677 eorum
533 1622 909 1692 blasphemiis.
947 1642 964 1674 ι
1001 1622 1141 1677 Sunt
1170 1631 1354 1677 autem
1409 1624 1658 1686 recitata,
1687 1642 1808 1694 qua":

1920 431 2164 502 Denique
2202 435 2305 489 ista
2351 434 2709 491 duodecimi:
2755 458 2771 489 ι
2822 439 2917 494 Dei
2979 442 3217 499 Verbum
3268 464 3492 517 passum

1918 538 2103 590 carne,
2136 535 2192 580 et
2217 527 2538 606 cruciﬁxum
2562 545 2683 584 esse
2708 546 2895 597 carne,
2914 540 2970 587 et
2994 544 3226 589 mortem
3244 549 3493 608 gustasse

1916 634 2107 684 carne,
2134 619 2338 675 factum
2374 624 2541 676 etiam
2573 624 2997 693 primogenitum
3021 640 3088 680 ex
3124 630 3377 695 mortuis,
3397 647 3491 688 se-

1914 711 2156 765 cundum
2175 712 2321 781 quod
2352 714 2462 768 vita
2489 722 2592 779 est,
2620 715 2963 781 etvivilicus,
2996 727 3058 772 ut
3085 718 3249 775 Deus.
3286 740 3305 773 ι

1984 802 2115 868 Qua:
2136 819 2267 858 vero
2290 804 2696 874 objiciebantur
2723 807 3094 867 Theodoreto.
3132 826 3201 866 eo
3233 812 3357 880 plus
3387 812 3491 867 ha-

1913 891 2371 961 bebantinvidiae,
2404 912 2513 964 quo
2556 897 2663 951 illis
2709 899 3050 967 temporibus
3080 913 3135 959 et
3173 904 3488 959 exsecrabi-

1911 982 2019 1036 lius
2050 994 2169 1038 erat
2199 984 2436 1039 Nestorii
2471 1002 2691 1049 nomen,
2724 997 2779 1042 et
2805 987 2995 1059 Cyrilli
3027 992 3201 1062 ntajor
3249 994 3491 1048 auctori-

1912 1082 1994 1127 tas
2014 1075 2156 1143 apud
2182 1084 2367 1144 partes
2390 1077 2685 1131 Ecclesiam
2711 1077 3079 1135 distrahentes
3104 1099 3116 1134 :
3142 1082 3231 1137 ille
3254 1084 3398 1137 enim
3417 1084 3489 1140 ab

1910 1167 2168 1221 omnibus
2187 1168 2552 1222 communiter
2568 1169 2873 1224 habebatur
2903 1173 3052 1226 velut
3072 1172 3275 1228 Christi
3290 1175 3487 1243 hostis,

1910 1268 1966 1313 et
2017 1261 2165 1314 orbis
2209 1262 2376 1316 totius
2407 1262 2607 1332 pestis:
2640 1265 2741 1318 iste
2790 1264 3076 1319 colebatur
3110 1276 3368 1337 tanquam
3401 1269 3487 1323 vir

1909 1349 2123 1403 eximite
2157 1350 2376 1419 pietatis
2398 1392 2412 1415 ,
2460 1352 2719 1407 Ecclesiae
2752 1354 3029 1424 magister,
3070 1364 3128 1411 et
3160 1367 3308 1412 certa
3338 1367 3486 1414 recte

1910 1440 2183 1494 sentiendi
2215 1442 2420 1511 regula.

1974 1529 2087 1583 Hoc
2113 1546 2274 1599 porro
2303 1532 2357 1585 in
2376 1532 2498 1587 loco
2520 1533 2706 1588 mirari
2723 1534 2993 1605 quispiam
3018 1538 3210 1606 possit,
3237 1545 3295 1594 et
3308 1539 3488 1596 Theo-

1909 1620 2085 1675 doreti
2116 1624 2501 1690 voluntariam,
2537 1627 2583 1680 si
2634 1626 2715 1681 fas
2754 1627 2827 1682 ita
2858 1629 3030 1698 loqui,
3066 1632 3365 1687 caecitatem
3387 1674 3402 1698 ,
3429 1642 3487 1688 et

220 1715 609 1771 Theodoretus
638 1722 828 1771 contra
867 1726 1114 1770 sanctum
1144 1716 1406 1786 Cyrillum
1429 1755 1444 1780 ,
1481 1726 1538 1771 et
1571 1716 1625 1770 in
1673 1732 1806 1771 ana-
1837 1711 1881 1765 Β
1909 1712 2167 1779 hominis,
2197 1715 2289 1783 qui
2318 1731 2385 1769 ex
2429 1716 2647 1786 scriptis
2686 1717 3018 1774 Theodoreti
3054 1721 3329 1791 decerpsit
3364 1739 3487 1793 qua:

220 1805 597 1859 thematismis
620 1805 996 1874 reprehendit,
1028 1813 1085 1860 et
1106 1805 1161 1859 in
1192 1806 1621 1861 allocutionibus
1646 1806 1803 1873 dixit,

210 1904 279 1950 et
308 1896 538 1965 scripsit
562 1896 618 1950 in
642 1896 869 1951 litteris.

287 1988 383 2047 XI.
433 1987 661 2059 Objecta
720 1996 852 2043 sunt
898 1994 1099 2057 praeter
1152 1986 1528 2043 defensionem
1579 1988 1804 2045 Diodori

215 2078 529 2143 Tarsensis,
572 2087 629 2133 et
672 2078 946 2133 Theodori
985 2079 1379 2148 Mopsuesteni,
1406 2080 1805 2151 Ephesinaaque

214 2169 411 2242 synodi
435 2171 925 2240 oppugnationem,
955 2169 1057 2224 tria
1095 2170 1211 2224 haec
1256 2185 1387 2224 sane
1432 2172 1796 2241 gravissima:

214 2261 366 2331 quod
416 2261 682 2332 Cyrillum
750 2262 1146 2317 contumeliose
1199 2262 1600 2332 appellaverit;
1652 2264 1801 2334 quod

210 2355 463 2426 ejusdem
494 2355 801 2409 doctrinam
826 2355 975 2409 velut
1019 2354 1263 2423 impiam,
1298 2363 1353 2409 et
1393 2356 1606 2411 traditae
1634 2374 1663 2412 a
1700 2359 1800 2413 Pa-

216 2443 399 2497 tribus
429 2442 555 2497 ﬁdei
590 2454 919 2512 pugnantem
949 2442 1291 2511 traduxerit;
1325 2446 1491 2514 quod,
1529 2463 1654 2501 cum
1693 2447 1800 2519 Cy-

217 2533 343 2586 rillo
386 2532 817 2598 contradiceret,
854 2548 1011 2587 reum
1037 2549 1094 2589 se
1121 2535 1504 2591 consensionis
1532 2553 1659 2592 cum
1689 2539 1799 2593 Ne-

215 2624 387 2679 storio
419 2623 747 2694 prodiderit.

282 2716 534 2769 Primum
577 2731 643 2769 ex
672 2731 738 2770 eo
767 2716 1183 2783 conﬁciebatur,
1215 2720 1363 2789 quod
1385 2736 1416 2775 a
1444 2721 1796 2780 Theodoreto

213 2807 449 2878 Cyr-illus
484 2808 664 2862 dictus
684 2808 756 2861 sit
777 2809 823 2839 ”'
852 2827 870 2859 ι
904 2810 1092 2873 miser,
1126 2826 1385 2881 nequam,
1434 2813 1659 2885 impius,
1709 2818 1797 2871 in-

208 2897 393 2960 uidus,
423 2897 741 2962 haereticus,
768 2900 1145 2965 antichristus,
1166 2904 1181 2920 '
1207 2902 1800 2972 Theomachus,'l‘heo-

208 2988 488 3059 paschita,
518 2989 721 3043 Asterii
758 2990 932 3044 ariani
954 2992 1279 3062 discipulus,
1312 2989 1635 3065 Apdllinarii
1661 3015 1791 3069 pro-

203 3077 311 3143 les,
336 3080 515 3149 pestis
542 3080 818 3146 Ecclesiae,
860 3091 1052 3138 auctor
1083 3086 1416 3141 tumultuum
1444 3090 1596 3144 orbis
1623 3100 1793 3146 terra-

214 3187 355 3229 rum.
385 3193 407 3225 ι

288 3266 547 3321 Alterum
585 3266 712 3321 inde
757 3267 1105 3322 manifestum
1134 3270 1447 3339 videbatur,
1480 3276 1627 3345 quod
1686 3277 1793 3351 Cy-

214 3356 325 3412 rilli
356 3358 673 3413 doctrinam
730 3360 1030 3415 nominarit
1074 3362 1119 3392 ”
1159 3381 1177 3413 ι
1218 3364 1601 3423 htereticorum
1650 3370 1796 3424 ziza-

210 3449 430 3503 niorum
472 3451 738 3520 germina,
777 3452 1097 3521 Apollinarii
1153 3458 1543 3527 pr0paginem,
1592 3461 1793 3517 Asterii

208 3539 584 3610 disciplinam,
616 3542 1009 3611 blasphemiam
1044 3545 1158 3599 Arii
1193 3555 1250 3601 et
1293 3548 1570 3617 Eunomii,
1597 3554 1795 3610 Valen-

209 3633 335 3697 tini,
358 3635 592 3689 Manetis
612 3645 669 3690 et
697 3636 987 3692 Marcionis
1015 3639 1308 3693 insaniam.
1345 3660 1363 3691 ι

276 3726 624 3780 Postremum
655 3743 723 3781 ex
765 3743 832 3782 eo
871 3730 1156 3784 constabat
1196 3732 1367 3801 quod,
1402 3748 1525 3787 cum
1562 3734 1791 3791 haeresis

208 3818 453 3872 Ναξιοῆί
488 3819 575 3872 his
598 3830 836 3888 quatuor
860 3822 1094 3875 maxime
1141 3823 1432 3878 sententiis
1473 3826 1791 3882 continere-

207 3918 340 3963 tur:
368 3909 532 3963 beata
563 3909 724 3980 Virgo
752 3926 861 3964 non
893 3911 1063 3965 Deum
1092 3914 1301 3982 genuit,
1330 3916 1425 3969 sed
1452 3916 1734 3973 hominem
1759 3935 1789 3974 a

207 3999 322 4054 Deo
342 4000 575 4065 factum;
603 4010 813 4055 natura:
836 4002 891 4055 in
911 4001 1133 4057 Christo
1151 4004 1273 4059 duae
1296 4006 1411 4059 sola
1434 4006 1592 4078 2&3
1609 4010 1789 4077 σχέσει

206 4094 659 4163 eonjunguntur;
684 4094 824 4148 alius
848 4103 966 4157 est,
1008 4096 1096 4150 cui
1134 4096 1374 4152 humiles
1414 4114 1598 4163 voces,
1646 4101 1789 4155 alius

203 4185 297 4239 cui
320 4185 898 4253 divinae'tribuuntur;
925 4188 1071 4241 Deus
1093 4204 1202 4242 non
1224 4198 1308 4243 est
1332 4206 1525 4259 passus
1550 4208 1563 4243 :
1596 4207 1786 4247 earum

206 4276 456 4331 omnium
495 4277 894 4330 sententiarum
931 4277 1311 4333 Theodoretus
1338 4280 1701 4349 professorem
1728 4298 1785 4337 se

1909 1803 2303 1874 objieerentur,
2342 1805 2769 1875 incogitantiam.
2805 1807 3090 1874 Quomodo
3113 1813 3261 1866 enim
3302 1813 3486 1870 Theo-

1906 1896 2152 1959 doretus,
2179 1912 2286 1966 qua
2312 1906 2432 1952 erat
2473 1897 2848 1969 intelligentia:
2894 1902 2978 1966 vi,
3012 1906 3323 1973 perspicere
3372 1923 3484 1962 non

1905 1985 2105 2054 potuit.
2133 2000 2255 2054 qum
2276 1995 2423 2041 esset
2448 1988 2705 2043 Ecclesia:
2739 1988 2896 2056 ﬁdes,
2923 2008 3199 2062 quamque
3244 2010 3485 2053 consona

1906 2075 2031 2130 iidei
2058 2076 2243 2148 Cyrilli
2279 2079 2586 2144 sententia,
2633 2080 2917 2136 dissonum
2964 2083 3203 2138 Nestorii
3245 2085 3486 2155 dogma?

1903 2167 2190 2235 Quomodo
2216 2170 2421 2238 pariter
2471 2179 2765 2240 excerptor
2811 2188 2875 2227 ea
2902 2175 3133 2243 protulit
3173 2191 3242 2229 ex
3283 2177 3487 2233 litteris

1903 2258 2239 2314 Theodoreti
2274 2259 2342 2313 ad
2391 2262 2745 2326 monasteria,
2782 2264 2940 2332 queis
2990 2280 3088 2332 per
3133 2280 3379 2320 errorem
3418 2284 3485 2323 ea

1903 2348 2227 2403 tribuuntur
2284 2348 2517 2420 Cyrillo,
2577 2350 2780 2420 quibus
2841 2352 3221 2408 contradicere
3276 2355 3485 2410 nullius

1901 2447 2021 2493 erat
2065 2440 2317 2509 negotii?
2348 2439 2487 2495 adeo
2526 2448 2656 2496 sunt
2701 2441 2921 2497 infanda
2955 2443 3117 2498 simul
3151 2453 3206 2501 et
3230 2463 3261 2501 a
3290 2446 3481 2519 Cyrilli

1901 2537 2083 2584 mente
2109 2530 2308 2585 aliena.

1973 2633 2088 2688 ΧΠ.
2119 2635 2444 2704 Priusquam
2469 2635 2766 2691 haberetur
2796 2648 2947 2693 sexta
2969 2638 3209 2705 collatio,
3240 2657 3348 2710 qua
3372 2642 3480 2700 lbte

1899 2739 2062 2779 causa
2110 2726 2328 2796 cognita
2365 2737 2469 2792 est,
2517 2727 2749 2796 Vigilius
2785 2744 2910 2782 cum
2958 2730 3168 2799 synodo
3211 2731 3480 2789 interesse

1898 2815 2187 2881 noluisset,
2219 2807 2531 2871 Justi°niano
2570 2818 2721 2872 misit
2754 2817 3132 2884 Constitutum,
3165 2838 3275 2891 quo
3305 2822 3481 2880 inter-

1903 2917 2132 2979 rogatus
2164 2908 2232 2963 de
2266 2910 2446 2965 tribus
2467 2910 2724 2980 capitulis
2762 2927 3082 2981 responsum
3108 2913 3281 2969 dedit.
3486 2970 3489 2971 ν

1972 2998 2408 3070 lnterrogaverat
2452 3001 2753 3070 imperator
2786 3002 3136 3071 pontiﬁcem,
3185 3005 3317 3074 quid
3350 3021 3474 3061 sen-

1901 3088 2031 3143 tiret
2072 3088 2140 3144 de
2189 3090 2586 3158 qumstionibus
2642 3092 2940 3160 propositis
2989 3110 3001 3145 :
3047 3092 3480 3165 interrogaverat

1896 3190 2029 3229 vero
2057 3190 2197 3244 pene
2232 3177 2461 3231 tortoris
2513 3177 2568 3231 in
2609 3177 2832 3232 modum
2867 3197 2879 3232 :
2912 3196 3037 3234 nam
3086 3197 3211 3236 cum
3240 3184 3481 3239 misisset

1896 3266 2103 3321 homini
2158 3267 2375 3323 inﬁrma
2427 3270 2742 3325 valetudine
2790 3271 2991 3327 aillicto
3041 3274 3247 3343 grande
3292 3274 3478 3344 potius

1894 3359 2151 3413 volumen
2184 3374 2346 3429 quam
2371 3362 2888 3427 commonitorium,
2926 3379 3035 3418 non
3074 3365 3369 3434 ampliores
3406 3367 3477 3422 ad

1894 3451 2341 3520 respondendum
2369 3452 2639 3518 inducias,
2670 3470 2834 3523 quam
2865 3456 3059 3525 viginti
3086 3456 3299 3512 dierum
3336 3475 3473 3514 conn

1894 3544 2079 3597 cessit.
2128 3544 2434 3613 Respondit
2480 3556 2661 3600 tamen
2696 3546 2949 3617 Vigilius,
2989 3564 3097 3617 qua
3130 3550 3343 3604 ratione
3380 3551 3477 3606 de-

1893 3634 2053 3689 cebat
2079 3635 2224 3690 sedis
2247 3638 2560 3706 apostolica:
2601 3640 2888 3707 praesulem
2921 3657 2934 3693 :
2959 3640 3254 3710 siquidem,
3282 3652 3473 3700 coacta

1892 3726 2104 3781 scilicet
2133 3727 2430 3797 auditaque
2466 3744 2692 3783 suorum
2713 3731 2954 3801 synodo,
2987 3734 3329 3802 praescripsit
3353 3735 3472 3804 pri-

1892 3834 2043 3872 mum
2078 3818 2227 3889 leges
2272 3821 2588 3889 inquirendi
2623 3822 2693 3877 de
2736 3822 2913 3877 tribus
2943 3825 3219 3894 capitulis.
3262 3826 3471 3883 Deinde

1891 3909 1946 3962 id
1988 3909 2133 3977 quod
2162 3920 2493 3978 praepostere
2522 3926 2585 3964 ac
2624 3927 2882 3980 perverse
2923 3911 2991 3967 de
3042 3911 3149 3966 [ide
3178 3928 3207 3965 a
3242 3912 3473 3983 singulis
3518 3920 3539 3940 '

1891 4000 2102 4064 tribus,
2143 4016 2376 4070 quorum
2425 4016 2589 4056 causa
2637 4001 2921 4071 agebatur,
2952 4001 3048 4056 sed
3105 4018 3136 4056 a
3179 4003 3471 4059 Theodoro

1889 4093 2194 4161 praesertim
2223 4101 2279 4147 et
2300 4092 2647 4147 Theodoreto
2672 4092 2835 4164 246
2873 4093 3139 4162 scriptum
3166 4092 3467 4159 ferebatur,

1890 4182 2071 4236 inusta
2101 4198 2347 4237 censurae
2397 4190 2526 4236 nota
2586 4181 2931 4251 proscripsit,
2984 4182 3235 4251 personis
3284 4193 3467 4240 tamen

1890 4273 2127 4330 intactis.
2162 4274 2344 4329 Edixit
2372 4275 2609 4343 denique
2637 4275 2893 4345 graviter,
2924 4274 3312 4331 interminatus
3334 4277 3465 4331 abs-

204 4369 503 4437 prtesutit,
544 4383 670 4423 cum
713 4367 973 4440 Cyrillum
1031 4371 1261 4441 singulis
1316 4373 1783 4429 eontradicentem
1819 4381 1863 4436 ι)
1896 4365 2217 4429 tentionem,
2271 4382 2340 4419 ne
2383 4364 2509 4434 quis
2552 4365 2911 4419 ecclesiastici
2953 4366 3165 4421 ordinis
3206 4369 3369 4422 aliter
3397 4369 3466 4424 de

204 4461 429 4529 arguit,
484 4459 1023 4530 eontradirentisque
1072 4462 1374 4517 sententias
1434 4465 1785 4533 reprehendit

200 4550 355 4603 velut
378 4549 544 4604 falsas
566 4559 729 4621 atque
746 4551 908 4605 etiam
938 4552 1242 4608 haereticas.
1261 4554 1637 4624 Reprehendit
1652 4574 1780 4613 vero

206 4643 321 4696 hac
378 4642 822 4696 anathematismi
859 4642 1021 4712 primi
1076 4644 1245 4699 verba
1283 4662 1296 4699 :
1338 4665 1356 4697 ι
1397 4646 1560 4718 Virgo
1596 4660 1781 4704 sancta

198 4733 399 4802 genuit
430 4733 726 4787 carnaliter
744 4733 983 4788 Verbum
1001 4734 1247 4788 divinum
1274 4752 1490 4791 carnem
1519 4738 1773 4793 factum.»

194 4823 308 4879 Ista
352 4825 585 4879 secundi
620 4843 634 4877 :
678 4844 696 4875 ε
730 4824 894 4880 Carni
926 4827 1229 4880 secundum
1263 4829 1624 4883 substantiam
1663 4831 1785 4884 uni-

194 4922 319 4969 tum
369 4924 458 4967 est
503 4915 744 4970 Verbum
795 4916 1064 4970 divinum.
1105 4936 1123 4969 ι
1159 4916 1283 4973 Haec
1339 4921 1502 4974 etiam
1554 4922 1781 4989 quarti:

202 5023 223 5056 ι
265 5004 327 5059 Si
355 5005 485 5073 quis
514 5006 758 5075 personis
783 5006 996 5061 duabus
1022 5008 1135 5063 sive
1170 5009 1539 5064 subsistentiis
1571 5010 1785 5079 disper-

192 5096 301 5149 tiat
354 5111 544 5158 voces,
577 5112 698 5165 quae
724 5105 853 5150 sunt
899 5096 955 5151 in
982 5098 1309 5167 Evangeliis,
1354 5100 1439 5153 vel
1473 5100 1787 5168 apostolicis

192 5184 533 5257 Scripturis,
576 5203 805 5257 quaeque
835 5188 975 5243 vela
1000 5189 1203 5243 sanctis
1227 5189 1295 5244 de
1331 5188 1551 5245 Christo
1588 5191 1785 5245 dicun-

193 5286 315 5342 tur,
356 5279 444 5332 νει
492 5278 561 5332 ab
605 5279 723 5349 ipso
752 5278 1042 5350 deseipso,
1085 5288 1141 5335 et
1192 5280 1291 5334 has
1320 5282 1545 5350 quidem
1591 5290 1651 5335 ut
1688 5282 1787 5335 ho-

192 5370 367 5437 mini,
393 5369 494 5440 qui
521 5379 720 5441 praeter
747 5370 987 5427 Verbum
1032 5371 1259 5426 seorsim
1290 5372 1644 5443 intelligatur,
1686 5373 1783 5427 de-

1891 4474 1949 4512 re
1975 4466 2107 4520 tota,
2133 4473 2293 4526 quam
2327 4456 2463 4526 ipse,
2492 4466 2774 4511 statueret.

1954 4549 2093 4603 Xlll.
2124 4547 2279 4612 Quod
2321 4548 2385 4601 ad
2421 4547 2826 4600 Theodoretum
2864 4548 3184 4601 nominatim
3230 4557 3460 4617 spectat,

1888 4640 2171 4710 respondit
2203 4640 2445 4708 pontifex
2492 4638 2773 4692 innoxium
2815 4639 2964 4691 illum
2989 4636 3201 4693 censeri
3234 4639 3460 4705 debere,

1885 4734 2087 4803 quippe
2117 4747 2281 4801 quem
2320 4739 2507 4785 sancta
2553 4729 2794 4801 synodus
2827 4729 3146 4799 recepisset,
3195 4745 3461 4799 suamque

1889 4835 2011 4896 post
2033 4827 2305 4896 ejuratum
2329 4822 2642 4877 Nestorium
2670 4838 2794 4876 cum
2825 4821 2941 4876 suis
2973 4820 3244 4891 dogmatis
3272 4821 3460 4876 sedem

1887 4918 2089 4972 habere
2142 4916 2441 4980 voluisset;
2494 4930 2595 4969 nec
2636 4914 2691 4967 in
2736 4930 2803 4968 eo
2837 4913 3137 4983 quidquam
3187 4912 3459 4984 synodum

1885 5008 2264 5078 imprudenter
2287 5007 2504 5069 fecisse,
2535 5004 2804 5074 siquidem
2843 5005 3052 5059 imitata
3099 5004 3169 5057 sit
3196 5004 3458 5073 Cyrillum

1883 5097 1998 5166 qui,
2022 5096 2151 5150 dum
2185 5112 2288 5165 pax
2314 5095 2568 5155 iniretur,
2591 5092 2821 5164 injurias
2849 5092 2953 5147 sibi
2985 5094 3458 5164 contumeliasque

1884 5189 2061 5242 illatas
2097 5186 2444 5241 Theodoreto
2474 5186 2547 5239 ita
2578 5183 2930 5247 condonavit,
2955 5191 3037 5247 ut,
3067 5200 3189 5254 qua:
3210 5186 3460 5254 scripsis-

1882 5288 1985 5342 set,
2020 5295 2128 5333 non
2150 5277 2369 5347 petierit
2407 5274 2635 5329 aboleri.
2666 5274 2781 5327 Hoc
2811 5290 3075 5343 responso
3106 5275 3351 5344 pontifex
3386 5273 3460 5329 le-

1882 5371 1957 5425 cit
1982 5371 2116 5424 satis
2145 5368 2425 5439 prioribus
2461 5364 2676 5420 duobus
2710 5363 3060 5422 Theodoreto
3099 5364 3349 5438 objectis.
3387 5369 3461 5425 De

1581 5526 1661 5582 SC
1671 5525 1894 5582 liULle
1934 5523 2160 5582 ΝΟΤᾸΕ.

258 5668 304 5696 ’⁸
346 5666 400 5721 In
445 5675 608 5738 epist.
647 5666 710 5721 ad
759 5665 1110 5721 monasteria.
1184 5665 1227 5696 9’
1261 5662 1391 5717 ibid.
