4048 6174
533 214 635 279 195

1657 199 2031 263 GARNERII
2073 196 2568 257 DISSERTATIO
2610 194 2660 255 Ι.

3684 192 3784 255 196

531 337 714 393 ιεηιο,
739 337 849 393 quo
878 320 1190 377 continetur
1222 296 1520 370 consensio
1548 328 1673 366 cum
1720 312 1997 374 Nestorio,
2042 309 2098 363 id
2128 318 2173 371 Α
2201 308 2401 373 clesim,
2436 307 2531 376 qui
2577 305 2847 359 unitatem
2894 300 3200 357 secundum
3234 298 3656 355 subsistentiam
3687 302 3783 357 Dei

530 413 664 483 egit,
697 409 844 481 quod
868 409 1147 465 doctorem
1170 401 1427 457 Ecclesim
1451 400 1682 456 decebat
1710 418 1724 455 :
1758 401 2106 456 anathemate

531 501 766 573 perculit
814 501 868 553 in
913 511 1110 567 genere
1166 492 1434 563 quidquid
1485 492 1714 546 haberet
1770 490 2107 546 Nestoriante

531 590 757 646 haeresis
808 593 892 643 vel
943 585 1216 655 speciem;
1249 593 1361 636 tum
1397 582 1451 635 in
1492 582 1833 652 particulari,
1877 580 2106 634 anathe-

532 681 801 736 matismis
825 679 1071 749 quinque
1111 681 1370 744 excerpta
1398 673 1628 729 totidem
1669 688 1738 727 ex
1773 671 2107 727 Theodoreti

529 772 686 827 libris
721 768 1020 825 damnavit.

602 864 656 917 1.
692 881 710 913 ‹
746 860 802 915 Si
835 858 959 929 quis
983 864 1197 912 servata
1226 853 1751 910 ineonvertibilitate
1781 862 1994 908 naturae
2021 850 2107 907 di-

529 954 693 1015 vina),
724 967 833 1005 non
865 948 1161 1004 conﬁtetur
1187 948 1423 1002 Verbum
1457 960 1681 1000 carnem
1711 945 1936 1010 factum,
1961 950 2016 999 et
2040 959 2110 997 ex

528 1045 644 1115 ipsa
682 1041 1039 1110 conceptione
1068 1039 1135 1093 de
1159 1048 1316 1093 utero
1339 1036 1582 1108 Virginis
1613 1037 1867 1090 humanae
1895 1043 2109 1089 natura:

527 1134 634 1188 sibi
664 1130 967 1186 secundum
1012 1127 1424 1183 subsistentiam
1474 1125 1658 1180 unisse
1692 1124 1981 1195 principia,
2011 1123 2110 1180 sed

530 1231 789 1291 tanquam
837 1234 962 1275 cum
1001 1219 1298 1273 exsistente
1343 1216 1455 1285 jam
1505 1214 1726 1268 homine
1773 1209 1940 1267 fuerit
1964 1212 2110 1266 Deus

506 1310 794 1374 'Verbum,
832 1318 888 1364 ut
914 1324 1012 1379 per
1047 1308 1152 1360 hoc
1172 1321 1282 1360 non
1317 1312 1505 1358 sancta
1538 1304 1705 1372 Virgo
1730 1318 1862 1357 vere
1892 1302 1991 1356 Dei
2014 1314 2111 1372 ge-

530 1403 699 1459 nitrix
741 1416 862 1456 esse
908 1398 1188 1462 credatur,
1220 1395 1318 1451 sed
1367 1393 1540 1448 verbo
1570 1400 1731 1448 tenus
1778 1391 2106 1462 appelletur,

530 1491 821 1546 anathema
850 1491 941 1543 sit.
978 1508 997 1539 ι

548 1604 551 1607 λ
600 1586 618 1604 ‘
648 1584 704 1638 2.
733 1602 752 1634 ι
802 1581 859 1634 Si
892 1580 1017 1649 quis
1040 1574 1342 1632 secundum
1384 1571 1798 1628 subsistentiam
1841 1571 2109 1626 unitatem

532 1683 855 1730 naturarum
891 1673 946 1725 in
971 1669 1192 1725 Christo
1213 1667 1411 1721 laetam
1445 1665 1708 1736 denegat,
1733 1664 1832 1720 sed
1860 1678 2111 1719 seorsum

532 1764 816 1822 exsistenti
841 1761 1049 1817 homini
1087 1768 1350 1829 tanquam
1385 1758 1481 1811 uni
1510 1759 1784 1828 justorum
1806 1756 2112 1812 inhabitare

533 1858 704 1911 Deum
740 1854 998 1917 Verbum,
1043 1860 1102 1907 et
1141 1865 1254 1905 non
1301 1850 1377 1905 ita
1411 1850 1743 1904 wnﬁteatur
1788 1855 2113 1902 naturarum

530 1944 831 2001 secundum
862 1941 1275 1998 subsistentiam
1304 1941 1595 2005 unitatem,
1618 1947 1681 1994 ut
1703 1939 1849 1994 Deus
1871 1937 2115 1993 Verbum

531 2052 657 2092 cum
684 2045 964 2105 assumpta
1006 2048 1192 2099 carne,
1220 2048 1327 2087 una
1362 2030 1748 2102 permanserit,
1770 2036 2119 2100 permaneat-

531 2127 1021 2203 qnesubsistentia
1049 2126 1164 2180 sive
1192 2140 1450 2195 persona,
1487 2123 1783 2178 anathema
1815 2122 1906 2177 sit.
1949 2140 1968 2173 ι

602 2220 657 2272 5.
706 2236 725 2269 ι
765 2216 824 2271 Si
857 2216 982 2285 quis
1027 2229 1191 2270 voces
1242 2213 1589 2284 evangelicas
1611 2218 1668 2266 et
1689 2210 2025 2281 apostolicas
2057 2209 2114 2264 in

535 2326 646 2365 uno
670 2308 891 2364 Christo
915 2307 989 2361 ita
1023 2305 1242 2370 dividit,
1267 2313 1327 2358 ut
1358 2305 1524 2359 etiam
1549 2312 1870 2358 naturarum
1902 2302 1960 2356 in
1998 2302 2117 2372 ipso

536 2402 819 2457 unitarum
843 2397 1170 2453 divisionem
1209 2396 1544 2459 introducat,
1570 2394 1862 2447 anathema
1895 2393 1987 2447 sit.
2024 2411 2043 2443 ι

606 2494 660 2547 4.
697 2511 715 2543 ι
754 2491 811 2545 Si
845 2489 972 2560 quis
993 2503 1162 2543 unum
1199 2487 1386 2542 Jesum
1418 2484 1697 2540 Christum
1718 2523 1732 2548 ,
1770 2498 1964 2538 verum
1997 2481 2115 2548 Dei,

532 2595 592 2641 et
621 2583 880 2639 eumdem
907 2583 1088 2652 ipsum
1117 2594 1309 2635 verum
1351 2577 1596 2632 hominis
1642 2575 1866 2640 Filium,
1897 2575 2118 2630 futuro-

536 2693 658 2733 rum
691 2675 1058 2747 ignorantiam
1084 2713 1099 2737 ,
1153 2681 1250 2725 aut
1273 2670 1384 2725 diei
1418 2668 1599 2724 ultimi
1629 2667 1825 2739 judicii
1860 2666 2120 2722 habuisse

535 2770 693 2834 dicit,
734 2777 794 2825 et
833 2775 982 2823 tanta
1028 2764 1173 2820 scire
1217 2763 1465 2834 potuisse
1491 2802 1505 2826 ,
1538 2770 1745 2831 quanta
1798 2759 1851 2814 ei
1904 2758 2116 2822 deitas,

536 2860 695 2932 quasi
710 2859 870 2915 alteri
887 2857 1105 2914 cuidam
1130 2856 1470 2920 inhabitans,
1503 2852 1804 2917 revelabat,
1831 2851 2123 2906 anathema

544 2951 638 3007 sit.
666 2968 686 3003 ι
2119 2996 2129 3005 ,

608 3041 663 3095 5.
704 3058 721 3091 ι
744 3038 799 3093 Si
823 3036 950 3107 quis
976 3034 1111 3089 illud
1140 3032 1413 3104 Apostoli,
1432 3031 1580 3103 quod
1609 3032 1772 3086 estin
1792 3028 2033 3100 Epistula
2048 3027 2118 3082 ad

537 3129 818 3193 Hebraeos,
867 3127 1097 3193 dictum,
1147 3125 1286 3197 quod
1336 3124 1696 3196 smper-intento
1733 3121 1971 3192 cognovit
2004 3118 2122 3172 obe-

482 3260 505 3269 -
537 3220 814 3283 dientiam,
841 3225 1027 3272 etcum
1050 3215 1283 3270 clamore
1304 3214 1427 3284 forti
1457 3222 1505 3267 et
1532 3213 1780 3282 lacrgmis
1797 3224 1972 3281 preces
1998 3225 2123 3279 sup-

538 3309 951 3383 plicationesque
983 3304 1177 3361 obtulit.
1208 3303 1278 3358 ad
1330 3303 1502 3356 Deum
1528 3341 1544 3367 ,
1585 3302 1675 3371 qui
1725 3298 1935 3354 salvum
1967 3297 2123 3353 illum

540 3408 713 3474 posset
766 3398 938 3468 facere
982 3413 1015 3449 α
1065 3402 1232 3449 morte
1278 3402 1346 3457 γ,
1400 3401 1659 3461 tanquam
1723 3389 1875 3444 nudo
1918 3389 2124 3445 deitate

539 3490 763 3546 Christo
807 3488 1102 3557 deputans,
1136 3484 1231 3553 qui
1270 3482 1554 3537 laboribus
1587 3480 1811 3535 virtutis
1847 3480 2127 3550 perfectus

540 3579 635 3642 sit,
681 3587 744 3632 ut
773 3591 844 3631 ex
868 3576 973 3629 hoc
997 3574 1138 3629 duos
1166 3571 1522 3627 introducere
1550 3570 1823 3633 Christus,
1866 3571 1952 3625 vel
1987 3570 2127 3625 duos

512 3665 694 3723 .ﬁlios
741 3666 1018 3727 videatur,
1061 3672 1120 3719 et
1164 3678 1276 3718 non
1323 3679 1493 3717 unum
1533 3662 1899 3732 eumdemque
1950 3661 2129 3717 credit

549 3756 838 3814 Christum
872 3756 971 3812 Dei
999 3762 1057 3811 et
1105 3754 1348 3810 hominis
1388 3754 1607 3819 Filium,
1637 3769 1705 3809 ex
1729 3753 1944 3809 duabus
1970 3762 2029 3809 et
2070 3753 2128 3808 in

560 3850 779 3907 duabus
804 3849 1017 3904 naturis
1040 3845 1509 3917 inseparabilihus
1543 3847 1906 3917 indivisisque
1951 3845 2129 3902 conﬁ-

548 3941 775 3998 tendum
799 3948 962 4012 atque
980 3939 1342 4003 adorandum,
1365 3940 1655 3994 anathema
1677 3938 1801 3994 sit.)

2209 398 2374 453 Verbi
2397 396 2464 451 ad
2485 410 2709 451 carnem
2747 391 3107 456 conﬁtentur,
3130 399 3188 446 et
3212 404 3324 445 non
3354 390 3786 447 anathematizat

2206 510 2271 549 ea
2304 502 2360 548 et
2399 507 2514 555 eos,
2555 489 2650 562 qui
2700 488 2903 544 similia
2931 487 3023 542 his
3058 493 3364 555 sapuerunt
3392 485 3480 539 vel
3517 484 3781 555 sapiunt:

2207 583 2434 651 insuper
2459 589 2641 636 autem
2663 587 2719 634 et
2743 593 2955 641 omnes,
2984 575 3078 646 qui
3105 575 3447 645 scripserunt
3482 586 3672 629 contra
3696 590 3788 630 re-

2207 684 2350 729 ctam
2377 672 2537 727 ﬁdem
2569 680 2626 726 et
2659 678 2907 725 sanctum
2928 667 3213 738 Cyrillum,
3243 676 3299 719 et
3344 663 3637 718 duodecim
3669 666 3789 734 ejus

2207 766 2469 836 capitula,
2499 772 2555 819 et
2579 778 2752 833 usque
2777 761 2846 815 ad
2867 768 3100 814 mortem
3141 757 3197 811 in
3222 756 3314 810 tali
3351 756 3636 827 impietate
3660 769 3788 826 per-

2208 863 2551 919 manserunt,
2582 855 2705 910 talis
2725 853 3013 908 anathema
3039 851 3129 905 sit.
3156 869 3174 902 ι

2278 949 2417 1004 XIV.
2445 947 2623 1018 Opera
2654 946 2765 1001 duo
2802 952 3005 1015 praeter
3026 942 3288 1012 epistolas
3316 948 3376 996 et
3425 938 3793 994 allocutiones

2211 1048 2528 1111 tanguntur,
2563 1036 2931 1104 πενταλόγιον,
2960 1042 3016 1090 et
3068 1033 3651 1088 anathematismorum
3689 1031 3795 1103 Cy-

2210 1132 2320 1186 rilli
2373 1130 2751 1201 reprehensio.
2786 1128 2848 1182 In
2900 1127 2995 1181 illo
3026 1134 3218 1180 contra
3270 1134 3476 1179 rectam
3526 1123 3693 1179 ﬁdem
3736 1133 3795 1180 et

2208 1223 2542 1294 Ephesinam
2598 1220 2870 1293 synodum
2917 1216 3249 1272 Theodorus
3287 1224 3345 1270 et
3391 1216 3664 1271 Diodorus
3691 1215 3793 1270 de-

2209 1315 2533 1371 fenduntur.
2563 1313 2622 1368 ln
2655 1313 2758 1367 hac
2792 1311 3147 1381 impugnatur
3166 1309 3425 1381 Cyrillus.
3465 1308 3524 1362 ln
3558 1317 3793 1377 utroque

2209 1404 2451 1462 Nestorii
2488 1412 2676 1474 partes
2719 1403 3005 1473 juvantur;
3037 1410 3336 1471 utrumque
3370 1415 3497 1454 cum
3541 1399 3794 1469 epistolis

2211 1503 2268 1552 et
2292 1495 2721 1551 allocutionibus
2756 1493 3104 1548 anathemate
3151 1491 3384 1557 feritur;
3433 1490 3527 1545 sed
3554 1505 3790 1560 persona

2212 1588 2545 1645 Theodoreti
2565 1586 2796 1650 intacta,
2830 1586 3032 1655 quippe
3051 1600 3214 1654 quem
3239 1599 3269 1637 a
3288 1582 3576 1638 latrocinio
3601 1581 3789 1651 Ephe-

2144 1649 2187 1706 Β
2213 1677 2336 1732 sino
2361 1677 2694 1747 depositum,
2724 1691 2755 1729 a
2777 1649 3183 1743 Leone-Magno
3215 1672 3557 1736 restitutum,
3583 1686 3613 1726 a
3631 1649 3793 1727 Chal-

2212 1767 2511 1825 cedonensi
2534 1766 2772 1822 concilio
2805 1771 3109 1835 receptum,
3146 1762 3215 1818 ab
3235 1762 3484 1818 Ecclesia
3519 1762 3790 1817 orthodo-

2212 1875 2344 1913 xum
2382 1858 2738 1928 appellatum,
2764 1857 2913 1911 sedis
2949 1853 3263 1925 apostolica:
3300 1854 3623 1918 auctoritas,
3658 1868 3790 1908 san-

2225 1953 2390 2009 ctitas
2428 1951 2679 2005 maxima;
2716 1948 2946 2021 synodi,
2984 1956 3147 2003 rectae
3184 1944 3313 2001 ﬁdei
3336 1946 3657 2009 'confcssio,
3686 1945 3795 2002 Ne-

2216 2043 2374 2099 storii
2408 2041 2708 2105 damnatio,
2738 2039 2960 2109 vitaque
2991 2043 3179 2093 sancto
3208 2037 3316 2091 ﬁne
3353 2036 3567 2102 clausa,
3595 2036 3795 2092 tueba-

2216 2144 2329 2191 tur.

2812 2240 3039 2299 CAPUT
3070 2240 3186 2297 XX.

2216 2339 2259 2395 Ῑ.
2295 2338 2445 2410 Quis;
2468 2344 2582 2410 post
2622 2336 2867 2410 quintam
2898 2333 3155 2410 synodum
3186 2332 3436 2410 Ecclesia;
3485 2347 3690 2410 sensus.
3710 2328 3795 2410 _ll.

2286 2401 2371 2466 Ᾰη
2403 2401 2852 2478 νὶῂὶιὶυεἐενὶρεο
2873 2401 3129 2478 synodum
3152 2403 3481 2478 probaverit._
3500 2402 3590 2478 lll.
3628 2401 3798 2478 et

2289 2471 2501 2551 quando
2532 2471 2805 2548 defunctus
2836 2471 2927 2551 sit}
2963 2471 3323 2551 lV._!’el_agius
3348 2472 3377 2528 1
3405 2473 3632 2551 schisma
3658 2471 3799 2542 Illy-

2291 2541 2520 2604 ricorum
2557 2541 2781 2602 conatur
2813 2544 3016 2598 tollere.
3056 2544 3115 2598 V.
3138 2541 3414 2598 Conantur
3450 2549 3499 2595 et
3537 2550 3640 2596 tres
3669 2541 3799 2596 coit-

2281 2626 2554 2691 sequetttes
2582 2615 2873 2691 pontiﬁces.
2902 2614 2989 2669 VI.
3024 2613 3154 2691 lien}
3186 2630 3380 2691 magna
3408 2628 3471 2665 ea:
3501 2621 3651 2691 parte
3677 2629 3801 2691 per-

2289 2680 2393 2760 egit
2436 2680 2739 2760 Gregorius
2763 2684 3007 2756 Magnus.
3053 2682 3163 2739 VII.
3201 2680 3456 2753 Epilogus
3500 2680 3802 2755 totiusihi-

2290 2760 2496 2814 storiw.

2293 2852 2338 2907 Ι.
2366 2852 2446 2906 Ita
2491 2865 2550 2906 se
2588 2847 2783 2903 habuit
2817 2844 3154 2901 Theodoreti
3196 2859 3360 2899 causa
3402 2843 3458 2898 in
3491 2843 3683 2913 quinta
3713 2859 3804 2915 sy—

2228 2944 2399 3010 nodo,
2429 2943 2518 2999 cui
2548 2948 2676 2996 mox
2705 2939 2905 2996 Oriens
2944 2952 3196 3009 magnam
3243 2944 3459 3007 partem
3498 2934 3801 3000 consensit,

2224 3037 2489 3093 dissensit
2512 3032 2803 3097 Occidens,
2831 3031 3009 3086 donec
3037 3029 3185 3086 sedis
3208 3027 3523 3099 apostolicae
3533 3026 3806 3099 judicium

2221 3126 2483 3185 innotuit.

2292 3220 2360 3275 ll.
2402 3219 2543 3275 Sunt
2572 3216 2668 3287 qui
2697 3212 2958 3287 Vigilium
2987 3220 3307 3268 constanter
3321 3211 3591 3267 restitisse
3609 3210 3805 3275 velint,

2225 3311 2461 3380 ideoque
2492 3310 2733 3380 ejectum
2775 3308 2833 3363 in
2866 3306 3142 3372 exsilium,
3175 3304 3322 3360 unde
3346 3303 3598 3359 Narsetis
3631 3304 3810 3374 preci-

2223 3403 2330 3458 bus
2360 3396 2651 3456 revocatus
2683 3400 2788 3465 sit,
2853 3399 3193 3467 Romamque
3245 3395 3429 3452 redire
3482 3396 3823 3467 permissus,-

2224 3493 2359 3549 dum
2404 3491 2633 3556 rediret,
2674 3491 2731 3546 in
2762 3489 2951 3547 Sicilia
2990 3488 3103 3544 fato
3142 3487 3502 3544 concesserit.
3530 3486 3674 3542 Sunt
3710 3486 3808 3557 qui

2227 3590 2476 3640 asserunt
2529 3582 2764 3637 fractum
2808 3580 3002 3646 malis,
3052 3578 3453 3647 turbarumque
3509 3584 3810 3647 pertaesum

2228 3683 2384 3732 sexto
2410 3682 2534 3744 post
2569 3672 2837 3744 synodum
2862 3686 3071 3734 mense,
3103 3668 3460 3725 Constitutum
3495 3680 3809 3729 revocasse,

2229 3773 2288 3820 et
2329 3761 2525 3835 synodi
2563 3760 2942 3817 deﬁnitionem
2977 3759 3260 3829 probasse.
3284 3758 3368 3813 Illi
3398 3765 3629 3812 utuntur
3663 3756 3815 3812 Ana-

2231 3856 2385 3913 stasii
2431 3853 2869 3918 Bibliothecarii,
2897 3851 3246 3923 Victorisque
3276 3850 3624 3906 Tunonensis
3652 3849 3812 3905 testi-

2230 3948 2453 4014 monio;
2479 3946 2566 4002 isti
2607 3945 2895 4016 proferunt
2928 3943 3217 4013 epistolam
3250 3941 3268 3973 ⁸
3293 3957 3470 4010 nuper
3506 3948 3810 4010 repertam,

620 4034 784 4108 245
814 4034 1117 4090 Collatione
1146 4043 1423 4104 postrema
1442 4033 1651 4095 Patres,
1686 4040 1812 4103 post
1829 4031 2131 4103 expositam
2232 4057 2354 4112 qua:
2381 4056 2410 4095 a
2444 4039 2641 4111 Vigilio
2677 4038 2804 4093 data
2836 4036 3041 4107 legitur
3076 4034 3146 4090 ad
3176 4033 3509 4105 Eutychium
3538 4032 3696 4087 urbis
3725 4048 3815 4087 re-

552 4135 833 4199 εθειθτιιῐη
899 4127 1125 4192 seriem.
1184 4134 1484 4180 sanxerunt
1530 4138 1775 4180 canones
1827 4123 2130 4213 tredecim.
2233 4132 2336 4204 giae
2386 4132 2727 4201 episcopum.
2782 4128 2947 4199 246
2982 4126 3155 4181 Aiunt
3195 4125 3272 4180 illi
3326 4124 3541 4180 nullum
3592 4132 3814 4179 exstare

552 4232 790 4288 quorum
818 4215 1069 4272 decimus
1107 4216 1306 4272 tertius
1330 4217 1595 4272 adversus
1620 4215 2031 4272 Theodoretum
2056 4217 2134 4272 ita
2235 4231 2542 4277 retractatae
2573 4237 2606 4276 a
2626 4220 2826 4290 Vigilio
2854 4217 3143 4274 sententiae
3168 4216 3483 4286 vestigium,
3524 4216 3719 4271 saltem
3759 4214 3814 4268 in

554 4307 908 4378 conscriptus
947 4315 1052 4374 est,
1093 4317 1155 4363 ut
1201 4322 1421 4363 omnem
1462 4309 1638 4379 ipsius
1691 4324 1913 4365 causam
1953 4310 2134 4366 conti-
2165 4317 2212 4377 ι)
2238 4314 2613 4368 monumentis
2667 4311 2949 4368 veteribus
2993 4310 3359 4375 indubitatis;
3399 4310 3527 4374 isti,
3577 4309 3814 4379 epistola

554 4408 706 4456 neat.
2238 4419 2361 4475 quae
2389 4403 2536 4458 dicta
2560 4412 2647 4458 est
2674 4402 2824 4469 freti,
2853 4402 3123 4457 afﬁrmant
3141 4402 3339 4458 fecisse
3366 4401 3646 4472 Vigilium,
3670 4401 3818 4471 quod

633 4509 653 4541 ι
699 4489 756 4544 Si
801 4489 946 4560 quis,
981 4491 1269 4562 inquiunt,
1299 4491 1551 4547 defendit
1599 4491 1772 4564 impia
1796 4492 2133 4549 Theodoreti
2241 4494 2533 4565 prudentia
2564 4494 2820 4564 iuberet;
2856 4493 3031 4549 aﬁ'usa
3077 4492 3341 4547 nimirum
3397 4491 3629 4547 salutari
3663 4491 3817 4556 luce,

553 4581 886 4652 conscripta,
922 4598 1045 4652 quae
1071 4594 1263 4639 contra
1288 4593 1492 4639 rectam
1516 4584 1773 4649 ﬁdem,et
1801 4594 1996 4640 contra
2021 4586 2135 4654 pri-
2240 4600 2366 4640 cum
2397 4584 2611 4640 videret
2645 4583 2928 4640 Orientem
2961 4583 3016 4639 in
3047 4582 3242 4654 synodi
3268 4581 3647 4638 deﬁnitionem
3689 4594 3821 4635 eon-

559 4686 705 4727 mam
738 4672 1072 4744 Ephesinam
1095 4681 1338 4729 sanctam
1368 4675 1659 4747 synodum,
1680 4686 1735 4731 et
1764 4685 2015 4731 sanctum
2032 4676 2135 4749 Cy-
2240 4677 2469 4740 sentire,
2507 4675 2860 4746 futuramque
2905 4674 3250 4741 scissionem,
3278 4675 3326 4730 si
3360 4673 3631 4730 Occidens
3679 4672 3822 4727 resio

560 4763 747 4818 rillum
772 4771 830 4818 et
855 4763 1147 4819 duodecim
1182 4766 1303 4836 ejus
1329 4766 1588 4835 capitula,
1622 4769 1898 4838 exposuit,
1931 4778 1989 4824 et
2019 4785 2132 4825 om-
2242 4775 2436 4834 steret,
2466 4769 2725 4824 maluisse
2761 4767 2842 4823 uti
2887 4766 3142 4838 prudenti
3175 4766 3620 4837 dispensatione,
3669 4763 3820 4834 rigo-

559 4856 674 4919 nia,
695 4870 818 4925 qua:
837 4854 1162 4925 conscripsit
1190 4871 1291 4925 pro
1321 4856 1625 4912 Theodoro
1641 4866 1699 4912 et
1743 4859 1997 4915 Nestorio
2030 4861 2136 4915 im-
2244 4876 2470 4931 remque
2497 4859 3260 4930 canonuminﬁectere,quam
3279 4856 3824 4914 Ecclesiamnitatem

562 4942 692 5012 piis,
713 4951 773 4999 et
798 4958 899 5014 pro
920 4943 1061 5009 aliis,
1099 4945 1194 5015 qui
1237 4946 1427 5002 eadem
1455 4948 1732 5018 praedictis
1763 4949 2055 5005 Theodoro
2082 4961 2138 5007 et
2241 4951 2516 5006 scindere.

560 5034 819 5091 Nestorio
835 5046 1162 5107 sapuerunt,
1186 5038 1488 5094 defendens
1521 5055 1617 5095 eos
1645 5048 1703 5095 et
1728 5055 1921 5096 eorum
1943 5042 2139 5113 impie—
2317 5043 2376 5097 In
2406 5043 2510 5098 hac
2535 5043 2858 5115 Opinionum
2879 5043 2948 5099 de
2972 5043 3173 5116 Vigilio
3194 5058 3377 5114 pugna
3401 5056 3513 5095 non
3536 5038 3695 5095 facile
3716 5045 3825 5096 est.

567 5131 758 5191 tatem,
788 5136 845 5183 et
874 5137 1103 5199 propter
1135 5131 1242 5187 hoc
1284 5132 1483 5201 impios
1511 5147 1713 5188 vocans
1742 5133 1996 5190 doctores
2029 5135 2137 5189 Ee-
2247 5143 2309 5189 ut
2350 5134 2573 5204 quidem
2598 5136 2763 5207 vulgo
2791 5135 3032 5199 videtur,
3070 5134 3190 5190 veri
3231 5143 3449 5207 partem
3488 5140 3643 5187 certo
3670 5142 3827 5184 assc-

645 5295 674 5336 1
705 5285 872 5342 Hebr.
903 5304 957 5351 v,
990 5290 1043 5343 7.

1936 5424 2248 5481 SCIIULZII
2288 5424 2518 5482 ΝΟΤΑἾ.

642 5539 658 5628 έ
687 5539 1087 5628 {Epist-.nExstat
1124 5543 1178 5596 in
1216 5544 2079 5628 Aptissynodi__Constauﬁnopol.
2116 5547 2259 5617 apud
2299 5546 2489 5611 llard.,
2528 5555 2568 5600 t.
2595 5544 2685 5611 ιιι,
2715 5560 2768 5614 p.
2797 5544 2902 5599 2l3
2930 5559 3105 5613 seqq.,
3135 5554 3189 5600 et
3212 5544 3358 5599 Petr.
3380 5541 3448 5599 de
3474 5541 3677 5607 Narra,
3719 5549 3748 5602 θ
3770 5560 3829 5614 ς-

527 5643 537 5650 ·
574 5610 740 5683 petul.
773 5611 840 5666 ad
873 5610 1034 5666 Cone.
1084 5614 1291 5668 sacerd.
1330 5626 1382 5670 et
1420 5610 1653 5686 imperii,
1692 5635 1743 5687 p.
1783 5619 1886 5672 9.9.7
1915 5610 2066 5686 seqq.
2150 5610 2166 5617 ’
2480 5610 2483 5611 ⁷
2674 5610 2677 5611 ⁷
2715 5610 2730 5614 ’
3010 5610 3023 5612 τ
3046 5610 3061 5613 ν
3754 5647 3761 5651 λ
