4024 6152
266 190 363 256 ῙΕςἹ

1434 193 1531 254 DE
1569 192 1827 254 LIBRIS
1865 195 2377 263 THEUDORETI.
3412 192 3530 279 'tss

264 302 399 369 qui:
438 313 568 355 nam
615 306 673 351 et
720 295 869 390 quod
921 294 1128 353 dicitur
1184 296 1441 390 exsilium
1503 298 1803 355 decennale
1831 341 1847 365 ,
1881 308 1922 365 Α
1951 312 2126 368 motu,
2168 307 2263 377 qui
2308 306 2375 362 ad
2414 310 2550 365 alias
2590 312 2818 383 Europae
2870 315 3186 384 provincias
3232 318 3319 373 vix
3362 324 3543 390 perti-

262 391 498 447 omnino
540 388 982 445 commentitium
1022 397 1147 455 est,
1200 399 1259 446 et
1286 389 1520 461 epistola
1573 391 1640 446 ad
1683 392 1852 463 Euty-

261 481 452 536 chium
479 480 883 551 suppositionis
913 484 931 501 ‘
962 481 1278 552 suspicione
1300 497 1409 537 non
1430 490 1602 537 caret.
1631 483 1853 538 Utrum-

262 588 370 644 que
408 572 899 628 observationibus
918 574 989 628 ad
1020 591 1053 628 v
1083 574 1353 645 synodum
1369 573 1614 629 Liberali
1639 575 1855 630 brevia-

263 664 348 718 rio
373 663 693 732 subiunctis
707 662 1148 718 demonstratum
1168 670 1254 717 est
1274 665 1317 715 '.

329 755 425 810 Ill.
462 755 523 809 Id
561 764 744 810 tamen
783 754 1059 809 afﬁrmare
1095 754 1476 810 indubitanter
1509 755 1663 820 licet,
1696 757 1847 827 Vigi-

261 846 420 911 iium,
462 862 592 901 cum
630 848 858 902 Romam
887 845 1130 909 rediret,
1158 846 1353 900 calculi
1386 846 1699 901 confectum
1746 848 1849 901 do-

262 938 481 994 loribus
514 939 575 993 in
602 938 792 993 Sicilia
849 936 1056 991 obiisse
1092 937 1382 1000 anno
1423 952 1631 1006 suaque
1672 946 1849 993 morte

262 1029 449 1085 sedem
485 1029 847 1098 apostolicam
864 1027 1108 1098 Pelagio,
1132 1043 1255 1091 suo,
1294 1028 1426 1081 dum
1465 1028 1699 1093 viveret,
1728 1029 1850 1084 dia-

260 1135 424 1185 cono,
452 1120 766 1189 reliquisse.

325 1210 422 1264 IV.
460 1209 715 1280 Pelagius
732 1224 865 1264 vero
900 1209 1129 1264 scissam
1159 1207 1214 1262 in
1237 1219 1444 1278 partes,
1478 1219 1704 1279 propter
1744 1210 1848 1265 tria

254 1303 540 1370 capitula,
597 1299 915 1356 Occidentis
961 1300 1263 1355 Ecclesiam
1313 1316 1577 1355 revocare
1614 1314 1849 1356 conatus

254 1392 322 1450 ad
346 1391 731 1456 concordiam,
772 1407 967 1461 parum
998 1390 1292 1446 admodum
1326 1390 1578 1460 profecit.
1607 1392 1722 1449 ltuo
1746 1407 1849 1447 nec

254 1492 669 1553 consequentes
721 1481 819 1535 alii
881 1481 994 1536 duo
1062 1480 1352 1550 pontitices
1406 1480 1739 1535 Benedictus
1791 1489 1848 1534 et

251 1575 524 1639 Joannes,
553 1574 731 1628 donec
759 1573 1007 1643 Pelagius
1019 1572 1297 1629 secundus
1328 1580 1539 1626 tantum
1561 1573 1841 1641 negotium

1954 406 2153 450 nuerat
2172 415 2184 449 :
2200 396 2498 469 Gregorius
2513 400 2578 456 ad
2596 400 2843 473 Illyricos
2865 404 3159 475 lberosqne
3180 408 3420 477 scripsit,
3441 415 3538 466 sed

1954 485 2022 543 ad
2056 487 2302 559 Illyricos
2318 490 2498 545 adhuc
2513 491 2782 547 diaconus
2803 504 2858 547 et
2892 495 3093 566 Pelagii
3126 498 3172 551 ll
3196 499 3439 564 nomine,
3467 500 3538 555 ad

1957 576 2407 648 lberospontifex
2441 580 2656 647 factus;
2704 583 2945 652 scripsit,
2987 585 3233 654 inquam,
3275 586 3538 656 epistolas

1952 666 2221 722 librorum
2253 670 2444 735 instar,
2462 672 2664 741 quibus
2688 682 2743 727 et
2765 675 3034 744 synodum
3066 676 3313 745 quintam
3340 676 3535 732 defen-

1952 753 2054 819 dit,
2090 764 2148 810 et
2180 757 2286 810 tria
2329 758 2532 828 capita,
2559 760 2725 814 salvis
2751 761 3084 817 Theodoreti
3127 772 3183 818 et
3214 765 3318 819 Iba:
3346 781 3539 835 perso-

1951 844 2059 904 nis.
2101 845 2401 913 damnavit,
2438 858 2496 902 et
2523 849 2675 918 pacis
2724 850 2977 908 ineundae
3015 853 3239 908 modum
3282 854 3537 925 praescri-

1952 934 2079 1004 psit.

2024 1026 2109 1080 Vl.
2141 1026 2302 1082 Juvat
2336 1043 2401 1082 ex
2426 1027 2658 1098 epistola
2685 1031 2871 1099 priore
2901 1032 3010 1086 huc
3039 1035 3358 1100 transferre,
3382 1038 3531 1107 quod

1950 1116 2119 1173 habet
2145 1117 2214 1173 de
2238 1118 2589 1176 Theodoreto
2618 1139 2631 1174 :
2659 1132 3032 1192 opportunum
3070 1126 3216 1179 enim
3259 1136 3345 1181 est
3385 1128 3535 1196 loco,

1952 1208 2009 1261 in
2033 1224 2144 1277 quo
2159 1224 2373 1273 sumus,
2404 1224 2507 1265 nec
2533 1211 2755 1268 aliunde
2803 1214 3002 1268 melius
3036 1214 3180 1270 finiri
3224 1227 3406 1286 potest
3441 1219 3531 1273 hi-

1949 1301 2140 1365 storia,
2165 1318 2328 1371 quam
2350 1303 2691 1372 scripsimus.
2719 1325 2736 1356 ‹
2766 1304 2900 1370 Quis
2922 1321 3031 1360 non
3056 1348 3069 1370 ,
3106 1308 3318 1378 inquit,
3349 1311 3534 1366 videat

1949 1400 2152 1461 quanta
2198 1391 2507 1447 temeritate
2547 1392 2772 1462 plenum
2817 1394 2908 1463 sit,
2946 1395 3281 1453 Theodoreti
3329 1400 3533 1471 scripta

1947 1481 2319 1551 superbiendo
2335 1480 2651 1545 defendere,
2671 1497 2792 1552 quae
2815 1486 3069 1540 eumdem
3090 1486 3269 1557 ipsum
3290 1499 3532 1557 constat,

1947 1582 2097 1627 recta
2129 1579 2254 1643 post
2278 1572 2612 1643 proﬁtendo,
2654 1574 2976 1632 damnasse?
3008 1578 3146 1632 Dum
3169 1595 3300 1634 vero
3327 1580 3447 1651 eius
3476 1591 3532 1636 et

249 1663 496 1718 feliciter
535 1664 799 1733 suscepit,
848 1661 993 1731 quod
1052 1676 1343 1716 successor
1380 1660 1680 1732 Gregorius
1724 1661 1840 1716 Ma-
1876 1657 1916 1712 Β
1946 1679 2237 1734 personam
2272 1664 2594 1736 recipimus,
2614 1675 2671 1721 et
2704 1683 2788 1731 ea,
2827 1684 2950 1738 qua:
2978 1669 3188 1724 dudum
3229 1670 3529 1735 latuerant,

248 1771 401 1825 gnos
424 1756 583 1810 omni
616 1754 733 1810 fere
750 1770 821 1809 ex
836 1761 989 1823 parte
1010 1753 1269 1808 absolvit.

322 1848 395 1901 V.
434 1847 574 1901 Nam
614 1860 738 1901 cum
772 1846 875 1901 soli
912 1844 1086 1901 ferme
1133 1843 1332 1916 Illyrici
1362 1843 1697 1914 Hispanique
1720 1857 1847 1913 per-

245 1940 521 1995 tinaciter
590 1938 701 1993 huc
766 1952 940 2007 usque
995 1936 1356 1999 restitissent,
1401 1935 1518 1990 Afri
1568 1935 1843 2006 siquidem

244 2031 419 2087 facile
443 2038 835 2086 concesserant
862 2030 918 2084 in
949 2038 1133 2099 partes
1160 2028 1377 2100 synodi,
1408 2027 1630 2083 vivente
1662 2026 1846 2082 adhuc

244 2120 482 2192 Vigilio,
552 2130 612 2177 et
656 2120 832 2177 Gallia
872 2135 986 2176 non
1025 2120 1260 2175 multum
1328 2132 1596 2174 concussa
1663 2117 1848 2173 fuerat

1945 1769 2113 1824 prava
2146 1755 2352 1825 scripta
2385 1757 2768 1826 reprobamus,
2809 1756 2866 1811 in
2899 1758 3052 1812 nullo
3091 1774 3122 1812 a
3160 1769 3363 1814 sanctae
3400 1776 3532 1833 syn-

1944 1845 2037 1900 odi
2067 1845 2284 1901 actione
2305 1846 2629 1903 deviamus:
2660 1848 2789 1918 quia
2816 1848 2929 1903 sola
2959 1850 3079 1920 ejus
3098 1849 3357 1905 haeretica
3388 1852 3530 1906 scri-

1946 1942 2040 2004 pta
2083 1942 2431 2005 respuentes,
2458 1944 2515 1990 et
2568 1951 2694 1991 cum
2726 1936 2938 2009 synodo
2987 1938 3170 1992 adhuc
3209 1939 3525 1993 Nestoriqu

1940 2025 2314 2096 insequimur,
2342 2035 2545 2083 etcum
2579 2026 2787 2100 synodo
2821 2027 3231 2085 Theodoretum
3262 2029 3523 2099 profiten-

1949 2125 2062 2173 tem
2096 2127 2247 2172 recta
2274 2132 2628 2173 veneramur.
2667 2137 2685 2170 ι

1293 2481 2254 2595 DISSERTATIO
2350 2483 2496 2595 ll.

1041 2707 1140 2769 DE
1177 2705 1438 2767 LIBRIS
1471 2704 1961 2766 THEODORETI
1999 2705 2369 2766 CYRENSIS
2401 2705 2758 2768 EPISCOPI.

749 2989 913 3065 2157
951 2987 1336 3046 eamme.

314 3127 361 3182 1.
395 3126 575 3182 Nemo
623 3125 768 3181 inter
815 3125 1058 3190 Graecos,
1101 3123 1494 3197 Cbrysostomo
1530 3134 1585 3178 et
1635 3122 1837 3196 Cyrillo

243 3218 533 3290 exceptis,
588 3218 746 3288 plura
803 3218 1093 3288 scripsisse
1137 3218 1451 3274 censendus
1518 3225 1605 3273 est
1672 3233 1836 3288 quam

247 3310 666 3375 Theodoretus,
729 3311 778 3365 si
811 3311 1080 3382 judicium
1108 3310 1317 3366 feratur
1341 3326 1409 3365 ex
1443 3309 1705 3380 operibus
1740 3324 1837 3364 ve-

247 3412 465 3466 terum,
494 3418 621 3473 qua:
653 3401 719 3457 ad
745 3417 847 3463 nos
882 3412 1274 3473 pervenerunt.
1302 3403 1578 3458 Feruntur
1613 3402 1837 3473 quidem

248 3494 509 3549 nonnulli
536 3494 697 3565 plura
728 3493 905 3548 tribus
949 3494 1035 3548 bis
1077 3494 1338 3560 edidisse,
1388 3495 1483 3550 sed
1518 3502 1579 3550 ut
1604 3494 1839 3550 mendax

246 3585 397 3640 fama
444 3599 563 3639 non
618 3583 807 3647 fuerit,
848 3584 996 3655 quod
1033 3594 1218 3641 tamen
1273 3584 1541 3655 suspicari
1594 3592 1699 3650 est,
1726 3592 1836 3640 tam

248 3675 590 3740 ilnmevisos,
641 3676 737 3746 qui
782 3677 1100 3748 iactantur,
1167 3675 1389 3732 codices
1432 3676 1572 3732 edax
1622 3684 1839 3747 tempus

246 3768 565 3838 absumpsit
596 3785 609 3821 :
645 3768 733 3822 vix
765 3768 913 3822 enim
947 3768 1246 3838 quidquam
1279 3767 1645 3838 πολυγράφων
1683 3769 1833 3839 ejus-

248 3859 401 3915 modi
431 3859 721 3914 hominum
753 3867 1024 3928 superest,
1056 3866 1257 3929 prteter
1286 3860 1630 3914 memoriam.

318 3971 388 4026 ff.
424 3970 761 4027 Theodoreti
802 3985 967 4040 opera
1017 3977 1420 4025 recensuernut
1455 3977 1674 4024 veteres
1699 3983 1837 4039 qua-

248 4070 399 4128 tuor,
449 4061 491 4116 Τ
497 4061 834 4118 beodoretus
873 4063 1028 4132 ipse,
1075 4060 1421 4126 Gennadius,
1482 4061 1732 4127 Photius,
1779 4067 1836 4115 et

248 4153 600 4225 Nicephorus
652 4153 914 4210 Callistus
949 4173 962 4207 :
1006 4163 1404 4209 recensuerunt
1441 4155 1606 4208 etiam
1638 4168 1833 4209 recen-

249 4248 424 4303 tiores
454 4247 648 4317 aliqui,
678 4246 1052 4311 HebedI-Jesu,
1080 4246 1518 4311 Centuriatores,
1542 4245 1830 4310 Baronius,

1862 2993 1906 3054 C
1939 2987 2157 3053 habeat,
2189 2989 2304 3046 sive
2325 2991 2504 3061 quoad
2527 2991 2745 3063 dogma,
2773 2992 2891 3049 sive
2921 2993 3103 3063 quoad
3137 2993 3299 3050 aliam
3325 3011 3524 3065 quam.

1939 3080 2077 3137 libet
2140 3081 2465 3140 doctrinam.

2020 3171 2087 3227 Ὺ.
2113 3172 2244 3239 Quae
2290 3188 2457 3243 porro
2515 3184 2811 3229 censentur
2858 3190 3048 3246 opera,
3098 3184 3228 3231 sunt
3276 3177 3521 3248 quinque

1938 3261 2163 3316 omnino
2184 3276 2447 3331 generum
2480 3282 2492 3317 :
2522 3264 2742 3333 scripsit
2779 3265 2928 3319 enim
2965 3265 3346 3321 Theudor-etus
3365 3282 3523 3321 com-

1937 3354 2239 3408 mentarios
2259 3354 2314 3408 in
2346 3353 2514 3410 Vetus
2531 3355 2962 3421 Testamentum,
2991 3365 3047 3411 ct
3075 3358 3130 3411 in
3156 3372 3350 3412 omnes
3367 3361 3519 3429 Apo-

1945 3444 2070 3499 stoli
2101 3444 2400 3515 Epistolas,
2430 3445 2692 3502 historias
2712 3448 2867 3510 duas,
2900 3449 3326 3504 ecclesiasticam
3345 3459 3403 3505 et
3435 3464 3521 3505 re-

1936 3535 1973 3589 li
1979 3535 2185 3607 giosam
2196 3578 2209 3598 ,
2223 3535 2500 3604 homilias,
2514 3547 2780 3594 tractatus
2795 3540 3152 3609 dogmaticos,
3165 3549 3221 3595 et
3237 3542 3517 3611 epistolas.

2009 3627 2096 3682 Vl.
2138 3628 2465 3698 Priusquam
2524 3629 2732 3701 singula
2782 3640 3203 3701 pertractentur,
3266 3634 3512 3702 puemit—

1937 3720 2104 3773 tcnda
2147 3719 2406 3775 videntur
2449 3721 2559 3777 duo
2595 3739 2608 3775 :
2669 3723 2902 3777 alterum
2944 3723 3012 3779 de
3062 3733 3345 3793 tempore,
3405 3741 3516 3795 quo

1937 3807 2320 3866 Theodoretus
2344 3810 2500 3878 vixit;
2532 3812 2766 3867 alterum
2794 3814 2923 3883 quid
2956 3813 3024 3869 de
3052 3814 3313 3884 operibus
3333 3816 3507 3871 Theo»

1937 3898 2116 3955 doreti
2165 3909 2382 3957 veteres
2433 3902 2697 3973 scriptum
2736 3904 3079 3972 reliquerint.
3114 3904 3327 3961 Valebit
3378 3905 3515 3961 illud

1937 3990 2005 4044 ad
2041 3993 2362 4047 statuendas
2397 3993 2636 4062 epochas
2683 4001 3012 4063 temporum,
3048 3994 3248 4063 quibus
3273 3996 3383 4049 vita
3425 3996 3514 4050 di-

1936 4083 2253 4154 stinguitur,
2296 4092 2355 4139 et
2394 4085 2770 4156 unusquisque
2819 4085 2960 4141 liber
2989 4085 3171 4142 editus
3203 4095 3289 4143 est
3325 4105 3337 4140 :
3366 4086 3513 4144 istud

1936 4174 2004 4229 ad
2046 4174 2353 4230 faciendam
2405 4175 2656 4232 dicendis
2705 4176 2902 4245 ﬁdem;
2951 4186 3249 4250 utrumque
3294 4180 3361 4235 ad
3390 4182 3514 4251 opi-

1935 4265 2132 4321 niones
2175 4267 2440 4336 quasdam
2494 4268 2797 4339 pepulares
2841 4270 3228 4325 convellendas
3265 4288 3280 4325 :
3331 4273 3512 4343 magni

250 4339 638 4405 Bellarminus,
673 4339 1023 4405 Possevinus,
1058 4338 1246 4394 Sixtus
1280 4338 1562 4404 Senensis,
1596 4347 1653 4393 et
1696 4337 1828 4403 alii;

1941 4356 2085 4411 enim
2112 4358 2377 4412 momenti
2403 4365 2507 4422 est,
2535 4358 2706 4427 probe
2746 4360 2919 4425 scire,
2970 4360 3215 4431 quandiu
3255 4360 3517 4431 Cyrensis

247 4431 345 4486 sed
369 4431 461 4484 his
476 4431 733 4485 omnibus
748 4430 951 4485 eminet
968 4430 1205 4485 Jacobus
1225 4429 1571 4496 Sirmondus,
1588 4430 1681 4500 qui
1705 4444 1827 4501 qum

245 4520 442 4576 Graece.
468 4524 695 4591 reperit,
720 4530 956 4591 quatuor
987 4522 1152 4575 tomis
1171 4521 1353 4576 omnia
1369 4522 1688 4591 complexus
1720 4529 1823 4576 est.

320 4630 420 4685 III.
445 4628 677 4697 Quintus
700 4647 848 4686 nunc
870 4640 1049 4685 tomus
1071 4629 1294 4685 additur
1318 4630 1821 4695 velutAuctarium,

246 4738 366 4794 quo
397 4721 750 4777 continentur
792 4723 946 4793 plura
1001 4721 1087 4776 vel
1120 4720 1362 4775 nondum
1394 4721 1542 4775 edita
1562 4761 1577 4785 ,
1605 4720 1691 4774 vel
1724 4735 1826 4776 suo

250 4813 514 4872 restituta
550 4814 758 4868 auctori
784 4832 796 4867 :
822 4814 1100 4869 adduntur
1129 4813 1293 4867 etiam
1329 4812 1397 4866 ad
1428 4811 1671 4883 singulos
1708 4811 1829 4867 Sir-

249 4903 447 4960 mondi
478 4911 651 4959 tomos
682 4913 737 4959 et
781 4905 847 4959 ad
896 4904 1213 4959 Auctarium
1269 4903 1450 4974 ipsum
1485 4903 1823 4959 observatio-

248 5012 383 5059 nes,
417 5012 538 5066 qua
573 4996 800 5051 materia
834 4996 964 5051 huic
985 4995 1358 5051 dissertationi
1382 4994 1649 5064 subjecta.

1932 4445 2132 4501 illusus
2161 4446 2331 4502 fuerit
2374 4447 2507 4503 falsa
2541 4448 2659 4502 veri
2702 4450 2907 4519 specie,
2961 4459 3018 4506 et
3056 4467 3178 4521 qure.
3204 4490 3218 4514 ,
3261 4452 3510 4521 quandiu

1934 4534 2128 4590 illusus
2158 4544 2261 4601 est,
2286 4537 2673 4607 composuerit.

2339 4650 2505 4724 243
2540 4650 2766 4709 CAPUT
2806 4653 3094 4710 PRIMUM.

1933 4738 2048 4807 Quo
2080 4757 2219 4795 anno
2272 4739 2618 4795 Theodoretus
2635 4744 3024 4865 depiscopatum
3062 4743 3260 4809 inierit,
3311 4753 3361 4798 et
3405 4761 3508 4817 quo

2570 4828 2632 4865 or
2672 4822 2873 4865 mante.

2570 4822 2873 4867 ordinante.

1998 4911 2151 4977 Inter
2173 4922 2525 4991 qumrendam
2566 4924 2855 4993 epocham,
2877 4939 2995 4994 quze
3020 4926 3199 4979 valeat
3227 4923 3293 4978 ad
3318 4939 3507 4993 quam-

1926 5013 2065 5069 libet
2098 5012 2437 5068 Thcodoreti
2473 5016 2599 5069 vita:
2633 5024 2839 5084 partem
2864 5029 2965 5070 suo
2995 5015 3229 5085 tempori
3278 5018 3503 5085 alligen-

310 5103 411 5160 1V.
436 5103 498 5158 ln
540 5105 1014 5161 observationibus
1045 5105 1411 5176 respondetur
1440 5105 1508 5159 ad
1560 5106 1822 5175 quaestio-
1925 5104 2071 5169 dam,
2129 5105 2482 5175 episcopatus
2525 5104 2750 5159 memini
2802 5106 3021 5175 potius,
3062 5121 3225 5175 quam
3276 5105 3507 5161 alterius

245 5213 359 5255 nes
384 5206 621 5265 quatuor
663 5197 732 5252 de
774 5214 1104 5269 unoquoque
1147 5212 1363 5268 opere:
1416 5213 1485 5251 an
1528 5196 1599 5252 sit
1634 5198 1831 5270 genui-

1928 5199 2306 5269 cujuscunque
2331 5204 2477 5250 notae
2502 5213 2515 5249 :
2545 5196 2805 5268 quoniam
2856 5196 3039 5249 omnia
3085 5211 3205 5268 quae
3237 5197 3507 5267 aliquate-

247 5302 415 5353 nam,
434 5288 657 5358 quando
679 5290 905 5355 editum,
931 5307 1039 5360 qua
1070 5290 1138 5345 de
1167 5288 1507 5358 causa,quid
1525 5290 1829 5345 notandum
1928 5305 2034 5345 nus
2070 5288 2351 5360 pertinent
2373 5287 2441 5342 ad
2476 5296 2689 5357 tempus
2718 5304 2827 5357 quo
2867 5288 3250 5346 Theodoretus
3281 5290 3368 5344 vel
3405 5303 3505 5343 na-

1605 5426 1914 5482 SCllULle
1956 5427 2177 5483 NOTIE.

322 5545 347 5575 ²
383 5543 615 5615 anem
645 5542 860 5615 quidem
891 5560 1110 5614 operam
1142 5545 1291 5600 dedit
1325 5544 1645 5615 Carnerius,
1687 5555 1744 5598 ut
1775 5546 2015 5615 epistola:
2041 5546 2188 5599 illius
2225 5544 2435 5599 νοθείαν
2482 5546 2777 5614 evinccrct,
2807 5546 2902 5603 sed
2929 5562 3029 5603 nec
3058 5546 3207 5600 illam
3248 5542 3507 5615 probare,

253 5628 359 5669 nec
388 5611 427 5662 V
454 5612 642 5684 gilium
666 5611 736 5668 ab
777 5611 1152 5671 inconstantiae
1189 5625 1242 5670 et
1277 5630 1501 5670 summae
1535 5614 1771 5672 levitatis
1811 5611 2044 5671 crimine
2067 5616 2301 5671 liberare
2328 5615 2518 5672 valuit.
