4048 6174
535 237 634 305 199

1658 229 2032 293 GARNERII
2074 225 2566 290 DISSERTATIO
2603 231 2683 292 II.

3678 233 3787 297 200

533 361 623 407 tus
645 360 750 415 est,
779 349 867 406 vel
890 348 1114 420 dignum
1143 346 1402 418 quiddam
1445 344 1825 401 observatione
1870 342 2003 412 egit,
2040 338 2108 393 ad
2139 342 2182 397 Α
2214 339 2351 394 stola
2379 341 2446 395 ad
2482 342 2842 398 Eutrechium
2868 340 3210 413 pmfectum,
3235 340 3381 412 apud
3401 356 3564 412 quem
3585 343 3786 400 eodem

532 443 884 512 episcopatus
923 440 1044 494 initi
1069 453 1273 493 annum
1314 437 1646 501 referuntur,
1704 451 1772 491 ex
1799 443 1974 504 quue
2013 447 2109 487 co-

537 532 763 606 gnito,si
797 548 904 586 non
937 529 1267 591 indubitata,
1293 529 1483 584 saltem
1517 525 1790 598 probabili
1816 523 2111 579 admodum

533 615 745 680 ratione
774 624 1027 678 concludi
1054 631 1307 694 possunt.
1357 619 1608 676 Proderit
1651 633 1782 673 vero
1821 614 2109 686 quaestioni

534 721 667 775 huic
713 719 865 789 quasi
913 715 1188 787 primariae
1232 715 1458 769 alteram
1509 712 1666 767 istam
1703 710 2036 781 adiungere,
2079 723 2108 762 a

533 824 646 877 quo
674 807 962 862 ordinatus
991 805 1060 858 sit
1095 820 1108 856 :
1147 802 1290 857 valet
1314 802 1461 857 enim
1485 809 1542 855 et
1576 801 1691 870 ipsa
1737 799 1805 854 ad
1842 797 2110 854 rationem

534 897 793 966 temporis
825 894 1192 949 statuendam.

600 1030 630 1101 §
665 1031 706 1086 Ι.
754 1029 868 1096 Quo
900 1045 1041 1083 anno
1067 1027 1416 1082 Theodoretus
1458 1027 1817 1096 episcopatum
1844 1023 2044 1076 inierit.

601 1162 644 1216 I.
671 1161 880 1226 Annus,
911 1176 1074 1231 quem
1117 1157 1466 1228 inquirimus,
1513 1171 1544 1210 a
1590 1155 1809 1210 nemine
1839 1161 2108 1216 veterum,

531 1271 603 1310 ne
650 1270 679 1308 a
734 1253 1082 1308 Theodoreto
1133 1245 1378 1319 quidem,
1425 1248 1648 1304 deﬁnite
1695 1246 1989 1316 proditur:
2042 1259 2110 1299 ex

531 1347 782 1417 epistolis
807 1354 986 1399 tamen
1029 1341 1368 1412 deprehendi
1415 1347 1617 1410 potest,
1682 1338 1777 1393 sed
1813 1353 1920 1392 non
1948 1336 2112 1391 nisia

535 1439 772 1494 curiosis
807 1436 1241 1506 indagatoribus.
1279 1434 1408 1501 Quae
1429 1432 1577 1488 enim
1603 1431 1780 1502 prima
1809 1431 1990 1485 fronte
2013 1444 2110 1484 oc-

535 1535 805 1588 currunt,
846 1525 963 1579 haec
1008 1525 1265 1594 quoniam
1308 1523 1569 1577 attentius
1613 1521 1959 1576 considerata
2000 1534 2109 1573 non

535 1629 684 1682 sunt,
747 1618 1057 1672 fefellerunt
1115 1615 1411 1684 aliquando
1459 1615 1609 1684 ipsos
1650 1613 1818 1668 etiam
1860 1611 2108 1667 eruditos

534 1709 835 1764 doctissimi
866 1707 1154 1762 Annalium
1187 1706 1475 1776 scriptoris
1506 1706 1718 1761 oculos.

608 1796 670 1849 ll.
711 1794 979 1848 Baronius
1004 1793 1414 1848 Theodoretum
1445 1793 1704 1863 opinatur
1753 1791 1979 1863 Cyrensi
2009 1791 2112 1844 Ec-

533 1887 712 1941 clesiae
761 1884 1077 1956 praefectum
1132 1884 1300 1939 fuisse
1367 1898 1511 1938 anno
1582 1884 1706 1938 425.
1782 1882 2110 1953 Opinionem

534 1977 730 2049 probat
761 1978 844 2032 his
864 1976 1110 2047 epistolae
1145 1977 1212 2030 ad
1234 1985 1485 2030 sanctum
1529 1975 1769 2031 Leonem
1798 1976 1938 2030 data:
1988 1991 2113 2029 ver-

533 2069 622 2124 bis
659 2086 671 2122 :
731 2087 748 2119 ι
783 2067 891 2122 Sex
932 2076 988 2122 et
1033 2066 1226 2138 viginti
1283 2068 1443 2122 annis
1483 2067 1828 2123 commissam
1864 2067 1999 2122 mihi
2041 2067 2110 2123 ab

535 2160 921 2214 universorum
964 2159 1076 2212 Deo
1129 2158 1429 2213 Ecclesiam
1454 2199 1469 2222 ,
1523 2174 1750 2229 precum
1799 2166 2109 2213 vestrarum

533 2252 738 2305 auxilio
771 2266 897 2304 cum
919 2250 1176 2314 rexerim,
1204 2261 1310 2305 etc.
1340 2251 1356 2282 ⁸
1387 2269 1408 2304 ι
1434 2249 1662 2306 Constat
1689 2251 1832 2306 enim
1849 2250 2108 2320 scriptam

531 2358 654 2398 esse
671 2342 958 2412 epistolam
976 2341 1079 2396 sub
1102 2340 1263 2396 ﬁnem
1289 2341 1416 2396 anni
1434 2343 1558 2407 H9,
1575 2359 1684 2412 quo
1699 2357 1842 2397 anno
1861 2341 2110 2396 habitum

461 2493 466 2498 ,
534 2445 623 2491 est
677 2434 1000 2489 latrocinale
1037 2434 1331 2489 concilium
1376 2435 1714 2506 Ephesinum
1759 2435 1850 2490 die
1899 2434 1966 2490 10
2002 2437 2112 2490 Au-

533 2527 700 2598 gusti,
733 2528 786 2581 in
807 2542 984 2596 eoque
1015 2525 1398 2583 Theodoretus
1435 2543 1467 2582 a
1497 2527 1762 2582 Dioscoro
1803 2527 2105 2598 depositus.

534 2618 647 2674 Hac
671 2618 738 2672 de
770 2618 971 2689 injuria
999 2620 1254 2688 queritur
1285 2618 1431 2690 apud
1465 2635 1739 2674 summum
1773 2619 2106 2689 pontiﬁcem,

533 2710 684 2766 sedis
731 2710 1048 2780 apostolicae
1089 2711 1358 2782 judicium
1394 2713 1698 2782 appellans.
1739 2710 1897 2779 Quod
1941 2711 1986 2766 si
2043 2726 2110 2766 ex

533 2817 805 2856 annorum
843 2801 946 2856 449
976 2817 1189 2857 summa
1214 2801 1575 2858 detrahantur
1601 2803 1794 2874 viginti
1828 2818 1942 2866 sex,
1989 2817 2109 2856 om-

533 2893 669 2946 nino
691 2892 888 2962 reliqui
921 2901 1084 2947 erunt
1135 2893 1262 2959 425,
1301 2909 1412 2964 quo
1441 2903 1686 2963 tempore
1731 2893 2110 2949 Theodoretus

533 2983 828 3056 Cyrensem
856 2985 1155 3040 Ecclesiam
1183 2986 1478 3057 regendam
1501 2985 1823 3056 susceperit.

601 3075 791 3130 IIl.Ita
823 3075 935 3131 fere
978 3075 1246 3131 Baronius
1285 3076 1615 3132 sententiam
1658 3076 1945 3131 conﬁrmat
1988 3091 2112 3132 ver-

535 3167 622 3223 bis
672 3167 919 3238 epistola:
968 3167 1197 3224 alterius
1232 3167 1429 3224 eodem
1475 3183 1622 3224 anno
1647 3168 1788 3224 datae
1817 3169 1860 3232 ',
1911 3169 2113 3238 quibus

535 3258 683 3330 apud
711 3257 956 3313 Hilarum
985 3258 1244 3315 Ecclesiae
1271 3259 1532 3314 Romanae
1582 3258 1880 3314 diaconum
1915 3257 2112 3314 eadem

536 3349 765 3419 querela
784 3348 1105 3418 deploratur
1129 3365 1143 3401 :
1190 3366 1211 3400 ι
1234 3347 1364 3404 Post
1384 3364 1482 3406 sex
1511 3355 1568 3404 et
1605 3348 1800 3420 viginti
1830 3348 2114 3419 episcopa-

537 3451 630 3498 tus
663 3456 857 3506 annos,
889 3448 998 3495 etc.
1031 3441 1074 3494 ³.
1117 3458 1137 3491 ι

607 3532 914 3600 Utrumque
952 3529 1330 3586 testimonium
1380 3530 1600 3586 videtur
1636 3531 1691 3586 in
1726 3532 1962 3602 speciem
2000 3531 2113 3586 cla-

535 3638 697 3687 rum;
729 3629 932 3675 tantam
983 3621 1346 3676 nihilominus
1414 3621 1716 3677 claritatem
1749 3622 2009 3678 obscurat
2034 3622 2113 3678 Io-

537 3729 640 3768 cus
669 3713 810 3766 alter
835 3712 995 3783 longe
1028 3713 1234 3768 certior
1267 3730 1282 3766 :
1312 3713 1503 3768 scribit
1536 3708 1682 3768 enim
1733 3713 2113 3769 Theodoretus

535 3803 712 3858 Nomo
757 3801 970 3855 consuli
1023 3802 1078 3856 in
1121 3801 1238 3856 haec
1280 3801 1451 3857 verba
1495 3801 1563 3854 δε
1620 3821 1638 3853 ‹
1683 3802 1744 3856 In
1777 3803 2112 3858 monasterio

538 3901 779 3962 tempus,
807 3892 954 3960 quod
987 3891 1364 3962 episcOpatum
1390 3893 1688 3963 praecessit,
1729 3908 1855 3948 cum
1896 3893 2111 3965 exegis-

537 3997 683 4048 sem,
721 3981 925 4036 invitus
978 3982 1271 4052 episc0pus
1303 3983 1589 4037 ordinatus
1622 3999 1763 4038 sum.
1806 3982 1994 4039 Annos
2026 3984 2110 4039 vi-

536 4073 671 4143 ginti
699 4073 941 4143 quinque
967 4074 1043 4128 ita
1082 4075 1214 4137 vixi,
1250 4083 1312 4129 ut
1343 4091 1522 4144 neque
1550 4076 1604 4130 in
1629 4076 1721 4147 jus
1750 4085 1978 4132 vocatus
2007 4077 2111 4132 sim

536 4181 569 4219 a
603 4180 904 4234 quoquam,
932 4181 1112 4236 neque
1144 4165 1261 4236 ipse
1300 4182 1628 4237 quemquam
1664 4167 1950 4235 vocarim;
1984 4169 2110 4223 nul-

535 4256 625 4310 Ius
656 4256 1193 4326 religiosissimorum
1225 4258 1572 4322 clericorurn,
1595 4259 1692 4329 qui
1717 4259 1881 4330 249
1896 4275 2109 4316 mecum

536 4347 781 4410 fuerunt,
813 4354 892 4400 tot
915 4347 1075 4401 annis
1104 4347 1401 4402 tribunalia
1431 4348 1817 4419 frequentavit.
1840 4369 1858 4401 ι

608 4437 674 4493 γ.
701 4437 832 4493 Inde
858 4438 1069 4509 liquido
1103 4449 1272 4510 patet,
1307 4441 1567 4496 vicesimo
1601 4443 1796 4512 quinto
1829 4443 2113 4514 episcOpa-

535 4537 627 4585 tus
656 4545 802 4584 anno
835 4530 1241 4586 Theodoretum
1282 4533 1386 4587 ista
1441 4534 1684 4590 scribere
1738 4552 1751 4587 :
1803 4552 1929 4592 cum
1977 4553 2110 4608 ergo

535 4621 827 4683 scriberet,
854 4619 1027 4676 Nomo
1054 4624 1400 4678 consulatum
1435 4634 1682 4695 gerente,
1711 4635 1768 4680 et
1809 4636 1932 4697 post
1957 4644 2114 4683 accc-

535 4722 688 4782 ptum
717 4713 785 4767 ab
825 4713 1152 4783 imperatore
1182 4715 1497 4770 mandatum
1524 4733 1583 4772 se
1611 4718 1930 4774 continendi
1971 4720 2113 4776 intra

535 4805 670 4858 lines
697 4802 992 4874 Cyresticaa
1026 4807 1297 4875 regionis;
1341 4823 1576 4878 cumque
1608 4810 1816 4866 Nomus
1855 4813 2112 4867 consula-

533 4902 650 4946 tum
681 4895 913 4962 gesserit
943 4911 1090 4951 anno
1121 4898 1246 4961 415,
1276 4907 1335 4952 ut
1368 4914 1436 4953 ex
1487 4899 1663 4955 Fastis
1692 4910 1927 4967 constat,
1967 4903 2111 4958 hanc

535 4983 709 5051 ipsam
763 4987 952 5054 procul
995 4987 1165 5043 dubio
1196 4989 1578 5046 Theodoretus
1614 4993 1903 5062 epistolam
1958 4994 2112 5049 dedit

534 5087 682 5125 anno
710 5075 850 5141 455;
879 5092 989 5146 quo
1029 5093 1097 5132 ex
1143 5094 1413 5135 annorum
1454 5097 1685 5138 numero
1725 5083 1769 5138 si
1821 5084 2112 5140 demantur

534 5159 731 5231 viginti
784 5165 1050 5234 quinque,
1094 5167 1289 5238 reliqui
1339 5180 1507 5224 erunt
1545 5169 1670 5233 4‘20,
1703 5185 1814 5240 quo
1862 5178 2111 5241 tempore

531 5252 819 5308 ordinatus
847 5257 917 5310 sit
943 5258 1253 5328 cpiscopus.

604 5344 692 5398 γι.
728 5343 978 5402 Totidem
1021 5351 1371 5419 pontiﬁcatus
1410 5367 1590 5408 annos
1619 5363 1870 5410 numerat
1906 5355 1961 5409 in
1988 5354 2110 5422 cpi-

2214 441 2462 503 tempore
2503 435 2724 490 easdem
2771 435 2839 491 de
2884 436 3142 490 mandato
3200 435 3458 505 querelas
3513 434 3786 504 deponit:

2220 543 2239 575 ι
2275 524 2546 589 Pontifex,
2577 526 2673 594 qui
2698 525 3076 595 episcopatum
3106 524 3300 595 viginti
3344 523 3590 594 quinque
3627 526 3789 582 annis

2211 615 2401 686 gessit,
2425 623 2483 669 et
2534 615 2850 685 praecedens
2895 622 3110 685 tempus
3156 614 3209 668 in
3243 613 3578 670 monasterio
3607 614 3787 680 duxit,

2212 707 2305 776 qui
2343 722 2448 762 nec
2469 706 2649 762 forum
2686 706 2945 777 iudiciale
2987 706 3356 775 interpellavit
3393 721 3656 775 unquam,
3686 722 3791 761 nec

2211 796 2282 850 ab
2329 797 2443 851 ullo
2481 811 2722 865 unquam
2757 811 2888 850 reus
2928 802 3015 849 est
3047 804 3305 864 peractus
3376 795 3666 850 calumnia;
3714 796 3796 853 fa-

2212 897 2337 944 ctus
2367 897 2453 943 est
2478 888 2779 943 ludibrium
2813 888 2854 951 ⁵,
2887 897 2995 942 etc.
3035 906 3053 936 ι

2299 980 2408 1034 VII.
2437 979 2707 1049 Equidem
2738 979 2916 1033 sentio
2941 977 3120 1047 excipi
3155 977 3265 1032 duo
3289 992 3448 1048 posse
3491 993 3502 1028 :
3531 975 3789 1040 alterum,

2212 1071 2424 1126 consuli
2465 1071 2687 1141 quidem
2735 1069 3051 1139 inscriptam
3093 1067 3262 1123 fuisse
3306 1069 3630 1139 epistolam,
3677 1084 3789 1124 non

2212 1171 2395 1217 tamen
2440 1161 2534 1232 qui
2601 1170 2732 1216 tunc
2778 1169 2926 1216 esset
2965 1175 3091 1214 cum
3135 1159 3493 1220 scriberetur,
3542 1157 3640 1212 sed
3695 1158 3790 1227 qui

2213 1263 2340 1310 ante
2365 1254 2487 1308 haec
2509 1253 2739 1318 fuisset;
2772 1253 3028 1315 alterum,
3065 1251 3333 1305 incertum
3375 1265 3516 1314 esse,
3553 1250 3678 1319 quis
3705 1250 3793 1304 lo-

2214 1359 2312 1398 cus
2336 1343 2409 1398 sit
2436 1343 2637 1406 verior,
2665 1358 2735 1395 an
2779 1340 2875 1410 qui
2917 1356 2948 1395 a
2994 1340 3230 1394 Baronio
3275 1339 3548 1393 adductus
3578 1347 3683 1397 est.
3718 1353 3792 1391 an

2213 1436 2308 1506 qui
2339 1435 2627 1506 oppositus
2657 1451 2670 1486 :
2700 1432 2745 1488 si
2769 1433 2917 1487 enim
2956 1430 3254 1502 pugnantia
3288 1429 3671 1484 Theodoretus
3707 1428 3797 1484 di-

2213 1536 2320 1593 cat,
2343 1544 2409 1582 ex
2433 1528 2604 1598 ipsius
2626 1525 2958 1582 testimoniis
2981 1525 3120 1578 nihil
3141 1523 3366 1578 omnino
3383 1524 3520 1578 certi
3549 1522 3604 1576 in
3624 1523 3791 1577 alter-

2215 1629 2395 1674 utram
2431 1628 2642 1689 partem
2669 1617 2864 1674 conﬁci
2900 1618 3099 1671 merito
3133 1623 3336 1684 potest.

2287 1713 2422 1767 VIII.
2459 1713 2657 1767 Verum
2701 1725 2863 1765 nemo
2907 1710 3146 1780 primum
3179 1707 3314 1762 illud
3359 1707 3661 1776 exceperit,
3693 1706 3791 1776 qui

2214 1799 2620 1854 Theodoretum
2639 1799 2870 1868 legerit:
2910 1797 3050 1852 solet
3105 1797 3250 1850 enim
3284 1811 3402 1860 eos,
3426 1796 3629 1865 quibus
3667 1797 3790 1865 epi-

2211 1891 2382 1946 stolas
2430 1890 2704 1954 inscribit,
2745 1904 2997 1952 suorum,
3037 1903 3159 1958 quae
3191 1895 3323 1942 tunc
3355 1895 3631 1957 gererent,
3662 1903 3790 1942 mu-

2211 1995 2408 2034 nerum
2441 1979 2666 2034 nomine
2715 1979 3002 2050 insignire.
3053 1978 3146 2033 Sic
3191 1977 3443 2032 Anatolio
3494 1979 3791 2048 septimum

2209 2072 2428 2138 scribit,
2463 2086 2569 2126 nec
2611 2079 2792 2126 tamen
2830 2070 2999 2125 semel
3047 2069 3330 2124 consulem
3366 2070 3626 2139 appellat,
3664 2083 3794 2124 cum

2211 2173 2394 2219 tamen
2429 2164 2774 2218 consulatum
2803 2162 3061 2233 gessisset
3084 2177 3230 2216 anno
3251 2161 3385 2227 MO.
3429 2161 3518 2216 Sic
3561 2160 3792 2215 Floren-

2213 2257 2372 2316 tium.
2401 2254 2495 2325 qui
2534 2270 2681 2308 anno
2712 2254 2842 2318 429,
2887 2261 2942 2308 et
2987 2253 3332 2317 Senatorem,
3369 2253 3464 2322 qui
3503 2268 3648 2306 anno
3686 2253 3793 2306 456

2211 2345 2468 2401 consules
2497 2343 2738 2408 fuerant,
2780 2343 3037 2398 consules
3065 2358 3174 2397 non
3203 2351 3404 2408 vocat;
3443 2342 3537 2396 sed
3571 2350 3789 2397 utrum-

2211 2449 2320 2505 que
2359 2433 2626 2488 duntaxat
2667 2433 2962 2504 patricium
3011 2449 3024 2485 :
3088 2431 3358 2487 ambobus
3424 2441 3605 2486 tamen
3666 2440 3792 2501 post

2210 2537 2424 2598 gestum
2469 2527 2817 2582 consulatum
2853 2525 3152 2581 scribebat.
3200 2523 3339 2591 Quia
3389 2539 3523 2578 vero
3579 2523 3790 2578 Zenoni

2210 2630 2377 2690 atque
2411 2618 2622 2674 Avieno
2645 2619 2666 2650 ⁸
2695 2618 2846 2673 misit
2870 2618 3103 2682 litteras,
3137 2631 3248 2687 quo
3274 2632 3418 2670 anno
3443 2616 3787 2670 consulatum

2209 2717 2484 2776 tenerent,
2525 2709 2616 2763 ille
2657 2723 2804 2762 anno
2830 2708 2956 2774 448,
2997 2707 3101 2762 iste
3143 2721 3288 2760 anno
3327 2705 3450 2771 450,
3492 2714 3790 2774 utrumque

2211 2803 2494 2858 consulem
2535 2800 2803 2856 nominat.
2844 2799 3082 2854 Nomum
3125 2798 3291 2869 igitur
3317 2797 3596 2852 consulem
3625 2796 3787 2859 dixit,

2211 2893 2471 2964 quoniam
2499 2908 2586 2956 eo,
2605 2906 2716 2962 quo
2741 2891 3042 2955 scribebat,
3071 2904 3214 2944 anno
3233 2889 3416 2959 reipsa
3443 2887 3634 2943 consul
3661 2887 3787 2942 fuit.

2135 3006 2180 3067 ρ
2213 2985 2321 3042 Sed
2365 3000 2490 3040 cum
2536 2983 2607 3039 ad
2663 2982 3030 3039 recensendas
3061 2981 3320 3052 epistolas
3353 2979 3787 3050 pervenerimus,

2211 3077 2435 3133 Baronii
2484 3075 2960 3140 emendationem,
3003 3088 3106 3144 pro
3163 3071 3390 3128 consule
3442 3070 3788 3126 consularem

2213 3169 2464 3242 legentis,
2501 3168 2790 3224 evidenter
2820 3167 3156 3232 refellemus,
3186 3163 3596 3237 pugnantiaque
3629 3162 3788 3218 locu-

2215 3273 2306 3320 tus
2323 3263 2623 3320 cardinalis
2643 3259 3133 3317 demonstrabitur.

2276 3355 2370 3410 IX.
2405 3356 2525 3411 Jam
2561 3369 2696 3409 vero
2740 3353 2973 3408 alterum
3015 3351 3152 3406 dilui
3200 3349 3362 3406 facile
3409 3355 3628 3420 potest:
3660 3362 3791 3403 nam

2213 3445 2653 3517 quotiescunque
2696 3451 2942 3514 pugnant
2995 3442 3102 3497 loci
3149 3440 3264 3501 duo
3301 3440 3466 3496 unius
3505 3439 3789 3500 auctoris,

2212 3535 2521 3607 praesertim
2563 3535 2660 3588 ubi
2695 3534 2764 3588 de
2802 3533 3050 3588 numeris
3096 3532 3298 3602 agitur,
3345 3531 3404 3585 in
3434 3529 3638 3600 quibus
3680 3528 3792 3584 fre—

2213 3642 2390 3698 quens
2418 3634 2507 3681 est
2532 3626 2742 3695 lapsus;
2773 3623 3100 3679 retinendus
3127 3622 3220 3677 ille
3249 3621 3477 3677 omnino
3503 3630 3587 3676 est
3614 3619 3791 3683 locus,

2213 3717 2307 3787 qui
2348 3723 2404 3771 et
2447 3715 2840 3772 consonantior
2889 3715 2962 3769 sit
3005 3714 3146 3779 aliis,
3197 3713 3377 3784 quoad
3422 3728 3681 3774 sensum,
3734 3721 3795 3767 et

2213 3808 2397 3863 minus
2427 3808 2627 3864 debeat
2658 3822 2781 3862 esse
2808 3814 3130 3876 suspectus,
3157 3814 3215 3860 et
3253 3820 3364 3859 non
3405 3804 3480 3858 ita
3514 3803 3671 3858 facile
3711 3803 3797 3856 vi-

2215 3900 2341 3954 tiari
2367 3900 2633 3970 potuerit.
2661 3898 2826 3968 Atqui
2857 3906 3104 3968 pugnant
3145 3898 3248 3953 loci
3288 3897 3400 3952 duo
3442 3913 3567 3951 mox
3598 3897 3790 3951 allati:

2212 3992 2307 4062 qui
2336 4007 2469 4045 vero
2497 4007 2564 4046 ex
2592 3990 2823 4060 epistola
2857 3989 2915 4042 8|
2972 3989 3274 4058 productus
3314 3997 3418 4052 est,
3457 3988 3625 4043 habet
3670 3988 3792 4042 hare

2215 4083 2322 4139 tria
2369 4098 2493 4152 qua:
2560 4081 2698 4146 dixi,
2740 4097 2852 4136 non
2893 4081 3058 4135 habet
3117 4081 3256 4135 alter
3309 4098 3323 4134 :
3363 4080 3452 4135 ille
3500 4079 3665 4151 igitur
3702 4080 3791 4133 isti

2213 4175 2596 4246 praeferendus
2622 4185 2727 4230 est.

2279 4266 2444 4336 250
2484 4264 2552 4319 X.
2590 4263 2747 4331 Quod
2791 4273 2973 4319 autem
3013 4263 3168 4319 locus
3197 4264 3443 4334 epistola:
3485 4263 3546 4318 81
3590 4263 3796 4317 habeat

2141 4338 2187 4392 Ῑ)
2216 4356 2335 4411 haec
2367 4357 2494 4421 tria,
2521 4372 2589 4411 ex
2616 4371 2684 4412 eo
2707 4365 2944 4419 constat,
2985 4355 3132 4425 quod
3163 4357 3341 4426 primo
3371 4362 3636 4410 consonet
3672 4354 3796 4424 epi-

2218 4451 2374 4506 stolae
2403 4449 2658 4504 secunda:
2675 4449 2744 4503 ad
2777 4449 3101 4503 Dioscorum
3121 4450 3163 4512 7,
3194 4449 3246 4502 in
3274 4464 3378 4518 qua
3413 4447 3579 4502 refert
3609 4447 3794 4511 Theo-

2217 4540 2469 4604 doretus,
2516 4555 2573 4594 se
2615 4539 2871 4594 docuisse
2908 4538 3235 4600 Antiochiae,
3292 4538 3483 4608 utique
3525 4554 3649 4592 cum
3678 4539 3790 4606 jam

2216 4631 2362 4687 foret
2389 4633 2405 4650 ‘
2436 4631 2752 4700 cpiscopus,
2797 4645 2893 4685 sex
2932 4644 3107 4684 annos
3139 4628 3578 4694 continuossub
3608 4629 3793 4682 Theo-

2219 4722 2372 4788 doto,
2398 4721 2660 4777 tredecim
2697 4721 2798 4776 sub
2826 4721 3035 4776 Joanne
3057 4719 3326 4775 Theodoti
3353 4733 3670 4775 successore
3689 4759 3704 4782 ,
3738 4725 3798 4772 et

2215 4814 2434 4878 Domni,
2479 4811 2575 4883 qui
2615 4813 2881 4868 Joannem
2916 4811 3154 4882 excepit,
3190 4811 3484 4882 septimum
3529 4811 3638 4880 jam
3671 4823 3794 4863 esse

2216 4921 2446 4970 annum,
2485 4919 2612 4959 cum
2651 4904 2936 4958 scriberet.
2980 4902 3118 4957 Cum
3164 4918 3295 4973 ergo
3330 4901 3649 4957 Theodotus
3683 4899 3795 4954 vita

2216 4998 2518 5053 excesserit
2557 5013 2702 5052 anno
2743 4997 2871 5061 427,
2912 5003 2975 5051 ut
3010 4987 3181 5050 tradit
3208 4993 3591 5050 Theodoretus
3617 4993 3660 5054 ',
3692 5007 3796 5046 ne-

2217 5101 2370 5142 cesse
2400 5095 2486 5140 cst
2527 5094 2591 5140 ut
2627 5086 2825 5140 docere
2879 5085 3109 5154 cmperit
3156 5099 3300 5138 anno
3323 5083 3411 5138 vel
3444 5082 3549 5137 4Ξο
3587 5081 3689 5138 sub
3733 5081 3798 5135 ﬂ-

2214 5193 2363 5240 nem,
2419 5177 2504 5231 vcl
2559 5177 2784 5231 ineunte
2834 5176 2958 5229 4⁸21.
3018 5175 3402 5244 Episcopatum
3453 5173 3624 5243 igitur
3668 5171 3792 5226 iniit

2214 5281 2360 5322 anno
2398 5265 2503 5320 420
2530 5273 2624 5320 aut
2655 5265 2753 5318 421
2801 5265 3042 5318 ineunte.

2284 5357 2356 5411 XI
2406 5356 2637 5421 Deinde,
2684 5355 2832 5425 quod
2878 5355 3023 5411 idem
3065 5353 3220 5410 locus
3252 5368 3364 5408 non
3387 5353 3567 5425 possit
3589 5350 3790 5408 merito

1902 5511 2212 5569 SCHULZM
2251 5506 2481 5567 NOTAE.

609 5582 623 5678 ξ
662 5592 861 5678 Epist.“
881 5595 896 5647 I
1048 5600 1093 5678 _’
1124 5596 1292 5669 Epist.
1329 5601 1475 5678 111ἳῂ.Δ
1498 5604 1542 5678 ,³
1568 5605 1670 5678 Pro
1700 5604 2110 5678 BaronioAnlilit‘

2209 5606 2368 5678 etiam
2393 5605 2547 5678 locus
2572 5619 2636 5658 ex
2661 5603 2822 5678 epist.
2859 5603 2976 5658 116.
3055 5605 3074 5678 ξ
3098 5606 3269 5677 Epist.
3293 5607 3380 5663 8I.
3456 5608 3476 5640 ⁸
3500 5605 3675 5678 Epist.
3700 5603 3794 5662 80.

533 5665 556 5695 ‘
588 5661 800 5719 Avieno.
829 5667 935 5722 Sed
975 5667 1097 5724 vide
1129 5661 1278 5740 supr.
1317 5688 1368 5741 p.
1423 5672 1537 5754 I9I,
1583 5673 1754 5730 schol.
1815 5675 1861 5727 I.

1942 5675 1961 5705 ⁷
1985 5676 2157 5746 Epist.
2188 5679 2274 5733 85.
2351 5674 2373 5707 ⁸
2393 5674 2531 5729 Hist.
2565 5673 2688 5727 εδει.
2720 5674 2757 5728 l.
2788 5691 2840 5742 v,
2869 5690 2988 5745 cap.
3020 5675 3118 5730 ult.
