4040 6172
271 276 372 344 2(1

1439 274 1538 337 DE
1574 272 1829 335 LIBRIS
1862 268 2370 337 THEODORETI.

3410 280 3515 345 209

270 387 648 458 corruptionis
687 384 907 442 nomine
952 400 1072 441 esse
1115 394 1403 454 suspectus
1428 424 1442 449 ,
1489 384 1604 439 sive
1673 397 1837 437 voces
1865 387 1908 443 Α
1938 381 2061 446 473,
2077 392 2133 437 et
2153 384 2437 455 scripsisse
2458 389 2511 441 in
2529 387 3015 445 Deuteronomium
3042 406 3186 446 anno
3218 392 3342 455 472,
3370 396 3514 452 unde

273 480 404 552 ipsa:
429 493 790 533 numerorum
824 478 1070 548 integrat,
1105 477 1219 531 sive
1260 482 1404 529 notae
1449 475 1713 528 duntaxat
1757 472 1844 526 di-

274 580 469 626 cantur
488 570 708 639 scripta:
741 586 755 623 :
784 583 962 637 neque
1000 567 1149 621 enim
1192 565 1351 619 πέντε
1400 564 1456 618 in
1498 562 1610 626 δύο,
1661 567 1847 631 neque

282 660 312 728 β
342 660 397 713 in
430 677 470 723 ς
524 658 685 712 facile
725 672 825 727 per
850 656 1117 711 incuriam
1152 655 1363 710 librarii
1410 659 1846 708 commutentur.

346 747 462 803 XII.
495 749 764 818 Denique,
795 748 941 817 quod
970 748 1126 802 locus
1160 745 1471 801 contrarius
1497 744 1697 798 habeat
1721 757 1849 812 pro-

276 842 472 897 clivem
514 841 883 897 describentis
925 840 1136 909 lapsum
1177 838 1235 892 in
1280 836 1549 899 numeris,
1595 842 1847 904 apertum

242 942 396 995 .est:
433 931 569 1000 quid
608 931 756 984 enim
788 929 1108 1000 proclivius,
1143 943 1307 999 quam
1333 927 1363 980 6
1395 926 1453 981 in
1502 943 1562 990 ς,
1598 925 1756 979 ἐννέα
1789 924 1848 979 in

278 1021 338 1084 ἒξ
366 1028 684 1087 pervertere
707 1018 731 1072 ?

346 1109 488 1163 XIII.
526 1108 685 1175 Quod
723 1110 768 1163 si
792 1108 1145 1178 episc0patus
1183 1104 1513 1161 Theodoreti
1549 1103 1607 1158 in
1642 1116 1845 1157 annum

279 1198 379 1253 ιω
412 1198 631 1264 incidit,
664 1205 880 1268 oportet
904 1207 965 1252 ut
993 1204 1152 1253 ortus
1178 1203 1306 1250 ante
1339 1210 1543 1249 annum
1580 1192 1687 1248 590
1716 1206 1849 1246 con-

283 1290 460 1360 tigerit
494 1306 513 1355 ;
553 1304 735 1359 neque
761 1290 910 1344 enim
958 1288 1262 1345 canonibus
1299 1286 1501 1357 spretis
1559 1284 1847 1340 ordinatus

278 1392 362 1437 est
392 1391 523 1437 ante
552 1381 897 1436 tricesimum
921 1380 1100 1436 aetatis
1126 1394 1238 1434 suae
1266 1392 1493 1442 annum,
1518 1391 1643 1431 cum
1664 1375 1846 1429 Theo-

283 1473 443 1528 dotus
462 1473 550 1526 vir
581 1471 966 1528 sanctissimus
995 1477 1162 1540 atque
1204 1467 1648 1538 religiosissimus
1678 1480 1847 1520 cano-

284 1577 409 1616 num
435 1562 781 1626 observator,
814 1576 846 1616 a
878 1574 989 1631 quo
1023 1558 1311 1614 ordinatus
1358 1565 1463 1622 est,
1493 1554 1850 1610 Autiochena:

282 1650 538 1707 Ecclesia:
556 1656 837 1721 praeesset.

1949 472 2200 541 sequitur
2223 474 2541 531 defunctum
2564 493 2686 532 esse
2718 494 2863 533 anno
2915 479 3109 534 eodem
3153 496 3263 550 quo
3290 481 3401 536 Leo
3425 498 3513 539 se-

1948 562 2073 617 nior
2102 565 2416 635 imperator,
2449 579 2504 624 et
2531 569 2906 640 episcopatum
2950 571 3184 641 gessisse
3219 587 3392 628 annos
3421 572 3511 639 53,

1949 655 2249 709 secundum
2294 665 2537 711 nostram
2583 659 2652 713 de
2695 660 3016 730 episcopatu
3061 662 3509 734 chronologiam,

1947 743 2033 795 vel
2060 743 2126 797 50
2159 746 2458 801 secundum
2488 748 2869 815 Baronianam,
2900 760 3063 820 atque
3092 751 3166 806 ita
3188 753 3354 808 vitam
3384 770 3514 823 pro—

1949 834 2174 890 duxisse
2207 838 2274 892 ad
2305 854 2508 894 annum
2540 842 2627 896 85.
2672 842 3000 912 Opinionem
3041 859 3194 899 suam
3241 847 3462 902 coniicit
3494 866 3511 901 :

1949 927 2150 995 primo,
2180 929 2309 998 quia
2337 930 2674 996 Gennadius,
2708 934 2875 998 Beda,
2914 934 3033 990 Ado
3071 944 3126 991 et
3174 937 3516 1008 Freculphus

1950 1016 2357 1073 Theodoretum
2382 1022 2606 1077 tradunt
2621 1024 2724 1078 sub
2744 1025 2925 1080 Leone
2946 1026 3276 1096 imperatore
3292 1029 3513 1092 obiissc,

1948 1115 2005 1161 et
2037 1107 2105 1160 ad
2126 1109 2265 1178 “ejus
2291 1118 2538 1181 tempora
2567 1113 2861 1169 Historiam
2901 1117 3225 1186 produxisse
3261 1136 3275 1173 :
3316 1118 3517 1175 deinde

1949 1196 2095 1265 quod
2133 1198 2478 1254 Marcellinus
2514 1217 2698 1258 comes
2735 1205 2803 1258 ad
2843 1221 3047 1261 annum
3075 1208 3179 1262 466
3213 1207 3414 1262 librum
3446 1208 3517 1264 de

1949 1288 2332 1346 Incarnatione
2378 1292 2644 1349 adversus
2693 1294 2977 1366 Eutychen
3020 1305 3077 1351 et
3123 1298 3441 1353 Dioscorum
3486 1315 3519 1354 a

1951 1373 2300 1431 Theodoreto
2330 1378 2597 1448 scriptum
2631 1381 2868 1448 referat;
2897 1383 3136 1454 denique
3162 1387 3309 1456 quod
3340 1388 3521 1443 Theo-

1951 1463 2179 1519 doretus
2200 1466 2337 1535 ipse,
2371 1470 2670 1537 quaestione
2697 1472 2766 1525 58
2794 1473 2849 1527 in
2878 1474 3388 1541 Deuteronomium,
3414 1478 3516 1533 do~

1950 1565 2073 1610 ceat
2099 1557 2392 1624 ellluxisse,
2424 1567 2575 1625 tunc,
2614 1577 2737 1617 cum
2767 1565 3057 1630 scriberet,
3089 1568 3522 1640 quadringentos

1953 1661 2127 1701 annos
2150 1663 2181 1701 a
2209 1647 2552 1718 dispersione
2582 1654 2768 1722 populi
2794 1654 3006 1710 Judaici
3030 1673 3045 1723 ;
3066 1673 3187 1726 quae
3219 1673 3344 1713 cum
3371 1660 3521 1715 acci-

350 1742 494 1798 ΧΠ.
525 1707 642 1796 Iino
672 1740 1085 1795 Theodoretum
1138 1737 1361 1794 circiter
1407 1751 1613 1792 annum
1650 1735 1754 1791 586
1791 1735 1848 1790 in
1881 1707 1925 1767 Β
1954 1736 2095 1791 derit
2123 1753 2269 1792 anno
2293 1707 2496 1795 hhristi
2526 1707 2597 1796 72-
2627 1707 3191 1803 secundum—Eretum

281 1834 459 1889 lucem
487 1832 706 1886 venisse
731 1830 773 1896 ’,
799 1845 868 1885 ex
892 1845 960 1885 eo
980 1844 1092 1884 non
1110 1828 1343 1883 obscure
1366 1828 1662 1897 colligitur,
1679 1828 1848 1898 quod,

279 1936 401 1978 cum
453 1919 525 1974 ad
570 1927 821 1974 sanctum
861 1916 1104 1973 Leonem
1137 1915 1351 1971 litteras
1369 1914 1547 1979 daret,
1570 1929 1756 1969 senem
1791 1930 1851 1970 se

281 2025 591 2081 canumque
631 2008 876 2065 dixerit:
916 2022 1086 2062 senex
1123 2022 1256 2062 vero
1285 2006 1519 2075 quisque
1550 2004 1661 2060 dici
1688 2005 1847 2069 solet,

281 2119 404 2160 cum
450 2101 856 2172 sexagesimum
917 2098 1143 2153 tertium
1196 2096 1375 2153 aetatis
1415 2110 1619 2150 annum
1648 2096 1848 2167 attigit,

278 2201 372 2248 aut
392 2194 561 2249 etiam
588 2199 1012 2262 praetergressus
1038 2197 1142 2243 est.
1174 2187 1312 2243 Cum
1342 2202 1474 2259 ergo
1508 2186 1726 2243 litteras
1753 2188 1851 2243 de-

275 2286 419 2342 derit
438 2300 586 2340 anno
607 2283 731 2348 449,
759 2293 1002 2352 tuncque
1031 2279 1200 2336 fuerit
1218 2280 1501 2351 sexaginta
1527 2289 1643 2337 tres
1673 2294 1850 2335 annos

275 2386 369 2433 aut
416 2378 608 2447 plures
645 2383 834 2439 natus,
867 2386 1094 2429 necesse
1143 2381 1228 2427 est
1271 2379 1334 2426 ut
1371 2369 1595 2426 circiter
1642 2385 1846 2427 annum

271 2467 377 2524 586
408 2468 597 2521 vivere
640 2463 929 2535 inceperit.

342 2559 463 2617 IV.
495 2558 688 2614 Amnis
710 2564 799 2612 est
820 2557 1157 2627 conjectura,
1194 2570 1317 2625 quae
1358 2554 1584 2611 ducitur
1613 2567 1686 2611 ex
1725 2553 1845 2625 epi-

271 2652 412 2709 stola
461 2650 555 2714 90,
597 2649 667 2704 ad
694 2647 1023 2718 Lupicinum
1062 2646 1268 2717 scripta
1318 2661 1461 2701 anno
1524 2645 1651 2702 M7.
1699 2644 1838 2701 Nam

271 2758 331 2799 se
386 2741 695 2797 senectutis
747 2739 1016 2795 terminos
1083 2737 1392 2809 ingressum
1467 2734 1848 2792 Theodoretus

270 2832 465 2889 scribit
491 2849 507 2884 :
539 2845 647 2901 qua
672 2827 938 2899 loquendi
965 2827 1143 2882 forma
1164 2826 1410 2883 medium
1452 2835 1670 2896 tempus
1699 2825 1845 2880 indi-

270 2933 453 2985 catur,
477 2921 627 2993 quod
655 2921 803 2976 inter
828 2928 1086 2975 octavum
1132 2926 1192 2975 et
1236 2933 1444 2973 nonum
1473 2917 1846 2988 septenarium

267 3012 510 3079 exsistit,
528 3020 694 3082 atque
714 3010 857 3065 adeo
880 3010 1103 3066 circiter
1123 3006 1544 3078 sexagesimum.

340 3101 485 3159 XVI.
527 3100 683 3155 Adde
733 3098 884 3169 quod
935 3098 1213 3153 Zenonem
1260 3096 1591 3150 monachum
1634 3095 1842 3161 invisit,

270 3204 396 3247 cum
424 3199 578 3247 esset
599 3188 807 3260 iunior,
834 3195 891 3242 et
922 3195 1104 3241 tamen
1134 3186 1326 3251 lector,
1374 3194 1538 3255 atque
1574 3200 1845 3241 annorum

271 3285 497 3342 circiter
521 3283 717 3354 viginti
747 3292 805 3337 et
834 3281 1100 3336 duorum:
1125 3280 1314 3334 invisit
1339 3287 1524 3333 autem
1557 3292 1703 3333 anno
1720 3278 1844 3339 408,

274 3386 335 3432 ut
360 3378 417 3430 in
434 3375 760 3431 recensione
793 3373 1069 3428 Philotbei
1099 3371 1445 3428 ostendetur.

338 3464 506 3523 XVII.
537 3465 656 3521 Jam
684 3477 817 3517 vero
868 3462 978 3516 vita
1026 3461 1275 3514 functum
1331 3456 1676 3514 ostendimus
1705 3472 1847 3513 anxo

271 3558 396 3620 457,
421 3563 522 3611 aut
540 3553 648 3609 458
677 3554 737 3607 ‘°.
787 3552 936 3606 Vixit
976 3550 1143 3621 igitur
1189 3564 1361 3604 annos
1410 3547 1753 3618 septuaginta
1790 3556 1849 3604 et

272 3664 462 3707 unum.
496 3654 597 3701 aut
628 3643 974 3714 septuaginta
1005 3642 1166 3697 duos.

334 3738 522 3794 XVIII.
543 3737 602 3791 In
630 3742 875 3790 naturam
901 3733 1307 3802 chronologiam
1352 3731 1631 3787 consentit
1665 3729 1845 3784 cardi-

272 3830 407 3884 nalis
433 3828 757 3887 Pen-unius,
807 3824 905 3879 lib.
963 3840 1020 3878 tu
1066 3823 1145 3877 De
1198 3822 1558 3885 Eucharistia,
1599 3837 1717 3890 cap.
1758 3822 1844 3884 l7,

271 3916 362 3970 ubi
377 3915 793 3971 Theodoretum
819 3912 984 3967 tradit
1004 3911 1317 3966 ordinatura
1337 3911 1505 3965 fuisse
1533 3926 1727 3964 novrm
1755 3918 1850 3964 aut

272 3986 456 4064 decem
482 4006 644 4061 annis
664 4003 951 4073 ante251
984 4002 1197 4057 obitum
1233 4001 1559 4072 Augustini;
1590 4017 1713 4056 nam
1737 4001 1849 4055 Au-

272 4099 545 4170 gustinus,
581 4107 645 4151 ut
667 4094 913 4150 omnium
946 4102 1203 4148 constans
1222 4101 1306 4147 est
1330 4092 1537 4161 opinio,
1559 4107 1704 4146 anno
1745 4091 1850 4146 450

270 4206 335 4246 ex
360 4191 463 4245 hac
496 4188 610 4243 vita
644 4181 906 4241 decessit.
964 4184 1061 4239 Est
1099 4192 1282 4237 autem
1324 4183 1469 4253 apud
1522 4183 1844 4238 Perronium

271 4298 335 4336 eo
377 4281 485 4336 loci
530 4277 774 4334 enormis
818 4290 1111 4346 operarum
1156 4290 1312 4329 error
1354 4275 1407 4328 in
1448 4284 1624 4329 morte
1665 4278 1849 4345 Augu-

272 4373 420 4435 stini,
454 4387 581 4427 nam
612 4386 713 4440 pro
735 4368 842 4424 430
864 4375 1167 4438 posuerunt
1193 4366 1317 4421 590.

338 4462 479 4517 XIX.
538 4460 803 4516 Dissentit
858 4458 1153 4512 cardinalis
1212 4457 1534 4511 Barouius:

272 4555 417 4608 enim
468 4551 878 4607 Thcodoretum
922 4549 1127 4604 obiisse
1157 4565 1303 4602 almo
1332 4548 1456 4611 455,
1488 4548 1747 4617 quoniam
1776 4548 1844 4604 de

271 4660 336 4701 eo
364 4655 553 4715 postca
572 4643 769 4697 siletur
803 4658 818 4707 ;
856 4656 1048 4694 verum
1084 4655 1151 4694 eo
1201 4656 1346 4693 anno
1389 4640 1600 4694 litteras
1636 4641 1848 4709 accepit

270 4754 302 4791 a
328 4745 519 4793 sancto
546 4736 751 4797 Leone,
784 4741 841 4787 et
873 4733 1072 4786 librum
1121 4732 1295 4785 edidit
1335 4731 1410 4785 De
1452 4732 1720 4786 Illerelicis
1760 4734 1845 4801 [a-

272 4828 425 4891 bulis,
451 4838 508 4882 et
530 4836 718 4896 postea
762 4826 816 4878 iu
867 4822 1283 4885 Octatcuchum,
1321 4823 1490 4877 libros
1526 4825 1753 4893 Regum,
1783 4833 1840 4878 et

275 4921 684 4988 Paralipomena
708 4957 725 4984 ,
774 4916 1106 4986 quaestiones
1167 4915 1507 4983 composuit,
1543 4924 1601 4968 ut
1638 4910 1710 4969 ‘in
1750 4931 1838 4969 re-

271 5012 527 5065 censione
578 5009 779 5078 prioris
832 5006 1001 5076 partis
1032 5005 1188 5075 primi
1225 5004 1464 5075 Operum
1492 5006 1621 5060 tomi
1658 5015 1841 5061 osten-

266 5104 451 5158 detur.

338 5193 457 5248 XX.
489 5191 757 5248 Dissentit
794 5188 963 5244 etiam
1005 5188 1321 5243 Blondcllus
1356 5188 1410 5241 in
1440 5188 1846 5260 Prolegomcuis

272 5285 395 5340 libri
440 5285 710 5339 adversus
752 5280 1082 5335 Turrianum
1115 5278 1182 5333 de
1214 5278 1471 5347 Epistolis
1520 5280 1840 5335 canonicis:

269 5378 437 5431 tradit
464 5376 613 5430 enim
656 5371 1064 5428 Thcodoretum
1094 5368 1292 5424 vixisse
1323 5368 1388 5422 ad
1431 5383 1636 5427 annum
1671 5386 1845 5442 usque

1585 4457 1846 4526 opinatur

1950 1826 2114 1898 giam,
2169 1845 2367 1899 nempe
2415 1840 2540 1900 post
2593 1842 2854 1888 vastatam
2888 1851 2918 1890 a
2961 1837 3222 1893 Romanis
3250 1840 3518 1905 Iudaeam,

1949 1920 2298 1990 excisamque
2329 1921 3004 1996 Hierosolymam,oportet
3020 1927 3308 1999 scripsisse
3337 1930 3521 1987 Theo-

1954 2011 2206 2066 doretum
2239 2029 2383 2068 anno
2420 2015 2544 2070 472.

2016 2100 2159 2155 XXI.
2198 2104 2393 2157 Verum
2424 2105 2743 2171 Marcellini,
2764 2108 2943 2171 Bedae,
2970 2109 3176 2166 Adonis
3199 2122 3257 2167 et
3294 2113 3521 2169 Frecul-

1951 2190 2045 2260 phi
2067 2193 2368 2249 auctoritas
2396 2210 2505 2249 non
2538 2205 2623 2251 est
2651 2197 2758 2251 alia
2785 2198 2889 2253 hac
2928 2199 2983 2253 in
3018 2209 3173 2270 parte
3203 2218 3366 2272 quam
3399 2219 3524 2274 quae

1948 2281 2239 2348 Gennadii,
2288 2286 2446 2356 cujus
2490 2302 2682 2343 omnes
2733 2290 2901 2344 verba
2948 2291 3380 2362 descripserunt,
3427 2296 3522 2351 alii

1949 2373 2293 2444 simpliciter,
2327 2376 2417 2431 alii
2444 2378 2647 2434 additis
2678 2379 2747 2434 de
2776 2395 2877 2435 suo
2898 2382 3203 2447 erroribus,
3246 2392 3328 2448 ut,
3371 2384 3520 2454 quod

1950 2462 2198 2520 ﬂoruerit
2223 2467 2329 2521 sub
2360 2468 2563 2532 Leone,
2586 2485 2710 2523 cum
2742 2470 2846 2525 sub
2876 2486 2943 2526 eo
2985 2480 3260 2529 mortuum
3305 2473 3524 2530 Genna-

1949 2554 2074 2610 dius
2095 2557 2321 2612 scribat.
2351 2557 2617 2614 Gennadii
2652 2576 2819 2630 porro
2846 2563 3150 2619 auctoritas
3198 2566 3350 2620 nulla
3396 2574 3518 2621 est:

1949 2647 2213 2718 deceptus
2241 2650 2390 2704 enim
2424 2649 2480 2704 in
2505 2666 2572 2705 eo
2601 2650 2724 2716 fuit,
2752 2653 2900 2722 quod
2930 2652 2998 2708 de
3023 2653 3249 2708 historia
3276 2655 3524 2711 Tbeodo~

1949 2740 2053 2796 reti
2094 2740 2295 2795 litteris
2340 2741 2647 2806 mandavit,
2693 2752 2754 2797 ut
2797 2753 2984 2813 postea
3026 2744 3517 2801 demonstrabitur.

1948 2831 2067 2887 1am
2093 2848 2224 2887 vero
2251 2832 2632 2889 Theodoretus
2657 2835 2711 2889 in
2733 2835 3078 2905 expositione
3108 2837 3521 2895 Deuterononiii

1951 2922 2384 2993 quadringentos
2411 2940 2585 2979 annos
2614 2925 2750 2979 dixit
2806 2927 3039 2996 integro.
3095 2934 3156 2980 ut
3199 2930 3370 2987 moris
3411 2938 3518 2995 est,

1873 3049 1916 3107 ο
1948 3028 2212 3078 numero,
2274 3030 2399 3067 cum
2448 3015 2703 3069 deessent
2746 3017 2874 3069 anni
2923 3017 3189 3071 duntaxat
3242 3018 3520 3074 sexdecim

1949 3112 2046 3156 aut
2070 3104 2486 3173 septemdecim,
2525 3121 2627 3160 nec
2650 3106 2950 3174 pertineret
2978 3108 3044 3160 ad
3086 3122 3199 3161 rem
3242 3117 3390 3163 tanta
3419 3126 3522 3165 nu-

1953 3195 2200 3249 merandi
2229 3194 2504 3266 ἀκρίϐεια,
2534 3204 2594 3248 ut
2619 3210 2719 3250 suo
2753 3196 2875 3250 loco
2902 3197 3203 3252 videbitur.

2166 3329 2180 3347 ⁶
2208 3324 2234 3395 §
2263 3326 2328 3381 Π.
2348 3327 2386 3381 Α
2421 3345 2521 3398 quo
2552 3328 2898 3383 Tlteodoretus
2932 3332 3210 3386 ordinatus
3237 3334 3325 3387 sit.

2021 3463 2061 3517 l.
2091 3462 2420 3529 Qtimstionis
2452 3464 2654 3518 solutio
2700 3465 2974 3533 dependet
3014 3482 3080 3521 ex
3113 3475 3385 3538 tempore.
3412 3484 3523 3541 quo

1948 3552 2037 3606 vel
2072 3551 2408 3614 Theodotus,
2429 3552 2516 3606 vel
2544 3552 2853 3607 Alexander
2881 3554 3150 3610 Theodoti
3197 3572 3519 3626 praecessor,

1951 3628 2352 3698 Antiochenam
2383 3644 2685 3698 Ecclesiam
2716 3645 2876 3698 rexit.
2913 3644 2969 3700 Si
3008 3647 3156 3701 enim
3203 3648 3523 3706 Theodotus

1950 3742 2188 3804 quatuor
2217 3743 2426 3789 tantum
2458 3751 2631 3790 annos
2654 3737 2814 3800 sedit,
2851 3736 2996 3806 quod
3028 3738 3145 3792 vult
3183 3740 3527 3810 Nicephorus

1951 3825 2595 3895 Constantinopolitanus
2632 3826 2686 3880 in
2709 3826 2966 3899 Catalogo
3000 3831 3383 3900 episcoporum
3408 3833 3520 3886 Anc

1954 3917 2361 3980 tiochenorum,
2407 3927 2628 3986 oportet
2678 3918 3086 3975 Theodoretum
3119 3921 3190 3975 ab
3216 3921 3523 3978 Alexandro

1950 4006 2264 4061 ordinatum
2289 4022 2410 4061 esse
2436 4022 2451 4072 ;
2488 4007 2956 4078 siquidem252
2986 4010 3348 4067 ordinationis
3379 4021 3522 4067 tem-

1958 4112 2063 4166 pus
2085 4112 2114 4150 a
2144 4097 2324 4161 nobis,
2344 4104 2405 4150 ut
2432 4105 2666 4167 oportet,
2698 4100 3056 4154 constitutum
3080 4109 3193 4155 est;
3218 4103 3303 4156 sin
3335 4114 3521 4159 autem

1950 4186 2268 4243 Theodotus
2315 4187 2591 4243 sexdecim
2643 4204 2820 4243 annos
2863 4191 3049 4246 sedem
3080 4195 3342 4257 tenuerit.
3370 4196 3518 4265 quod

1949 4280 2069 4333 vult
2122 4279 2411 4341 Baronius,
2462 4278 2566 4332 fuit
2613 4288 2761 4335 certe
2815 4281 3144 4340 Theodoreti
3210 4286 3517 4344 ordinator.

1878 4368 2206 4434 DQuaastio,
2235 4383 2353 4422 mea
2382 4368 2604 4437 quidem
2647 4370 2939 4435 sententia,
2983 4372 3142 4428 facile
3186 4373 3368 4429 decidi
3420 4391 3518 4446 po-

1949 4467 2074 4515 test.

2015 4549 2080 4603 II.
2105 4547 2330 4603 Certum
2363 4547 2510 4602 enim
2555 4554 2640 4602 est
2683 4547 2883 4615 primo,
2936 4552 3238 4621 Porphyrio
3287 4555 3520 4609 Alexan-

1947 4640 2128 4703 drum,
2163 4638 2473 4694 Alexandro
2516 4638 2865 4694 Theodotum
2909 4642 3266 4708 successisse;
3303 4654 3515 4699 certum

1947 4747 2164 4802 quoque
2217 4729 2581 4800 Porphyrium
2621 4745 2766 4784 anno
2797 4730 2901 4786 408
2925 4772 2939 4795 ,
2994 4732 3339 4789 Theodotum
3371 4751 3518 4789 anno

1947 4825 2049 4879 4‘27
2090 4823 2408 4878 defunctum
2435 4837 2592 4877 esse:
2633 4838 2805 4891 quare
2834 4825 3213 4880 novemdecim
3245 4842 3515 4881 annorum

1946 4917 2181 4986 spatium
2239 4914 2535 4969 Alexandri
2589 4923 2647 4969 et
2696 4915 2963 4971 Theodoti
3001 4918 3118 4972 sedi
3170 4919 3515 4987 partiendum

1946 5017 2049 5062 est.
2078 5006 2214 5063 Cum
2251 5022 2384 5077 ergo
2429 5007 2688 5077 opinetur
2730 5008 2998 5064 Baronius
3040 5010 3380 5064 Theodotum
3426 5028 3518 5066 se-

1949 5098 2093 5152 disse
2124 5096 2401 5152 sexdecim
2430 5111 2624 5159 annos,
2655 5104 2768 5152 tres
2792 5105 3000 5153 tantum
3032 5100 3341 5156 Alexandro
3380 5101 3514 5156 relic

1949 5190 2098 5258 quit:
2127 5197 2319 5243 contra
2343 5202 2474 5242 vero
2494 5187 2839 5256 Nicephorus
2855 5189 3511 5262 Constantinopolitanns,

1949 5296 2075 5333 eum
2104 5279 2392 5334 Theodoto
2421 5283 2658 5345 quatuor
2683 5275 2947 5333 duntaxat
2973 5296 3147 5334 annos
3176 5281 3400 5349 tribuat,
3422 5296 3520 5336 ne-

1951 5386 2104 5425 cesse
2128 5381 2213 5425 est
2241 5378 2301 5424 ut
2326 5364 2635 5422 Alexandro
2668 5367 2929 5424 tredecim
2958 5370 3213 5443 assignet.

1616 5523 1939 5581 SIIHULZII
1971 5524 2205 5580 NOTAE.

339 5677 359 5707 ‘
388 5675 511 5729 Yid.
546 5689 736 5742 supra.
761 5689 815 5741 p.
854 5673 975 5727 135.
1055 5673 1096 5701 ¹⁰
1134 5669 1255 5726 V'id.
1285 5684 1469 5737 supra,
1497 5687 1550 5740 p.
1576 5669 1700 5725 207.

591 5769 860 5828 PATROL.
910 5769 1023 5828 Gn.
1090 5767 1179 5826 LX
1194 5764 1396 5825 XXIV.
