4024 6152
512 182 617 246 203

1621 180 1997 241 GARNERII
2036 179 2528 243 DISSERTATIO
2559 186 2639 243 ΙΙ.

3634 194 3719 257 Q'JI

577 295 667 349 lli.
702 293 761 348 In
816 308 966 346 suam
1011 293 1325 362 opinionem
1368 291 1634 346 Duronius
1687 291 1959 345 abductus
1994 299 2081 344 est
2112 299 2152 352 Α
2183 292 2600 360 scptuagenario
2627 294 2786 365 longe
2823 296 3014 366 major,
3044 297 3256 351 litteras
3285 313 3315 351 a
3363 297 3567 368 Cyrillo
3594 302 3722 359 datas

517 383 724 438 mutuis
770 383 937 436 Attici
980 382 1046 435 ad
1093 381 1390 451 Cyrillum,
1423 389 1478 433 et
1506 381 1693 449 Cyrilli
1738 380 1805 434 ad
1837 380 2079 434 Atticum

511 474 736 538 litteris,
781 489 917 542 quas
951 473 1297 540 Nicephorus
1340 471 1599 527 Callistus
1638 471 1807 526 refert
1845 489 1857 524 :
1901 472 1958 526 in
1989 471 2081 525 'iis

511 565 659 618 enim
680 565 900 618 videtur
927 563 1135 617 mentio
1168 562 1284 617 lieri
1312 562 1605 616 Alexandri
1632 562 1781 616 velut
1810 562 2077 627 defuncti,

509 669 565 711 et
586 655 853 710 Theodoti
881 663 1137 722 tanquam
1156 653 1409 708 viventis.
1431 652 1569 707 Cum
1588 667 1717 724 ergo
1737 654 1838 707 has
1866 653 2079 708 litteras

510 746 778 800 Duronius
808 744 1043 813 scriptas
1063 753 1219 813 putet
1244 760 1389 799 anno
1418 746 1543 810 412,
1575 760 1686 814 quo
1718 760 1863 799 anno
1884 744 2079 799 sedere

509 837 677 906 cmpit
721 837 977 907 Cyrillus,
1036 851 1259 891 necesse
1310 846 1395 890 est
1439 845 1500 890 ul.
1541 836 1887 891 Theodotum
1931 836 2079 889 dicat

510 941 636 981 ante
677 927 939 997 Cyrillum
976 942 1085 981 uno
1138 928 1330 981 saltem
1372 944 1519 983 anno
1555 927 1786 991 sedisse,
1814 936 1978 996 atque
2004 928 2077 980 ita

509 1017 780 1072 sexdecim
810 1032 986 1070 annos
1024 1016 1379 1071 Antiocheme
1408 1017 1667 1071 Ecclesia:
1688 1016 1991 1085 praefuisse,
2023 1026 2078 1069 et

510 1108 741 1177 proinde
772 1117 885 1161 tres
909 1116 1118 1161 tantum
1144 1108 1536 1160 Alexandrum.

574 1200 661 1253 IV.
713 1200 769 1253 Si
812 1198 1219 1252 Theodoretum
1266 1197 1641 1268 Cyrillumque
1699 1195 1974 1258 audimus,
2018 1204 2077 1246 ut

506 1298 655 1345 certe
698 1307 789 1359 par
834 1300 939 1352 est,
989 1289 1302 1343 refellemus
1329 1288 1504 1356 primo
1535 1287 1902 1354 Nicephorum
1925 1284 2072 1338 Con-

505 1379 1076 1448 stantinopolitanum,
1130 1384 1367 1446 quatuor
1417 1381 1627 1427 tantum
1684 1386 1856 1424 annos
1889 1370 2073 1423 Theo-

506 1471 635 1525 doto
663 1473 967 1525 tradentem
998 1488 1011 1521 :
1050 1467 1428 1523 Theodorctus
1459 1465 1604 1519 enim
1637 1479 1729 1518 sex
1767 1478 1940 1517 annos
1968 1463 2078 1517 sal-

506 1574 612 1616 tem
649 1562 931 1616 Theodoto
956 1561 1214 1629 assignat,
1247 1572 1369 1611 cum
1420 1556 1523 1609 sub
1556 1571 1623 1610 eo
1663 1572 1759 1610 sex
1809 1569 1867 1608 se
1906 1569 2078 1609 annos

505 1655 755 1709 docuisse
796 1652 1099 1707 Antiochia:
1139 1650 1338 1703 referat
1394 1649 1447 1702 in
1497 1647 1693 1701 litteris
1734 1647 1801 1700 ad
1844 1647 2071 1700 Diosco-

506 1763 646 1800 I‘lllll.

573 1837 635 1889 ν.
672 1834 1002 1888 Refellemus
1047 1832 1247 1887 deinde
1288 1831 1605 1892 Baronium,
1639 1840 1858 1884 mutuas
1904 1828 2071 1883 Attici

500 1936 555 1981 et
575 1924 760 1997 Cyrilli
786 1924 1016 1987 litteras,
1048 1923 1324 1992 inquibus
1349 1922 1407 1976 fit
1428 1921 1633 1976 mentio
1664 1908 2069 1990 Theodotijam

502 2017 764 2082 sedentis,
798 2015 1119 2085 opinantem
1155 2014 1312 2068 datas
1342 2026 1488 2067 anno
1519 2013 1644 2077 412,
1686 2027 1797 2082 quo
1833 2011 2069 2081 Cyrillus

501 2110 786 2165 ordinatus
823 2116 909 2162 est
945 2124 958 2159 :
1006 2106 1293 2159 ruinosum
1338 2105 1483 2159 enim
1531 2114 1615 2159 est
1647 2104 2068 2159 fundamentum

501 2214 610 2269 quo
638 2207 747 2252 tota
779 2196 950 2265 ipsius
990 2194 1058 2249 de
1084 2194 1242 2248 annis
1274 2193 1541 2247 Theodoti
1568 2193 1755 2261 opinio
1794 2190 2067 2245 innititur.

503 2289 634 2342 Nam
687 2286 1068 2341 Theodoretus
1100 2285 1263 2338 docet
1297 2282 1668 2337 Alexandrum
1712 2281 2070 2335 Antiochense

500 2377 759 2435 Ecclesia:
787 2378 971 2445 aliquo
985 2385 1248 2444 tempore,
1271 2389 1381 2443 quo
1413 2374 1649 2443 Cyrillus
1671 2372 2066 2434 Alexandrinae,

500 2470 782 2541 prmfuisse
829 2487 842 2522 :
894 2487 913 2519 ε
973 2469 1052 2522 Eo
1106 2476 1350 2535 tempore
1389 2463 1732 2519 Alexandria:
1776 2463 2070 2531 episcopus

497 2562 735 2633 Cyrillus
756 2558 1191 2628 erat,Theophili
1217 2558 1403 2611 fratris
1426 2554 1787 2625 filius,patrui
1806 2554 1861 2607 in
1877 2553 2068 2608 cathe-

499 2649 596 2704 dra
627 2663 929 2705 successor.
966 2647 1468 2717 Hierosolymitaua:
1494 2660 1624 2698 vero
1652 2643 1910 2698 Ecclesiae
1928 2658 2067 2712 prae-

497 2753 618 2798 erat
639 2744 878 2797 Joannes
900 2741 983 2794 vir
1015 2740 1322 2802 laudabilis,
1347 2739 1441 2808 qui
1474 2738 1677 2809 Cyrillo
1706 2746 2064 2791 successerat.

497 2834 871 2888 Antiochenos
890 2832 1149 2902 pascebat
1166 2829 1489 2891 Alexander,
1508 2830 1666 2899 cujus
1693 2828 1816 2882 vita:
1844 2828 2066 2881 institu-

498 2925 575 2979 tio
600 2924 939 2994 episcopatui
965 2922 1302 2992 congruebat
1324 2922 1419 2974 ιι.»
1445 2920 1697 2975 Nondum
1734 2920 1900 2988 igitur
1922 2932 2066 2971 anno

497 3018 600 3072 H2
635 3016 952 3070 Theodotus
1002 3024 1122 3069 erat
1159 3013 1471 3083 episcopus,
1511 3012 1715 3081 alioqui
1767 3010 2071 3065 Alexander

496 3124 606 3164 non
628 3114 770 3163 esset
808 3106 1134 3169 recensitus,
1168 3104 1264 3159 sed
1291 3103 1614 3159 Theodotus
1644 3119 1657 3156 :
1688 3118 1858 3173 quare
1891 3102 2073 3156 detra—

497 3200 711 3255 hendus
738 3210 821 3252 est
853 3214 995 3251 unus
1024 3206 1119 3250 aut
1147 3198 1286 3250 alter
1320 3196 1515 3251 saltem
1558 3209 1737 3247 annus
1761 3208 1831 3247 ex
1853 3206 2070 3246 summa

493 3290 730 3354 Baronii,
756 3306 863 3359 qua
892 3288 1232 3342 detractione
1259 3286 1590 3341 discohaeret
1639 3284 1815 3354 ipsius
1843 3282 2064 3337 ratioci-

494 3384 665 3437 nium.

558 3477 642 3529 VI.
683 3476 758 3528 Ex
784 3473 979 3528 eodem
1012 3472 1134 3525 Ioco
1167 3468 1484 3532 conﬁcitur,
1526 3468 1734 3538 aliquot
1758 3468 1939 3525 adhuc
1967 3471 2067 3526 de-

495 3566 793 3623 trahendos
846 3582 858 3616 :
916 3578 1042 3617 nam
1089 3561 1408 3615 Theodotus
1445 3575 1555 3614 non
1606 3560 1810 3614 dicitur
1858 3562 2066 3618 sedisse

493 3657 685 3712 eodem
723 3664 970 3723 tempore
988 3650 1315 3714 Antiochiae,
1345 3664 1456 3719 quo
1487 3648 1726 3704 Joannes
1751 3648 2066 3723 Hieroson-

495 3749 598 3803 mis
627 3764 640 3800 :
675 3747 867 3801 sedere
911 3744 1076 3815 igitur
1113 3743 1301 3812 cmpit,
1331 3749 1391 3795 ut
1421 3756 1584 3811 quam
1613 3742 1890 3806 ocissime,
1920 3759 2064 3798 anno

496 3840 722 3906 tlﬁjam
752 3837 968 3891 alfecto.
1002 3831 1456 3903 Quandoquidem
1495 3831 1736 3887 Joannes
1768 3832 2062 3887 defunctus

492 3940 576 3985 cst
604 3930 795 3983 eodem
840 3926 999 3996 253
1042 3926 1161 3995 ipso
1219 3938 1365 3979 anno
1393 3923 1496 3978 416
1525 3963 1539 3988 ,
1571 3923 1897 3978 detrahendi
1933 3931 2061 3978 sunt

494 4021 658 4091 Igitur
692 4027 801 4073 tres
826 4017 1008 4071 adhuc
1029 4016 1181 4069 anni.

563 4111 669 4165 VII.
703 4110 901 4164 Verum
926 4107 1296 4162 detrahendus
1319 4106 1486 4160 etiam
1518 4106 1708 4175 plures
1749 4104 1944 4159 suadet
1973 4105 2057 4174 ip-

491 4214 663 4257 semet
694 4202 948 4272 Cyrillus,
985 4199 1077 4269 qui
1111 4207 1262 4262 tunc,
1298 4213 1422 4251 cum
1453 4196 1724 4251 scriberet
1748 4196 1949 4258 Attico,
1988 4196 2055 4250 ad

2181 395 2300 434 esse
2330 390 2546 450 oportet
2563 398 2708 437 anno
2725 385 2945 439 circiter
2966 387 3090 450 419,
3115 402 3225 455 quo
3248 395 3492 455 tempore
3522 388 3722 446 Aeacius

2180 476 2300 549 erat
2315 466 2428 520 fere
2447 471 2862 538 octogenarius;
2895 472 2975 527 sic
2996 473 3144 527 enim
3167 475 3438 530 aestimare
3458 492 3722 545 possumus

2181 554 2353 623 ipsius
2374 557 2559 611 vitam.

2250 648 2341 701 IX.
2369 648 2666 705 Ordinatus
2701 660 2786 705 est
2808 652 2883 707 ab
2911 653 3151 710 Eusebio
3187 657 3578 724 Samosatensi,
3613 678 3719 734 syn-

2180 738 2272 792 odi
2333 741 2688 796 Antiochenae
2723 744 2925 813 legato,
2954 761 3099 802 anno
3122 749 3247 814 578,
3288 758 3383 804 aut
3420 753 3598 821 potius
3616 754 3721 818 379,

2182 839 2469 899 postquam
2499 843 2555 886 et
2584 849 2641 888 se
2672 838 2972 892 monastica
3000 840 3109 894 vita
3157 840 3251 894 diu
3296 844 3644 909 exercuisset,
3676 857 3762 901 et.

2182 936 2295 972 rem
2364 923 2691 977 catholicam
2751 926 3013 983 adversus
3070 930 3301 985 Arianos
3352 936 3568 1005 egregie
3619 952 3723 991 cum

2180 1012 2489 1067 sanctitatis
2530 1014 2664 1069 viris
2692 1021 3076 1085 promovisset.
3155 1021 3286 1076 Erat
3318 1022 3486 1093 igitur
3513 1028 3726 1095 quadra-

2178 1102 2327 1171 ginta
2359 1105 2549 1159 saltem
2590 1122 2763 1161 annos
2791 1119 2970 1174 natus,
3006 1128 3128 1166 cum
3175 1114 3464 1171 ordinatus
3491 1125 3603 1183 est;
3639 1119 3726 1174 fuit

2180 1193 2329 1294 enim
2389 1196 2482 1249 diu
2520 1200 2823 1271 presbyter,
2880 1212 3171 1273 antequam
3213 1208 3506 1277 episcopus
3561 1226 3574 1262 :
3618 1226 3723 1280 qua:

2179 1285 2325 1336 enim
2348 1285 2527 1340 minor
2575 1297 2707 1343 aetas
2763 1292 2930 1347 tantis
2978 1294 3143 1348 rebus
3194 1312 3294 1365 par
3340 1300 3521 1353 esset?
3567 1300 3726 1367 Quare

2179 1391 2324 1432 anno
2352 1379 2453 1433 419
2476 1380 2565 1434 vix
2591 1386 2944 1454 octogenario
2984 1388 3164 1443 minor
3213 1389 3338 1454 fuit,
3373 1401 3609 1462 tuncque
3631 1393 3723 1449 dici

2179 1470 2357 1539 potuit
2401 1473 2469 1526 ad
2501 1483 2803 1531 extremam
2858 1488 3194 1535 senectutem
3248 1484 3583 1552 pervenisse.
3610 1485 3724 1555 Opis

2179 1576 2282 1614 nor
2298 1562 2466 1632 igitur
2495 1565 2707 1621 litteras
2730 1570 2917 1639 Cyrilli
2950 1586 2979 1624 a
3014 1572 3326 1642 Nicephoro
3370 1574 3594 1630 Callisto
3614 1593 3724 1647 pro-

2108 1639 2147 1694 Β
2179 1652 2336 1718 latas,
2367 1655 2384 1675 θ
2418 1657 2694 1725 pertinere
2726 1661 2793 1714 ad
2845 1677 3048 1716 annum
3095 1639 3316 1720 circiter
3350 1666 3474 1732 420,
3515 1639 3726 1723 mentio-

2179 1759 2413 1814 nemque
2435 1747 2491 1799 in
2517 1747 2585 1802 iis
2613 1747 2731 1803 ﬁeri
2751 1750 3042 1815 Theodoti,
3064 1754 3176 1823 jam
3201 1769 3370 1808 unum
3394 1764 3487 1809 aut
3512 1757 3725 1811 alterum

2178 1846 2381 1886 annum
2413 1834 2471 1888 in
2496 1837 2811 1906 episcopatu
2853 1840 3079 1909 agentis.

2249 1923 2316 1977 Χ.
2346 1924 2638 1981 Stahilitur
2678 1929 2866 1984 istbmc
2895 1931 3080 1999 opinio
3139 1933 3461 1988 auctoritate
3491 1935 3729 1992 Theodo-

2178 2014 2302 2079 reti,
2332 2016 2608 2071 narrantis
2632 2019 2762 2087 quid
2784 2022 2948 2090 paulo
2968 2032 3092 2077 ante
3122 2035 3351 2079 mortem
3373 2027 3730 2083 sanctissimus

2177 2106 2482 2160 monachus
2529 2108 2676 2163 Zeno
2726 2112 2900 2180 egerit
2952 2129 3075 2168 cum
3121 2115 3430 2172 Alexandro
3491 2118 3730 2188 episcopo

2176 2189 2524 2259 Antiochiae;
2580 2195 2635 2248 id
2685 2199 2829 2252 enim
2881 2217 2987 2255 non
3038 2203 3472 2273 improbabiliter
3519 2209 3731 2279 contigit

2176 2281 2362 2349 plures
2400 2294 2522 2353 post
2547 2301 2739 2353 annos,
2764 2305 2927 2359 quam
2956 2293 3227 2350 Zenonem
3261 2296 3631 2355 Theodoretus
3658 2300 3731 2354 in-

2177 2373 2335 2438 visit;
2366 2376 2699 2434 invisitvero
2725 2396 2871 2437 anno
2896 2368 3017 2439 308.

2249 2467 2339 2521 XI.
2388 2470 2619 2525 Accedit
2663 2474 2814 2528 aliud
2857 2477 3133 2546 opinionis
3195 2479 3603 2537 fundamentum
3670 2499 3732 2537 ex

2176 2558 2374 2613 litteris
2411 2560 2575 2616 Attici
2605 2564 2673 2617 ad
2724 2565 3007 2636 Cyrillum,
3060 2585 3126 2623 ex
3173 2571 3374 2639 quibus
3430 2573 3574 2627 idem
3611 2575 3735 2628 satis

2176 2657 2364 2716 aperte
2390 2652 2743 2707 concluditur
2793 2673 2806 2708 :
2853 2658 3020 2712 refert
3047 2659 3194 2712 enim
3250 2661 3463 2717 Atticus
3496 2678 3574 2728 se,
3613 2680 3729 2718 cum

2175 2739 2437 2807 populum
2471 2744 2626 2798 urbis
2672 2746 2833 2816 regia:
2861 2750 3193 2804 commoveri
3235 2762 3506 2819 cerneret,
3538 2755 3733 2808 tumul-

2175 2837 2345 2898 tuque
2378 2832 2675 2903 eﬂlagitare
2718 2845 2779 2890 ut
2808 2839 2978 2893 sacris
3003 2840 3273 2911 diptychis
3300 2859 3497 2898 nomen
3520 2844 3736 2900 Joannis

2175 2920 2591 2988 inscriberetur,
2629 2925 3015 2995 imperatorem
3049 2930 3272 2994 adiisse,
3299 2941 3359 2985 ut
3387 2947 3452 2986 ex
3481 2948 3548 2988 eo
3569 2934 3734 2988 resci—

2174 3021 2260 3067 ret
2313 3013 2444 3082 quid
2490 3015 2635 3071 facto
2678 3028 2827 3074 esset
2875 3036 3044 3090 opus;
3109 3032 3165 3077 et
3214 3023 3596 3093 imperatorem
3645 3042 3735 3081 re-

2172 3104 2478 3171 spondisse,
2511 3126 2528 3157 ι
2565 3109 2703 3163 nihil
2750 3125 2872 3165 esse
2911 3113 3140 3182 periculi
3190 3126 3283 3170 aut
3310 3116 3656 3182 incommodi,
3690 3119 3736 3171 si

2171 3194 2417 3250 defuncti
2444 3198 2550 3252 viri
2572 3215 2795 3265 nomen,
2829 3204 3260 3272 tranquillitatis,
3292 3207 3440 3275 pacis
3465 3215 3520 3262 et
3552 3209 3737 3277 populi

2170 3287 2477 3342 concordia:
2507 3290 2701 3358 gratia,
2730 3292 2930 3347 tabulis
2963 3295 3377 3350 inscriberetur.
3414 3316 3431 3348 i
3468 3297 3535 3352 At
3568 3298 3612 3352 si
3637 3299 3737 3351 da—

2172 3385 2443 3432 taeessent
2487 3378 2683 3435 littera:
2727 3399 2873 3438 anno
2912 3385 3091 3453 primo
3117 3384 3327 3458 Cyrilli,
3379 3388 3434 3442 id
3480 3397 3565 3446 est
3592 3406 3743 3444 anno

2167 3466 2291 3532 412,
2350 3468 2628 3524 fatendum
2678 3482 2825 3527 esset
2853 3475 3030 3535 datas,
3072 3493 3196 3531 cum
3250 3479 3339 3533 vix
3384 3479 3739 3534 undecimum

2167 3574 2369 3613 annum
2418 3560 2689 3630 attigisset
2731 3563 3052 3634 imperator,
3091 3584 3197 3637 qua
3254 3576 3414 3624 aetate
3473 3585 3610 3640 puer
3637 3586 3743 3623 nec

2165 3646 2375 3700 consuli
2401 3648 2560 3711 solet,
2586 3664 2689 3717 nec
2711 3651 2778 3705 de
2798 3654 2964 3708 rebus
2994 3656 3159 3710 tantis
3182 3658 3531 3726 respondere.
3555 3660 3746 3714 Potuit

2163 3750 2295 3790 vero
2317 3735 2659 3793 Theodosius
2685 3747 2742 3795 et
2772 3744 2983 3797 consuli
3017 3753 3073 3799 et
3092 3747 3448 3816 respondere,
3482 3748 3648 3821 254
3686 3751 3739 3804 si

2162 3830 2490 3884 sententiam
2523 3839 2748 3902 rogatus
2768 3842 2853 3889 est
2875 3850 3021 3890 anno
3071 3836 3193 3903 420,
3219 3837 3422 3909 quippe
3462 3840 3558 3909 qui
3604 3849 3747 3896 tunc

2160 3926 2306 3972 esset
2332 3920 2709 3977 novemdecim
2736 3938 3024 3980 annorum.

2231 4008 2349 4063 XII.
2374 4009 2516 4076 Quin
2545 4012 2713 4066 etiam
2745 4013 2956 4070 Atticus
2984 4016 3056 4071 ita
3104 4029 3293 4075 narrat
3334 4019 3633 4076 Alexandri
3682 4023 3746 4077 in

2161 4099 2297 4154 urbe
2332 4102 2500 4180 regia,
2533 4103 2873 4184 etTheodo_ti
2914 4108 2968 4160 in
2991 4107 3332 4165 Antiochena
3356 4111 3602 4177 civitate,
3636 4130 3745 4184 pro

2156 4189 2363 4244 Joanne
2392 4190 2783 4262 Chrysostomo
2815 4182 2868 4249 in
2908 4197 3119 4252 tabulas
3151 4201 3552 4257 ecclesiasticas
3589 4182 3748 4258 inter

490 4300 785 4350 extremam
820 4297 1158 4345 senectutem
1206 4288 1520 4358 pervenisse
1553 4286 1744 4341 scribit
1797 4286 2053 4341 Acacium
2090 4309 2129 4361 υ
2158 4281 2449 4351 episcopos
2483 4284 2792 4350 referendo,
2820 4302 2911 4342 res
2944 4298 3143 4358 gestas,
3170 4300 3231 4345 ut
3263 4292 3484 4362 longum
3518 4303 3750 4364 tempus

489 4383 832 4439 Berteensem
855 4380 1194 4451 episcopum.
1230 4398 1246 4429 ι
1273 4377 1495 4446 Accepi,
1519 4377 1617 4440 ait,
1646 4384 1703 4430 et
1721 4391 1823 4444 ego
1854 4392 1882 4431 a
1940 4377 2053 4431 Deo
2158 4372 2301 4428 inter
2321 4374 3133 4444 utriusqueactaintercessisse
3153 4385 3403 4439 ostendat
3423 4404 3435 4439 :
3455 4389 3751 4455 quomodo

486 4473 882 4536 amantissimo,
915 4471 1009 4541 qui
1031 4470 1099 4524 ad
1122 4480 1419 4525 extremam
1445 4477 1781 4522 senectutem
1809 4466 2057 4535 pervenit
2156 4478 2288 4520 vero
2319 4464 2739 4533 intercessisset,
2780 4470 2826 4523 si
2851 4471 3157 4528 Alexander
3195 4491 3398 4544 paucos
3421 4493 3597 4533 annos
3620 4479 3753 4549 epi-

488 4564 738 4625 felicitcr,
767 4562 989 4623 Acacio,
1020 4561 1252 4622 litteras,
1288 4560 1341 4612 in
1366 4559 1570 4627 quibus
1603 4567 1897 4615 asseverat.
1932 4560 2059 4612 rcIi-
2157 4564 2441 4626 scopatum
2483 4560 2772 4625 tenuisset,
2815 4571 2871 4616 et
2905 4563 3222 4620 Theodotus
3261 4569 3371 4638 jam
3422 4579 3535 4623 tum
3585 4587 3753 4625 anno

486 4652 850 4724 giosissimum
884 4648 1187 4703 Antiochia:
1226 4648 1527 4700 antistitem
1562 4646 1614 4698 vi
1639 4657 1888 4701 coactum
1934 4661 2054 4700 esse
2157 4647 2254 4701 4H
2283 4649 2656 4715 successisset,
2696 4660 2752 4706 et
2785 4667 2849 4707 ea
2902 4656 3178 4723 gessisset,
3211 4674 3333 4727 qua:
3383 4659 3602 4715 Αιιίουε
3656 4678 3755 4715 τε-

486 4763 513 4798 a
547 4743 898 4813 quibusdam,
931 4748 994 4793 ut
1024 4739 1250 4794 Joannis
1273 4737 1590 4791 memoriam
1620 4737 1922 4791 celebraret
1951 4739 2041 4790 ".i
2158 4734 2298 4790 fert?

485 4832 646 4901 Atqui
691 4832 736 4886 si
778 4829 1057 4885 scribebat
1102 4842 1246 4881 anno
1273 4826 1397 4888 412,
1451 4827 1598 4880 nulla
1631 4828 1841 4881 ratione
1863 4828 2047 4882 dicere
2229 4828 2367 4883 XIII.
2412 4830 2710 4887 Occasione
2750 4851 2917 4903 porro
2959 4836 3266 4892 litteratum
3327 4841 3492 4896 Attici
3539 4843 3759 4897 obser—

486 4931 698 4991 poterat
719 4921 786 4976 ad
808 4929 1110 4975 extremam
1138 4925 1477 4973 senectutem
1525 4919 1842 4987 pervenisse
1896 4935 2046 4983 eum,
2153 4920 2392 4974 vandum
2449 4933 2533 4976 est
2599 4923 2782 4978 Acacii
2859 4925 3137 4995 ingenium
3219 4931 3447 5000 tempori
3516 4935 3757 4988 servire.

483 5012 575 5081 qui
614 5012 796 5066 adhuc
846 5009 1039 5081 viginti
1083 5024 1176 5063 sex
1215 5023 1390 5062 annos
1418 5007 1793 5077 episcOpatum
1841 5009 2049 5064 tenuit:
2152 5020 2512 5080 promptum:
2562 5014 2757 5069 videns
2796 5018 2943 5069 enim
2988 5018 3354 5075 Alexandrum
3399 5038 3559 5077 suum
3623 5026 3763 5094 pri-

480 5104 662 5156 tenuit
692 5116 822 5155 vero
853 5101 1106 5165 Aeacius,
1133 5108 1194 5154 ut
1219 5098 1314 5168 qui
1333 5098 1537 5153 obierit
1565 5113 1709 5152 anno
1730 5098 1854 5153 4'56.
2150 5110 2373 5165 malem,
2400 5117 2523 5156 cum
2553 5120 2848 5174 capessens
2885 5108 3261 5179 episcopatum
3311 5128 3422 5168 sua:
3469 5114 3600 5168 lldei
3642 5115 3764 5168 lit-

555 5191 684 5245 VIII.
714 5190 849 5244 Cum
879 5207 1010 5259 ergo
1028 5200 1327 5246 extremam
1360 5194 1701 5243 senectutem
1734 5202 1899 5242 nemo
1923 5189 2052 5243 atti-
2150 5201 2296 5246 teras
2329 5193 2556 5248 Roman;
2600 5201 2668 5252 de
2715 5213 2866 5251 more
2916 5199 3198 5265 mitteret,
3254 5204 3437 5259 favere
3503 5205 3759 5267 Joanni,

480 5280 623 5347 gisse
648 5279 757 5334 dici
784 5281 974 5344 soleat,
998 5280 1104 5334 nisi
1136 5280 1230 5349 qui
1253 5279 1327 5333 sit
1358 5278 1759 5348 octogenarius,
1790 5288 2051 5335 autcerte
2153 5282 2319 5352 idque
2347 5299 2560 5339 summo
2592 5288 2836 5355 pontifici
2871 5289 3078 5357 testari,
3100 5291 3251 5346 dedit
3286 5302 3341 5348 et
3366 5294 3480 5365 ipse
3531 5296 3609 5351 ad
3650 5296 3764 5350 ln-

1831 5436 2148 5493 SCHULZII
2188 5440 2416 5496 NOTAE.

539 5571 585 5604 σί
617 5570 730 5628 \‘id.
776 5571 916 5628 Hist.
958 5573 1084 5629 εισι.
1122 5572 1221 5630 lib.
1251 5588 1299 5638 v,
1333 5587 1451 5641 cap.
1488 5571 1574 5627 35.
1657 5573 1695 5604 ”
1724 5573 1840 5631 Vid.
1901 5573 2085 5646 Cyrilli
2129 5577 2287 5646 epist.
2331 5577 2396 5632 ad
2436 5576 2692 5633 Atticum.
