4040 6172
255 300 360 366 205

1416 309 1515 369 DE
1555 312 1809 371 LIBRIS
1838 312 2345 373 THEODORETI.

3395 318 3502 382 206

258 412 573 468 nocentium
608 426 800 481 papam
829 414 1041 468 litteras
1088 415 1141 468 in
1186 394 1435 472 eam‘dem
1465 421 1793 475 sententiam
1816 462 1830 487 ,
1862 427 1909 483 Α
1937 438 2023 476 me
2047 438 2146 492 per
2189 422 2432 477 divinam
2468 423 2720 493 gratiam,
2767 432 2880 479 tum
2931 427 3230 494 apostolica
3275 429 3499 498 scripta,

258 518 573 571 quanquam
603 518 729 571 erga
769 503 1090 557 defunctum
1136 506 1321 560 animo
1373 506 1581 561 foveret
1618 511 1827 572 odium,

258 610 365 663 quo
394 595 575 662 palam
610 602 896 648 exarserat
924 596 979 649 in
1003 596 1213 649 vivum.

860 726 1085 783 CAPUT
1127 727 1192 781 11.

260 819 357 885 Qui
394 827 628 891 relgrum
694 820 1016 890 scriptorum
1096 818 1454 874 recensuerint
1526 818 1831 875 Theodoreti

959 904 1140 958 opera.

326 1003 552 1053 Veteres
580 1001 725 1064 ilico,
769 1002 861 1071 qui
890 1011 1017 1055 ante
1061 1010 1312 1055 nostrum
1378 1009 1706 1072 patrumque
1733 1019 1827 1057 sa:-

259 1094 433 1147 eulum
457 1094 801 1162 scripserunt
826 1094 1202 1162 :seripserunt
1220 1094 1259 1123 ¹³
1277 1109 1428 1157 vero,
1445 1093 1589 1164 quod
1608 1094 1828 1164 quidem

259 1188 439 1248 sciam,
472 1187 574 1240 soli
600 1186 864 1256 quinque,
892 1185 1274 1241 Theodoretus
1295 1186 1410 1255 ipse
1439 1225 1455 1250 ,
1516 1184 1832 1242 Gennadius

260 1279 442 1347 quinto
475 1277 698 1341 smeulo,
750 1277 980 1330 Photius
1012 1290 1179 1340 nono,
1211 1275 1554 1345 Nicephorus
1576 1275 1831 1333 Callistus

261 1364 465 1420 decimo
500 1372 719 1432 quarto,
749 1363 1095 1419 llebed-Jesu
1116 1363 1333 1419 decimo
1353 1364 1568 1434 quinto.

819 1475 846 1546 ᾗ
873 1477 913 1532 1.
948 1476 1319 1530 Theodoretus.

330 1584 365 1636 l.
396 1585 592 1637 Texuit
623 1584 1002 1637 Theodcrctus
1045 1599 1270 1637 suorum
1301 1583 1568 1638 librorum
1595 1596 1831 1655 quatuor

270 1674 317 1728 in
336 1677 468 1730 ιιεςὶς
495 1676 827 1741 eatalugum,
860 1673 1021 1725 modo
1048 1673 1394 1742 ampliorem,
1424 1674 1586 1729 modo
1608 1675 1827 1729 brevio-

1931 522 2046 567 tum
2100 515 2422 584 prophetica
2456 517 2676 570 oracula
2725 534 2738 570 :
2788 526 2845 570 et
2895 517 3053 573 facile
3090 527 3261 573 estex
3288 519 3375 575 his
3413 536 3502 574 co-

1928 622 2190 674 gnoscere
2235 623 2301 659 an
2325 608 2573 661 stabilem
2604 608 2726 662 fidei
2753 609 2993 678 regulam
3022 611 3308 675 servarim,
3333 626 3399 663 an
3434 611 3502 664 ab

1928 696 2048 764 ejus
2081 696 2407 750 metitudine
2439 696 2775 750 deﬂexerim.
2820 718 2836 748 ι

1999 785 2088 841 IV.
2113 788 2288 856 Epist.
2326 789 2447 849 116,
2473 789 2538 842 ad
2569 791 2835 843 Renatum
2879 791 3256 861 presbyterum
3284 810 3297 845 :
3339 810 3356 843 ι
3389 794 3503 846 Βοκ

1929 893 2122 948 gamus
2160 887 2220 931 ut
2245 878 2514 947 judicium
2546 895 2609 933 ex
2640 881 2858 949 scriptis
2894 882 3276 935 constituatur.
3307 882 3501 937 Libros

1930 966 2075 1021 enim
2110 967 2302 1036 scripsi
2346 969 2581 1036 amplius
2638 952 2858 1038 triginta
2893 971 3159 1025 adversus
3210 971 3402 1026 Arium
3447 982 3497 1027 et

1931 1058 2282 1120 Eunomium,
2311 1058 2575 1113 adversus
2609 1059 2962 1123 Marcionem,
3011 1061 3276 1115 adversus
3324 1062 3500 1116 Mace—

1930 1148 2176 1211 donium,
2200 1148 2464 1203 adversus
2485 1151 2734 1220 gentiles,
2764 1153 3026 1205 adversus
3063 1152 3280 1208 Iudaeos
3298 1171 3313 1218 ;
3333 1154 3502 1208 inter-

1931 1250 2176 1311 pretatus
2203 1257 2325 1295 sum
2373 1258 2592 1312 quoque
2627 1243 2867 1296 divinam
2909 1243 3246 1313 Scripturam
3277 1263 3290 1298 :
3333 1254 3388 1299 et
3425 1246 3504 1298 fa-

1930 1334 2036 1387 cile
2058 1341 2163 1395 est,
2188 1334 2233 1387 si
2259 1333 2383 1403 quis
2414 1336 2565 1399 velit,
2591 1335 3009 1404 deprehendere
3033 1352 3120 1391 me
3168 1352 3265 1405 per
3287 1345 3504 1406 aposto-

1930 1424 2035 1479 lica
2065 1424 2291 1495 vestigia
2318 1426 2625 1490 incessisse,
2670 1442 2838 1480 unum
2866 1426 3214 1496 prmdicando
3243 1427 3495 1492 Filium,»

1929 1522 2039 1568 etc.

2002 1604 2066 1659 γ.
2096 1606 2338 1674 Epistula
2361 1606 2482 1668 145,
2516 1606 2582 1660 ad
2613 1607 2916 1662 monachos
2935 1607 3501 1679 Constantinopolita-

1932 1711 2031 1751 nos
2058 1712 2071 1749 :
2102 1715 2119 1746 ε
2148 1697 2346 1761 Multas,
2398 1698 2598 1766 inquit,
2655 1699 2966 1753 auditorum
3010 1699 3284 1771 myriades
3340 1708 3506 1753 testes

264 1782 387 1819 τθυιο
416 1767 546 1858 [πί
594 1766 669 1818 illi
704 1775 829 1819 5m“
854 1766 1013 1835 θΡῖδί·
1041 1762 1129 1847 82v
1160 1764 1227 1816 ad
1275 1764 1574 1818 Eusebium
1596 1764 1834 1840 Ancyra“
1868 1780 1907 1833 Β
1936 1796 2084 1852 sunt,
2103 1803 2190 1841 me
2215 1762 2665 1858 Evangelicorum
2689 1789 3001 1858 dogmatum
3020 1762 3308 1845 veritatem
3333 1791 3506 1845 tradi-

262 1872 379 1909 num
405 1857 763 1924 epist-opum;
797 1857 959 1925 epist.
988 1844 1109 1923 “3,
1144 1859 1211 1913 ad
1235 1866 1485 1912 sanctum
1532 1859 1773 1915 Leonem
1813 1876 1829 1927 ;

260 1945 410 2010 epist.
446 1944 567 2004 liti,
595 1942 658 2017 ad
691 1944 961 1998 Renatum
994 1948 1398 2017 presbyterum,
1427 1953 1482 1999 et
1513 1947 1675 2017 epist.
1709 1949 1831 2016 145,

260 2033 319 2086 ad
353 2012 655 2086 monacde
678 2032 1332 2106 Constantinopolitanos.

322 2125 387 2178 ll.
415 2124 475 2179 in
503 2123 738 2193 epistola
769 2126 835 2179 ad
860 2126 1180 2192 Eusebium,
1206 2140 1330 2198 post
1351 2133 1651 2203 expositam
1679 2147 1833 2188 suam

259 2216 322 2270 de
371 2217 755 2271 incarnatione
813 2217 1015 2281 tidem,
1067 2220 1183 2275 haec
1234 2221 1443 2278 habet:
1504 2245 1522 2276 ‹
1579 2226 1658 2280 Ne
1713 2226 1835 2295 quis

258 2309 528 2364 existimet
577 2317 725 2363 metu
776 2311 1093 2379 perculsum
1140 2327 1227 2367 me
1285 2314 1386 2368 ista
1428 2332 1576 2370 nunc
1624 2317 1829 2381 dicere,

258 2401 527 2469 integrum
545 2406 652 2461 est,
681 2399 771 2453 cui
804 2400 1021 2454 animus
1041 2401 1227 2460 fuerit.
1265 2404 1489 2474 antiqua
1514 2421 1680 2475 opera
1712 2421 1834 2460 mea

254 2491 527 2553 evolvere,
563 2498 678 2543 tum
712 2505 796 2553 ea,
828 2507 951 2559 qua:
992 2501 1119 2546 ante
1163 2494 1432 2563 synodum
1481 2495 1832 2565 Ephesinam,

254 2588 365 2635 tum
395 2596 520 2650 qua:
544 2589 671 2649 post
711 2581 858 2634 illam
914 2597 1136 2638 rursum
1186 2592 1312 2638 ante
1341 2584 1633 2639 duodecim
1663 2601 1835 2639 annos

254 2672 465 2741 scripsi.
500 2670 636 2736 Quae
660 2671 808 2725 enim
840 2671 938 2725 Dei
967 2673 1139 2742 gratia
1163 2684 1266 2737 est,
1287 2684 1342 2729 et
1375 2675 1675 2745 Prophetas
1719 2691 1836 2729 om-

254 2778 349 2817 nes
376 2764 793 2817 commentariis
812 2764 1061 2833 exposui,
1085 2774 1142 2819 et
1170 2765 1492 2821 Psalterium
1516 2778 1570 2821 et
1599 2769 1835 2837 Aposto-

254 2852 387 2917 lum,
449 2860 510 2907 et
576 2853 846 2908 adversus
907 2854 1143 2909 Arianos
1212 2870 1274 2910 ac
1315 2856 1749 2921 Macedonianos,
1780 2865 1836 2912 et

258 2952 438 2996 aontra
463 2942 806 3012 Apollinaris
822 2944 1147 3014 praestigias,
1176 2945 1495 3016 rabiemque
1520 2946 1831 3011 Marcionis,

255 3032 422 3086 libros
450 3033 586 3085 olim
635 3034 955 3102 composui;
995 3042 1050 3088 et
1093 3034 1147 3087 in
1179 3036 1408 3106 singulis
1462 3037 1617 3094 libris
1660 3038 1836 3094 eccle-

1935 1878 2111 1943 disse;
2142 1888 2340 1948 prmsto
2364 1886 2491 1932 sunt
2512 1886 2567 1934 et
2586 1879 2893 1949 conscripta
2916 1896 3101 1949 opera,
3134 1889 3195 1934 ut
3221 1881 3507 1950 explorent

1934 1971 2027 2040 qui
2070 1971 2285 2024 velint:
2324 1987 2432 2024 non
2481 1971 2628 2024 enim
2676 1987 2777 2040 pro
2810 1970 2937 2025 ﬁliis
2982 1972 3221 2035 duobus,
3259 1972 3354 2027 sed
3406 1988 3506 2041 pro

1936 2064 2220 2133 unigenito
2268 2063 2367 2117 Dci
2393 2063 2550 2126 Filio,
2583 2072 2639 2117 et
2681 2075 2868 2119 contra
2921 2065 3158 2127 Grreeos,
3209 2074 3265 2119 et
3313 2075 3505 2120 contra

1932 2155 2170 2218 Judazos,
2194 2162 2249 2207 et
2269 2163 2461 2208 contra
2486 2153 2601 2207 Arii
2633 2164 2797 2223 atque
2830 2155 3086 2208 Eunomii
3129 2156 3324 2209 morbo
3348 2156 3504 2210 labo-

1935 2252 2136 2309 rantes,
2193 2252 2250 2298 et
2321 2250 2513 2298 contra
2556 2259 2651 2298 eos
2690 2245 2782 2312 qui
2832 2245 3154 2313 Apollinarii
3209 2245 3505 2299 amentiam

1933 2342 2236 2397 sectantur,
2283 2334 2371 2389 vel
2419 2333 2513 2403 qui
2565 2334 2859 2388 Marcionis
2900 2335 3024 2388 tabe
3077 2334 3318 2403 correpti
3353 2344 3503 2398 sunt,

1932 2432 2146 2479 certare
2171 2440 2453 2495 nunquam
2502 2424 2835 2479 destitimus.
2883 2424 3087 2479 Graecis
3134 2426 3355 2494 quidem
3384 2442 3509 2495 per--

1933 2515 2227 2569 suadentes
2266 2515 2442 2585 ipsum
2483 2530 2603 2570 esse
2632 2515 2876 2570 omnium
2915 2531 3100 2570 rerum
3130 2516 3505 2578 Conditorem,

1933 2605 2253 2673 sempiterni
2285 2607 2383 2663 Dei
2420 2606 2617 2661 Filium
2662 2616 2994 2661 cozeternum
3024 2625 3037 2660 :
3069 2607 3274 2663 Judzeis
3300 2617 3506 2670 autem,

1937 2695 2005 2750 de
2072 2696 2163 2751 illo
2211 2712 2333 2751 esse
2391 2698 2537 2753 edita
2595 2699 2851 2753 vaticinia
2897 2700 3290 2770 prophetarum
3324 2718 3342 2754 :
3390 2701 3509 2756 Arii

1935 2787 2309 2856 Eunomiique.
2340 2787 2672 2850 haeredibus,
2719 2789 2968 2858 ejusdem
3019 2804 3140 2844 esse
3185 2805 3308 2844 cum
3346 2789 3510 2844 Patre

1936 2877 2276 2942 substantia},
2305 2879 2661 2947 ejusdemque
2685 2880 2915 2934 honoris
2952 2889 3008 2935 et
3032 2882 3290 2950 potentiae
3324 2899 3338 2935 :
3373 2881 3511 2936 Mar-

1936 2967 2111 3021 cionis
2162 2967 2347 3021 furore
2388 2967 2813 3034 insanientibus,
2866 2984 2974 3023 non
3025 2969 3229 3024 bonum
3297 2979 3509 3025 tantum

1936 3074 2077 3122 esse,
2102 3074 2295 3111 verum
2330 3059 2493 3112 etiam
2520 3059 2757 3128 justum,
2790 3075 2898 3113 non
2941 3058 3268 3125 alienorum,
3313 3071 3375 3115 ut
3405 3063 3507 3132 ipsi

257 3124 540 3179 siasticnm
560 3124 759 3193 dogma
788 3140 887 3193 per
912 3125 1008 3180 Dei
1048 3127 1275 3196 gratiam
1325 3128 1524 3182 elucet.
1573 3129 1830 3200 Mysticus

1937 3149 2269 3214 fabulantur,
2292 3149 2385 3203 sed
2418 3164 2644 3204 suorum
2676 3149 2849 3219 ipsius
2882 3165 3108 3219 operum
3134 3152 3462 3207 salvatorem
3491 3172 3505 3208 :

257 3222 516 3282 praeterea
539 3212 779 3282 scriptus
808 3230 838 3267 a
864 3214 1022 3269 nobis
1049 3221 1131 3268 est
1157 3214 1317 3279 liber,
1342 3224 1396 3271 et
1438 3216 1527 3270 alii
1554 3216 1621 3271 de
1642 3217 1833 3271 Provi-

258 3303 457 3368 dentia,
486 3312 545 3357 et
573 3303 641 3358 ad
675 3306 911 3374 quaesita
935 3305 1214 3375 Magorum
1248 3306 1408 3370 alius,
1437 3313 1493 3360 et
1515 3305 1652 3360 Vitae
1677 3322 1834 3361 sanc-

259 3400 456 3459 torum,
482 3403 767 3464 etprmter
813 3394 915 3448 bos
957 3395 1050 3449 alii
1105 3398 1437 3466 complures,
1477 3412 1546 3450 ne
1589 3397 1835 3467 singulos

260 3501 636 3556 percenseam.
691 3486 804 3539 Hos
848 3494 1029 3540 autem
1086 3488 1426 3552 enumeravi,
1486 3505 1596 3545 non
1651 3489 1836 3560 gloria:

261 3576 437 3630 studio
466 3577 698 3640 ductus,
745 3575 841 3632 sed
876 3586 1226 3632 accusatores
1252 3594 1579 3648 provocans,
1629 3588 1685 3635 et
1739 3597 1837 3637 eos

262 3667 348 3734 qui
377 3666 635 3734 judicare
667 3668 968 3731 voluerint,
994 3676 1055 3721 ut
1076 3683 1302 3738 operum
1328 3678 1643 3724 nostrorum
1664 3673 1838 3741 quod-

263 3772 472 3828 cunque
505 3759 670 3829 355
704 3759 1003 3825 voluerint,
1029 3761 1378 3826 examinem;
1434 3776 1536 3815 nec
1560 3762 1708 3816 enim
1753 3778 1838 3818 re-

265 3851 496 3918 perierit,
516 3867 620 3905 nos
649 3852 799 3905 aliud
836 3868 936 3922 per
978 3853 1073 3907 Dei
1114 3854 1344 3924 gratiam
1392 3853 1600 3908 sentire
1624 3894 1637 3919 ,
1672 3870 1834 3924 quam

263 3941 403 4008 quod
424 3958 454 3995 a
478 3941 765 4011 Scriptura
789 3957 943 3997 sacra
977 3942 1291 3997 didicimus.
1321 3961 1339 3993 ι

330 4031 416 4085 lll.
445 4032 695 4102 Epistula
722 4033 843 4097 ΗΞ,
869 4033 938 4088 ad
959 4041 1209 4088 sanctum
1247 4033 1486 4088 Leonem
1514 4051 1526 4087 :
1565 4053 1583 4084 ι
1607 4033 1841 4103 Aposto-

266 4122 376 4178 licze
398 4133 593 4178 vestra:
619 4124 767 4179 sedis
795 4134 1053 4195 exspecto
1089 4125 1440 4190 sententiam,
1469 4132 1525 4179 et
1546 4139 1644 4179 oro
1675 4132 1838 4193 atque

267 4211 505 4265 obtestor
531 4213 884 4269 sanctitatem
937 4224 1115 4279 tuam,
1168 4214 1386 4269 utmibi
1431 4223 1642 4270 rectum
1671 4229 1736 4269 ac
1754 4215 1842 4284 ju-

267 4309 402 4356 stum
461 4304 707 4363 tribunal
741 4313 987 4359 vestrum
1030 4304 1310 4360 invocanti
1352 4320 1512 4375 opem
1557 4305 1717 4371 ferat,
1747 4307 1840 4376 ju-

268 4390 494 4463 beatque
551 4393 621 4448 ad
648 4409 748 4449 vos
792 4396 1002 4461 venire,
1030 4405 1087 4452 et
1127 4397 1433 4452 doctrinam
1480 4413 1658 4452 meam
1704 4412 1837 4467 apo—

1936 3250 2099 3309 atque
2141 3249 2200 3294 ut
2242 3240 2410 3294 semel
2479 3241 2683 3305 dicam,
2743 3240 3004 3295 adversus
3044 3242 3345 3310 quamlibet
3398 3244 3513 3299 hie-

1936 3331 2082 3384 resin
2104 3329 2450 3395 dimicantes,
2494 3346 2665 3385 unum
2710 3331 2908 3385 Filium
2952 3332 3292 3388 adorandum
3322 3349 3512 3391 mone-

1936 3436 2076 3475 mus.
2113 3439 2130 3471 ι

2503 3549 2920 3589 ουδειινλτιοκεε
2927 3576 2938 3588 .

2008 3665 2052 3719 l.
2078 3666 2156 3719 Ex
2181 3672 2418 3735 quatuor
2454 3666 2732 3737 epistolis,
2758 3667 2933 3738 prima
2971 3683 3115 3723 anno
3150 3667 3255 3724 MSS
3307 3668 3512 3740 scripta

1936 3758 2285 3828 est,reliqu:c
2325 3773 2470 3813 anno
2509 3758 2613 3813 449
2670 3759 3002 3815 desinente:
3061 3776 3229 3830 quare
3286 3778 3408 3831 qua:
3456 3765 3513 3819 in

1938 3849 2114 3919 prima
2150 3856 2532 3912 recensentur,
2559 3856 2685 3903 ante
2710 3865 2917 3903 annum
2941 3850 3045 3903 446
3068 3850 3217 3905 edita
3244 3858 3392 3907 sunt.

2010 3940 2075 3994 ll.
2101 3940 2261 3994 Nulla
2286 3938 2345 3991 ﬁt
2385 3939 2595 4009 uspiam
2647 3939 2856 3994 mentio
2897 3940 3345 4009 reprehensionis
3369 3941 3513 3996 duo-

1939 4029 2116 4085 decim
2142 4030 2393 4100 Capitum
2416 4031 2638 4102 Cyrilli;
2678 4032 2826 4086 nulla
2872 4031 3206 4086 defensionis
3256 4048 3358 4102 pro
3389 4034 3517 4088 Dio-

1940 4121 2077 4177 doro
2126 4122 2384 4176 Tarsensi
2444 4131 2501 4177 et
2550 4122 2842 4177 Theodoro
2887 4122 3306 4192 Mopsuesteno;
3365 4125 3517 4179 nulla

1939 4213 2104 4267 etiam
2126 4212 2412 4275 Erauistaa,
2433 4213 2596 4284 256
2614 4213 2743 4268 licet
2779 4214 2897 4269 haec
2927 4221 3054 4269 ante
3097 4229 3298 4269 annum
3318 4215 3422 4271 4-15
3451 4218 3514 4280 ³⁵.

1942 4311 2036 4356 aut
2056 4313 2204 4358 certe
2241 4304 2366 4368 449,
2414 4304 2715 4373 composita
2771 4305 2902 4359 sint.
2958 4306 3161 4361 Verum
3202 4321 3313 4360 non
3358 4316 3519 4361 erant

1943 4394 2312 4449 conducibilia
2345 4395 2410 4449 ad
2432 4393 2810 4449 defensionem
2836 4396 3194 4461 Theodoreti,
3221 4398 3314 4452 sed
3345 4401 3520 4469 magis

266 4484 467 4538 stolicis
494 4485 746 4556 vestigiis
784 4487 1138 4541 iuhterentem
1179 4488 1490 4543 ostendere.
1522 4488 1662 4543 Sunt
1691 4489 1836 4544 enim
1874 4467 1913 4521 ί)
1944 4484 2012 4539 ad
2034 4485 2462 4540 accusationem.

267 4574 415 4636 mihi,
442 4591 566 4645 quae
609 4577 809 4645 partim
841 4587 966 4632 ante
996 4595 1170 4633 annos
1211 4579 1426 4649 viginti,
1460 4580 1661 4649 partim
1711 4588 1838 4635 ante

266 4665 590 4727 octodecim,
618 4666 820 4736 partim
887 4676 1012 4722 ante
1048 4668 1386 4736 quindecim,
1424 4668 1622 4737 partim
1673 4677 1798 4722 ante
1822 4669 1838 4688 ‘

265 4754 552 4811 duodecim
602 4758 821 4829 scripsi,
857 4758 1105 4828 quaedam
1146 4769 1337 4813 contra
1370 4758 1603 4813 Arianos
1634 4766 1691 4813 et
1726 4758 1839 4812 Eu-

266 4848 568 4911 nomianos.
629 4850 881 4919 quaedam
942 4859 1133 4905 contra
1180 4849 1399 4905 Judaeos
1466 4860 1525 4904 et
1584 4849 1839 4920 gentiles.

264 4939 511 5007 quaedam
532 4949 726 4996 contra
763 4956 948 5011 magos
988 4942 1080 5011 qui
1104 4951 1235 4995 sunt
1257 4942 1312 4996 in
1336 4941 1580 4996 Perside.
1625 4940 1742 4995 Alia
1775 4940 1842 4996 de

267 5030 557 5083 universali
593 5031 968 5095 Providentia,
1006 5033 1110 5087 alia
1162 5047 1354 5088 rursus
1395 5032 1463 5086 de
1510 5030 1802 5102 Theologia
1826 5073 1840 5094 ,

265 5118 443 5187 deque
482 5121 668 5175 divina
712 5122 1118 5178 incarnatione.
1149 5122 1407 5193 Exposita
1440 5130 1569 5177 sunt
1606 5122 1772 5177 etiam
1815 5138 1845 5177 a

2017 4575 2106 4630 lli.
2138 4576 2298 4629 Nulla
2316 4574 2522 4646 pariter
2547 4576 2754 4630 mentio
2780 4575 2838 4629 fit
2863 4579 3244 4633 commentarii
3286 4578 3338 4632 iu
3356 4578 3517 4632 'Can-

1948 4667 2117 4722 ticum
2145 4666 2484 4720 canticorum
2506 4666 2569 4730 ¹⁸,
2598 4666 2726 4721 licet
2746 4666 2941 4736 primis
2977 4666 3333 4736 temporibus,
3370 4677 3521 4721 certe

1948 4766 2076 4812 ante
2103 4757 2451 4819 Psalterium,
2493 4757 2729 4825 evulgati
2755 4774 2766 4811 :
2797 4773 2960 4814 causa
2993 4759 3047 4814 in
3079 4759 3318 4813 obscuro
3347 4759 3473 4813 latet
3504 4800 3518 4823 ,

1949 4847 2373 4919 investigabitur
2389 4864 2491 4903 suo
2511 4849 2654 4903 loco.

2021 4942 2109 4996 IV.
2174 4941 2334 4996 Nulla
2389 4942 2451 4997 ﬁt
2494 4943 2749 4998 similiter
2805 4943 3068 4998 memoria
3119 4940 3384 4996 orationis
3456 4942 3524 4995 de

1949 5032 2230 5088 Charitate
2253 5033 2318 5098 “,
2357 5035 2875 5090 commentariorum
2929 5036 2983 5088 in
3012 5033 3430 5096 Octateuchum,
3468 5041 3525 5088 et

1951 5123 2125 5180 libros
2147 5125 2354 5195 Regum
2383 5125 2446 5191 ",
2485 5124 2737 5180 Historia;
2802 5124 3209 5185 ecclesiasticae,
3251 5132 3308 5179 et
3343 5123 3529 5194 operis

1596 5277 1911 5334 SCHUIJII
1952 5278 2184 5334 NOTJE.

341 5415 384 5443 ³⁸
420 5414 735 5489 lxg‘emlum
770 5434 889 5473 esse
913 5419 1129 5475 videtur
1176 5419 1315 5484 :Qui
1352 5420 1414 5472 de
1445 5419 1655 5480 Nostro,
1689 5421 1809 5489 jam
1845 5418 2069 5472 Patrum
2094 5435 2305 5480 amatio,
2342 5422 2679 5489 scripserunt.

272 5484 516 5536 E'Wtztsta
575 5503 762 5552 se'pra,
820 5505 872 5556 p.
928 5490 1050 5545 2116.

272 5556 639 5629 ξιικίἰιηυιεὶιιω
688 5558 909 5629 ἱηίῖιῇ
960 5561 1013 5622 5,
1045 5560 1115 5614 ab
1166 5558 1340 5613 initio.

2759 5420 2801 5451 ”
2838 5419 2976 5473 Licet
3007 5421 3133 5480 Im'r.
3161 5430 3268 5473 etc.
3300 5417 3420 5473 Vid.
3458 5418 3527 5470 de

1152 5492 1195 5562 ‘_"
1223 5489 1408 5562 Nulla,
1463 5498 1583 5562 etc...
1626 5487 1843 5562 Scilicet
1890 5490 1942 5542 in
1985 5489 2237 5562 epistolis
2274 5487 2473 5543 citatis.
2499 5489 2684 5562 Exstat
2736 5499 2928 5562 autem
2968 5490 3140 5562 ipsius
3195 5487 3523 5562 Theodoreti

1435 5561 1476 5590 ‘°
1505 5556 1656 5613 Or'at.
1699 5558 1762 5610 de
1795 5560 1941 5612 cher.
1983 5556 2107 5611 limo
2130 5573 2257 5612 vero
2281 5574 2403 5612 cum

272 5622 424 5696 locus
450 5641 516 5679 ex
546 5628 777 5693 cpistola
820 5622 906 5682 ad”
934 5629 1229 5683 Eusebium
1265 5630 1461 5683 allatus
1494 5629 1600 5682 huc
1634 5630 1796 5685 etiam
1845 5627 2034 5683 referri
2062 5636 2263 5696 potest.

2480 5559 2713 5614 crtincat
2751 5558 2816 5613 ad
2866 5557 3153 5614 Historiam
3204 5557 3523 5627 religiosam,

2360 5628 2726 5701 "Comment.
2756 5660 2822 5669 -—
2847 5628 3064 5701 Regum.
3096 5628 3176 5683 Ad
3216 5628 3315 5681 hos
3365 5628 3528 5681 etiam

274 5690 441 5748 libros
466 5690 725 5764 respexit,
748 5713 870 5752 cum
901 5698 968 5752 ad
1000 5699 1264 5755 Renatum
1301 5698 1582 5764 scriberet,
1616 5715 1671 5753 se
1706 5690 2119 5769 interpretatum
2160 5711 2277 5753 esse
2311 5698 2646 5769 Scripturam
2683 5714 2912 5754 sacram.
