4040 6172
472 302 574 366 20⁸7

1595 296 1980 359 ῦΑῐὶΝΕΗΙῙ
2012 299 2506 361 DISSERTATIO
2544 301 2626 361 II.

3610 308 3722 373 208

476 409 860 466 errticarum
885 406 1191 476 fabularum
1222 403 1286 466 ν’,
1308 416 1430 456 eum
1462 403 1719 457 tamenin
1757 404 1842 458 his
1873 405 2045 458 entiti-
2079 416 2118 465 Α
2150 404 2467 460 tricesimus
2495 408 2762 476 septimus
2791 417 2885 464 aut
2910 418 3137 464 octavus
3163 410 3231 465 ab
3272 410 3427 467 obitu
3462 413 3722 473 Theodo-

472 508 707 555 neantur
727 499 896 552 multa
925 505 1123 551 rectam
1146 495 1309 549 ﬁdem
1332 495 1573 549 auctoris
1593 494 2043 564 demonstrantia,

472 586 566 641 sed
600 586 844 640 nondum
868 592 1026 637 erant
1059 582 1285 652 scripta.

541 677 606 731 V.
634 676 968 730 Memoratur
992 673 1047 727 in
1075 675 1188 727 sola
1213 673 1280 727 ad
1304 673 1602 727 Eusebium
1652 672 1886 744 epistula
1913 676 2045 732 Phi-

471 770 771 833 lotheus",
796 769 850 823 id
885 776 988 833 est,
1018 765 1259 822 Historia
1294 776 1636 833 sanctorum,
1677 777 1843 838 atque
1876 769 2043 825 etiam

472 861 730 932 Mysticus
757 860 931 913 liber:
962 858 1017 914 in
1034 859 1151 914 sola
1187 858 1255 913 ad
1283 867 1534 913 sanctum
1560 859 1796 915 Leonem
1816 859 1959 916 liber
1975 860 2045 915 de

472 951 785 1020 Theologia,
814 960 870 1005 et
893 951 1035 1005 liber
1062 950 1130 1005 de
1153 951 1556 1006 Incarnatione.

543 1040 628 1094 Vl.
667 1039 726 1092 In
775 1039 1008 1108 epistola
1030 1039 1095 1093 ad
1149 1039 1446 1094 Eusebium
1491 1038 1824 1107 dividuntur
1852 1055 2043 1110 opera,

468 1146 590 1199 quae
620 1139 941 1192 censentur,
988 1129 1044 1183 in
1095 1130 1233 1185 duas
1273 1140 1459 1201 partes
1501 1149 1515 1185 :
1571 1131 1676 1186 alia
1723 1132 1871 1187 enim
1916 1143 2043 1188 ante

466 1219 736 1290 synodum
789 1218 1160 1288 Ephesinam,
1220 1217 1272 1273 id
1317 1227 1402 1275 est
1452 1228 1580 1275 ante
1640 1235 1845 1274 annum
1894 1221 2038 1285 451,

466 1307 671 1376 scripta
698 1306 995 1371 dicuntur;
1019 1306 1125 1361 alia
1155 1315 1279 1377 post
1309 1308 1601 1379 synodum.
1627 1307 1697 1363 At
1732 1309 1787 1362 in
1810 1309 2041 1378 cpistola

465 1398 533 1454 ad
595 1407 845 1455 sanctum
910 1399 1153 1454 Leonem
1208 1400 1527 1455 distributio
1576 1400 1631 1455 fit
1694 1409 1931 1471 quatuor
1980 1402 2036 1456 in

466 1498 693 1559 partes:
731 1488 977 1559 quaedam
1030 1488 1176 1543 enim
1233 1489 1437 1558 scripta
1468 1502 1766 1544 narrantur
1793 1500 1921 1546 ante
1959 1489 2041 1545 vi-

465 1581 602 1652 ginti
653 1597 850 1646 annos,
920 1580 975 1635 id
1013 1589 1119 1645 est,
1181 1590 1309 1636 ante
1368 1598 1569 1637 annum
1611 1583 1750 1646 429,
1786 1583 2036 1652 quaedam

466 1681 592 1727 ante
623 1671 951 1735 octodecim,
983 1671 1036 1725 id
1080 1678 1183 1729 est.
1211 1681 1338 1725 ante
1370 1686 1574 1725 annum
1626 1672 1751 1738 451,
1785 1673 2036 1743 quaedam

474 1770 599 1816 ante
620 1761 956 1836 quindecim,
994 1760 1046 1815 id
1079 1768 1183 1824 est,
1216 1772 1343 1816 ante
1392 1777 1595 1817 annum
1631 1764 1756 1827 ιδι,
1787 1764 2035 1833 quaedam

462 1860 590 1909 ante
629 1850 940 1915 duodecim,
975 1851 1030 1905 id
1061 1860 1173 1916 est,
1204 1860 1330 1907 ante
1375 1868 1582 1908 annum
1622 1855 1745 1909 457.
1781 1855 1911 1921 Quae
1948 1856 2038 1911 di-

458 1950 661 1997 cuntur
680 1943 886 2013 scripta
925 1949 1053 1997 ante
1073 1942 1271 2014 viginti
1298 1959 1493 2006 annos,
1524 1960 1587 1999 ea
1620 1945 1735 2016 ipsa
1755 1954 1883 2000 sunt
1916 1950 2037 2017 quae

456 2043 582 2089 ante
607 2034 878 2106 synodum
910 2033 1242 2104 Ephesinam
1263 2033 1614 2104 prodierunt.
1641 2061 1647 2065 -

527 2124 640 2179 VII.
695 2126 813 2179 Non
855 2125 1017 2181 facile
1061 2126 1394 2196 perspicitur
1432 2142 1597 2181 causa
1633 2143 1732 2182 cur
1784 2127 1826 2182 Τ
1832 2127 2037 2183 heodo-

457 2223 610 2271 retus
643 2232 709 2270 ex
735 2216 961 2286 scriptis
1005 2216 1121 2272 suis
1156 2217 1427 2287 judicium
1467 2219 1715 2273 exerceri
1759 2219 2031 2273 voluerit:

455 2306 659 2362 etenim
688 2323 755 2361 ex
782 2307 980 2363 iisdem
1015 2318 1370 2364 accusatores
1413 2326 1573 2381 agere
1614 2319 1929 2380 potuerunt,
1976 2322 2037 2368 ut

459 2408 650 2449 revera
681 2395 1034 2463 postmodum
1086 2397 1139 2451 in
1174 2414 1203 2452 v
1246 2399 1456 2470 synodo
1494 2408 1677 2453 actum
1706 2408 1829 2453 est:
1860 2416 1928 2453 ex
1967 2401 2035 2457 iis

456 2490 606 2540 certe
631 2482 868 2554 Cyrillus
907 2500 1021 2540 non
1057 2487 1230 2543 semel
1262 2488 1672 2544 Theodoretum
1693 2489 2033 2547 Nestorianai

457 2574 738 2629 societatis
761 2590 915 2630 reum
948 2576 1105 2632 dixit.
1596 2648 1603 2651 _

526 2666 665 2721 VIII.
699 2667 758 2721 In
792 2668 1030 2738 epistola
1060 2667 1129 2722 ad
1162 2668 1429 2724 Renatum
1459 2670 1722 2725 dicuntur
1756 2671 1881 2725 libri
1919 2688 2034 2726 am-

454 2757 601 2826 plius
630 2757 853 2828 triginta
883 2758 1148 2813 adversus
1175 2758 1366 2815 Arium
1399 2768 1455 2816 et
1483 2762 1838 2827 Eunomium,
1888 2763 2029 2819 Mar-

349 2898 373 2922 ,
453 2848 668 2903 cionem
701 2857 759 2903 et
787 2848 1192 2915 Macedonium,
1214 2851 1448 2921 gentiles
1474 2861 1530 2906 et
1552 2850 1770 2907 Iudaeos
1796 2852 1989 2923 scripti
2013 2870 2025 2905 :

454 2953 521 2992 ex
553 2937 623 2992 iis
677 2937 972 2993 duodecim
1029 2938 1296 2995 adversus
1341 2941 1575 3011 gentiles
1603 2942 1718 2996 noti
1751 2951 1901 3007 sunt,
1933 2942 2026 3013 qui

452 3043 649 3097 nempe
683 3027 1062 3084 inscribuntur
1090 3029 1167 3083 De
1198 3030 1511 3087 ercam'cis
1546 3033 1898 3102 aﬁ‘ectionibus
1933 3050 2025 3088 cu-
2052 3064 2095 3122 ρ

675 3135 696 3175 :
757 3118 849 3173 alii
905 3119 1136 3189 periisse
1215 3120 1380 3192 vulgo
1449 3122 1788 3189 creduntur;
1840 3124 2024 3180 forsan

451 3211 639 3267 alieno
668 3211 838 3265 latent
868 3209 971 3264 sub
1019 3206 1265 3277 nomine,
1322 3212 1469 3282 quod
1501 3222 1688 3282 postea
1740 3214 2026 3270 inouiren-

451 3301 580 3356 dum
615 3310 719 3355 est.

1005 3413 1032 3483 §
1057 3414 1123 3468 ll.
1159 3412 1481 3471 Gennadius.

520 3495 578 3550 In
630 3497 772 3552 libro
815 3498 892 3552 De
943 3500 1286 3569 scriptoribus
1338 3502 1718 3567 ecclesiasticis,
1775 3521 1895 3575 cap.
1934 3506 2021 3569 89,

457 3608 475 3637 ι
501 3588 900 3653 Theodoretus,
922 3588 1119 3659 inquit,
1145 3591 1305 3662 257
1325 3593 1449 3664 Cyri
1473 3594 1709 3649 civitatis
1732 3597 2023 3666 episcopus

452 3676 503 3739 (a
527 3674 668 3745 Cyro
692 3676 839 3729 enim
877 3677 1168 3732 Persarum
1203 3696 1329 3751 rege
1355 3682 1576 3736 condita
1613 3693 1793 3736 servat
1826 3683 2022 3738 hodie-

450 3779 557 3832 que
577 3764 720 3834 apud
742 3765 951 3837 Syriam
975 3782 1172 3821 nomen
1197 3771 1483 3837 auctoris),
1512 3772 1797 3843 scripsisse
1818 3773 2023 3829 dicitur

450 3851 657 3904 multa:
715 3851 782 3906 ad
818 3868 995 3907 meam
1049 3866 1233 3909 tamen
1281 3856 1532 3911 notitiam
1581 3859 1683 3914 ista
1725 3868 1856 3914 sunt
1899 3876 2023 3930 qum

451 3950 717 3996 venerunt
752 3959 766 3994 :
803 3945 819 3963 ‘
862 3943 939 3997 De
1002 3943 1379 4001 incarnatione
1446 3947 1694 4012 Domini,
1760 3949 2022 4007 adversus

448 4033 731 4104 Eutychen
782 4035 1187 4107 presbyterum,
1218 4046 1273 4091 et
1319 4037 1644 4093 Dioscorum
1681 4040 2021 4099 Alexandriae

445 4118 897 4190 episcopum,qui
933 4121 1224 4176 humanam
1253 4122 1308 4177 in
1345 4122 1568 4178 Christo
1591 4140 1810 4181 carnem
1846 4126 2019 4185 fuisse

447 4215 667 4274 negant,
689 4207 890 4277 scripta
913 4208 1097 4272 fortia,
1124 4223 1222 4277 per
1250 4224 1372 4278 quae
1392 4210 1680 4265 conﬁrmat
1707 4221 1765 4267 et
1807 4213 2018 4270 ratione

444 4301 500 4345 et
521 4288 849 4348 téstimoniis
873 4293 1301 4364 Scripturarum,
1346 4297 1423 4351 ita
1467 4297 1619 4353 illum
1665 4315 1850 4354 veram
1897 4316 2014 4356 ma-

2148 495 2249 549 reti
2284 513 2298 549 :
2329 510 2396 550 eo
2440 506 2684 568 tempore
2727 514 2899 569 pauca
2928 500 3243 568 admodum,
3273 518 3446 573 eaque
3476 522 3585 561 non
3612 524 3719 577 pu-

2146 581 2383 646 rissima,
2413 583 2747 639 Theodoreti
2782 600 2946 655 opera
2969 596 3097 641 uota
3130 596 3286 643 erant
3322 589 3378 642 in
3399 589 3715 655 Occidente.

2144 667 2390 739 alioquin
2445 687 2556 724 non
2602 671 2893 728 latuissent
2950 682 3060 728 tam
3111 675 3389 731 curiosum
3450 679 3717 736 libroruin

2148 753 2563 826 indagatorem.
2601 758 2659 811 Id
2696 757 2845 825 fecit,
2892 760 3110 831 opinor,
3148 761 3347 832 lingua:
3378 764 3578 821 Greca:
3624 783 3718 822 ne-

2144 841 2355 911 glectus
2383 844 2526 913 apud
2551 844 2795 911 Latinos,
2830 847 2923 916 qui
2967 859 3207 917 quantus
3234 850 3419 914 fuerit,
3462 855 3719 926 colligere

2144 928 2274 984 licet
2299 945 2366 985 ex
2387 931 2609 995 litteris,
2640 941 2756 986 tum
2783 935 2956 989 sancti
2978 935 3259 991 leestini
3287 938 3351 992 ad
3381 938 3717 1007 Nestorium,

2144 1026 2262 1073 tum
2292 1019 2494 1089 Pelagii
2537 1022 2601 1086 II,
2655 1022 2721 1077 ad
2749 1024 3037 1096 episcopos
3072 1026 3268 1094 Istriaa,
3294 1028 3523 1101 aliisque
3563 1034 3708 1105 ejus-

2144 1107 2292 1162 modi
2328 1110 2679 1167 testimoniis.

2213 1194 2277 1249 ΙΙ.
2310 1194 2532 1266 Legisse
2569 1198 2790 1254 videtur
2821 1199 3007 1256 Graece
3057 1217 3224 1280 opera
3257 1219 3379 1275 quae
3410 1218 3715 1274 memorat;

2142 1283 2385 1354 alioquin
2419 1287 2762 1355 pervenisset
2788 1290 2857 1345 ad
2880 1306 2982 1345 nos
3019 1301 3178 1346 vetus
3215 1292 3326 1359 illa,
3364 1295 3553 1366 siqua:
3581 1297 3719 1352 fuis-

2141 1381 2227 1426 set
2253 1372 2408 1436 olim.
2429 1374 2613 1429 versio
2640 1392 2655 1428 :
2680 1386 3051 1445 pervenerunt
3070 1381 3219 1435 enim
3259 1382 3378 1437 alite
3407 1391 3521 1439 tum
3551 1387 3719 1457 vulgo

2142 1467 2304 1523 nota,
2332 1469 2392 1515 ut
2420 1477 2541 1531 quae
2566 1464 2998 1531 vertitRuﬁnus,
3039 1482 3270 1539 quaeque
3308 1471 3671 1544 Hieronymus
3696 1495 3712 1540 ;

2141 1553 2258 1600 tum
2292 1563 2414 1616 qua:
2455 1549 2777 1620 ignotiores,
2809 1554 3115 1623 cuiusmodi
3168 1557 3347 1615 versio
3377 1559 3716 1617 scholiorum

2140 1635 2329 1707 Cyrilli
2354 1654 2383 1691 a
2406 1638 2577 1693 Mario
2600 1639 2922 1709 Mercatore;
2956 1642 3312 1701 bomiliarutn
3339 1648 3713 1721 Chrysostomi

2072 1744 2111 1798 Β
2141 1726 2198 1780 in
2224 1726 2662 1795 Matthazum;de
2700 1730 2957 1788 laudibus
2994 1734 3168 1802 Pauli,
3207 1747 3264 1793 et
3293 1739 3363 1794 ad
3408 1743 3719 1815 neophytos

2140 1817 2209 1905 ab
2238 1816 2452 1873 Aniano
2473 1819 2741 1887 diacono;
2771 1821 2896 1877 ﬁdei
2932 1823 3115 1879 Ruﬁni
3139 1827 3411 1885 Palazstini
3438 1848 3468 1887 a
3490 1834 3718 1891 Juliano

2138 1908 2450 1972 Eclanensi,
2502 1919 2612 1964 etc.
2669 1911 2737 1965 Et
2790 1928 2923 1968 vero
2976 1931 3088 1985 quo
3141 1924 3390 1991 tempore
3435 1925 3712 1981 scribebat

2136 1994 2477 2063 Gennadius,
2529 1999 2802 2065 Massiliae,
2853 2002 2947 2057 ubi
2993 2014 3110 2062 erat
3166 2008 3471 2080 presbyter,
3520 2013 3710 2072 Graeca

2136 2087 2321 2160 lingua
2369 2091 2553 2145 notior
2602 2090 2727 2157 fuit,
2755 2108 2919 2162 quam
2976 2095 3031 2150 in
3092 2097 3204 2154 ulla
3246 2100 3352 2156 alia
3394 2102 3713 2165 Occidentis

2135 2189 2326 2248 parte;
2357 2196 2466 2237 non
2490 2182 2666 2239 solum
2714 2193 2940 2255 propter
2978 2188 3136 2245 urbis
3178 2194 3392 2250 natales
3421 2212 3453 2251 a
3481 2197 3706 2267 Graecis,

2135 2272 2693 2336 utfertur,condit:e.
2747 2276 2843 2331 sed
2867 2279 3032 2334 etiam
3081 2282 3155 2337 ob
3201 2283 3450 2343 Cassiani
3502 2291 3705 2349 famam

2134 2358 2264 2414 illuc
2281 2375 2349 2415 ex
2380 2360 2606 2418 Oriente
2651 2365 2887 2434 appulsi,
2935 2368 3004 2423 ad
3046 2386 3210 2440 quem
3240 2387 3465 2434 sanctus
3522 2379 3707 2442 Cele-

2133 2450 2312 2506 stinus
2340 2452 2555 2509 litteras
2609 2454 2850 2513 Nestorii
2914 2462 3209 2519 vertendas
3272 2475 3329 2521 et
3382 2471 3711 2531 refellendas

2132 2541 2302 2598 misit.

2202 2631 2289 2686 III.
2318 2633 2498 2697 Solus,
2553 2637 2700 2705 quod
2745 2640 2938 2705 sciam,
2978 2644 3228 2700 meminit
3277 2649 3541 2719 temporis
3592 2667 3707 2722 quo

2131 2720 2516 2780 Theodoretus
2534 2727 2647 2781 vita
2691 2730 2949 2795 excessit,
2991 2748 3305 2804 quanquam
3350 2755 3455 2795 nec
3477 2741 3533 2796 id
3569 2720 3710 2802 satis

2128 2810 2351 2867 deﬁnite
2371 2813 2517 2869 facit.
2546 2815 2735 2872 Tradit
2759 2819 2906 2874 enim
2922 2822 3125 2879 obiisse
3147 2826 3253 2881 sub
3266 2826 3449 2886 Leone
3463 2834 3702 2901 seniore,

2125 2900 2219 2970 qui
2242 2904 2628 2973 septemdecim
2650 2923 2824 2963 annos
2843 2918 2902 2965 et
2921 2914 3157 2983 amplius
3174 2916 3468 2987 imperium
3488 2900 3702 2995 tenuit;

2128 3008 2229 3048 nos
2248 2993 2317 3048 ad
2344 2995 2560 3051 initium
2595 2997 2811 3069 imperii
2852 3001 3065 3059 obitum
3100 3005 3434 3066 Theodoreti
3456 2993 3702 3070 referetis

2129 3082 2259 3137 dum
2319 3087 2592 3145 sensimus
2622 3090 2677 3144 in
2726 3092 2955 3149 historia
3011 3094 3157 3152 vitae.
3194 3098 3477 3156 Sentiendi
3505 3121 3705 3163 causas

2128 3174 2326 3243 partim
2353 3176 2473 3233 loco
2496 3194 2621 3233 mox
2650 3180 2798 3237 dicto
2827 3185 3181 3253 protulimus,
3199 3190 3402 3258 partim
3427 3192 3496 3248 de
3519 3194 3704 3251 Histo-

2127 3267 2204 3321 ria
2242 3267 2611 3324 ecclesiastica
2642 3270 2971 3329 Theodoreti
3010 3287 3237 3346 agentes
3267 3295 3630 3351 exponemus.

2196 3355 2286 3411 IV.
2327 3356 2542 3429 Scripta
2573 3359 2663 3414 illa
2688 3360 2875 3427 fortia,
2926 3381 3163 3434 quorum
3223 3372 3492 3440 meminit,
3538 3379 3701 3434 multi

2126 3455 2321 3516 putant
2356 3466 2467 3505 non
2497 3450 2721 3507 differre
2752 3454 2821 3509 ab
2865 3456 3117 3514 Eraniste
3146 3476 3245 3517 seu
3293 3463 3697 3539 Polymorpho;

2124 3553 2303 3611 neque
2329 3541 2588 3609 opinione
2609 3542 2932 3600 I‘alluntur’o
2959 3566 2971 3601 :
3000 3550 3096 3605 sed
3144 3552 3310 3625 εδδ
3351 3571 3449 3613 sua
3476 3558 3698 3617 Genna-

2123 3626 2250 3682 dius
2282 3629 2398 3698 ipse
2426 3630 2691 3703 deceptus
2711 3645 2817 3700 est,
2849 3653 2961 3693 non
3013 3642 3144 3698 satis
3204 3643 3532 3718 intelligens,
3586 3669 3702 3723 quo

2125 3725 2370 3788 tempore
2415 3722 2657 3793 scripsit,
2695 3735 2751 3780 et
2780 3741 2887 3796 qua
2912 3732 3199 3788 occasione
3223 3752 3364 3806 opus
3385 3739 3489 3795 hoc
3518 3722 3699 3801 Theo—

2122 3809 2368 3867 doretus.
2392 3813 2720 3884 Aperiemus
2745 3819 2801 3874 in
2820 3821 3072 3893 ejusdem
3104 3829 3444 3886 recensione.

2682 3930 2710 4002 §
2735 3932 2823 3986 III.
2858 3933 3094 3990 Photius.

2190 4036 2307 4091 Non
2364 4037 2581 4094 videtur
2626 4056 2807 4111 operae
2852 4047 3087 4115 pretium
3113 4058 3325 4106 textum
3372 4054 3551 4110 Photii
3590 4073 3693 4112 ex-

2120 4124 2597 4197 seribere,partim
2626 4130 2755 4199 quia
2797 4134 3063 4202 prolixior
3093 4146 3196 4203 est,
3221 4155 3323 4194 nec
3351 4141 3418 4195 de
3439 4143 3695 4213 pluribus

2119 4214 2531 4306 fereioperibus
2560 4219 2722 4275 simul
2753 4223 2885 4294 agit,
2937 4226 3030 4281 sed
3057 4231 3285 4298 sparsim
3319 4231 3387 4288 de
3418 4235 3690 4306 singulis;

2119 4305 2316 4373 partim
2348 4309 2495 4377 quod
2515 4310 2583 4365 ad
2609 4312 2821 4384 singula
2847 4333 3014 4388 opera
3053 4322 3251 4379 adduci
3275 4326 3456 4383 debet.
3492 4305 3695 4387 Obser-

446 4390 613 4435 ternie
639 4381 956 4437 substantiae
984 4398 1205 4439 carnem
1232 4385 1508 4450 habuisse,
1537 4402 1701 4456 quam
1737 4403 1803 4442 ex
1840 4401 2013 4444 matre
2050 4391 2092 4445 D
2123 4410 2279 4450 vasse
2314 4398 2545 4456 sufﬁciat
2570 4402 2625 4456 in
2647 4381 2903 4474 praesenti
2935 4410 3060 4466 tria.

441 4467 661 4537 Virgine
690 4470 960 4539 sumpsit:
993 4470 1138 4525 sicut
1191 4480 1249 4526 et
1274 4488 1459 4527 veram
1512 4473 1795 4538 deitatem,
1849 4492 2015 4547 quam

2674 4533 3110 4578 OBSERVATIONES.

437 4563 639 4610 interna
663 4557 1031 4612 nascibilitate
1058 4574 1089 4613 a
1115 4558 1228 4614 Deo
1258 4559 1418 4615 Patre
1459 4560 1714 4631 gignente
1761 4563 1876 4634 ipse
1915 4581 2016 4620 na-

437 4642 640 4697 scendo
666 4644 897 4714 accepit.
929 4643 1070 4699 Sunt
1104 4655 1163 4700 et
1189 4646 1437 4717 ejusdem
1462 4648 1715 4704 Historia:
1748 4651 2014 4706 ecclesia-
2124 4634 2497 4729 -.ξομθξηίυίῑ
2539 4658 2769 4713 operum
2806 4648 3136 4710 TheOdm'eli
3181 4659 3425 4729 (Ιυίηίίυθ
3472 4661 3526 4715 in
3552 4664 3694 4721 locis

401 4791 405 4796 ι
437 4728 586 4784 sum
617 4729 770 4796 libri,
796 4746 936 4801 quos
984 4731 1229 4787 imitatus
1278 4733 1576 4788 Eusebium
1619 4734 2011 4793 οωεετίοηεεω
2123 4723 2502 4794 Bibliotheca,
2535 4733 2629 4786 ubi
2666 4736 2834 4792 tradit
2869 4754 2928 4794 se
2965 4741 3161 4812 legisse
3192 4723 3488 4804 Ilistoriam
3506 4754 3688 4807 eccle-

434 4815 685 4885 scripsit;
719 4816 989 4887 incipiens
1028 4832 1059 4871 a
1108 4816 1214 4871 ﬁne
1256 4818 1523 4874 librorum
1562 4821 1787 4877 Eusebii
1832 4839 2008 4895 usque
2108 4814 2418 4886 siasticam;
2445 4821 2618 4878 libros
2643 4825 2839 4896 viginti
2877 4838 3086 4900 septem
3116 4835 3385 4894 adversus
3422 4841 3685 4907 haereses.

432 4900 499 4954 ad
531 4916 692 4956 suum
725 4911 958 4973 tempus,
994 4903 1049 4958 id
1065 4911 1171 4966 est,
1201 4918 1232 4957 a
1263 4905 1643 4961 vicennalibus
1656 4908 2009 4967 Constantini
2108 4907 2313 4976 quibus
2346 4924 2601 4969 accenset
2644 4916 2934 4975 Eranisten
2954 4938 2971 4987 ;
2995 4922 3169 4981 libros
3215 4928 3459 4999 quinque
3499 4900 3685 4986 Ηωηλ

431 5002 605 5057 usque
646 4988 714 5044 ad
753 4990 1045 5061 imperium
1091 4989 1292 5046 Leonis
1337 4990 1590 5058 senioris,
1642 4996 1746 5050 sub
1796 5012 1907 5067 quo
1951 5008 2008 5055 et
2114 4998 2344 5055 ticarum
2393 5003 2734 5072 fabularum;
2778 4988 3323 5073 libros-totidemlin
3359 4988 3688 5093 Chrysosto-

429 5083 680 5131 mortuus
706 5086 808 5132 est.
850 5098 869 5129 ι
2113 5104 2286 5155 mum,
2321 5097 2748 5154 commentarios
2768 5098 2823 5154 in
2846 5101 3145 5169 Danielem,
3182 5107 3238 5161 in
3262 5083 3680 5176 Octatetichum,

999 5187 1435 5229 OBSERVATIONES.
2107 5180 2280 5235 tibros
2305 5183 2536 5252 Regum,
2582 5188 3019 5261 Paralipomena,
3038 5204 3093 5251 et
3124 5197 3413 5256 duodecim
3439 5202 3681 5259 minores

498 5254 541 5310 I.
559 5254 875 5313 Gennadius
902 5262 1180 5317 scribebat
1206 5279 1352 5320 anno
1375 5262 1581 5320 Christi
1609 5265 1735 5329 494,
1764 5266 1860 5336 qui
1893 5266 1999 5322 fuit
2104 5270 2426 5341 Prophetas.

1765 5404 2080 5462 SCIIULZII
2118 5406 2348 5466 ΝΟΤᾸΞ.

495 5508 846 5609 139p,.'H:r.
881 5507 1007 5609 ξςὸἱ
1030 5511 1420 5609 Sed'advcrsuls
1441 5519 1891 5609 omnes‘bterelses
1914 5524 2283 5609 sevcalamum
2313 5528 2598 5609 strinxisse
2660 5541 2895 5609 testatur
2926 5538 2980 5592 in
3013 5541 3254 5609 Epistula
3288 5544 3356 5597 ad
3378 5546 3677 5602 monachos

425 5577 1218 5686 Εῗειὲᾞιέζρῶωἳῃζπνδιέιςζ
1237 5587 1761 5686 ςὲἓὶηιςχειὲἐῆιίεωι
1785 5592 1957 5686 hujus
1976 5577 2106 5651 libri
2135 5577 3254 5673 iiiéiiioﬁa'iii'HiiifEEéiJL'ifiif
3288 5577 3667 5686 3W2];ng

428 5649 546 5708 fat"
725 5648 1071 5722 impugnat!"
1120 5651 1221 5707 ista
1264 5655 1451 5724 Opinio
1499 5656 1662 5724 infra,
1696 5674 1746 5713 ο.
1785 5661 1836 5715 6.
1862 5648 1882 5664 '
1942 5648 1945 5649 ⁷
2135 5648 2397 5653 ἠ’ῄν--ν
2431 5648 2487 5653 ---
2518 5648 2587 5719 ---'
