4048 6174
303 237 417 302 209

308 450 478 496 vocat
506 444 561 497 iit
587 444 821 499 dubium
847 486 861 511 ,
921 446 1032 501 imo
1052 463 1175 517 qua:
1206 463 1400 519 magna
1420 468 1487 504 ex
1532 460 1687 522 parte
1717 450 1898 505 Theo-

309 534 541 589 doretus
575 552 835 606 expresse
866 539 1133 608 agnoscit,
1175 548 1433 611 tanquam
1456 559 1592 597 sua:
1627 542 1899 614 agnoscit,

309 626 560 695 inquam,
585 629 641 681 in
669 628 803 698 ipsis
832 631 997 684 etiam
1015 630 1172 686 libris
1193 647 1224 686 a
1246 633 1442 689 Photio
1465 634 1902 697 metuoratis,ve-

307 715 413 768 luti
431 718 805 786 expositiones
827 720 881 773 in
895 720 1243 788 Psalterium,
1281 723 1333 777 in
1349 723 1658 789 Cantica,in
1685 724 1900 787 lsaiam,

308 809 369 862 in
401 807 717 874 Jeremiam,
750 810 1209 879 in‘Ezechielem,
1260 815 1314 870 in
1335 816 1581 887 Apostoli
1632 817 1905 887 Epistolas

309 901 961 972 quatuordecim,quibus
983 906 1123 960 adde
1154 906 1442 962 Historiam
1462 908 1903 979 religiosam,sive

310 988 672 1057 Philothcum,
690 994 995 1050 orationem
1009 997 1077 1052 de
1092 997 1393 1061 Charitate,
1411 1015 1693 1056 sermones
1712 1001 1902 1056 decem

312 1083 384 1136 de
434 1084 815 1152 Providentia,
866 1088 1039 1144 libros
1072 1091 1300 1146 totidem
1332 1091 1410 1147 De
1429 1093 1745 1149 Gracanicis
1774 1096 1904 1166 απε-

311 1175 574 1229 ctionihus
589 1179 861 1243 curandis,
879 1189 935 1236 et
961 1181 1222 1250 epistolas
1253 1183 1538 1253 plurimas.

388 1265 479 1320 Ill.
534 1266 697 1324 Solus
750 1270 945 1326 tribuit
975 1273 1328 1329 Tbeodoreto
1366 1275 1543 1332 libros
1570 1277 1815 1347 quinque
1845 1280 1902 1332 in

316 1354 534 1408 laudem
566 1355 924 1429 Chrysostomi
942 1379 962 1425 ;
996 1362 1147 1417 solus
1178 1362 1309 1417 item
1344 1364 1517 1421 libros
1544 1366 1738 1437 viginti
1775 1383 1902 1438 sep-

318 1452 432 1500 tem
459 1448 711 1505 adversus
764 1454 1018 1519 haereses;
1050 1470 1365 1525 quanquam
1415 1473 1484 1511 ex
1532 1458 1642 1514 illis
1704 1458 1903 1530 viginti

318 1546 532 1607 septem
556 1540 719 1610 longe
748 1551 877 1598 ante
914 1544 1096 1600 Photii
1136 1554 1380 1617 tempora
1412 1548 1613 1604 Marius
1636 1550 1904 1605 Mercator

316 1629 571 1698 priorum
597 1632 844 1704 quinque
870 1637 1204 1692 mentionem
1234 1636 1365 1693 fecit
1388 1656 1403 1691 :
1428 1639 1525 1694 sed
1541 1640 1706 1694 simul
1725 1641 1900 1708 dedit,

321 1718 471 1774 unde
500 1721 731 1778 Photius
772 1725 983 1781 erroris
1008 1726 1065 1781 in
1097 1743 1166 1783 eo
1188 1727 1565 1796 damnaretur,
1592 1732 1740 1801 quod
1768 1718 1905 1789 alios

317 1810 518 1878 libros,
542 1814 660 1870 sive
681 1816 867 1885 potius
893 1833 1178 1875 sermones
1210 1821 1404 1892 viginti
1432 1832 1490 1878 et
1516 1840 1708 1889 unum,
1728 1824 1906 1880 Theo-

316 1902 519 1958 doreto
557 1905 834 1971 tribuerit,
884 1922 1011 1963 cum
1053 1911 1166 1966 sint
1212 1913 1461 1980 alterius,
1509 1931 1671 1986 quem
1701 1916 1906 1973 Marius

314 1992 590 2050 hiematur
613 1996 937 2051 nominatim
971 2001 1209 2071 appellat
1234 2002 1299 2055 ".

677 2134 694 2152 ⁸
716 2131 853 2204 51v.
877 2135 1199 2207 Nicephorus
1231 2136 1505 2193 Callistus.

393 2240 456 2294 lu
490 2241 633 2297 libro
679 2260 767 2298 xrv
814 2246 1063 2303 Historia:
1092 2248 1477 2315 ccclesiasticw,
1502 2265 1624 2321 cap.
1663 2250 1753 2315 54,
1791 2252 1906 2305 hzec

324 2332 497 2388 habet
524 2352 537 2388 ε
586 2355 603 2385 ι
633 2335 1018 2394 Theodoretus
1066 2341 1288 2396 natione
1320 2340 1544 2412 quidem
1573 2342 1743 2413 Syrus
1779 2342 1902 2406 fuit,

320 2434 570 2480 sectator
600 2436 785 2482 autem
838 2431 1021 2502 magni
1047 2431 1446 2504 Chrysostomi,
1478 2433 1739 2503 illumque
1774 2434 1903 2497 sibi.

320 2516 484 2584 quasi
538 2516 863 2585 primarium
921 2524 1222 2593 exemplar,
1262 2524 1439 2595 ,stylo
1510 2523 1906 2580 conformando

321 2609 669 2677 propositum
716 2611 942 2679 habuit;
986 2614 1194 2668 etenim
1240 2614 1447 2671 fluidus
1507 2613 1803 2672 admodum
1843 2633 1907 2672 ac

318 2697 601 2767 copiosus,
631 2699 687 2753 in
720 2701 1035 2759 elocutione
1067 2703 1265 2771 facilis,
1300 2713 1357 2760 et
1386 2704 1623 2762 Atticam
1674 2706 1904 2777 gratiam

320 2788 599 2845 redolens.
623 2791 1059 2850 Lucubrationes
1088 2796 1157 2850 ab
1179 2812 1246 2852 eo
1282 2798 1599 2868 composita:
1621 2799 1705 2853 ine
1733 2808 1862 2854 sunt
1887 2817 1902 2853 :

322 2882 719 2940 Enarrationes
770 2886 824 2940 in
869 2888 1037 2942 Vetus
1074 2886 1507 2955 Testamentum,
1536 2891 1693 2962 cujus
1739 2891 1904 2946 etiam

317 2972 711 3031 obscuriorum
754 2979 1001 3033 locorum
1060 2981 1436 3051 expositiones
1468 2982 1521 3036 in
1568 2984 1903 3053 peculiarem

320 3068 597 3121 contraxit
621 3068 843 3122 librum.
867 3070 1018 3140 Opus
1047 3073 1195 3126 aliud
1220 3074 1274 3126 in
1303 3072 1566 3127 sexdecim
1600 3077 1899 3145 prophetas,

320 3156 470 3211 aliud
489 3158 634 3213 idem
663 3161 716 3213 in
742 3159 1088 3229 Psalterium,
1112 3162 1189 3217 De.
1203 3163 1549 3219 Providentia
1575 3164 1717 3218 liber
1741 3164 1900 3229 alius,

320 3247 464 3304 alius
491 3250 549 3303 in
591 3249 921 3320 Apostolum,
945 3251 1204 3308 Adversus
1245 3257 1466 3310 hmreses
1511 3272 1692 3311 omnes
1743 3257 1903 3311 volu-

322 3341 635 3410 men,quod
668 3344 927 3399 mendacii
965 3356 1013 3399 et
1046 3347 1276 3401 veritatis
1301 3347 1583 3401 discrimen
1606 3347 1901 3418 inscripsit.

334 3430 522 3496 Liber,
554 3449 720 3503 quem
742 3443 935 3490 contra
969 3436 1260 3493 duodecim
1300 3438 1466 3509 259
1492 3438 1685 3510 Capita
1716 3439 1904 3513 Cyrilli

320 3524 679 3594 conscripsit.
719 3524 854 3581 Item
878 3526 1253 3583 Ecclesiastica
1281 3530 1525 3595 historia,
1577 3539 1634 3586 et
1685 3547 1903 3588 rursum

324 3614 650 3683 Philotheus,
690 3618 797 3675 hoc
816 3628 919 3684 est,
946 3620 1041 3675 Dei
1071 3623 1368 3675 amantium
1396 3622 1640 3689 historia,
1692 3624 1746 3677 in
1798 3640 1906 3694 qua

322 3707 644 3764 institutum
715 3726 933 3776 eorum,
988 3713 1083 3781 qui
1134 3722 1295 3767 aetate
1363 3728 1463 3767 sua
1501 3713 1671 3768 vitam
1717 3724 1906 3771 sancte

325 3807 737 3871 transegerunt,
794 3803 1166 3873 persequitur.
1214 3803 1369 3858 Libri
1421 3811 1534 3859 tres
1595 3803 1674 3858 De
1717 3806 1908 3862 divinis

322 3887 660 3958 dogmatibus
694 3889 749 3944 in
798 3891 1014 3962 dialogo
1057 3893 1375 3964 conscripti.
1461 3894 1592 3964 Legi
1638 3904 1904 3966 praeterea

269 3968 279 3975 ’
324 3992 492 4056 supra
520 3978 849 4050 quingentas
878 3981 997 4052 ejus
1023 3981 1292 4053 Epistolas
1311 3981 1499 4037 Graeco
1534 3998 1784 4038 sermone
1805 4000 1907 4057 op-

324 4069 459 4124 time
481 4071 837 4140 compositas.

896 4222 1337 4264 οιεεκνιτιοκεε.

1490 248 1592 309 DE
1627 251 1885 311 LIBRIS
1918 248 2424 325 THEODORETL

388 351 457 405 ll.
497 350 664 406 Multa
681 368 793 409 non
826 354 1180 420 meruerat“,
1208 371 1331 426 quae
1375 357 1561 412 nullus
1603 368 1785 414 tamen
1811 375 1899 413 re-
1932 371 1975 425 Α
2003 360 2330 429 conquisitis
2380 360 2512 414 hinc
2555 358 2683 414 inde
2718 360 2894 425 libris,
2935 361 3185 416 restituta
3217 369 3302 416 est

3351 380 3364 415 :
3412 379 3580 432 quare

2004 465 2115 503 non
2161 450 2270 504 alia
2317 465 2482 521 quam
2510 465 2634 519 qua:
2660 458 3045 515 numerantur,
3099 452 3297 522 Opinor
3328 460 3459 509 tunc
3483 470 3581 509 es-

2002 541 2211 597 stitisse
2239 557 2430 612 opera,
2456 558 2579 613 qua:
2608 542 2942 598 Theodoreti
2964 543 3188 599 nomine
3215 543 3584 601 inscriberen-

2005 643 2115 696 tur,
2169 643 2267 689 aut
2308 636 2500 690 saltem
2538 636 2908 691 communiter
2934 636 3190 691 manibus
3211 646 3579 692 versarentur.

2073 725 2139 779 ll.
2174 725 2293 779 Non
2319 735 2594 789 recenset,
2641 742 2763 795 quae
2791 725 2997 780 nostris
3018 726 3185 781 etiam
3213 727 3465 781 manibus
3497 737 3580 781 te-

2005 824 2226 880 runtur,
2243 814 2633 870 Commentario
2650 817 2704 870 in
2721 814 2963 880 Cantica,
2976 815 3148 870 libros
3160 814 3348 870 decem
3359 816 3422 869 de
3435 815 3582 872 Cra:-

2003 908 2201 961 canicis
2247 906 2605 978 affectionibus
2647 907 2921 971 curandis,
2955 915 3012 961 et
3036 906 3342 961 Orationem
3367 907 3431 960 de
3452 909 3579 961 cha-

2006 1000 2161 1053 ritate
2189 1016 2207 1054 :
2230 1014 2546 1069 quanquam
2573 998 2679 1053 diei
2708 1006 2889 1069 potest
2913 999 3219 1053 orationem
3246 999 3388 1053 hanc
3404 998 3584 1053 Philo-

2006 1090 2111 1144 thei
2131 1130 2147 1155 ,
2194 1090 2285 1145 eui
2332 1090 2689 1161 subiungitur
2726 1089 2781 1143 in
2812 1090 3002 1144 multis
3028 1090 3333 1155 codicibus,
3361 1091 3584 1145 nomine

2003 1180 2306 1248 appellasse
2330 1198 2343 1233 :
2370 1180 2466 1235 sed
2496 1191 2794 1251 utrumque
2815 1182 2973 1252 prius
2992 1197 3133 1254 opus
3176 1183 3247 1238 ab
3273 1183 3393 1253 ipso
3417 1185 3582 1239 etiam

2004 1269 2199 1325 Photio
2229 1270 2657 1341 praetermissum
2678 1280 2783 1328 est.

2073 1360 2162 1415 lll.
2202 1360 2418 1416 Omittit
2454 1363 2682 1432 pariter,
2737 1377 2859 1431 quae
2904 1361 3288 1417 Theodoretus
3319 1362 3433 1431 ipse
3465 1377 3552 1417 me

2005 1461 2201 1515 morat,
2235 1453 2498 1529 Adversus
2519 1454 2767 1519 Arianos,
2795 1453 3224 1516 Hacedonianos,
3255 1452 3584 1522 Apollinari-

2000 1549 2133 1606 stas,
2168 1542 2511 1597 Marcionitas
2558 1552 2607 1597 et
2634 1543 2847 1598 Judwos
2880 1543 3084 1598 librum
3138 1543 3451 1614 mysticum,
3483 1542 3584 1597 Re-

2003 1634 2338 1703 sponsionem
2367 1634 2437 1687 ad
2462 1635 2685 1705 qttcesita
2718 1650 3015 1705 magorum,
3052 1644 3108 1691 et
3138 1634 3488 1705 Thcologiam.
3528 1633 3584 1687 ltl

1939 1705 1979 1759 Β
2007 1739 2137 1778 vero
2166 1724 2443 1790 mirabile,
2492 1732 2717 1795 propter
2745 1741 2975 1795 operum
3006 1726 3373 1796 praestantiam
3422 1734 3586 1794 atque

2007 1816 2333 1882 utilitatem;
2393 1832 2463 1870 an
2503 1816 2785 1886 perierant
2822 1818 2934 1888 jam
2976 1825 3111 1870 tunc
3142 1816 3587 1871 elucubrationes

2006 1913 2191 1971 tanta,
2217 1918 2313 1960 aut
2331 1906 2524 1962 haberi
2548 1906 2708 1963 facile
2728 1924 2837 1962 non
2859 1907 3190 1978 poterant“,
3215 1907 3318 1962 etsi
3339 1906 3585 1962 studiose

2003 1998 2494 2067 conquirerentur;
2555 2014 2624 2052 an
2664 1999 2786 2053 aliis
2812 1999 3129 2054 auctoribus
3157 2013 3223 2053 ea
3252 1999 3416 2052 etiam
3446 2005 3585 2052 tem-

2003 2094 2215 2156 pestate
2237 2086 2533 2157 suppositae
2558 2087 2817 2143 fuerant?

2074 2178 2161 2233 ιγ.
2199 2177 2417 2235 Omittit
2446 2179 2689 2251 denique
2717 2179 3095 2249 Pentalogium
3125 2187 3182 2234 et
3210 2177 3584 2232 defensionem

2005 2269 2230 2326 Diodori
2264 2280 2429 2341 atque
2462 2271 2763 2336 Theodori,
2800 2287 2832 2327 a
2855 2272 3063 2343 quibus
3086 2269 3362 2340 magistris
3387 2268 3581 2323 Nesto-

2005 2358 2124 2414 rius
2157 2360 2393 2415 haeresin
2420 2377 2574 2416 suam
2603 2360 2805 2426 hausit,
2838 2363 2970 2416 licet
2997 2359 3347 2415 Theodoreto
3376 2367 3585 2414 utrum-

2002 2466 2111 2521 que
2161 2466 2301 2521 opus
2351 2451 2599 2517 tribuat,
2665 2453 2864 2523 partim
2930 2470 2962 2508 v
3006 2450 3249 2523 synodus
3288 2450 3581 2521 generalis,

2006 2542 2205 2611 partim
2248 2543 2583 2599 Theodoreti
2641 2545 2870 2614 aequalis
2909 2545 3114 2599 Marius
3147 2543 3442 2609 Mercator;
3483 2542 3582 2597 de-

2006 2633 2421 2706 fensionemque
2442 2648 2704 2707 agnoscat
2726 2637 3107 2694 Theodoretus
3147 2652 3246 2707 pro
3293 2651 3414 2703 sua,
3457 2652 3584 2690 cum

2006 2725 2073 2780 ad
2098 2726 2362 2782 Irenaeum
2388 2728 2582 2783 scribit
2609 2729 2678 2783 ".

2222 2840 2251 2910 ᾗ
2281 2840 2346 2896 V.
2392 2841 2714 2896 Hebed-Jesu
2746 2843 3081 2914 mctropolita
3109 2842 3372 2898 Sobcnsis.

2077 2929 2135 2983 In
2162 2931 2409 3001 catalogo
2434 2922 2703 2986 librorum
2723 2933 3127 2999 Chaldaeorum,
3150 2935 3245 3003 qui
3268 2935 3454 2988 Roma:
3469 2932 3585 2987 edi-

1929 3043 1972 3102 ο
2009 3029 2096 3074 tus
2121 3029 2206 3075 est
2234 3036 2381 3076 anno
2410 3024 2546 3078 1655
2579 3026 2649 3079 ab
2674 3024 2985 3079 Abrahamo
3016 3024 3585 3089 Eccltellensi,scribit

2005 3111 2358 3167 Hebed-Jesu
2374 3112 2597 3185 Syriace
2614 3114 2853 3169 delibris
2878 3115 3210 3169 Theodoreti
3246 3115 3299 3168 in
3324 3114 3440 3168 haec
3457 3129 3586 3168 ver-
3614 3156 3620 3162 .

2004 3203 2072 3259 ha
2099 3222 2113 3256 :
2143 3204 2555 3259 «Theodoretus
2576 3204 2702 3276 Cyri
2735 3205 3043 3275 composuit
3063 3204 3263 3258 librum
3302 3203 3583 3269 Philothei,

2004 3301 2062 3349 et
2105 3294 2259 3349 illum
2308 3294 2404 3363 qui
2450 3304 2539 3350 est
2569 3294 2734 3365 260
2777 3293 2977 3350 Contra
3007 3294 3304 3364 Origenem,
3336 3303 3394 3349 et
3416 3293 3585 3349 alium

2004 3386 2171 3441 etiam
2203 3384 2282 3438 De
2307 3384 2517 3455 politia,
2562 3394 2620 3440 et
2642 3383 3095 3441 Commentarium
3120 3386 3175 3440 in
3201 3384 3498 3448 Danielcm,
3530 3394 3587 3440 et

2003 3479 2407 3535 exactissimam
2446 3478 2850 3533 ecclesiasticam
2896 3477 3225 3544 Historiam,
3273 3476 3585 3549 Apologiam

2009 3588 2106 3641 pro
2136 3569 2383 3625 Patribus
2409 3571 2622 3635 nostris,
2650 3568 2871 3624 duobus
2898 3570 3084 3631 tomis,
3107 3568 3472 3624 Resolutiones
3497 3586 3587 3623 ca-

2008 3665 2175 3733 pitum
2197 3661 2404 3733 Cyrilli,
2440 3660 2640 3719 Contra
2667 3661 2997 3734 philosophos
3018 3667 3329 3725 tractatum.
3372 3660 3587 3731 plures—

2006 3769 2114 3824 que
2140 3752 2411 3824 Epistolas
2446 3753 2636 3809 multis
2662 3752 2894 3808 refertas
2919 3750 3346 3807 eruditionibus.

2583 3876 3024 3918 OBSERVATIONES.

2080 3953 2204 4009 LDe
2222 3953 2564 4011 Hebed-Jesu
2582 3954 2697 4009 haec
2712 3953 2879 4009 habet
2895 3953 3270 4009 Eechellensis
3287 3954 3584 4025 interpres:

2016 4043 2270 4101 «Genera
2313 4044 2420 4100 fuit
2460 4044 2770 4109 Chaldaeus,
2824 4044 3163 4115 professione
3207 4046 3586 4110 Nestorianus,

2008 4135 2275 4206 dignitate
2304 4136 2630 4207 episcopus;
2678 4137 2849 4191 multa
2874 4137 3097 4206 scripsit
3119 4153 3286 4207 opera
3321 4137 3390 4192 ad
3418 4136 3587 4192 stabi-

2010 4226 2248 4280 liendum
2311 4227 2852 4296 conflrmandamque
2906 4228 3283 4284 Nestorianam
3328 4229 3585 4284 haaresin.

396 4316 439 4370 1.
472 4317 1081 4390 VivebatNicephorus
1124 4335 1211 4373 XIV
1257 4319 1479 4383 saeculo,
1508 4320 1656 4374 circa
1702 4334 1907 4373 annum
1948 4390 1955 4391 γ
2010 4314 2080 4368 At
2129 4315 2326 4371 divina.
2358 4316 2577 4371 tandem
2626 4298 2922 4388 aﬂ‘ulgente
2945 4320 3155 4391 gratia,
3210 4320 3278 4374 ad
3306 4321 3588 4376 meliorem

322 4404 536 4462 Christi
563 4409 721 4464 i325.
755 4410 938 4477 Quare
960 4409 1226 4465 credibile
1247 4419 1348 4475 est,
1372 4426 1482 4464 non
1505 4411 1609 4464 alia
1629 4410 1904 4464 exstitisse
1939 4390 1980 4446 θ
2010 4404 2168 4459 rediit
2206 4404 2468 4473 mentem,
2505 4407 2841 4476 Romamque
2875 4390 3152 4477 profectus
3183 4417 3266 4463 est
3296 4410 3405 4478 jam
3423 4425 3587 4463 senex

324 4505 463 4552 tunc
484 4501 772 4570 temporis,
791 4503 987 4558 saltem
1013 4502 1071 4558 in
1092 4502 1429 4557 bibliotheca
1456 4503 1671 4556 Sancus
1694 4501 1912 4570 Sophim
2013 4496 2116 4551 sub
2142 4496 2288 4552 Julio
2310 4498 2400 4564 Ill,
2435 4514 2649 4553 summo
2678 4498 2965 4567 pontifice,
3000 4500 3094 4553 ubi
3125 4499 3464 4554 Nestorianis
3488 4500 3587 4553 ab—

324 4596 387 4643 et
432 4590 579 4660 apud
627 4600 941 4657 acmmetas,
988 4593 1324 4649 Theodoreti
1367 4608 1555 4662 Opera,
1603 4608 1764 4661 quant
1794 4608 1913 4660 quae
2007 4588 2206 4658 juratis
2257 4590 2564 4655 erroribus,
2621 4590 2943 4645 catholicam
2989 4591 3267 4662 professus
3287 4600 3372 4645 est
3401 4590 3586 4645 fidem.

326 4690 602 4736 recenset.
630 4683 825 4738 Tradit
846 4685 995 4740 enim
1014 4686 1057 4717 ”
1081 4700 1162 4749 se,
1187 4701 1308 4754 quae
1332 4684 1445 4739 illic
1485 4690 1665 4745 erant,
1686 4681 1917 4751 diligen-

330 4780 417 4825 ter
437 4774 739 4835 evolvisse;
778 4783 835 4830 et
862 4776 1062 4831 rationi
1088 4792 1393 4831 consonum
1420 4783 1523 4837 est,
1548 4783 1711 4827 tanta:
1736 4773 1912 4838 urbis,

330 4870 606 4933 lanaeque
625 4865 877 4921 Ecclesia:
895 4866 1224 4921 litterarium
1244 4867 1562 4921 thesaurum
1588 4880 1692 4917 non
1707 4862 1916 4918 caruis-

328 4968 391 5008 se
442 4956 679 5025 vulgatis
727 4973 1048 5027 magnorum
1091 4959 1339 5012 virorum
1386 4956 1567 5011 libris.
1622 4955 1739 5009 Etsi
1765 4954 1912 5009 enim

332 5055 495 5102 vetus
520 5049 609 5103 illa
653 5060 710 5105 et
745 5051 856 5120 jam
881 5050 1010 5105 inde
1058 5066 1087 5105 a
1114 5051 1306 5121 printis
1340 5050 1489 5105 sedis
1535 5048 1913 5120 patriarchica:

332 5141 684 5209 temporibus
711 5144 939 5198 collecta
971 5143 1302 5198 bibliotheca
1330 5142 1778 5213 conflagraverat,
1814 5157 1913 5194 cu-

332 5233 481 5288 riose
505 5242 686 5290 tamen
731 5235 801 5291 ab
838 5235 1265 5307 imperatoribus
1289 5233 1450 5290 simul
1483 5241 1540 5288 et
1565 5233 1914 5303 patriarchis,

2014 4679 2322 4748 Antequam
2360 4680 2720 4737 Nestorianus
2738 4697 2860 4737 esse
2887 4682 3184 4748 desineret,
3227 4690 3589 4738 contexuerat

2015 4772 2335 4842 Catalogum
2378 4774 2741 4843 scriptorum,
2800 4784 2910 4830 tam
2937 4792 3237 4840 sacrorum,
3269 4785 3430 4846 Quam
3460 4790 3587 4843 pro-

2015 4863 2287 4930 fanorum,
2310 4880 2546 4935 quorum
2569 4882 2734 4937 opera
2758 4868 2873 4924 suis
2890 4867 3231 4938 temporibus
3251 4867 3383 4939 Syra
3405 4866 3587 4937 lingua

2013 4952 2348 5023 legerentur.
2364 4974 2383 5006 ι

2088 5045 2153 5100 ll.
2187 5046 2360 5113 Quem
2394 5046 2595 5103 librum
2632 5049 2710 5102 ait
2740 5064 2771 5102 a
2802 5048 3154 5103 Theodorcto
3186 5053 3373 5099 contra
3396 5043 3559 5114 Orige

2014 5153 2140 5192 nem
2186 5139 2450 5208 scriptum
2472 5154 2593 5193 esse
2612 5179 2626 5203 ,
2671 5139 2818 5194 hunc
2837 5138 3034 5208 opinor
3071 5154 3182 5193 non
3211 5138 3489 5192 diversum
3519 5135 3588 5190 ab

2019 5230 2371 5300 Expositione
2391 5230 2752 5296 Geneseos";
2787 5230 3247 5300 quemadmodum
3273 5230 3588 5286 neclibrum

1660 5342 1978 5402 SCHUL'LI!
2018 5342 2249 5398 NOTAE.

403 5460 447 5533 ’f
482 5457 606 5513 Vid.
668 5461 906 5533 infra,rc.
948 5463 1001 5521 9.
1037 5463 1115 5533 §l
1156 5470 1211 5515 et
1237 5461 1292 5533 2.
1370 5462 1414 5492 ²²
1440 5460 1558 5533 Yid.
1586 5474 1780 5533 supra,
1816 5473 1877 5533 Ρ.
1912 5457 1982 5511 98
2026 5433 2242 5533 (ξι-μέ.
2267 5455 2693 5533 __':V_id.Pr_aef.
2723 5455 2785 5533 in
2811 5455 2908 5533 l_i_b.
2933 5472 2971 5511 ι.
3046 5455 3216 5533 “_Aut
3248 5458 3449 5533 haberi,
3479 5464 3585 5511 etc.

333 5530 390 5584 In
422 5529 565 5583 hanc
604 5532 934 5586 sententiam
973 5529 1200 5588 inclinat
1226 5530 1543 5586 Garnerins.
1586 5530 1646 5584 Vi

1696 5568 1708 5581 .
1753 5526 1913 5591 infra,
1948 5543 2000 5595 p.
2037 5527 2163 5580 27L

2266 5526 2312 5555 ¹¹¹
2348 5525 2519 5595 Epist.
2553 5526 2635 5580 l6.
2742 5527 2787 5558 '°
2809 5526 3335 5583 Hunc—(Senecam.
3368 5527 3592 5581 Praestat

332 5601 649 5673 cotijectura
686 5601 845 5673 Rich.
876 5602 1085 5673 Simon,
1120 5601 1385 5673 scriptum
1440 5600 1606 5655 fuisse
1646 5602 1886 5663 Iucrcscs,
1931 5596 2244 5666 imperitum
2268 5602 2450 5651 autem
2481 5596 2736 5661 scribam,
2777 5612 2886 5666 quo
2917 5595 3285 5652 Ecchellensis
3328 5610 3458 5649 usus
3484 5604 3588 5661 est,

334 5668 532 5741 legisse
578 5686 779 5726 nomen
813 5671 1080 5745 Origenis.
