4040 6172
473 288 570 355 211

1604 282 1979 347 GARNERII
2015 287 2510 348 DISSERTATIO
2548 290 2629 348 II.
3612 283 3724 350 912

474 397 542 453 de
581 395 777 451 Politia
822 393 1045 450 diﬂ‘erre
1094 409 1124 448 a
1167 393 1515 448 sermonibus
1568 394 1636 449 de
1676 396 2047 460 Providentia,
2080 400 2124 455 Α
2226 396 2614 452 Ηωτθιίρητυιη
2639 398 2945 452 fabularum
2978 398 3105 453 libri
3127 415 3198 453 tv.

472 504 580 557 qua
632 488 778 542 Deus
824 487 1089 542 mundum
1133 487 1301 556 regit;
1366 501 1545 555 neque
1571 489 1588 507 '
1618 486 1817 542 librum
1845 487 2047 543 Contra

473 576 802 650 philosophos
844 594 964 633 esse
989 578 1156 632 alium
1174 617 1189 642 ,
1247 591 1411 646 quam
1440 577 1526 631 vel
1555 592 1694 648 opus
1718 578 1797 632 De
1832 577 2029 635 Graeca-

473 672 600 725 nieis
615 670 967 741 affectionibus
992 669 1262 733 curandis,
1286 667 1373 721 vel
1386 665 1794 739 Responsionem
1818 671 1889 724 ad
1903 687 2047 743 que-

471 765 577 818 sita
607 778 907 833 magorum.

545 855 633 908 lll.
670 854 843 920 Quam
872 862 1034 909 vocat
1061 853 1375 927 Apotogiam
1406 872 1500 928 pro
1524 856 1793 920 Patribus,
1834 871 1900 911 ea
1932 857 2048 928 ipsa

471 955 556 999 est
603 944 843 1014 Defensio
895 944 1114 1000 Diodori
1141 946 1409 1002 Tarsensis
1453 956 1501 1001 et
1529 948 1780 1001 Theodori
1802 947 2046 1020 Mopsue-

469 1036 626 1100 steni,
682 1036 840 1106 cujus
883 1035 1189 1107 fragmenta
1239 1039 1558 1094 referuntur
1607 1039 1662 1093 in
1708 1039 1899 1108 quinta
1931 1039 2046 1094 col-

470 1126 677 1183 latione
723 1144 757 1182 v
791 1128 1026 1199 synodi,
1084 1131 1351 1200 cujusque
1387 1130 1637 1184 meminit
1668 1131 2048 1186 Theodoretus

470 1219 528 1273 in
555 1218 788 1289 epistola
820 1219 889 1274 ad
915 1220 1182 1274 lrenamm
1201 1222 1268 1274 ".
1325 1221 1405 1275 Eo
1431 1222 1535 1275 loci
1568 1222 1919 1277 Theodorum
1949 1238 2047 1292 ap-

473 1312 641 1382 pellat
670 1322 880 1382 patrem
914 1331 927 1367 :
958 1329 1080 1382 qua:
1104 1329 1268 1367 causa
1292 1313 1417 1380 fuit,
1467 1331 1565 1370 cur
1597 1316 1741 1385 apud
1768 1316 2047 1369 Nestoria-

472 1418 574 1459 nos
621 1405 870 1475 apologia
913 1404 1196 1460 diceretur
1235 1406 1410 1471 edita,
1481 1424 1589 1461 non
1635 1422 1733 1477 pro
1771 1407 2045 1473 Nestorio,

473 1494 621 1564 quod
642 1495 1015 1550 Ecchellensis
1028 1504 1180 1551 ratus
1193 1506 1277 1551 est
1297 1513 1311 1563 ;
1331 1498 1426 1552 sed
1450 1513 1551 1568 pro
1572 1499 1846 1564 Patrihus,
1870 1498 1924 1552 id
1943 1508 2046 1564 est,

476 1584 645 1639 totius
683 1585 909 1640 haeresis
955 1586 1277 1642 auctoribus
1299 1629 1313 1653 ,
1362 1588 1602 1643 Diodoro
1629 1597 1684 1644 et
1712 1589 2001 1645 Theodoro
2028 1605 2046 1646 :

2222 489 2546 543 Divinorum
2576 489 2925 544 decretorum
2953 490 3214 559 epitome.

2218 581 2294 635 De
2329 580 2679 635 Providentia
2709 580 2804 635 Dei
2838 596 3121 636 sermones
3140 597 3195 635 ι.

2216 671 2530 727 Graecarum
2553 671 2904 727 aﬂectionum
2934 672 3236 728 curationis
3269 671 3400 727 libri
3424 688 3516 729 ιη.

2218 761 2527 833 Appendix.

2752 872 2977 930 CAPUT
3000 874 3090 928 lll.

2148 984 2397 1039 Recensio
2427 999 2667 1053 operum,
2703 1001 2821 1055 quae
2854 993 2993 1038 tomo
3023 986 3193 1054 primo
3219 984 3461 1040 editionis
3490 984 3736 1043 Sirmon-

2666 1057 2845 1109 dianw
2876 1055 3232 1109 continentur.

2219 1167 2363 1222 Duas
2398 1167 2452 1222 in
2483 1177 2668 1238 partes
2702 1178 2884 1223 tomus
2906 1165 3117 1235 primus
3139 1163 3406 1219 dividitur
3431 1183 3444 1218 :
3469 1165 3521 1220 in
3541 1165 3732 1237 priore

2148 1255 2540 1321 Octateucbus,
2566 1257 2693 1311 libri
2719 1257 2928 1326 Regum
2946 1264 3002 1309 et
3019 1254 3432 1324 Paralipomena
3448 1254 3730 1311 elucidan-

2152 1356 2271 1414 tur;
2309 1349 2365 1403 in
2402 1349 2711 1419 posteriore
2740 1346 3066 1403 Psalterium
3095 1354 3152 1400 et
3172 1345 3461 1402 Canticum
3483 1348 3733 1402 cantico-

2149 1455 2295 1494 Γυίῠ.

2219 1531 2341 1586 Non
2386 1547 2497 1587 una
2544 1540 2798 1588 servatur
2848 1530 2905 1585 in
2948 1539 3182 1601 utraque
3208 1538 3363 1599 parte
3396 1530 3538 1585 ratio
3559 1530 3734 1586 inter-

2150 1622 2405 1694 pretandi
2460 1640 2473 1677 :
2521 1638 2649 1677 nam
2681 1622 2738 1676 in
2772 1621 2976 1692 priore,
3024 1637 3123 1690 per
3155 1621 3636 1691 interrogationem
3671 1631 3734 1677 et

476 1690 656 1785 ηθξιξξθ
675 1678 1000 1785 ξ’ξᾞξξωδ
1024 1680 1627 1785 ηρἯίη³¹ί¹ξ¹1δῨῗθηδξξ
1647 1680 2046 1785 ΤδθῩῖξθτίῗίίξθ
2079 1712 2123 1767 Β
2152 1676 2564 1785 ;esponsionem
2610 1676 2944 1784 quaestiones
2991 1711 3262 1782 ambiguae
3305 1712 3620 1778 solvuntur;
3671 1713 3733 1766 in

548 1766 637 1820 ιγ.
675 1766 924 1821 Meminit
952 1769 1181 1838 perinde
1211 1785 1275 1823 ac
1301 1770 1551 1835 Photius,
1586 1771 1958 1843 Expositionis
1991 1773 2045 1828 in

477 1855 778 1921 Danielem,
842 1874 952 1913 non
1002 1860 1131 1914 item
1194 1862 1250 1915 in
1286 1863 1425 1917 alios
1474 1865 1707 1931 majores
1731 1866 2044 1935 praphetas.

478 1944 746 2011 Quoniam
771 1949 1080 2005 lucubratio
1100 1952 1216 2008 haec
1233 1953 1452 2009 videtur
1483 1955 1537 2008 in
1556 1954 1777 2010 Oriente
1800 1972 1912 2026 prae
1928 1956 2050 2011 aliis

479 2036 649 2090 fuisse
690 2038 745 2092 in
788 2041 999 2108 pretio,
1052 2051 1342 2113 propterea
1370 2045 1514 2115 quod
1547 2045 1809 2100 adversus
1834 2047 2051 2103 Judzeos

478 2127 820 2182 demonstrat
883 2130 1104 2201 impleta
1159 2148 1280 2188 esse
1333 2135 1401 2191 de
1449 2135 1669 2193 Christo
1733 2138 2050 2207 prophetica

478 2217 720 2284 oracula,
751 2233 816 2272 ea
842 2236 928 2276 me
957 2222 1100 2277 ratio
1147 2224 1375 2294 impellit
1407 2234 1469 2280 ut
1491 2228 1709 2281 credam
1741 2242 1848 2282 non
1902 2227 2050 2283 aliud

481 2322 512 2361 a
543 2307 890 2366 Theodoreto
931 2316 1306 2385 conscriptum
1333 2333 1472 2387 opus
1517 2317 1714 2373 Contra
1734 2316 2001 2373 Iudaeos”
2034 2336 2048 2373 :

481 2397 647 2468 idque
673 2399 866 2455 videor
895 2401 1029 2457 mihi
1060 2404 1317 2476 colligere
1346 2421 1412 2461 ex
1436 2407 1664 2476 epistola
1687 2408 1808 2473 MS,
1838 2409 1904 2461 ad
1932 2422 2051 2462 mo-

480 2491 688 2547 nachos
702 2491 1361 2566 Constantinopolitanos,
1384 2507 1445 2553 ut
1467 2514 1568 2554 suo
1583 2500 1704 2554 loco
1724 2507 2049 2570 exponetur.

480 2603 637 2675 261
670 2602 804 2676 §VI.
828 2604 1136 2677 Prospectus
1158 2624 1373 2691 operum
1396 2610 1699 2665 Theodoreti
1721 2628 1753 2665 a
1772 2608 2052 2666 Sirmondo

1114 2679 1392 2734 editorum.

551 2786 683 2854 Quae
728 2789 1016 2857 Baronius,
1071 2792 1275 2862 aliique
1320 2809 1578 2849 censores
1612 2810 1839 2865 Operum
1868 2794 2052 2849 Theo-

480 2879 684 2945 doreti,
731 2881 1165 2950 Centuriatores,
1205 2884 1394 2940 Sixtus
1415 2884 1693 2951 Senensis,
1727 2886 2054 2941 Possevinus

480 2981 537 3027 et
578 2972 940 3029 Bellarminus
979 2976 1322 3046 scripserint,
1367 2976 1705 3046 superﬂuum
1733 2984 1818 3031 est
1844 2977 2052 3031 descri-

481 3063 642 3128 bere,
699 3079 823 3119 cum
866 3066 1112 3136 ipsorum
1134 3066 1261 3120 libri
1291 3075 1541 3123 terantur
1571 3071 1844 3124 manibus.
1881 3068 2054 3136 Quam

481 3153 934 3212 distributionem
979 3157 1307 3213 Sirmondus
1348 3159 1559 3225 fecerit,
1609 3177 1788 3231 opera:
1817 3161 2057 3232 pretium

482 3253 571 3300 est
591 3247 874 3312 exhibere,
898 3249 1157 3318 quoniam
1179 3264 1306 3304 eum
1328 3252 1576 3305 ordinem
1607 3254 1846 3307 secuturi
1870 3269 2059 3310 sumus

484 3337 543 3391 in
590 3338 942 3394 recensendis
983 3341 1264 3409 operibus,
1322 3356 1488 3411 quem
1528 3344 1613 3397 vir
1653 3344 2059 3401 eruditissimus

484 3432 543 3485 in
575 3430 997 3487 distribuendis.
1035 3432 1125 3487 Sic
1145 3448 1276 3504 ergo
1297 3434 1496 3488 habet:

485 3541 787 3597 Theodoreti
814 3560 997 3614 opera,
1033 3561 1151 3615 quae
1193 3546 1249 3598 in
1285 3545 1504 3617 singulis
1532 3545 1682 3599 tomis
1705 3547 2055 3601 continentur.

1151 3651 1355 3691 TOMOI.

558 3744 898 3810 Quaestiones
935 3748 989 3802 in
1022 3747 1440 3804 Oetateuchum.

557 3834 901 3898 Quaestiones
930 3835 986 3889 in
1013 3836 1186 3892 libros
1208 3839 1438 3908 Regum.

558 3922 900 3988 Quaestiones
934 3925 991 3979 in
1016 3926 1189 3983 libros
1213 3928 1692 3997 Paralipomenon.

558 4010 945 4083 lnterpretatio
973 4015 1029 4069 in
1059 4031 1253 4071 omnes
1278 4016 1543 4071 Psalmos.

561 4103 951 4174 lnterpretatio
982 4106 1036 4159 in
1058 4106 1283 4163 Cantica
1306 4108 1675 4163 canticorum.

1163 4236 1302 4276 TOHO
1335 4237 1392 4275 ﬂ.

557 4328 1037 4399 [interpretationis
1065 4331 1120 4385 in
1144 4331 1340 4387 Isaiam
1370 4334 1633 4404 epitome.

558 4420 952 4492 [interpretatio
984 4423 1041 4477 in
1069 4423 1387 4480 Jeremiam.

562 4510 950 4583 lnterpretatio
984 4515 1040 4568 in
1072 4514 1438 4572 Ezechielem.

570 4602 953 4674 lnterpretatio
985 4604 1041 4659 in
1067 4605 1368 4661 Danielem.

579 4696 959 4767 interpretatio
991 4697 1047 4751 in
1070 4698 1361 4753 duodecim
1388 4699 1691 4769 Prophetas
1711 4701 1972 4758 minores.

1153 4825 1293 4864 TOIO
1327 4826 1405 4864 UL

560 4921 843 4991 Expositio
872 4922 925 4976 in
952 4938 1143 4977 omnes
1166 4922 1438 4992 Epistolas
1470 4923 1617 4979 beati
1641 4923 1818 4979 Pauli.

566 5012 963 5070 Ecclesiasticaa
992 5016 1238 5071 historia:
1271 5016 1397 5070 libri
1420 5032 1470 5070 v.

567 5101 907 5170 Philntheus,
946 5122 1041 5162 seu
1072 5109 1325 5180 religiosa
1349 5106 1600 5162 historia.

568 5190 824 5258 EPistolaa
852 5199 917 5252 ad
945 5200 1193 5256 diversos
1215 5216 1405 5256 CXLVII.

1166 5328 1398 5368 TOIOIV.

546 5389 851 5463 _Eranistes
881 5411 976 5450 seu
1010 5400 1423 5473 Polymorphus,
1454 5403 1654 5476 dialogi
1676 5419 1753 5458 Ill.

2148 1805 2455 1875 posteriore
2509 1804 2771 1860 solemnis
2815 1818 2936 1858 mos
2982 1802 3389 1857 commentandi
3435 1803 3730 1858 retinetur.

2149 1896 2307 1952 Prior
2351 1906 2438 1952 est
2465 1896 2796 1951 Theodoreti
2823 1897 2975 1952 senis
3004 1897 3158 1966 quasi
3188 1898 3590 1967 magisterium;
3628 1914 3732 1967 po-

2150 1985 2351 2042 sterior
2373 1988 2690 2057 incipientis
2710 1987 2958 2043 scribere
2984 1989 3136 2042 velut
3157 1988 3549 2044 rudimentum.
3575 1990 3734 2044 illam

2149 2093 2180 2133 e
2201 2079 2390 2135 Graeco
2411 2079 2467 2133 in
2485 2079 2742 2133 Latinum
2763 2088 3050 2135 verterunt
3070 2081 3309 2136 Joannes
3329 2080 3491 2136 Picus
3512 2092 3566 2136 et
3586 2081 3738 2136 Cen-

2152 2170 2333 2224 tianus
2355 2170 2654 2235 Hervetus;
2711 2170 2871 2224 istam
2900 2170 3173 2225 Antonius
3194 2170 3388 2226 Caral‘a
3425 2181 3480 2226 et
3503 2172 3736 2226 Franci-

2150 2275 2279 2314 scus
2317 2260 2488 2315 Zinus
2541 2278 2554 2313 :
2604 2268 2897 2330 utramque
2920 2263 3258 2332 recognovit,
3294 2263 3390 2318 sed
3416 2263 3604 2333 paucis
3631 2263 3736 2317 ad-

2151 2353 2376 2408 modum
2400 2354 2724 2419 immutatis,
2746 2352 3093 2409 Sirmondus.

2155 2488 2181 2559 ᾗ
2202 2489 2244 2543 1.
2280 2487 2360 2542 De
2386 2488 2824 2559 interpretatione
2848 2486 3152 2559 Octnteuchi
3166 2527 3180 2549 ,
3234 2485 3485 2539 librorum
3506 2484 3736 2556 Regum,

2691 2565 2741 2609 et
2770 2555 3238 2627 Paralipomenon.

2223 2671 2276 2726 l.
2344 2669 2865 2749 Interpretationem
2919 2670 2975 2723 in
3032 2668 3427 2724 Octateuchum
3488 2667 3740 2739 agnoscit

2153 2761 2538 2816 Theodoretus
2568 2761 2727 2832 262
2763 2769 2821 2815 ut
2849 2777 3025 2825 suam,
3059 2760 3112 2814 in
3139 2760 3453 2830 praefatione
3473 2760 3541 2814 ad
3564 2760 3740 2814 libros

2153 2853 2397 2923 Regum:
2426 2872 2443 2902 ‹
2471 2851 2744 2915 Quoniam
2774 2850 2959 2905 divina
2989 2850 3114 2904 freti
3140 2857 3155 2870 '
3179 2851 3350 2921 gratia
3389 2849 3737 2919 interpretati

2154 2962 2345 3001 sumus
2372 2945 2544 2999 libros
2566 2943 3107 3015 Mosislegislatoris,
3158 2955 3214 2998 et
3233 2944 3397 2999 Josue
3434 2944 3737 3013 prophetat,

2080 3036 2127 3097 C
2156 3045 2212 3090 et
2234 3035 2514 3100 Iudicum,
2536 3044 2593 3089 et
2613 3035 2761 3089 Ruth
2789 3052 2801 3088 :
2824 3050 2922 3105 age
2949 3033 3300 3103 splendorem
3331 3036 3495 3105 hujus
3513 3034 3655 3088 lucis
3677 3043 3741 3088 ut

2156 3126 2512 3195 accipiamus,
2542 3126 2742 3179 iterum
2767 3125 3141 3195 implorantes,
3166 3125 3503 3195 explicemus
3523 3124 3741 3197 Regno-

2157 3234 2279 3272 rum
2310 3217 2590 3279 historias,
2617 3236 2634 3261 ι
2669 3226 2773 3271 etc.

2227 3309 2292 3363 ll.
2345 3307 2605 3378 Agnoscit
2654 3308 2864 3377 pariter
2913 3308 3423 3379 interpretationem
3470 3307 3526 3360 in
3566 3306 3738 3361 libros

2157 3397 2368 3467 Regum
2397 3396 2538 3450 libro
2563 3398 2742 3467 primo
2771 3398 3232 3469 Παραλιπομὲνων
3284 3415 3298 3450 :
3350 3416 3368 3448 ι
3403 3396 3739 3451 Musicarum

2158 3488 2652 3543 instrumentorum
2690 3488 3056 3543 differentiam
3100 3489 3338 3544 diximus
3376 3489 3429 3542 in
3454 3487 3613 3542 libris
3632 3488 3742 3543 Re—

2158 3595 2306 3650 gum.
2333 3598 2351 3628 ι

2227 3670 2316 3725 IlI.
2376 3671 2451 3724 De
2509 3670 2766 3724 omnibus
2811 3671 2973 3725 simul
3021 3672 3137 3725 haec
3184 3671 3351 3725 habet
3394 3670 3626 3725 Photius
3645 3669 3734 3729 '.’:

2167 3761 2324 3831 «Legi
2340 3759 2585 3831 ejusdem
2603 3759 2771 3814 divini
2788 3761 2893 3815 viri
2914 3762 3245 3816 Theodoreti
3268 3762 3325 3815 in
3339 3761 3738 3819 Octateuchum

2158 3850 2594 3921 explanationem
2613 3891 2627 3915 ,
2678 3866 2801 3919 quae
2842 3851 3255 3921 inscriptionem
3281 3860 3438 3905 nacta
3463 3860 3549 3906 est
3578 3852 3737 3920 operi

2159 3950 2570 4013 congruentem,
2606 3942 2669 3996 In
2702 3942 2921 3995 obscura
2947 3951 2996 3995 et
3022 3943 3263 3996 abstrusa
3288 3939 3573 4011 Scriptura?
3597 3940 3736 4003 loca,

2161 4037 2218 4092 in
2247 4036 2450 4106 quibus
2475 4044 2622 4099 sunt,
2657 4044 2713 4089 et
2739 4034 2806 4088 ad
2835 4034 3004 4088 libros
3027 4034 3259 4103 Regum,
3289 4042 3346 4086 et
3368 4032 3434 4086 ad
3457 4031 3741 4100 Paralipo-

2162 4143 2351 4194 mena;
2387 4128 2737 4182 utilissimum
2765 4136 2948 4181 autem
2976 4126 3031 4179 in
3060 4125 3252 4195 primis
3282 4125 3386 4178 hoc
3409 4138 3599 4192 opus.»
3623 4130 3737 4177 etc.

2232 4219 2321 4275 ιν.
2364 4219 2665 4273 Postremis
2693 4219 2820 4271 vitae
2844 4216 3183 4287 temporibus
3213 4216 3330 4270 haec
3355 4214 3741 4269 Theodoretus

2163 4310 2474 4381 composuit
2516 4328 2530 4363 :
2575 4325 2701 4363 nam
2756 4309 2822 4363 de
2863 4309 2996 4379 ipsis
3030 4307 3082 4361 in
3118 4306 3270 4360 nullo
3292 4306 3402 4360 alio
3421 4320 3586 4374 opere
3617 4318 3738 4358 me-

2094 4374 2139 4430 D
2164 4374 2345 4466 minit,
2378 4416 2502 4455 cum
2539 4401 2595 4453 in
2630 4399 2717 4452 his
2751 4399 2856 4452 alia
2885 4374 3045 4467 plura
3076 4397 3333 4466 appellet.
3369 4395 3680 4462 Qumstione
3707 4394 3733 4448 ί

2165 4493 2223 4549 in
2245 4490 2570 4554 Leviticum,
2603 4503 2725 4557 qua:
2752 4497 2837 4541 est
2866 4487 2934 4541 de
2961 4502 3145 4552 causa,
3184 4502 3282 4540 cur
3305 4486 3450 4540 Deus
3471 4485 3741 4541 sacriﬁcia

2166 4585 2271 4641 sibi
2310 4580 2498 4637 offerri
2546 4579 2883 4649 prazcepcrit,
2916 4597 2958 4637 ,ι
3003 4578 3079 4632 De
3126 4578 3233 4642 his,
3264 4578 3462 4647 inquit,
3500 4577 3740 4632 diximus

2170 4674 2356 4732 multis
2384 4674 2437 4726 in
2470 4672 2625 4735 locis,
2651 4680 2767 4724 tum
2797 4671 2852 4724 in
2872 4670 2983 4736 his,
3008 4685 3130 4739 qua:
3158 4678 3347 4725 contra
3368 4669 3586 4725 Graecos
3605 4668 3742 4724 scri-

2171 4770 2399 4841 psimus,
2459 4776 2517 4820 et
2570 4764 2836 4818 adversus
2882 4763 3149 4829 haereses;
3214 4772 3329 4816 tum
3381 4762 3438 4816 in
3473 4761 3581 4826 his,
3617 4775 3743 4830 qua

2168 4863 2432 4917 adversus
2490 4872 2706 4928 magos;
2767 4865 3029 4925 praetcrea
3063 4856 3118 4909 in
3144 4855 3582 4910 enarrationibus
3607 4869 3739 4924 pro-

2160 4955 2448 5025 phetarum
2470 4992 2484 5015 ,
2543 4958 2600 5005 et
2647 4949 2701 5002 in
2745 4947 3170 5017 apostoliearum
3196 4947 3559 5017 Epistolarum
3590 4960 3742 5001 com-

2162 5045 2467 5101 mentariis.
3244 5118 3249 5121 1

2240 5138 2553 5204 ρυωειίουο
2587 5137 2655 5190 45
2702 5137 2758 5190 in
2797 5136 2998 5190 librum
3040 5134 3085 5190 ll
3136 5136 3374 5203 Regum,
3409 5148 3533 5187 cum
3555 5138 3740 5202 ageret

2172 5227 2237 5284 de
2262 5226 2580 5296 triumphali
2613 5226 2834 5296 hymno,
2869 5240 3032 5293 quem
3069 5224 3180 5278 Deo
3204 5220 3371 5275 David
3408 5226 3533 5289 post
3554 5218 3738 5271 hostes

2172 5318 2464 5388 ipsumque
2478 5315 2696 5370 Saulem
2717 5313 2990 5368 devictum
3013 5311 3212 5368 cecinit
3237 5329 3249 5363 :
3281 5330 3297 5360 ε
3316 5309 3590 5364 Consonat
3611 5320 3735 5359 eum

2171 5410 2382 5482 psalmo
2420 5424 2547 5473 xvn,
2604 5407 2689 5461 vel
2737 5407 2921 5476 petius
2966 5405 3107 5460 idem
3142 5410 3256 5467 est,
3304 5401 3513 5455 habens
3537 5411 3741 5468 paucas

1858 5546 2172 5604 SCHULZII
2212 5546 2450 5603 ΝΟΤιΕ.

499 5692 622 5748 205.

569 5624 611 5712 ’3
645 5623 763 5679 Vid.
791 5625 951 5695 epist.
988 5626 1048 5681 l6
1143 5629 1187 5659 "'
1216 5630 1470 5687 Eamde
1518 5640 1840 5696 sententiam
1872 5643 2152 5712 amplexus
2177 5650 2259 5697 est
2292 5640 2521 5695 Caveus.
2554 5637 2714 5691 Plura
2753 5635 2864 5689 vid.
2915 5634 3072 5701 infra,
3104 5649 3219 5703 cap.
3251 5632 3301 5697 9,
3331 5630 3357 5698 §
3393 5630 3442 5683 4.
3518 5628 3567 5659 ³⁸
3594 5624 3709 5682 CGd
