4040 6172
266 242 347 307 213
1391 247 1490 307 DE
1530 249 1786 309 LIBRIS
1819 249 2329 311 THEODORETI-

3387 247 3492 311 2M

262 355 519 410 nominum
547 362 901 409 mutationes.
935 356 1051 425 Ego
1072 363 1255 411 autem
1287 371 1409 411 cum
1442 340 1567 413 aliis
1591 360 1816 430 psalmis
1846 367 1888 422 Α
1920 362 2085 417 habet
2116 362 2183 416 de
2207 361 2437 432 angelis,
2469 375 2673 429 eosque
2700 359 2861 414 docet
2892 368 3089 414 creatze
3117 374 3238 414 esse
3257 367 3489 424 naturae,

262 448 381 499 hunc
401 460 625 514 quoque
663 445 1080 515 interpretatus,
1130 461 1600 515 Supervacaneum
1619 449 1812 503 existi-

259 540 376 596 mavi
408 536 706 594 secundam
732 550 1062 603 componere
1087 535 1622 605 interpretationem.
1649 558 1664 585 ε

311 631 369 684 ν.
404 628 719 684 Posteriora
741 633 870 679 sunt
900 626 1067 695 igitur
1107 626 1269 680 libris
1300 626 1375 680 De
1398 627 1712 683 Graecanica;
1734 626 1815 694 af-

255 720 537 791 fsctiouibus
576 716 825 770 curandis
850 756 866 777 ,
920 715 1300 770 (hereticorum
1348 716 1650 784 fabularum
1733 715 1815 769 Ad

254 813 455 882 qscsita
487 824 784 880 magorum,
806 806 1167 871 Psalmorum,
1196 807 1600 878 Prophetarum.
1624 815 1678 862 et
1694 806 1818 877 Epi-

251 901 494 956 stolarum
519 897 756 970 Apostoti
779 914 796 951 :
822 897 1066 951 nondum
1082 905 1231 952 certe
1253 898 1558 967 composita
1574 897 1814 961 fuerant,

251 1010 359 1049 cum
386 991 773 1046 Theodoretus
799 988 1104 1054 scriberet,
1154 989 1241 1043 vel
1268 990 1507 1044 Eusebio
1530 990 1818 1060 Ancyrano

255 1101 391 1140 anno
421 1084 548 1146 μδ,
582 1082 667 1136 vel
695 1090 886 1135 saneto
908 1080 1077 1134 Leoni
1105 1096 1250 1135 anno
1275 1082 1405 1146 449;
1441 1082 1575 1136 alias
1598 1081 1665 1136 de
1686 1081 1819 1151 ipsis

249 1189 347 1227 non
393 1171 670 1233 siluisset,
727 1184 851 1224 cum
897 1169 966 1223 ad
1006 1184 1122 1223 rem
1153 1185 1308 1224 suam
1334 1170 1580 1225 facerent
1612 1180 1671 1225 ut
1696 1186 1819 1241 qua:

247 1264 495 1319 maxime.

308 1354 395 1408 Vl.
450 1352 607 1419 Quod
658 1360 842 1406 autem
901 1351 958 1405 in
1010 1350 1207 1405 litteris
1239 1349 1310 1405 ad
1342 1351 1609 1406 Renatum
1637 1350 1733 1414 ait,
1761 1366 1820 1405 se

244 1461 444 1500 sacram
462 1443 807 1513 Scripturam
827 1443 1269 1513 interpretatum.
1287 1450 1347 1495 ut
1364 1441 1647 1496 indeﬁnite
1663 1441 1817 1505 dixit,

245 1539 311 1593 ita
332 1535 751 1606 intelligendum
779 1533 1009 1604 perinde
1030 1543 1196 1603 atque
1212 1542 1297 1588 est
1320 1534 1374 1587 in
1397 1534 1597 1589 litteris
1616 1534 1682 1588 ad
1700 1550 1823 1588 san-

242 1637 382 1683 ctqu
408 1627 651 1681 Leonem
682 1642 789 1679 una
818 1625 1021 1689 missis,
1066 1626 1143 1680 De
1181 1625 1517 1695 propheticis
1538 1626 1777 1680 oraculis
1805 1644 1817 1679 :

241 1733 344 1786 quo
372 1715 597 1769 nomine
630 1713 1009 1784 signiﬁcantur
1039 1712 1107 1768 de
1134 1728 1285 1767 more
1315 1714 1534 1778 Psalmi,
1570 1713 1815 1779 Cantica,
1857 1699 1892 1751 θ

239 1820 288 1862 et
314 1805 628 1875 Prophetas,
663 1805 779 1858 sive
805 1804 898 1873 qui
929 1805 1185 1875 majores,
1212 1803 1325 1859 sive
1353 1805 1445 1873 qui
1476 1806 1730 1860 minores.

308 1896 421 1951 Vl].
480 1894 799 1965 Composita
847 1909 969 1949 esse
1015 1902 1139 1963 post
1179 1895 1473 1948 concilium
1515 1894 1815 1950 Chalcedo-

237 2005 431 2055 neuse,
460 1989 572 2042 imo
597 1997 720 2058 post
744 2002 949 2041 annum
970 1986 1097 2050 455,
1122 1995 1272 2041 certa
1299 1987 1438 2041 ratio
1456 1986 1815 2041 demonstrat.

237 2084 377 2136 Sunt
415 2081 568 2135 enim
623 2080 904 2134 elaborata
948 2086 1070 2148 post
1096 2078 1269 2134 libros
1290 2079 1533 2148 quinque
1555 2079 1630 2133 De
1649 2079 1820 2133 haere-

234 2172 420 2233 sibus,
485 2170 581 2239 qui
636 2168 764 2223 libri
826 2180 949 2237 post
1008 2168 1306 2223 concilium
1369 2168 1817 2223 Chalcedonense

235 2280 382 2317 anno
407 2263 509 2317 $53
531 2262 667 2316 editi
692 2272 822 2315 sunt
837 2262 903 2324 ³⁸,
929 2269 987 2314 ιιι
1007 2268 1201 2331 aperto
1223 2269 1546 2330 argumento
1568 2260 1819 2315 conﬁcie-

237 2365 326 2410 tur
362 2355 529 2423 paulo
557 2363 702 2422 post.

305 2447 471 2516 263
510 2445 646 2500 Vlll.
682 2445 920 2499 Necesse
953 2452 1037 2498 est
1073 2443 1239 2514 igitur
1285 2458 1603 2513 supremum
1649 2442 1819 2498 fuisse

237 2535 576 2592 Theodoreti
617 2535 887 2589 laborem.
956 2534 1025 2589 Et
1063 2550 1198 2589 vero
1247 2549 1373 2588 cum
1402 2533 1472 2587 ad
1494 2534 1674 2603 ipsum
1697 2550 1821 2588 sus-

237 2629 556 2700 cipiendum
590 2628 971 2697 impelleretur
991 2627 1062 2682 ab
1084 2626 1337 2698 Hypatio,
1380 2625 1598 2680 inﬁrma
1613 2627 1823 2680 valetu-

240 2722 366 2776 dine
416 2720 681 2775 utebatur
734 2737 747 2772 :
792 2735 957 2788 quam
1006 2734 1108 2789 ego
1158 2719 1532 2779 inﬁrmitatem
1561 2758 1573 2781 ,
1628 2733 1825 2787 magna

243 2794 447 2867 saltem.
484 2827 553 2865 ex
600 2820 775 2879 parte,
832 2810 1168 2879 interpretor
1209 2819 1573 2874 senectutem,
1610 2817 1726 2863 tum
1754 2824 1820 2862 ex

246 2904 470 2972 epistola
500 2902 618 2966 ll5,
669 2901 764 2955 ubi
814 2901 1008 2955 eadem
1066 2901 1180 2956 fere
1225 2902 1393 2955 verba
1443 2910 1820 2971 usurpantur:

249 3004 357 3049 tum
398 3011 470 3049 ex
516 3010 586 3049 eo
634 2993 782 3063 quod
830 2992 1122 3064 Hypatium
1158 3009 1267 3047 non
1306 2994 1417 3063 jam
1442 2993 1821 3065 presbyterum

251 3085 534 3149 duntaxat,
589 3094 644 3139 et
685 3085 1162 3154 chorepiscopum,
1214 3084 1309 3138 sed
1336 3083 1459 3156 Cyri
1487 3085 1826 3155 episcOpum,

254 3176 451 3230 παίδων
503 3176 760 3239 φίλτατον
811 3183 869 3230 et
913 3174 1326 3246 ἐρασμιώτατον
1363 3176 1631 3245 appellat;
1667 3190 1829 3245 quam

253 3266 510 3337 loquendi
541 3267 773 3320 formam
806 3266 919 3320 sola
948 3266 1097 3319 senis
1121 3264 1422 3329 hominem,
1447 3281 1607 3333 quem
1632 3265 1832 3318 educa-

254 3359 405 3423 verit,
441 3360 779 3429 alloquentis
805 3369 939 3414 tetas
967 3368 1194 3414 excusat
1234 3376 1245 3410 :
1283 3367 1397 3412 tum
1430 3359 1666 3427 denique
1692 3376 1830 3428 quo.

256 3454 394 3506 niam
427 3453 485 3505 in
515 3452 836 3521 praefatione
871 3453 938 3505 ad
968 3453 1142 3506 libros
1178 3454 1383 3523 Regum
1415 3451 1633 3514 scribit,
1671 3468 1728 3506 se
1762 3451 1829 3505 ad

256 3542 389 3599 hanc
418 3545 589 3599 etiam
619 3552 831 3613 partem
860 3544 1244 3613 perﬁciendam
1269 3544 1553 3607 accedere,
1604 3561 1668 3596 ne
1697 3546 1800 3614 peti
1812 3575 1830 3583 -

257 3639 442 3690 tionem
471 3635 691 3707 Hypatii
720 3634 1081 3705 imperfectam
1103 3634 1390 3705 relinquat,
1418 3643 1594 3689 morte
1624 3635 1833 3689 scilicet

257 3736 581 3796 pmentus.

322 3819 410 3873 IX.
449 3818 661 3888 Opinor
693 3819 859 3889 igitur
909 3821 1061 3889 operi
1099 3828 1249 3875 tanto
1283 3830 1566 3876 auctorem
1603 3837 1711 3875 non
1737 3821 1829 3873 diu

260 3912 612 3982 superstitem
640 3912 809 3967 fuisse
834 3930 846 3965 :
876 3928 1052 3982 neque
1074 3912 1223 3968 enim
1252 3913 1460 3967 absolvi
1484 3914 1657 3982 potuit
1677 3913 1831 3967 brevi

258 4014 498 4074 tempore
522 4044 537 4069 ,
583 4003 681 4058 sed
710 4004 967 4056 diuturna
991 4002 1375 4067 meditatione;
1422 4004 1693 4073 siquidem
1723 4020 1836 4057 me—

260 4096 496 4159 dullam,
550 4104 613 4150 ut
659 4096 732 4149 ita
757 4096 980 4164 loquar,
1033 4092 1402 4165 intelligentiae
1426 4096 1833 4165 Scripturarum

259 4187 535 4241 contineat
562 4204 576 4239 :
600 4187 669 4241 ad
705 4202 844 4256 opus
868 4194 1049 4239 autem
1079 4186 1311 4239 accessit
1336 4194 1459 4255 post
1484 4201 1686 4239 annum
1710 4187 1832 4249 455,

259 4278 447 4332 obiit"
481 4293 633 4331 anno
653 4278 779 4342 457,
811 4286 907 4331 aut
929 4276 1051 4331 458.

1914 463 2078 523 atque
2114 454 2485 523 incorporea,
2537 451 2632 507 sed
2664 462 2845 505 tamen
2884 450 3341 520 circumscriptae;
3377 450 3492 504 sin-

1913 543 2054 611 gulis
2075 541 2411 605 hominibus,
2435 541 2543 596 imo
2563 551 2619 596 et
2638 539 2912 611 gentibus,
2932 556 3092 594 suum
3113 555 3234 594 esse
3252 540 3493 610 assigna-

1916 640 2030 683 tum
2081 633 2397 697 custodem;
2454 632 2509 685 in
2552 632 2674 686 loco
2704 646 2846 694 esse,
2892 631 3020 700 quia
3059 631 3491 700 circumscripti;

1917 719 1969 772 in
2004 729 2278 788 tempore,
2318 720 2446 789 quia
2478 721 2678 784 creati;
2717 736 2841 773 cum
2869 720 3008 774 cado
3036 728 3092 773 et
3120 728 3264 773 terra
3294 719 3487 784 factos,

1917 827 2226 880 quanquam
2285 827 2395 865 non
2442 812 2515 865 sit
2558 822 2749 866 contra
2784 812 3010 866 verbum
3035 812 3274 881 pietatis,
3312 811 3497 865 dicere

1918 914 2042 959 ante
2067 905 2267 958 caelum
2302 914 2356 958 et
2381 913 2582 958 terram
2615 922 2737 959 esse
2760 906 3031 959 conditos.

1990 993 2103 1048 Xll.
2141 995 2451 1060 Qumstione
2477 996 2571 1057 l9,
2610 1013 2734 1050 cum
2761 997 3219 1066 interpretaretur
3237 996 3351 1050 haec
3374 1011 3496 1048 ver-

1920 1084 1986 1138 ba
2035 1102 2048 1138 :
2083 1083 2362 1139 Faciamus
2386 1086 2648 1139 hominem
2680 1086 2748 1141 ad
2771 1088 3109 1155 imaginem",
3133 1095 3265 1149 etc.,
3299 1085 3493 1139 catho-

1918 1176 2079 1229 licam
2133 1175 2202 1230 de
2255 1175 2632 1230 incarnatione
2670 1176 2976 1229 doctrinam
3012 1176 3277 1240 ostendit,
3334 1176 3491 1246 quasi

1922 1274 2252 1320 testamento
2280 1265 2439 1319 ﬁdem
2465 1282 2620 1320 suam
2648 1267 2996 1336 eonsiguans.
3030 1266 3165 1321 Cum
3194 1267 3340 1321 enim
3367 1282 3495 1335 pro-

1922 1358 2130 1412 miscue
2177 1358 2468 1427 πρόσωπον
2510 1366 2564 1411 et
2603 1358 2900 1410 ὑπόςτασιν
2929 1368 3248 1427 usurpasset
3279 1357 3347 1412 de
3372 1357 3496 1411 Tri-

1922 1449 2095 1503 nitate
2118 1448 2433 1513 disserens,
2486 1457 2653 1517 atque
2682 1449 2820 1503 adeo
2844 1448 3177 1503 ostendisset
3215 1464 3273 1502 se
3300 1463 3498 1502 nomen

1924 1540 2217 1609 προσώπου
2248 1556 2410 1594 sensu
2434 1540 2659 1611 physico
2677 1541 2949 1609 accipere,
2971 1541 3084 1594 haec
3104 1540 3267 1593 habet
3287 1558 3299 1593 :
3321 1560 3339 1589 ‹
3359 1539 3503 1593 Deus

1924 1631 2016 1699 qui
2058 1632 2352 1701 pramoscit
2386 1632 2591 1688 omnia.
2622 1647 2745 1699 quae
2770 1631 3013 1684 nomium
3044 1632 3182 1685 facta
3208 1638 3356 1692 sunt,
3380 1639 3502 1684 tan-

1924 1740 2087 1793 quam
2126 1724 2237 1793 jam
2268 1723 2441 1786 facta,
2491 1732 2547 1777 et
2578 1722 2672 1791 qui
2703 1722 3041 1791 praevidebat
3069 1720 3501 1775 incarnationem

1923 1823 1980 1869 et
2008 1814 2518 1869 inliumanationem
2548 1813 2825 1884 Unigeniti
2851 1853 2864 1877 ,
2901 1813 3161 1882 quodque
3189 1828 3256 1865 ex
3281 1812 3502 1881 Virgine

1924 1907 2173 1961 eamdem
2212 1914 2466 1959 naturam
2501 1912 2825 1975 sumpturus
2854 1913 3037 1966 esset,
3082 1919 3243 1972 quam
3270 1902 3374 1956 sibi
3406 1917 3502 1955 co-

1922 2004 2135 2069 aptaret
2184 2004 2243 2049 et
2284 1994 2471 2050 uniret
2510 1998 2523 2013 '
2564 1995 2663 2058 sic,
2705 2003 2765 2047 ut
2792 2009 2898 2046 una
2925 2008 3154 2062 persona
3192 1991 3287 2045 Dei
3318 1999 3373 2044 et
3401 1992 3502 2044 ho-

1926 2087 2087 2141 minis
2116 2087 2471 2156 intelligatur,
2516 2094 2572 2139 et
2599 2102 2706 2139 una
2730 2084 3028 2152 eademque
3051 2083 3126 2136 illi
3154 2082 3403 2135 adoratio
3434 2080 3502 2134 ab

1925 2178 2184 2232 universa
2208 2188 2462 2231 creatura
2493 2176 2828 2237 deferatur,»
2858 2182 2969 2228 etc.

1993 2267 2123 2322 Inde
2164 2266 2223 2320 ﬁt
2258 2267 2484 2321 evidens
2531 2266 2796 2320 adversus
2838 2263 3256 2319 Severianorum
3292 2262 3503 2316 calum-

1925 2359 2093 2420 niam,
2123 2373 2286 2427 quam
2305 2359 2519 2412 sincera
2541 2357 2708 2411 fuerit
2734 2354 3064 2410 Theodoreti
3090 2353 3356 2424 professio
3378 2352 3503 2407 ﬁdei

1926 2451 2063 2533 facta
2083 2449 2452 2511 Chalcedone,
2497 2464 2772 2518 quamque
2793 2445 2955 2517 264
2973 2461 3040 2500 ex
3059 2444 3242 2500 animo
3268 2442 3505 2499 Nestorii

1926 2539 2275 2609 deginatibus
2301 2539 2587 2592 anathema
2615 2537 2834 2592 dixerit.

1996 2629 2308 2695 Qusestione
2335 2628 2425 2692 20,
2481 2644 2603 2697 quze
2638 2637 2722 2682 est
2770 2627 2838 2682 de
2877 2625 3240 2682 similitudine
3267 2623 3507 2677 hominis
3546 2611 3558 2619 ’

1928 2738 2051 2775 cum
2083 2722 2217 2783 Deo,
2247 2721 2555 2775 afferuntur
2584 2720 2827 2783 Diodori,
2856 2718 3132 2773 Theodori
3157 2726 3210 2770 et
3254 2716 3509 2785 Origenis

1930 2813 2265 2875 testimonia,
2321 2828 2443 2881 quae
2496 2810 2813 2865 nonnemini
2846 2811 2960 2865 visa
2986 2818 3115 2863 sunt
3143 2823 3250 2862 non
3269 2823 3303 2861 a
3325 2807 3506 2860 Theo-

1929 2904 2122 2959 doreto
2162 2905 2367 2958 inserta
2381 2904 2446 2966 ³⁸,
2500 2902 2594 2956 sed
2623 2903 2693 2956 ab
2718 2901 2848 2964 alio,
2881 2910 3170 2971 propterea
3203 2897 3350 2967 quod
3384 2905 3508 2965 post

1931 2996 2237 3066 argumenti
2281 2994 2660 3047 tractationem
2701 3003 2759 3045 et
2792 2992 3115 3060 opinionum
3160 2989 3280 3042 sine
3316 2996 3507 3041 aucto—

1932 3104 2051 3141 rum
2075 3088 2295 3141 nomine
2327 3084 2672 3145 relationem,
2708 3099 2818 3136 non
2848 3081 3143 3135 admodum
3176 3080 3332 3134 utilia
3358 3088 3505 3132 sunt.

1934 3180 2132 3231 \‘crum
2184 3191 2308 3229 cum
2352 3174 2519 3227 iidem
2568 3172 2899 3241 interpretes
2951 3170 3245 3223 laudentur
3283 3169 3337 3223 in
3372 3185 3508 3223 con-

1931 3268 2293 3338 sequentibus
2336 3263 2817 3334 quaestionibus“,
2877 3261 3136 3316 existimo
3188 3261 3509 3315 Theodore-

1934 3368 2048 3413 tum
2094 3357 2356 3411 habuisse
2406 3355 2459 3408 in
2499 3354 2704 3415 animo,
2756 3352 2821 3405 ad
2851 3351 3179 3420 insigniores
3201 3351 3354 3404 locus
3378 3365 3508 3419 pro-

1932 3450 2079 3505 ferre
2128 3458 2403 3504 tantorum
2444 3446 2691 3499 virorum
2744 3443 3092 3507 sententias;
3152 3442 3247 3496 sed
3302 3441 3510 3494 laboris

1933 3539 2333 3611 magnitudine,
2366 3538 2513 3593 unde
2539 3544 2813 3591 cresceret
2840 3550 3001 3605 opus,
3029 3534 3179 3604 quod
3205 3533 3370 3587 breve
3389 3548 3509 3587 esse

1932 3635 2202 3695 voluerat,
2235 3630 2565 3686 deterritum
2591 3626 2947 3681 abstinuisse.

2002 3723 2143 3778 Xlll.
2179 3721 2489 3788 Quaestione
2519 3718 2587 3772 58
2625 3718 2677 3771 in
2710 3714 3221 3777 Deuteronomium,
3270 3727 3394 3766 cum
3424 3711 3509 3764 in-

1937 3823 2337 3886 terpretaretur
2363 3812 2562 3882 capitis
2582 3826 2703 3864 χχιχ
2730 3818 2787 3864 et
2808 3824 2912 3862 xxx
2942 3804 3357 3861 maledictiones
3388 3817 3513 3871 pec-

1935 3906 2191 3964 cantibus
2224 3905 2545 3965 iutentatas,
2580 3912 2638 3955 et
2667 3898 3084 3953 benedictiones
3114 3892 3512 3965 paenitentibus

1937 3998 2132 4059 factas,
2185 3993 2430 4049 ostendit
2481 3989 2704 4052 Judaeis,
2759 4002 2901 4056 saepe
2947 3984 3076 4039 olim
3129 3990 3251 4052 post
3292 3987 3511 4049 peccata

1936 4086 2194 4143 contritis
2245 4084 2428 4140 datam
2468 4097 2587 4136 esse
2622 4078 2861 4141 veniam,
2897 4091 3007 4139 non
3031 4074 3200 4128 fuisse
3222 4086 3355 4125 vero
3391 4080 3514 4139 post

1937 4179 2180 4235 occisum
2199 4176 2499 4230 Christum.
2534 4191 2551 4222 ι
2570 4171 2627 4224 Id
2647 4168 2947 4237 saepissime
2967 4166 3171 4220 factum
3189 4173 3291 4226 est,
3313 4161 3511 4230 inquit.

1940 4280 2000 4326 ut
2039 4268 2343 4324 clarissime
2390 4273 2542 4334 patet
2595 4277 2662 4315 ex
2701 4260 2844 4313 libro
2878 4258 3156 4320 Judicum,
3199 4265 3255 4309 et
3285 4252 3513 4306 historia

329 4369 398 4423 Χ.
437 4370 658 4425 Dictum
700 4370 988 4434 hactenus,
1042 4386 1153 4440 quo
1185 4379 1451 4439 tempore,
1496 4385 1606 4438 quo
1632 4369 1833 4439 impul-
1867 4388 1910 4440 ι)
1940 4363 2254 4431 Regnorum
2296 4367 2353 4413 et
2383 4354 2860 4423 Paralipomenon.
2915 4350 3108 4416 Postea
3132 4362 3263 4440 vero
3292 4343 3385 4413 qui
3417 4342 3514 4396 de-

263 4475 404 4523 sere,
440 4469 499 4515 et
521 4477 629 4529 qua
660 4460 729 4514 de
767 4475 930 4513 causa
966 4475 1105 4529 opus
1131 4459 1276 4513 istud
1303 4467 1615 4527 susceptum
1649 4458 1719 4512 sit
1751 4466 1834 4511 atn

261 4566 364 4619 que
408 4552 575 4604 etiam
625 4551 936 4604 absolutum
996 4569 1007 4602 :
1062 4566 1207 4603 nunc
1251 4566 1350 4603 cur
1375 4550 1482 4602 alia
1509 4546 1837 4617 explanandi

260 4639 454 4703 forma,
487 4657 651 4709 quam
683 4657 790 4710 qua
826 4640 877 4693 in
899 4640 1043 4701 aiiis,
1076 4655 1209 4693 usus
1232 4639 1322 4703 sit,
1356 4639 1624 4693 rationem
1654 4637 1834 4699 aﬁ’ert,

263 4733 406 4800 quod
437 4734 508 4786 sit
543 4732 751 4793 utilior,
788 4731 933 4799 quod
975 4731 1046 4783 sit
1077 4731 1328 4799 exemplo
1354 4729 1555 4784 Christi
1585 4728 1835 4790 similior,

262 4822 407 4889 quod
463 4822 667 4875 fastidii
707 4821 892 4874 minus
932 4821 1187 4889 ta'diique
1229 4820 1455 4881 habeat;
1515 4819 1714 4872 addere
1743 4833 1839 4886 po-

268 4920 447 4973 terat,
504 4915 547 4966 si
592 4914 860 4968 modestia
888 4913 1130 4977 sivisset,
1176 4913 1323 4981 quod
1352 4911 1632 4965 eruditum
1655 4924 1841 4963 senem

268 5004 441 5065 magis
466 5004 676 5058 deceat.

336 5092 429 5148 XI.
481 5095 792 5159 Quaestione
824 5095 879 5159 9.,
913 5096 946 5146 5
986 5104 1039 5149 et
1076 5096 1108 5148 lt
1146 5096 1198 5147 in
1241 5094 1498 5154 Cenesin,
1537 5109 1845 5147 sermonem

1941 4450 2195 4506 bacchati
2226 4449 2443 4504 fuerant
2471 4447 2527 4500 in
2559 4444 2923 4501 Salvatorem,
2975 4440 3030 4493 in
3059 4438 3372 4491 universam
3403 4443 3514 4485 ter-

1940 4558 2055 4597 ram
2102 4547 2159 4595 et
2203 4555 2352 4594 mare
2384 4534 2619 4606 dispersi
2669 4540 2818 4593 sunt,
2872 4538 2927 4585 et
2975 4544 3100 4583 cum
3130 4523 3511 4595 quadringenti

1939 4635 2068 4691 anui
2096 4632 2431 4692 efﬂuxerint,
2460 4644 2568 4682 non
2595 4635 2725 4680 sunt
2751 4620 3155 4677 revocationcm
3177 4614 3510 4671 consecuti.»

1938 4726 2382 4794 Quadringentos
2431 4736 2605 4775 annos
2650 4718 2834 4788 posuit
2883 4728 3116 4769 numero
3145 4710 3377 4776 integro,
3413 4704 3516 4757 etsi

1939 4820 2200 4873 deessent
2221 4814 2348 4869 anni
2376 4814 2462 4877 Π,
2490 4819 2782 4882 propterea
2803 4807 2949 4878 quod
2973 4810 3162 4859 exacta
3183 4798 3523 4868 computatio

1944 4909 2081 4964 nihil
2110 4906 2317 4961 faceret
2347 4904 2413 4959 ad
2446 4919 2559 4957 rem
2588 4944 2601 4965 ,
2651 4900 2923 4969 siquidem
2952 4901 3235 4963 comparat
3265 4888 3522 4959 pristinas

1945 4998 2132 5069 pnpu‘i
2169 4994 2381 5051 Judaici
2424 4994 2720 5048 servitutes
2750 5006 2875 5045 cum
2908 4994 3202 5056 postrema,
3231 4997 3351 5051 qua!
3379 4994 3519 5047 qua-

1950 5092 2209 5147 rumlibet
2251 5088 2481 5142 aliarum
2528 5084 2879 5138 (iurationem
2925 5091 3187 5146 superare
3242 5073 3378 5127 satis
3422 5070 3520 5123 des

1588 5361 1896 5417 ειηιιίλιι
1938 5359 2167 5415 ΝΟΤίΕ.

349 5570 392 5640 ’ἦ
416 5571 491 5625 Ita
520 5571 634 5626 fere
669 5587 856 5640 supra,
888 5587 938 5637 p.
978 5574 1081 5626 “.200
1103 5583 1153 5627 et
1182 5574 1302 5628 251.
1363 5574 1400 5603 ³³
1432 5573 1550 5625 Vid.
1577 5588 1760 5639 supra,
1785 5587 1837 5638 p.
1873 5570 1995 5640 207.

2079 5568 2118 5596 ³²
2153 5565 2271 5617 Vid.
2299 5561 2574 5615 ()ndinum
2609 5556 2680 5607 De
2706 5556 2885 5621 script.
2921 5552 3124 5609 reri-3.,
3148 5560 3184 5601 t.
3212 5549 3250 5611 l,
3278 5564 3333 5617 p.
3364 5546 3516 5609 1063,

279 5638 326 5672 ⁸⁸
354 5639 485 5696 Cum
511 5624 692 5707 ﬁdem,
726 5624 917 5694 «ἧς.Ἰῆ
944 5624 1570 5711 ιηῖίὶηὶέΊῗΙίέιιύοιῚιέγει
1604 5624 1831 5695 Diodoro

1931 5639 2048 5691 Viti.
2081 5637 2115 5689 Ι.
2155 5653 2201 5689 t‘.
2241 5641 2430 5703 qttn'sl.
2468 5630 2555 5689 ‘il,
2591 5629 2676 5687 ἐξ,
2707 5626 2796 5688 ἰξῖἱ,
2831 5624 2909 5684 ,8,
2949 5624 3035 5686 31³,
3082 5624 3157 5674 i0.
