4048 6174
509 307 616 371 215

1606 308 1982 370 GARNERII
2021 308 2516 367 DISSERTATIO
2555 307 2636 365 Il.

3655 273 3763 350 eis

511 417 965 488 prehenderetur,
1011 418 1115 473 etsi
1163 418 1230 472 de
1275 417 1690 487 quadringentis
1715 417 1873 471 annis
1900 417 2086 487 plures
2115 425 2155 475 Α
2188 416 2365 485 gratia
2414 416 2609 468 factam
2671 409 2886 465 assidue
2942 402 3313 463 versantibus,
3345 398 3566 468 plurimi
3620 401 3766 453 testi-

511 523 676 576 quam
712 507 1104 577 septemdecim
1133 507 1580 561 detraherentur.
1695 564 1698 567 ,

511 600 626 671 ﬁll.
653 599 1020 670 Interpretatio
1044 600 1098 652 in
1125 597 1362 652 Psalmos
1386 607 1591 651 centum
1613 607 1661 650 et
1684 597 2084 667 quinquaginta.

582 691 624 745 l.
687 690 1071 744 Theodoretus
1131 688 1606 758 interpretationis
1663 688 1719 740 in
1765 686 2088 741 Psalterium

513 781 763 835 meminit
786 795 1040 848 expresse
1071 779 1125 833 in
1149 779 1391 849 Epistula
1425 779 1492 833 ad
1519 777 1815 833 Eusebium
1842 776 1906 840 δ”,
1926 787 2090 844 atque

510 872 677 926 etiam
695 871 996 940 quastione
1020 871 1089 924 45
1122 873 1178 924 in
1206 870 1407 923 librum
1429 870 1474 923 ll
1505 870 1737 938 Regum.

581 960 647 1014 ll.
682 959 936 1028 Suscepit
957 959 1127 1030 igitur
1151 959 1205 1013 id
1231 960 1414 1028 operis
1435 968 1559 1013 ante
1583 975 1785 1012 annum
1805 957 1936 1022 435;
1965 972 2089 1010 nam

512 1067 637 1106 cum
662 1051 932 1105 scriberet
952 1067 1095 1105 anno
1117 1052 1220 1106 445
1245 1051 1311 1105 ad
1336 1051 1657 1114 Eusebium,
1689 1051 1856 1104 tradit
1879 1065 1936 1103 se
1966 1056 2091 1102 ante

512 1142 805 1198 duodecim
829 1158 1004 1197 annos
1029 1141 1330 1196 confecisse
1377 1141 1550 1196 libros
1595 1157 1736 1211 quos
1773 1147 2088 1204 enumerat;

510 1243 802 1290 enumerat
823 1249 956 1289 vero
983 1233 1228 1289 secundo
1250 1234 1371 1288 loco
1395 1233 1645 1288 Psalterii
1672 1232 2088 1301 expositionem.

512 1323 774 1391 Quamvis
824 1325 930 1378 hoc
971 1332 1356 1394 argumentum
1403 1322 1686 1392 probabile
1729 1322 1803 1374 sit
1850 1334 2093 1388 veroque

514 1414 715 1475 simile,
771 1413 937 1469 debet
972 1421 1156 1466 tamen
1208 1411 1414 1466 dictum
1459 1409 1791 1464 Theodoreti
1837 1407 2094 1477 restringi

513 1505 584 1560 ad
607 1505 822 1575 priores
846 1504 1041 1568 libros,
1089 1518 1230 1572 quos
1253 1509 1504 1556 recenset
1547 1518 1559 1553 :
1599 1515 1726 1554 nam
1750 1498 2092 1561 Pbilotheus,

513 1596 608 1666 qui
638 1604 950 1666 postremus
973 1596 1308 1658 nominatur,
1339 1594 1429 1647 vix
1455 1603 1581 1648 ante
1605 1607 1809 1647 annum
1831 1591 1936 1645 445
1963 1590 2097 1645 scri-

514 1696 644 1758 ptus
668 1687 775 1742 dici
802 1695 1000 1757 potest,
1031 1694 1092 1740 ut
1121 1700 1222 1739 suo
1243 1685 1364 1738 loco
1392 1683 1881 1738 demonstrabitur.

2191 517 2333 562 mata
2374 509 2443 561 sit
2465 508 2529 560 '°.

2260 599 2372 653 νη.
2401 596 2653 652 Ostendit
2683 594 2870 655 etiam,
2903 603 3067 660 quam
3093 586 3359 640 rationem
3401 583 3458 637 in
3483 595 3765 650 exponen-

2191 689 2276 743 dis
2305 688 2538 742 Psalmis
2560 693 2764 746 teneat,
2794 691 2850 737 et
2882 695 3045 750 quam
3077 677 3147 731 ob
3185 689 3428 730 causam.
3471 691 3486 723 ι
3531 671 3667 725 Cum
3711 671 3765 726 in

2190 776 2373 830 varios
2411 774 2728 828 incidissem
2758 766 3202 828 commentarios,
3231 763 3326 833 qui
3365 761 3567 831 partim
3600 760 3654 813 in
3684 761 3766 812 al-

2192 868 2452 938 legoriam
2491 869 2506 886 '
2548 880 2676 920 cum
2725 863 2896 917 multa
2948 859 3197 915 satietate
3256 854 3511 917 abibant;
3565 850 3764 920 partim

2191 973 2324 1013 vero
2368 956 2710 1027 prophetiam
2757 950 3084 1023 quibusdam
3123 944 3372 1001 historiis
3414 944 3492 996 sic
3537 941 3764 1008 adapta-

2192 1050 2345 1113 bant,
2378 1057 2438 1102 ut
2465 1047 2668 1102 Judaeis
2711 1043 2897 1114 potius
2940 1037 3318 1109 interpretatio
3348 1033 3764 1103 suﬁragaretur,

2193 1155 2356 1210 quam
2384 1138 2508 1192 fidei
2544 1135 2808 1190 alumnis:
2839 1130 3057 1187 solertis
3079 1142 3200 1183 esse
3247 1123 3454 1196 putavi,
3480 1130 3536 1177 et
3566 1122 3766 1176 horum

2193 1241 2250 1286 et
2286 1231 2505 1284 illorum
2545 1224 2994 1280 immodicitatem
3028 1221 3236 1290 Dugere.
3273 1215 3623 1282 Quaecunque
3648 1212 3772 1280 qui-

2195 1323 2318 1377 dem
2344 1320 2539 1391 priscis
2585 1315 2833 1372 historiis
2865 1312 3238 1373 cohaerebant,
3266 1307 3355 1362 his
3395 1306 3511 1360 hmc
3553 1318 3770 1358 accom-

2196 1413 2421 1468 modare
2442 1412 2778 1471 etiamnunc,
2808 1402 3189 1475 praedictiones
3221 1408 3402 1453 autem
3440 1397 3508 1450 de
3536 1395 3772 1449 Domino

2195 1505 2436 1568 Christo,
2466 1511 2521 1557 et
2543 1501 2610 1556 de
2641 1497 2883 1554 Ecclesia
2914 1512 2980 1550 ex
3012 1493 3266 1565 gentibus
3298 1486 3604 1550 conflanda,
3637 1500 3771 1540 nec-

2197 1612 2307 1651 non
2339 1595 2407 1649 de
2428 1592 2741 1663 evangelica
2766 1587 3067 1659 republica,
3091 1585 3268 1653 deque
3292 1579 3604 1651 apostolicis
3630 1593 3772 1647 prm-

2197 1684 2586 1747 dicationibus,
2614 1696 2723 1735 non
2767 1679 2890 1732 aliis
2926 1673 3252 1746 quibusdam
3303 1669 3599 1734 ascribere,
3622 1667 3767 1738 quod

584 1780 674 1833 1"-
713 1778 868 1844 Οιιοά
921 1778 966 1833 Si
1010 1785 1192 1830 amem
1245 1791 1336 1830 1'85
1382 1775 1456 1829 ita
1499 1791 1556 1829 SC
1595 1774 1779 1838 habet.
1831 1773 1884 1826 id
1914 1771 2096 1840 ορθτίε
2131 1773 2168 1826 Β
2197 1778 2369 1836 Judaei
2413 1777 2589 1831 facere
2642 1772 2842 1835 solent,
2886 1769 2978 1838 qui
3012 1765 3230 1820 malitiae
3267 1761 3472 1818 assueti
3517 1768 3665 1823 sunt,
3713 1767 3772 1813 et

513 1870 876 1939 compositum
900 1883 1020 1928 esse
1048 1876 1262 1936 Oportet
1291 1876 1414 1936 post
1445 1866 1711 1937 synodum
1741 1864 2094 1934 Ephesinam,

513 1976 639 2014 eum
692 1976 780 2014 res
834 1959 1172 2014 Nestorianae
1231 1960 1413 2014 adhuc
1466 1957 1763 2012 admodum
1794 1956 2095 2018 ferverent,

512 2067 725 2122 paxque
769 2051 912 2104 inter
955 2050 1262 2114 Ecclesias,
1319 2050 1491 2104 invito
1530 2047 1896 2110 Theodoreto,
1953 2051 2099 2100 esset

513 2141 670 2196 inita.
717 2139 943 2210 Oportet
966 2147 1022 2194 et
1045 2140 1322 2209 pertinere
1351 2140 1416 2194 ad
1455 2140 1646 2202 libros,
1673 2138 1768 2207 qui
1811 2137 1865 2190 in
1898 2135 2099 2191 litteris

513 2232 583 2286 ad
604 2241 850 2287 sanctum
867 2232 1104 2287 Leonem
1136 2246 1278 2285 anno
1297 2231 1402 2285 M9
1423 2231 1584 2294 datis,
1631 2237 1757 2284 ante
1781 2227 2096 2298 quindecim

514 2339 686 2378 annos
718 2321 908 2392 scripti
933 2322 1209 2376 dicuntur.

585 2412 745 2483 265
787 2413 874 2468 ιγ.
912 2411 1044 2465 Inde
1082 2410 1142 2465 fit
1165 2418 1245 2474 ut,
1271 2411 1530 2480 quoniam
1563 2425 1707 2480 azger
1746 2409 1966 2462 animus
2006 2407 2098 2460 vix

521 2506 808 2561 continere
838 2503 978 2558 solet
1013 2511 1335 2572 conceptam
1374 2501 1884 2573 perturbationem,
1909 2514 2096 2553 erum-

515 2607 609 2669 pat
633 2599 778 2652 inter
797 2597 1272 2667 interpretandum
1301 2595 1535 2650 subinde
1559 2592 1814 2647 nonnihil
1864 2600 1960 2645 aut
1992 2590 2100 2644 ira-

516 2688 751 2752 cundia,
782 2695 877 2742 aut
905 2687 1278 2757 querelarum,
1305 2695 1399 2740 aut
1433 2683 1807 2755 aegritudinis:
1837 2681 1982 2753 quod
2011 2691 2095 2736 at-

519 2789 703 2836 tentus
723 2781 898 2835 lector
921 2794 1033 2833 non
1058 2779 1227 2834 semel
1261 2778 1597 2833 observabit.

592 2872 658 2928 ν.
695 2871 1078 2926 Theodoretus
1102 2869 1276 2924 videri
1302 2876 1484 2939 potest
1511 2868 1754 2932 tradere,
1789 2882 1900 2922 non
1923 2864 2099 2921 conti-

518 2978 692 3019 nuum
737 2962 908 3017 fuisse
963 2961 1134 3016 totius
1175 2959 1360 3030 operis
1405 2959 1770 3014 elucubrandi
1829 2959 2095 3021 laborem,

519 3056 615 3112 sed
661 3055 896 3110 aliorum
934 3053 1238 3123 scriptione
1281 3051 1672 3120 interruptum.
1697 3050 1791 3105 Ait
1836 3050 1984 3105 enim
2005 3049 2048 3081 ⁸⁸
2080 3067 2092 3101 :

529 3167 548 3200 ο
576 3147 690 3202 Hoc
714 3155 964 3202 nostrum
989 3145 1322 3200 desiderium
1346 3142 1696 3216 (explanandi
1724 3140 2096 3211 Psalterium),

524 3253 635 3294 non
668 3239 918 3293 siverunt
940 3237 1007 3291 ad
1045 3235 1207 3290 linem
1233 3236 1525 3304 pervenire
1550 3234 1612 3298 ii,
1639 3235 1733 3304 qui
1767 3250 1798 3288 a
1820 3233 1980 3287 nobis
2008 3248 2098 3285 sa-

523 3346 745 3387 crorum
790 3330 1025 3384 aliorum
1058 3327 1400 3382 voluminum
1439 3327 1851 3397 explanationes
1892 3324 2100 3394 επιθεί-

527 3431 734 3478 larunt.
774 3440 793 3472 ι
823 3420 1006 3474 Malim
1033 3433 1135 3488 ego
1171 3426 1354 3472 tamen
1379 3417 1633 3472 assentiri
1661 3415 1954 3472 Sirmondo
1983 3413 2100 3468 exi-

525 3512 768 3570 stimanti
798 3511 1074 3580 integrum
1107 3523 1246 3577 opus
1268 3517 1393 3577 post
1420 3515 1752 3561 memoratos
1786 3505 1960 3559 libros
1982 3519 2101 3559 esse

525 3599 910 3670 compositum.
937 3597 991 3652 ld
1015 3597 1163 3652 enim
1190 3596 1425 3650 suadent
1462 3595 1630 3649 verba
1651 3593 1833 3648 allatis
1866 3593 2048 3662 priora
2084 3609 2098 3645 :

531 3713 549 3743 ι
582 3693 881 3761 Propterea
907 3689 1052 3743 hanc
1077 3688 1310 3758 primam
1338 3687 1682 3757 prophetiam
1714 3687 1964 3740 volebam
2003 3701 2100 3740 ex-

529 3795 758 3852 ponere,
795 3789 959 3850 atque
1004 3779 1302 3850 ingeniosis
1351 3779 1781 3841 mercatoribus,
1817 3793 1936 3832 eam
1981 3793 2102 3847 quae

527 3874 584 3927 in
621 3871 893 3942 profundo
919 3880 1023 3936 est,
1049 3870 1345 3926 utilitatem
1372 3885 1700 3940 proponere,
1742 3876 1802 3923 ut
1844 3876 2103 3922 canentes

525 3963 712 4026 simul,
748 3971 807 4018 et
847 3977 1039 4018 eorum
1077 3977 1200 4032 qua:
1238 3968 1512 4015 canuntur
1558 3959 1886 4015 sententiam
1927 3959 2104 4027 perci-

525 4054 760 4126 pientes,
783 4053 1122 4123 duplicatum
1156 4050 1397 4106 fructum
1423 4049 1750 4122 percipiant.
1800 4067 1818 4099 ι
1861 4047 2105 4103 Suadent

524 4146 692 4201 etiam
728 4136 1024 4215 sequentia
1078 4160 1092 4198 :
1157 4162 1175 4196 ε
1214 4144 1508 4212 Postquam
1549 4143 1717 4212 igitur
1743 4140 1896 4196 dedit
1942 4141 2106 4196 nobis

524 4236 690 4301 Deus,
735 4243 798 4291 ut
837 4233 1268 4290 commentarios
1308 4233 1363 4286 in
1406 4232 1523 4287 hac
1564 4232 1737 4301 ipsius
1767 4231 1988 4300 eloquia
2034 4231 2104 4285 ad

527 4326 691 4382 finem
739 4325 1326 4397 perduceremus;age
1375 4323 1541 4394 hujus
1587 4323 1752 4377 etiam
1799 4322 2106 4393 prophetiae

523 4418 922 4488 expositionem
951 4417 1096 4471 bono
1121 4415 1306 4471 animo
1329 4414 1733 4486 aggrediamur.
1763 4433 1782 4466 ο

597 4509 684 4565 Vl.
707 4509 828 4576 Quo
853 4506 1085 4565 consilio
1111 4507 1410 4563 accesserit
1439 4506 1505 4560 ad
1532 4507 1682 4560 hunc
1713 4505 1982 4568 laborem,
2008 4519 2102 4558 ex-

525 4600 685 4670 ponit
705 4599 946 4655 dilucide
977 4616 990 4652 :
1043 4617 1062 4650 ‹
1096 4598 1226 4653 Mihi
1259 4597 1481 4668 quidem
1522 4611 1636 4664 prae
1664 4595 1879 4649 caeteris
1902 4593 2103 4648 divinis

525 4691 764 4747 oraculis
803 4691 1043 4761 optabile
1096 4689 1218 4753 fuit,
1267 4688 1447 4759 magni
1485 4686 1708 4742 Davidis
1759 4685 2100 4755 prephetiam

527 4781 912 4851 interpretari;
943 4779 1388 4850 quandoquidem
1424 4778 1702 4848 religionis
1731 4777 1960 4839 alumni,
1987 4784 2102 4830 tum

526 4874 621 4942 qui
653 4873 840 4937 urbes,
864 4881 978 4926 tum
1013 4871 1282 4940 quiagros
1308 4869 1576 4933 incolunt,
1602 4868 1935 4937 principuam
1965 4881 2101 4936 ope-

526 4981 643 5020 ram
692 4966 824 5020 huic
861 4965 1004 5036 parti
1042 4972 1244 5018 navant
1265 4978 1489 5028 omnes;
1515 4962 1570 5016 in
1610 4962 1802 5031 primis
1835 4977 1969 5015 vero
2011 4961 2105 5030 qui

529 5057 888 5111 monasticam
929 5057 1096 5110 vitam
1132 5065 1319 5125 agunt,
1341 5054 1459 5108 dies
1481 5061 1784 5121 noctesque
1814 5051 2108 5106 Davidicos

528 5161 720 5201 versus
739 5146 794 5200 in
819 5163 914 5203 ore
936 5147 1160 5208 habent,
1193 5165 1211 5196 ι
1248 5153 1356 5199 etc.
1401 5142 1530 5198 inde
1553 5158 1612 5198 se
1640 5142 1827 5212 prodit
1847 5141 2106 5195 nonnulla

527 5251 713 5302 causa,
748 5253 847 5292 cur
887 5255 917 5292 a
960 5237 1242 5293 monachis
1281 5234 1790 5305 interpretationem
1834 5233 1976 5288 hanc
2025 5232 2107 5287 sui

598 5396 626 5436 ι’
659 5394 801 5451 Psal.
828 5411 878 5459 ι,
903 5396 956 5449 7.

2200 1886 2311 1926 suae
2333 1864 2738 1923 incredulitatis
2760 1859 3170 1916 excusationem
3204 1864 3415 1910 texunt.
3443 1852 3586 1907 Satis
3619 1850 3767 1904 enim

2198 1971 2282 2018 est
2319 1976 2504 2016 rerum
2553 1959 2794 2028 ipsarum
2835 1950 3233 2011 testimonium,
3273 1957 3334 2000 ut
3368 1945 3435 1999 ad
3478 1943 3768 1998 veritatem

2200 2049 2670 2123 interpretationis
2702 2046 2938 2101 deducat
2967 2057 3082 2106 eos,
3103 2039 3198 2109 qui
3234 2037 3379 2091 illam
3407 2033 3646 2104 reperire
3669 2031 3771 2085 de-

2199 2121 2442 2198 siderant
2476 2159 2488 2193 :
2519 2138 2665 2194 unde
2701 2152 2812 2191 non
2843 2132 3139 2190 admodum
3180 2127 3450 2183 laboriosa
3483 2124 3588 2178 erit
3609 2121 3774 2176 nobis

2198 2233 2574 2307 prtedictionis
2607 2230 2918 2302 expositio,
2962 2225 3234 2295 siquidem
3280 2221 3423 2275 hanc
3473 2215 3771 2272 dilucidam

2197 2326 2327 2382 facit
2350 2325 2512 2394 266
2535 2338 2719 2377 rerum
2754 2315 3162 2386 contemplatio.
3189 2310 3543 2366 Studebimus
3564 2317 3769 2371 autem,

2197 2417 2344 2488 quod
2381 2417 2435 2470 in
2470 2413 2629 2469 nobis
2654 2413 2779 2474 erit,
2805 2407 3070 2464 orationis
3105 2403 3468 2475 prolixitatem
3501 2399 3694 2460 vitare,
3718 2405 3775 2452 et

2198 2504 2643 2576 compendiosam
2684 2499 2998 2556 volentibus
3043 2496 3334 2550 utilitatem
3382 2503 3709 2561 proponere.
3747 2505 3766 2538 ι

2197 2594 2347 2662 Quos
2367 2595 2570 2665 arguit,
2603 2600 2697 2646 aut
2743 2589 3039 2645 fastidiosa;
3073 2583 3364 2654 allegoriae,
3399 2589 3493 2634 aut
3518 2577 3674 2633 nimii
3716 2577 3774 2631 in

2197 2685 2416 2742 Judreos
2438 2682 2662 2745 favoris,
2689 2689 2785 2735 aut
2806 2679 3039 2734 taediosze
3070 2673 3396 2746 prolixitatis
3413 2671 3772 2740 expositores,

2198 2778 2234 2832 ii
2271 2763 2400 2831 sunt
2441 2773 2833 2844 Apollinarius,
2870 2769 3194 2824 Theodorus
3230 2765 3646 2833 Mopsuestenus
3671 2801 3686 2823 ,
3719 2769 3776 2815 et

2197 2870 2624 2941 Chrysostomus
2682 2884 2695 2920 :
2756 2863 3034 2934 allegoriis
3087 2861 3317 2916 indulsit
3383 2857 3773 2927 Apollinarius,

2197 2959 2441 3014 Judaicis
2478 2953 2912 3026 expositionibus
2954 2951 3299 3014 Theodorus,
3337 2947 3764 3018 Chrysostomus

2199 3049 2524 3120 prolixitati.
2560 3045 2841 3101 Abstinuit
2862 3059 2994 3098 vero
3033 3042 3100 3095 ab
3123 3041 3210 3094 his
3249 3039 3568 3093 auctoribus
3595 3037 3776 3090 nomi-

2200 3139 2370 3194 natim
2405 3136 2745 3208 appellandis
2776 3142 3002 3206 propter
3029 3130 3394 3186 reverentiam
3422 3147 3434 3181 :
3461 3143 3586 3182 nam
3613 3127 3778 3197 Apol-

2201 3232 2383 3287 linarii
2421 3231 2620 3285 famam
2659 3226 3030 3299 suspiciebat,
3069 3223 3315 3292 reliquos
3353 3220 3491 3276 duos
3519 3228 3577 3274 ut
3602 3217 3777 3289 magi-

2201 3333 2348 3379 stros
2378 3323 2614 3378 colebat.

2271 3413 2408 3468 Vlll.
2453 3411 2902 3482 Clirysostomum
2955 3415 3136 3460 tamen
3184 3405 3258 3458 ita
3295 3406 3520 3457 secutus
3549 3406 3634 3452 est
3671 3396 3781 3452 hac

2203 3507 2258 3559 in
2308 3514 2494 3574 parte,
2549 3511 2608 3556 ut
2654 3499 2802 3555 aliud
2849 3499 2986 3553 nihil
3031 3497 3143 3552 fere
3202 3503 3462 3565 prmstare
3508 3491 3778 3554 videatur,

2203 3611 2366 3664 quam
2422 3593 2570 3664 quod
2631 3593 2859 3647 effusam
2913 3590 3061 3643 illius
3117 3587 3421 3641 orationem
3463 3582 3776 3637 contrahat.

2206 3686 2516 3742 Sententias
2541 3694 2688 3741 certe
2717 3682 2986 3753 expressit
3025 3696 3166 3749 saepe
3203 3697 3216 3732 :
3250 3677 3417 3733 verba
3453 3684 3635 3730 autem
3680 3675 3783 3728 ali-

2205 3777 2422 3846 quando
2451 3774 2758 3843 exscripsit.
2787 3772 2844 3826 ld
2879 3787 3001 3826 cum
3034 3769 3287 3840 pluribus
3313 3767 3576 3835 exemplis
3605 3762 3780 3816 mani-

2205 3871 2402 3926 festum
2434 3867 2555 3931 ﬁat,
2583 3876 2697 3920 tum
2730 3863 3034 3919 clarissime
3064 3869 3245 3931 patet,
3285 3859 3328 3914 si
3369 3857 3658 3926 utriusque
3691 3854 3779 3908 in-

2204 3958 2462 4031 terpretis
2485 3965 2540 4011 et
2565 3957 2779 4024 legatur
2816 3961 2872 4007 et
2913 3951 3228 4006 conferatur
3267 3946 3694 4004 commentarius
3726 3945 3779 3998 in

2204 4050 2472 4122 psalmum
2507 4062 2537 4101 t.
2561 4045 2627 4100 ad
2654 4043 2768 4099 haac
2789 4043 2989 4098 verba:
3025 4041 3158 4094 Ecce
3178 4041 3234 4092 in
3272 4037 3638 4107 iniquitatibus
3657 4050 3783 4087 con-

2205 4153 2382 4212 ceptus
2411 4157 2527 4194 sum
2567 4140 2616 4202 ι’,
2645 4144 2752 4192 etc.

2277 4233 2368 4288 1X.
2397 4230 2512 4286 Etsi
2539 4226 2836 4298 aliquando
2860 4229 3082 4279 secutus
3126 4221 3198 4276 sit
3229 4217 3600 4282 Theodorum,
3632 4215 3782 4268 hunc

2207 4325 2411 4381 deserit
2429 4332 2608 4376 tamen
2631 4326 2692 4372 ut
2713 4317 3033 4387 plurimum,
3052 4313 3218 4382 idque
3235 4310 3398 4380 justis
3419 4309 3486 4363 de
3503 4307 3684 4361 causis
3701 4306 3779 4359 ’τε

2131 4429 2177 4488 ι)
2203 4432 2330 4472 nam
2360 4412 2685 4469 Theodorus
2720 4408 2900 4478 primo
2924 4407 3092 4460 multa
3121 4404 3175 4457 in
3204 4400 3429 4457 Psalmis
3457 4399 3526 4454 de
3559 4397 3782 4452 Christo

2206 4508 2374 4568 dicta,
2413 4506 2704 4572 detorquet
2730 4499 2868 4563 alio;
2901 4497 3100 4552 deinde
3128 4494 3446 4549 adolescens
3473 4487 3780 4544 octodecim

2207 4610 2475 4652 annorum
2503 4591 2762 4648 Davidem
2793 4589 3186 4656 interpretatus
3223 4591 3325 4643 est,
3365 4595 3488 4632 cum
3523 4578 3648 4647 plus
3686 4577 3784 4629 ha-

2208 4689 2366 4743 beret
2403 4683 2646 4738 audaciae
2680 4695 2844 4750 quam
2882 4675 3233 4732 eruditionis.
3275 4673 3468 4726 Postea
3508 4665 3779 4738 ejusmodi

2211 4775 2550 4847 expositione
2574 4771 2836 4826 invidiam
2868 4767 3163 4821 multorum
3185 4762 3287 4816 sibi
3319 4758 3595 4820 conflavit,
3623 4754 3780 4825 quasi

2210 4870 2414 4926 Judmis
2448 4867 2653 4921 faveret
2684 4881 2696 4916 :
2730 4861 2966 4928 denique
3007 4857 3122 4926 ipse
3167 4869 3327 4909 suum
3362 4849 3605 4922 juvenile
3643 4861 3786 4916 opus

2209 4979 2319 5016 non
2352 4959 2645 5014 admodum
2695 4952 2978 5023 probabat,
3013 4956 3072 5002 ut
3111 4947 3372 5001 infectum
3397 4943 3562 4996 etiam
3595 4939 3782 4992 vellet.

2209 5054 2446 5122 lngenue
2488 5061 2665 5103 tamen
2718 5041 3018 5103 fatendum,
3051 5037 3195 5108 quod
3239 5051 3326 5090 res
3370 5044 3489 5096 est;
3537 5047 3600 5085 ea
3646 5045 3786 5083 non-

2211 5154 2490 5209 nunquam
2536 5138 2588 5190 in
2618 5132 2840 5190 Calenis
2882 5131 2986 5200 legi
3019 5139 3083 5184 ex
3109 5125 3403 5180 Theodoro
3437 5124 3492 5176 in
3514 5122 3781 5181 Psalmos,

2212 5246 2334 5300 quae
2361 5234 2672 5290 ostendant,
2708 5223 2777 5278 ab
2821 5223 2940 5291 ipso
2968 5218 3260 5274 litteralem
3289 5229 3510 5270 sensum
3549 5211 3786 5267 feliciter

1857 5504 2172 5564 SCHULZII
2214 5502 2448 5559 ΝΟΤᾹΞ.

599 5647 646 5725 ξδ
670 5646 1136 5725 νίᾱεΑςρῇειηξίζε.
1162 5716 1175 5725 _
1194 5645 1322 5725 "uin
1349 5647 1753 5725 Pr._ef._liluj_usce
1783 5645 2007 5725 Qperis._
2069 5647 2134 5725 δέ.
2147 5645 2294 5725 Ριιω·ἰ
2311 5641 2603 5725 ίῑξςεὶηωὶί.
2628 5637 2750 5694 1ίὶΐο
2779 5635 2994 5707 supplet
3023 5631 3292 5696 Oudinus,
3329 5627 3401 5682 De
3418 5628 3601 5698 script.
3623 5621 3778 5688 εστι..

531 5727 571 5773 t.
610 5717 651 5783 ἰ,
691 5733 745 5788 p.
777 5711 930 5772 1070.
1009 5717 1053 5748 ³⁷
1082 5716 1197 5770 Vid.
1235 5716 1468 5770 Fabricii
1495 5711 1734 5770 Biblioth.
1776 5711 1890 5778 Gri,
1926 5717 2029 5769 vol.
2069 5716 2098 5769 l‘

2198 5731 2242 5784 p.
2278 5711 2373 5766 160
2403 5726 2518 5779 seq.
