4024 6152
335 219 391 288 ei
407 219 441 286 1
1481 291 1484 294 4
1502 221 1600 280 DE
1639 222 1893 280 LlBRlS
1924 222 2408 286 THEODORETI
2417 261 2432 276 ο
3481 231 3587 297 218

332 333 646 403 expositum
687 330 888 394 fuisse,
936 339 997 383 ut
1036 329 1288 384 mirabile
1332 329 1404 383 sit
1449 329 1503 384 in
1562 331 1909 385 adolescente
1944 333 1984 388 Α
2013 343 2176 396 sunt,
2224 350 2401 404 neque
2455 336 2686 390 muneris
2727 336 2984 390 momenti
3025 339 3069 369 ⁸⁸
3135 356 3147 391 :
3197 354 3322 393 nam
3373 351 3586 407 auctor,

334 433 548 480 tantam
585 421 888 491 Scriptum
919 419 1332 490 intelligentiam
1355 420 1620 474 exsistere
1641 420 1906 490 potuisse.
2014 423 2266 492 quisquis
2301 434 2405 488 est,
2440 426 2668 494 perinde
2694 443 2751 480 se
2781 428 2942 496 gerit,
2974 445 3037 482 ac
3069 429 3113 483 si
3142 429 3303 483 vellet
3335 431 3500 485 alium
3528 449 3586 488 se

546 512 576 582 ς
604 513 693 566 lll.
728 511 1101 581 Interpretatio
1125 511 1328 566 Cantici
1354 513 1695 564 canticorum.
2015 530 2043 567 a
2071 515 2418 570 Theodoreto
2449 518 2682 586 probare
2705 535 2720 582 ;
2746 518 3016 587 siquidem
3045 519 3210 574 refert
3229 521 3410 590 primo
3434 522 3498 586 “,
3531 523 3586 577 id

404 605 449 660 l.
479 605 908 674 lnterpretatum
933 618 990 658 se
1009 601 1295 657 Canticum
1317 603 1654 657 canticorum
1683 610 1900 656 testam
2013 621 2070 659 se
2090 606 2271 674 operis
2294 623 2632 676 aggressum,
2663 609 2914 678 quamvis
2951 610 3448 668 innumerabilibus
3469 622 3584 668 tum

332 695 740 758 Theodoretus,
786 693 953 748 semel
1006 692 1250 762 quidem,
1278 693 1374 747 sed
1408 701 1627 762 aperte,
1669 694 1725 746 in
1761 693 1905 747 Prat-
2014 697 2255 759 urbanis,
2284 707 2396 752 tum
2430 701 2746 761 rusticanis,
2780 712 2893 754 tum
2927 703 3277 768 militaribus,
3311 714 3423 758 tum
3449 705 3585 758 civi-

331 785 540 839 fatione
582 783 952 852 Expositionis
1003 783 1058 836 in
1113 783 1357 837 Psalmos
1403 799 1415 835 :
1457 802 1474 833 ι
1523 782 1910 852 lmposuerunt
2011 785 2176 849 libus,
2237 795 2350 839 tum
2407 787 2475 839 ad
2525 788 2844 853 Ecclesiam,
2892 797 3004 842 tum
3064 791 3130 844 ad
3192 793 3584 861 rempublicam

331 877 496 932 nobis
524 875 799 938 nonnulli,
838 883 898 928 ut
921 873 1206 928 Canticum
1240 875 1580 928 canticorum
1609 889 1909 942 exponere-
2010 875 2416 944 pertinentibus
2463 878 2919 947 occupationibus
2957 880 3252 936 distractus
3284 894 3449 938 esset.
3480 885 3584 952 Qui

332 982 488 1032 mus;
511 966 681 1036 aliqui
702 981 834 1019 vero
849 965 953 1018 viri
977 964 1379 1019 desideriorum
1399 965 1442 996 ⁸⁸
1456 965 1910 1019 desideraverunt
2010 983 2141 1021 vero
2163 967 2564 1032 Theodoretus,
2600 984 2724 1021 cum
2765 969 2819 1022 in
2852 974 3187 1026 monasterio
3208 974 3584 1044 episcopatum

330 1059 681 1129 prophetiam
708 1071 1072 1128 cognoscere;
1104 1056 1195 1110 alii
1237 1057 1408 1110 divini
1454 1055 1780 1118 Ezechielis,
1812 1055 1906 1108 alii
2010 1073 2185 1127 usque
2213 1059 2431 1123 vixerit,
2473 1069 2836 1128 etpostquam
2895 1063 3268 1133 episcopatum
3317 1069 3581 1138 suscepit,

329 1149 625 1204 duodecim
675 1147 1068 1218 prophetarum
1131 1147 1519 1218 praedictiones
1573 1147 1906 1202 obscuritate
2009 1145 2211 1200 divinis
2234 1146 2398 1200 rebus
2428 1148 2726 1202 tractandis
2757 1158 2903 1204 totus
2926 1151 3258 1217 incubuerit,
3287 1163 3380 1208 aut
3415 1156 3582 1209 rusti—

329 1239 608 1295 involutas
655 1237 936 1292 enucleari
976 1235 1079 1291 sibi
1125 1251 1190 1291 ac
1228 1237 1497 1291 declarari
1537 1237 1903 1306 postularunt.
2010 1237 2181 1302 canis,
2223 1247 2317 1292 aut
2364 1239 2697 1309 militaribus
2733 1240 2963 1311 aliisque
3000 1243 3241 1312 praefatis
3283 1246 3429 1300 curis
3467 1247 3580 1301 dis-

331 1329 627 1398 l’ostquam
663 1327 831 1398 igitur
872 1326 1026 1382 dedit
1071 1327 1231 1380 nobis
1270 1328 1444 1390 Deus,
1468 1336 1527 1380 ut
1572 1334 1910 1382 eommenta-
2010 1329 2370 1383 trahebatur?

328 1421 447 1474 rios
480 1420 533 1473 in
572 1419 689 1473 hmc
720 1419 896 1487 ipsius
928 1418 1144 1486 eloquia
1173 1417 1238 1472 ad
1264 1418 1424 1472 ﬁnem
1451 1417 1903 1488 perduceremus,
2079 1419 2141 1472 V.
2188 1419 2372 1473 lnnuit
2404 1419 2623 1484 deinde,
2653 1435 2710 1474 se
2752 1420 2967 1475 vivente
2999 1423 3164 1492 268
3195 1421 3582 1493 Chrysostomo

327 1528 427 1583 age
466 1512 632 1582 hujus
676 1511 841 1565 etiam
876 1510 1184 1580 prophetiae
1225 1510 1624 1580 expositionem
1673 1509 1906 1564 ﬁdenter
2007 1509 2248 1562 scribere
2280 1508 2346 1562 ⁸⁸.
2391 1528 2409 1559 ι
2456 1508 2633 1563 Fortis
2664 1509 2754 1562 ille
2781 1509 3001 1579 pietatis
3041 1522 3412 1582 propugnator
3443 1514 3573 1568 Dio-

325 1603 733 1674 aggrediamur.
764 1622 784 1654 ι
1941 1661 1977 1674 n
2008 1599 2200 1664 dorus,
2237 1606 2293 1652 et
2315 1599 2573 1664 Joannes,
2609 1600 2704 1668 qui
2747 1601 2815 1654 ad
2867 1600 3016 1657 hunc
3069 1619 3244 1673 usque
3299 1605 3442 1659 diem
3483 1605 3583 1661 do-

393 1695 464 1748 ll.
496 1695 572 1750 De
596 1692 1054 1764 interpretatione
1072 1705 1258 1761 porro,
1288 1705 1452 1760 quam
1493 1690 1678 1745 Graece
1700 1689 1905 1759 pariter
1940 1661 1978 1714 Β
2008 1691 2202 1746 ctrina:
2245 1690 2466 1744 fluentis
2500 1690 2693 1760 irrigat
2720 1693 3037 1746 universum
3062 1694 3252 1748 orbem
3287 1707 3580 1762 terrarum,

322 1804 387 1842 ac
410 1788 606 1842 Latine
628 1803 696 1842 ex
715 1785 835 1839 Zini
856 1785 1112 1838 versione
1133 1783 1903 1847 ediditSirmondus’9,dubi-
2007 1783 2208 1837 librum
2240 1783 2388 1836 hunc
2419 1781 2758 1852 spiritualem
2811 1798 2932 1836 esse
2973 1797 3328 1841 censuerunt.
3359 1808 3376 1838 ι
3409 1789 3574 1858 Atqui

325 1881 524 1935 taverit
541 1879 684 1932 forte
705 1876 999 1948 quispiam,
1019 1876 1158 1930 sitne
1186 1875 1537 1938 Theodoreti,
1558 1890 1626 1928 an
1655 1875 1900 1928 alterius.
2007 1875 2387 1929 Theodoretus
2438 1875 2662 1944 scripsit
2709 1875 2765 1928 in
2801 1873 3026 1930 Cantica
3047 1917 3060 1940 ,
3109 1892 3232 1931 cum
3287 1879 3581 1950 episcopus

392 1973 485 2028 lll.
513 1971 862 2027 Theodoreto
905 1969 1098 2022 tribuit
1122 1968 1484 2032 Sirmondus,
1521 1984 1620 2038 pro
1647 1985 1758 2038 quo
1783 1984 1905 2038 gra—
1999 1968 2110 2039 jam
2138 1975 2304 2031 esset,
2325 1974 2382 2020 et
2409 1966 2500 2019 vix
2531 1966 2854 2021 vicesimum
2887 1968 3112 2022 tertium
3151 1971 3330 2024 astatis
3377 1986 3580 2026 annum

321 2067 544 2119 vissima
587 2063 748 2134 267
788 2078 883 2116 sex
915 2063 958 2094 ⁸ο
1007 2071 1328 2133 argumenta
1357 2061 1584 2114 faciunt.
1632 2060 1896 2123 Primum,
2006 2059 2281 2128 attigerat,
2343 2071 2468 2110 cum
2519 2056 2945 2128 Chrysostomus
2981 2059 3170 2114 vivere
3217 2059 3417 2116 desiit:
3449 2062 3578 2118 fun-

323 2156 612 2225 ipsiusmet
647 2152 924 2207 Sirmondi
954 2151 1547 2222 viri.perspicacissimi
1578 2161 1741 2220 atque
1769 2167 1900 2205 eru-
2004 2158 2126 2205 ctus
2141 2149 2288 2202 enim
2321 2157 2404 2202 est
2429 2147 2539 2202 fato
2573 2164 2718 2202 anno
2751 2150 2876 2203 407.

321 2245 582 2302 ditissimi
623 2245 914 2316 judicium.
951 2244 1224 2306 Alterum,
1258 2242 1392 2298 ﬁdes
1449 2243 1650 2312 gemini
1703 2259 1899 2297 manu-
2077 2243 2165 2296 Vl.
2219 2241 2429 2305 Tertio,
2473 2241 2528 2294 in
2562 2241 2916 2296 Theodorum
2957 2243 3403 2313 Mopsuestenum
3446 2261 3577 2316 gra-

323 2337 516 2406 scripti
563 2334 790 2397 codicis,
822 2335 940 2388 Itali
972 2350 1205 2403 nempe,
1236 2349 1346 2402 quo
1378 2333 1702 2388 Francisens
1735 2334 1902 2389 Zinus
2003 2336 2146 2390 viter
2205 2335 2506 2399 invehitur,
2553 2334 2719 2388 tacito
2761 2335 2982 2405 quidem
3029 2336 3276 2400 nomine,
3319 2337 3414 2391 sed
3463 2338 3580 2394 suis

322 2442 458 2480 usus
490 2434 596 2487 est,
641 2435 697 2478 et
753 2423 948 2488 nostri,
981 2440 1092 2493 quo
1144 2423 1488 2478 Sirmondus.
1542 2423 1789 2478 Tertium
1830 2427 1894 2490 δι,
2003 2427 2135 2482 satis
2179 2427 2593 2482 characteribus
2643 2427 2880 2481 indicata
2928 2444 3180 2497 persona.
3234 2428 3374 2495 Quid
3425 2430 3573 2485 enim

322 2519 614 2587 ipsiusmet
647 2515 979 2569 Theodoreti
1028 2515 1436 2579 testimonium,
1472 2516 1792 2585 exposuisse
1841 2533 1900 2572 se
2002 2519 2225 2589 gravius
2253 2519 2362 2574 dici
2396 2528 2561 2589 queat
2582 2519 2635 2573 in
2660 2519 2839 2573 virum
2870 2535 2933 2573 ea
2962 2527 3283 2588 tempestate
3328 2521 3576 2574 celeber-

316 2608 546 2666 Cantica
579 2608 919 2662 canticorum
946 2607 1258 2662 scribentis.
1288 2606 1577 2673 Quartum,
1605 2607 1902 2663 auctoritas
2003 2613 2225 2674 rimum,
2250 2627 2412 2680 quam
2461 2609 2642 2680 «quod
2674 2620 2860 2665 narret
2912 2610 3147 2674 fabulas,
3179 2626 3246 2664 ne
3293 2610 3578 2665 deliranti-

318 2699 524 2769 Pelagii
547 2698 593 2752 ll
624 2697 920 2767 pontiﬁcis,
948 2707 1041 2750 aut
1080 2695 1329 2766 Gregorii
1359 2697 1536 2766 Magni
1569 2697 1752 2767 potius
1781 2699 1898 2768 epi-
2000 2704 2104 2759 bus
2135 2705 2356 2772 quidem
2385 2703 2619 2757 aniculis
2665 2702 2891 2773 dignas;
2930 2701 3095 2756 falsas
3142 2709 3198 2756 et
3242 2703 3578 2772 perniciosas

315 2792 516 2846 stolam
563 2789 763 2858 Pelagii
808 2787 1029 2845 nomine
1068 2787 1136 2841 ad
1185 2787 1359 2841 Ellam
1400 2787 1805 2858 Aquileiensem
1844 2798 1902 2844 et
2000 2797 2291 2866 opiniones
2350 2795 2604 2860 inducat;
2655 2795 2942 2848 maledicta
2989 2801 3046 2848 et
3099 2794 3462 2848 contumelias
3516 2795 3573 2847 in

314 2883 609 2953 episcopos
641 2879 812 2934 [striae
846 2879 1160 2933 scribentis.
1193 2897 1210 2929 ι
1249 2877 1388 2934 Cum
1439 2880 1787 2946 Theodorus,
1817 2881 1900 2935 in-

2003 2889 2266 2959 Spiritum
2294 2900 2545 2942 sanetum
2589 2888 2880 2957 conjiciat;
2936 2886 3192 2940 Patribus
3235 2887 3394 2954 longe
3440 2884 3574 2938 infe-

313 2976 458 3046 quit.
495 2973 782 3029 Canticum
825 2972 1165 3026 canticorum
1200 2971 1364 3026 νθηθῑ
1408 2988 1712 3043 exponere.
1743 2974 1898 3029 $310-
1925 3001 1970 3061 ο
2004 2982 2120 3035 rior
2161 2981 2232 3036 sit
2263 2980 2535 3050 sapientia
2569 2988 2625 3034 et
2671 2980 2870 3048 spiritu
2896 2977 2965 3042 “,
2987 2997 3004 3028 ι
3055 2985 3162 3032 etc.
3219 2975 3578 3030 Theodorum

315 3083 536 3122 monem
586 3082 683 3136 per
708 3065 857 3118 hunc
883 3063 1087 3118 librum
1127 3063 1475 3135 Ethiopissa:
1507 3067 1705 3136 regina:
1738 3067 1896 3121 blan-
2002 3082 2183 3128 tamen
2213 3070 2618 3132 Theodoretus,
2645 3078 2701 3122 et
2721 3066 2894 3122 coluit
2933 3065 3129 3136 junior
3159 3073 3220 3118 ut
3260 3072 3474 3134 patrem
3506 3079 3573 3118 ac

313 3159 492 3212 dilum
541 3172 666 3211 esse
700 3155 980 3226 PTOVBSSUS
1007 3165 1092 3209 εει
1139 3155 1329 3226 =qu0d
1380 3155 1762 3212 TheOdOI'elllS
1811 3173 1898 3212 τε·
1999 3164 2342 3234 magistrum,
2380 3170 2435 3215 et
2473 3170 2691 3214 matura
2745 3161 2853 3229 jam
2895 3165 3075 3220 mtate,
3123 3157 3345 3225 scriptis
3391 3156 3572 3218 libris,

313 3249 690 3320 Ρΐεδθοάεηεν
725 3263 926 3302 nomen
972 3247 1195 3316 (“ﬁdem
1245 3246 1518 3302 Τίιθοάοτί
1567 3249 1893 3316 ευῐΨτεδείῐ,
1999 3265 2189 3310 contra
2224 3253 2507 3324 Cyrillum,
2540 3249 3206 3319 velutdivinumpietatis
3258 3264 3575 3318 propugna-

313 3342 411 3398 sed
459 3351 644 3395 tamen
688 3339 966 3394 vesaniam
1024 3338 1315 3409 patefecit;
1367 3338 1613 3409 ejusdem
1661 3355 1896 3409 namque
1999 3359 2172 3400 torem
2198 3343 2478 3408 defendit;
2521 3351 2577 3395 et
2622 3341 2786 3410 paulo
2822 3351 2947 3395 ante
2983 3341 3216 3402 obitum,
3269 3346 3402 3393 tunc
3448 3354 3574 3393 cum

311 3434 442 3490 libri
477 3442 790 3488 commenta
813 3431 1152 3495 describens,
1181 3431 1256 3484 ait
1284 3448 1296 3484 :
1337 3431 1508 3486 Audio
1543 3429 1718 3501 plures
1753 3429 1896 3485 Can-
1998 3436 2288 3490 Historiam
2305 3433 2712 3487 ecclesiasticam
2743 3431 3028 3495 scriberet,
3060 3430 3342 3484 immensis
3394 3430 3574 3484 laudi-

313 3528 476 3580 ticum
509 3525 836 3578 canticorum
875 3523 1241 3584 detrahentes,
1281 3529 1331 3574 et
1361 3539 1462 3575 non
1495 3521 1760 3574 credentes
1793 3523 1899 3591 spi-
1999 3528 2102 3581 bus
2132 3525 2372 3587 ornavit,
2403 3544 2421 3576 ι
2448 3523 2606 3594 quasi
2657 3522 2825 3577 fuerit
2873 3524 3042 3577 totius
3090 3522 3349 3577 Ecclesiae
3399 3522 3574 3592 magi-

313 3615 569 3670 n'tualem
605 3631 711 3668 esse
756 3613 970 3678 librum,
1007 3611 1219 3683 fabulas
1257 3621 1435 3665 autem
1473 3613 1734 3682 quasdam
1775 3613 1896 3666 ani-

1998 3628 2132 3681 ster,
2149 3617 2640 3684 haereticarumque
2653 3615 2899 3668 omnium
2920 3613 3230 3668 cohortium
3249 3613 3571 3677 debellator,

310 3708 525 3762 culares
573 3722 665 3776 per
711 3706 983 3759 vesaniam
1029 3713 1261 3757 texentes
1299 3719 1626 3772 componere,
1669 3712 1717 3755 et
1761 3719 1898 3773 prte-
1998 3726 2062 3765 ao
2109 3709 2372 3780 optimam
2406 3707 2611 3762 divinis
2652 3705 2852 3761 ovibus
2907 3705 3136 3761 hei-liam
3193 3703 3576 3774 suppeditave-

308 3815 520 3855 sumere
562 3799 821 3860 dicentes,
858 3795 995 3866 quod
1030 3796 1241 3864 sapiens
1275 3791 1528 3847 Salomon
1562 3795 1631 3847 ad
1667 3795 1897 3864 seipsum
1998 3803 2070 3857 τίι
2090 3802 2156 3854 ιτ,
2178 3820 2194 3849 ι

311 3904 359 3948 et
393 3893 573 3961 ﬁliam
605 3890 899 3944 Pharaonis
934 3888 1071 3941 hunc
1106 3886 1295 3940 librum
1325 3885 1731 3955 conscripsisset.
1766 3883 1897 3951 Quae
2067 3892 2178 3946 Vll.
2203 3891 2429 3958 Quarto,
2465 3889 2631 3943 tradit
2669 3888 2715 3921 “
2776 3903 2931 3943 sacra
2981 3886 3262 3942 volumina
3313 3886 3510 3956 partim
3542 3900 3574 3939 a

311 3985 483 4039 verba
523 3990 737 4036 exstant
769 3981 811 4012 “
857 3979 912 4032 in
956 3977 1275 4048 praefatione
1307 3976 1493 4044 cperis
1532 3991 1562 4028 a
1602 3974 1896 4029 Sirmondo
1997 3985 2265 4045 Manasse,
2300 3980 2393 4050 qui
2417 3995 2609 4034 omnes
2643 3979 2757 4032 sive
2785 3979 3022 4048 priores,
3067 3977 3181 4033 sive
3212 3975 3570 4048 posteriores,

310 4076 468 4131 θάίιί-
499 4074 783 4140 Ουίηῑιιῐην
822 4071 1067 4140 Ρτοιίκυε
1095 4068 1316 4139 αυῖάιιηι
1366 4067 1668 4122 ΕΖεεῙιίεῙῖε
1720 4067 1892 4130 locus.
1998 4091 2156 4146 reges
2184 4075 2394 4129 scelere
2422 4083 2478 4127 et
2525 4073 2808 4143 impietate
2864 4071 3021 4135 vicit,
3079 4070 3362 4125 combusta
3413 4085 3570 4133 esse;

311 4166 603 4221 continens
627 4163 792 4216 verba
813 4161 906 4214 Dei
932 4161 998 4214 ad
1019 4158 1470 4228 Hierosolymam,
1511 4157 1599 4212 cui
1635 4158 1783 4213 velut.
1814 4157 1896 4210 in—
1996 4167 2192 4238 poi-lim
2219 4165 2554 4235 captivitatis
2592 4173 2864 4233 tempore,
2917 4163 3120 4233 templo
3177 4180 3208 4217 ει
3258 4162 3573 4234 Babyloniis

312 4271 466 4310 sanae
498 4254 796 4317 meretrici,
824 4251 1134 4322 allegorieis
1159 4250 1415 4313 vocibus,
1448 4248 1729 4302 infandum
1777 4249 1894 4303 ido-

1997 4259 2245 4320 incenso,
2282 4256 2504 4326 penitus
2548 4255 2846 4309 interiisse.
2891 4255 3022 4309 Tale
3047 4254 3184 4308 nihil
3225 4253 3292 4308 de
3327 4254 3569 4308 Manasse

314 4347 544 4402 lolatrie
587 4347 793 4401 crimen
836 4345 1132 4414 exprobrat
1169 4341 1400 4396 :eodem
1439 4340 1528 4394 hic
1563 4349 1618 4393 et
1651 4340 1704 4393 in
1733 4355 1884 4394 com-
1919 4351 1962 4405 ι)
1991 4347 2392 4410 TlieodoretuS,
2427 4361 2606 4414 neque
2667 4345 2812 4399 libro
2860 4355 3057 4414 quarto
3107 4347 3342 4416 Regum,
3392 4360 3572 4414 neque

315 4437 602 4491 mentariis
631 4435 698 4489 ad
731 4435 1051 4505 prophetam
1100 4448 1264 4486 sensu
1297 4446 1361 4484 ac
1401 4445 1538 4498 Pelle
1568 4429 1752 4483 Verbis
1796 4444 1890 4484 €1—
1996 4438 2242 4492 secundo
2266 4437 2722 4505 Paralipomenon
2755 4436 2970 4500 scribit,
3012 4452 3138 4490 cum
3185 4444 3366 4489 tamen
3399 4435 3572 4504 ipsius

315 4529 569 4596 plicetur.
606 4530 622 4548 '
667 4527 924 4589 Sestum,
969 4522 1328 4579 consonantia
1367 4536 1587 4583 eorum,
1632 4536 1752 4603 qlia!
1800 4520 1890 4574 hic
1995 4529 2178 4583 omnia
2208 4529 2414 4582 scolom
2438 4527 2713 4582 curiosius
2740 4536 3049 4581 recenseat.

311 4621 641 4685 aﬂ’emntur,
668 4635 792 4674 eum
822 4617 1053 4672 aliorum
1081 4629 1310 4685 Operum
1333 4624 1388 4666 et
1412 4612 1714 4682 prmsertim
1737 4611 1890 4667 Com-
2073 4618 2208 4674 \‘lll.
2234 4617 2459 4683 Quinto,
2492 4616 2822 4686 prolixiores
2847 4615 2924 4669 illi
2945 4613 3321 4670 commentarii
3349 4629 3458 4668 non
3483 4628 3572 4667 sa-

212 4760 217 4763 .
307 4713 711 4767 mentariorum
765 4711 820 4764 in
889 4710 1137 4764 Psalmos
1189 4706 1326 4760 locis
1371 4721 1511 4775 pene
1559 4705 1884 4759 innumeris.
1996 4711 2156 4781 piunt
2199 4708 2718 4778 breviloquentiam,
2757 4723 2921 4777 quam
2963 4707 3020 4761 in
3073 4705 3197 4760 aliis
3223 4705 3455 4759 aliorum
3498 4703 3568 4758 li-

309 4806 685 4866 Postremum,
727 4816 1032 4858 consensus
1080 4797 1426 4854 eruditorum
1473 4796 1740 4858 virorum.
1772 4795 1885 4850 sive
1994 4803 2220 4857 brorum
2249 4801 2702 4870 Expositionibus
2721 4800 3106 4854 Theodoretus
3132 4798 3406 4853 observat.

305 4897 412 4966 qui
434 4896 779 4951 Sirmondum
813 4898 1252 4952 antecesserunt,
1273 4890 1386 4943 sive
1416 4889 1507 4957 qui
1535 4888 1708 4942 secuti
1734 4896 1882 4942 sunt.
2067 4892 2155 4947 lx.
2185 4892 2452 4962 Denique,
2480 4892 2523 4946 si
2548 4909 2689 4963 opus
2727 4909 2756 4947 ει
2781 4892 2918 4946 Zino
2969 4906 3190 4945 vorsum
3232 4886 3566 4943 Theodoreti

385 4989 473 5043 IV.
504 4989 633 5055 Quae
657 4989 709 5043 in
740 4987 1078 5042 contrarium
1111 4990 1375 5053 pugnant,
1416 4996 1593 5049 neque
1627 4982 1886 5050 pauciora
1995 4985 2086 5049 sit,
2146 4983 2348 5037 mirum
2401 4984 2650 5053 profecto
2713 5000 2811 5038 cur
2883 4981 3300 5046 Theodoretus,
3362 4978 3568 5034 erroris

1649 5142 1966 5230 SCIIULZIIV
1996 5144 2230 5200 NOTIE.

389 5287 433 5318 ”
458 5285 564 5339 Viri
592 5287 754 5340 desid.
791 5287 1029 5342 Danielis
1050 5285 1330 5340 nimirum.
1372 5353 1377 5354 γ
1431 5285 1478 5354 ν³⁹
1512 5283 1632 5336 Vid.
1659 5299 1845 5353 supra,
1877 5301 1932 5354 p.
1969 5287 1978 5339 l

1974 5286 2084 5340 I49.
2189 5285 2229 5316 “
2267 5282 2386 5354 Sese.
2415 5282 2970 5354 Septinnnnadditur
3002 5289 3237 5354 exeunte
3395 5280 3461 5354 ξε
3506 5282 3563 5336 In

313 5357 473 5411 Praef.
508 5357 560 5409 in
593 5358 853 5410 Psalmos.
929 5356 972 5387 δ’
1001 5357 1231 5409 Exstant
1265 5355 1332 5407 ab
1369 5353 1524 5408 initio
1569 5362 1608 5405 t.
1647 5354 1688 5406 ll
1729 5351 1891 5407 Vedit.’
1933 5363 2153 5410 nostrae.
2209 5351 2343 5408 Vide
2390 5351 2554 5406 etiam
2587 5352 2798 5406 Fabric.
2829 5353 2864 5406 Ι.
2895 5369 2947 5407 c.
2977 5368 3033 5421 p.
3063 5352 3183 5406 161.
3259 5351 3306 5384 ’⁵³
3331 5351 3410 5405 Ad
3453 5353 3568 5421 haec

315 5436 630 5505 argumenta
680 5427 1064 5505 respondimus
1103 5427 1168 5505 _in
1215 5424 1348 5505 diss.
1381 5423 1447 5505 de
1477 5423 1687 5505 Vitanct
1723 5423 1945 5505 scriptis
1973 5422 2326 5502 Theodoreti,
2354 5438 2476 5491 quae
2497 5423 2787 5505 _pr_:emissa
2819 5432 2904 5505 est
2959 5420 3105 5476 torno
3138 5420 3568 5505 l._ArgumentiS

317 5491 404 5548 ibi
420 5491 879 5556 commemoratis,
902 5513 1023 5564 qua:
1052 5495 1119 5548 ad
1157 5493 1491 5562 probandam
1532 5493 1816 5564 αὑθεντξαν
1840 5491 2454 5564 ίοοιῃῐηθῃιειιζίἰηίιυθηι
2497 5492 2782 5564 habemus,
2816 5493 3057 5564 valeant,
3091 5491 3345 5564 addepda
3375 5499 3461 5564 est
3487 5491 3566 5545 si-

316 5566 564 5618 militudo
619 5583 832 5629 eorum,
862 5559 982 5634 qum.
1031 5565 1098 5618 ad
1147 5559 1418 5634 Psahnuln
1448 5579 1575 5634 in.“
1598 5561 2050 5634 _ct__aleejusde_m
2085 5561 2281 5634 Psalrni
2309 5559 2765 5634 :argumentoradi
2801 5563 2959 5634 Cant.
3010 5577 3085 5634 tu,
3129 5563 3198 5634 7,_
3229 5559 3282 5634 ᾗ,
3311 5559 3564 5628 legimus.

314 5638 361 5664 ’δ
394 5635 523 5690 Vide
557 5636 764 5706 przefat.
799 5628 864 5690 ad
883 5628 1052 5690 'Cant.
1085 5643 1231 5688 cant.
1309 5633 1352 5662 ⁵⁵
1384 5632 1518 5684 Ibid.
1597 5631 1640 5662 ³⁶
1676 5631 1811 5685 Ibid.
1839 5628 1848 5632 ⁷
1888 5633 1927 5662 ⁸⁷
1959 5631 2093 5686 Hist.
2129 5629 2275 5694 (ττι,
2309 5631 2345 5683 1.
2379 5628 2429 5695 v,
2455 5646 2502 5684 c.
2532 5630 2620 5685 ⁸59.
2661 5633 2703 5663 ⁸⁸
2728 5633 2852 5688 Vid.
2885 5631 3102 5685 l’raefat.
3136 5629 3199 5681 ad
3230 5628 3386 5682 Cant.
3418 5639 3567 5686 eant.
