4040 6172
395 263 512 328 ω

1491 264 1871 326 GARNERII
1908 263 2405 329 DISSER'E‘ATIO
2444 270 2517 331 ΙΙ.

3547 255 3654 321 220

396 374 619 431 nomine
644 384 953 445 suspectus,
981 376 1048 430 ad
1079 375 1213 431 illud
1240 392 1350 430 non
1392 376 1623 446 pcrinde
1685 385 1849 447 atque
1897 376 1966 431 ad
1996 384 2042 439 Α
2072 382 2264 435 ιδῃ-ειη
2297 382 2632 436 solutionem
2664 377 3003 433 videbuntur
3025 375 3140 447 pati
3165 393 3179 429 :
3210 387 3335 431 nam
3359 385 3420 430 ut
3451 374 3649 432 ordine

395 468 539 523 alios
560 466 736 522 libros
787 467 1189 537 provocaverit,
1232 483 1342 536 quo
1386 468 1550 523 ﬁdem
1599 484 1754 524 suam
1784 468 1853 524 de
1884 469 1972 523 in-

395 558 715 614 carnatione
745 567 951 614 rectam
991 573 1114 613 esse
1171 561 1455 633 probaret.
1508 562 1793 633 Nusquam
1823 563 1972 617 enim

395 655 493 703 aut
515 647 741 712 clarius,
778 656 875 702 aut
926 646 1189 705 Ecclesiae
1242 632 1528 705 catholica:
1578 632 1975 708 consonantiae

395 738 698 808 quidquam
724 737 793 792 de
818 736 1042 792 Christo
1064 738 1316 810 protulit.

465 850 529 905 x.
557 850 711 906 Adde
734 849 882 920 quod
905 850 961 904 in
984 849 1207 907 Catenis
1227 853 1296 907 ad
1319 852 1607 910 Canticum
1628 857 1971 913 canticorum

393 958 425 998 a
445 944 662 998 nemine
678 938 989 1009 adducitur,
1005 959 1129 998 cum
1149 954 1326 1000 tamen
1342 948 1535 1014 soleat,
1552 957 1608 1004 et
1623 950 1845 1018 quidem
1863 950 1975 1006 fre-

394 1046 631 1108 quenter
647 1037 715 1092 ad
735 1037 873 1092 alios
885 1037 1185 1108 Scriptura:
1199 1039 1388 1106 libros,
1407 1056 1549 1111 quos
1560 1043 1974 1108 commentariis

392 1127 679 1197 exposuit;
722 1128 833 1182 imo
861 1128 955 1183 ubi
988 1130 1180 1196 semel,
1238 1131 1385 1201 quod
1430 1132 1656 1202 quidem
1706 1134 1979 1192 memine-

396 1217 521 1284 rim,
550 1234 579 1272 a
605 1218 895 1290 Neopbyto
926 1219 1199 1274 monacho
1252 1220 1511 1275 laudatur
1532 1262 1548 1286 ,
1602 1223 1973 1292 fragmentum

394 1310 462 1365 ad
478 1310 645 1366 verba
674 1327 754 1375 Ill,
792 1312 846 1376 9,
880 1312 1100 1382 Φορεῖον
1130 1311 1384 1380 ἐποίησεν
1415 1311 1592 1381 ὲιυτῷ
1628 1314 1657 1364 ὁ
1692 1311 1970 1382 βασιλεύς,

392 1408 528 1465 etc.,
565 1400 816 1466 affertur,
843 1399 990 1471 quod
1038 1401 1243 1455 frustra
1286 1400 1342 1455 in
1367 1416 1536 1471 Opere
1566 1400 1972 1457 Sirmondiana:

392 1491 659 1547 editionis
682 1507 916 1562 quaeras.

466 1584 526 1638 In
566 1584 671 1639 hac
729 1583 1055 1654 quaestione,
1105 1582 1306 1647 fateor,
1352 1582 1487 1637 haesi
1543 1582 1670 1650 diu,
1724 1587 1971 1639 incertus

392 1689 503 1745 quo
526 1690 613 1729 me
641 1684 946 1730 verterem:
978 1690 1104 1729 nam
1140 1674 1428 1744 utriusque
1452 1674 1628 1745 partis
1650 1684 1971 1747 argumenta

394 1768 561 1838 269
596 1768 944 1833 videbantur,
1000 1768 1177 1837 prima
1214 1767 1440 1839 quidem
1487 1768 1670 1837 specie
1706 1767 1965 1835 intuenti,

394 1858 628 1924 invicta;
669 1859 768 1914 sed
811 1859 1116 1915 reﬂectenti
1159 1860 1442 1925 animum,
1478 1859 1834 1929 aliquatenus
1880 1860 1968 1914 in-

392 1949 601 2004 ﬁrmari
650 1966 811 2021 posse
844 1950 910 2006 ”.

462 2041 598 2096 Nam
628 2043 810 2112 primo
833 2042 889 2097 id
915 2045 1062 2112 quod
1088 2060 1190 2115 pro
1219 2045 1404 2114 priore
1454 2052 1611 2115 parte
1660 2044 1970 2099 ducebatur

390 2134 461 2190 ab
487 2136 813 2190 auctoritate
868 2135 1181 2203 doctorum,
1228 2137 1431 2192 elevari
1493 2146 1674 2207 potest
1722 2137 1842 2192 sine
1875 2136 1973 2191 de-

392 2227 655 2281 trimento
700 2227 932 2282 honoris
1005 2229 1174 2283 tantis
1227 2228 1548 2283 nominibus
1603 2228 1819 2282 debiti:
1871 2228 1968 2298 qui

391 2318 539 2373 enim
572 2317 929 2373 Sirmondum
960 2321 1136 2375 secuti
1172 2330 1324 2387 sunt,
1372 2320 1670 2375 Sirmondo
1714 2321 1970 2390 religiose

390 2408 779 2476 crediderunt;
807 2408 1133 2466 Sirmondus
1156 2411 1313 2478 Zino,
1349 2412 1518 2467 Zinus
1552 2413 1766 2466 codicis
1794 2412 1969 2467 ϐηεοί

390 2492 749 2571 θχςετίριοτίῖ
766 2502 953 2556 Potuit
977 2510 1158 2557 tamen
1182 2505 1492 2575 exscriptor
1527 2504 1581 2559 in
1608 2520 1855 2559 errorem
1878 2504 1966 2558 in-

391 2590 518 2645 duci
544 2606 573 2645 a
595 2591 877 2661 prioribus
899 2592 1056 2648 aliis:
1082 2609 1184 2649 nec
1208 2594 1261 2648 id
1314 2595 1516 2650 mirum
1564 2594 1743 2650 videri
1780 2594 1965 2660 debet,

391 2698 519 2738 cum
544 2684 657 2754 jam
700 2685 832 2741 inde
864 2702 894 2739 a
941 2684 1049 2740 ﬁne
1094 2688 1234 2741 sexti
1287 2687 1496 2754 saeculi,
1554 2704 1666 2757 quo
1717 2696 1968 2756 tempore

391 2772 692 2846 Gregorius
724 2777 953 2848 Magnus
1004 2778 1207 2850 Pelagii
1267 2780 1492 2833 nomine
1523 2780 1823 2845 scribebat,
1858 2787 1969 2833 tam

392 2864 556 2921 facile
587 2868 835 2937 potuerit
876 2870 1306 2925 commentarius
1349 2870 1550 2940 aliquis
1588 2871 1643 2924 in
1679 2869 1968 2925 Canticum

389 2957 742 3013 Theodoreto
772 2961 1035 3030 supponi,
1070 2978 1236 3031 quam
1286 2963 1464 3033 reipsa
1494 2963 1613 3033 ipso
1651 2963 1846 3033 quinto
1869 2978 1970 3017 saa-

2076 473 2398 544 retrogrado
2427 489 2457 527 a
2487 483 2763 542 postrema
2791 469 3071 539 incipiam,
3111 483 3235 538 qua:
3264 467 3453 537 procul
3480 465 3652 523 dubio

2077 563 2314 616 multum
2379 561 2548 615 habet
2605 559 2902 630 ponderis,
2971 557 3337 613 nihilominus
3388 557 3651 613 adversus

2075 667 2195 706 eam
2226 668 2338 707 non
2376 649 2812 721 improbabiliter
2838 648 2947 704 dici
2987 656 3186 718 potest,
3206 648 3448 703 noluisse
3466 648 3649 703 Theo-

2077 744 2355 810 dorctum,
2397 759 2523 800 cum
2553 742 2964 814 periclitaretur
3003 742 3073 798 de
3128 741 3255 807 ﬁde,
3289 744 3536 798 exerceri
3562 745 3652 815 ju-

2074 837 2283 893 dicium
2313 853 2382 891 ex
2414 837 2576 903 libro,
2608 851 2719 906 quo
2750 834 3105 889 Theodorum
3137 834 3484 904 Mopsuestia:
3532 850 3650 889 ma-

2072 929 2302 1001 gistrum
2329 944 2492 984 suum
2549 928 2834 998 arguebat,
2901 942 2970 981 ne
3030 927 3317 981 damnasse
3366 926 3652 981 videretur

2073 1037 2235 1092 quem
2255 1029 2444 1092 postea
2475 1021 2843 1083 defendisset;
2873 1028 3038 1089 atque
3071 1019 3146 1073 ita
3204 1018 3445 1073 levitatis
3473 1028 3529 1073 et
3560 1020 3649 1073 in-

2072 1113 2395 1167 constantia).
2422 1128 2549 1167 reus
2606 1111 2779 1175 ﬁeret,
2818 1126 2930 1180 quo
2961 1117 3207 1180 tempore
3244 1109 3481 1165 maxime
3517 1124 3651 1165 con-

2072 1202 2330 1258 stantiam
2360 1217 2515 1256 suam
2538 1201 2856 1255 extollebat.

2144 1294 2398 1361 Quintam
2464 1294 2706 1347 clevaret
2770 1290 3085 1361 quispiam,
3157 1296 3416 1343 causatus
3473 1288 3654 1358 primo

2073 1384 2344 1456 ejusmodi
2395 1383 2748 1446 Canticorum
2791 1381 3192 1451 expositionem
3235 1396 3345 1436 non
3376 1395 3499 1435 esse
3525 1396 3652 1450 pro-

2073 1476 2351 1540 lixiorem,
2406 1490 2571 1545 quam
2619 1491 2740 1545 quae
2794 1474 3071 1539 Danielis;
3104 1472 3305 1528 deinde
3360 1481 3654 1543 utramque

2072 1584 2193 1623 esse
2218 1566 2553 1622 Theodoreti
2603 1566 2759 1636 quasi
2788 1566 3127 1631 tirocinium,
3168 1565 3316 1635 quod
3356 1565 3495 1619 solet
3527 1580 3653 1620 esse

2075 1658 2398 1723 verbosius;
2435 1657 2677 1727 denique
2694 1672 2819 1711 eum
2851 1665 3002 1720 tunc,
3050 1670 3173 1710 cum
3215 1655 3381 1725 27o
3434 1664 3654 1709 utrum-

2076 1766 2183 1820 que
2214 1765 2354 1819 opus
2383 1748 2672 1813 scriberet,
2725 1748 2972 1802 nondum
3021 1747 3538 1817 breviloquentiam,
3589 1755 3654 1802 ut

2075 1841 2155 1907 ﬁt,
2188 1841 2469 1897 scribendi
2502 1855 2628 1905 usu,
2660 1840 2942 1896 didicisse.

2140 1953 2259 2009 Jam
2303 1970 2438 2009 vero
2486 1964 2701 2024 quarta,
2744 1964 2806 2009 ut
2839 1961 2925 2010 est
2978 1953 3048 2008 ab
3088 1953 3442 2019 auctoritate,
3500 1952 3653 2022 quod

2072 2044 2247 2110 aiunt,
2295 2046 2580 2115 negativa,
2619 2046 2692 2099 ita
2733 2045 2916 2099 minus
2969 2044 3126 2099 ﬁrma
3182 2053 3429 2115 apparet.
3475 2043 3652 2111 Quid-

2072 2138 2127 2191 ni
2196 2137 2344 2190 enim
2405 2136 2795 2190 Thcodoretus
2866 2151 2977 2190 uno
3026 2136 3081 2190 in
3150 2136 3272 2190 loco
3317 2135 3652 2204 scripserit,

2073 2227 2221 2298 quod
2261 2228 2348 2282 vel
2388 2228 2507 2297 ipse
2541 2228 2597 2282 in
2636 2228 2746 2282 alio
2763 2226 3201 2298 prmtcrmiserit,
3225 2228 3312 2283 vel
3340 2228 3535 2297 reliqui
3557 2228 3653 2282 alii

2075 2319 2381 2374 tacuerint?
2402 2319 2603 2386 Quidni
2633 2320 2927 2383 Manasses,
2968 2335 3094 2374 cum
3126 2318 3394 2373 insaniret
3449 2318 3652 2389 impie-

2075 2410 2201 2465 tatis
2232 2418 2390 2472 zestu,
2418 2420 2629 2481 partem
2675 2411 2941 2465 librorum
2995 2424 3278 2465 sacrorum
3330 2410 3652 2464 combusse-

2074 2502 2166 2565 rit,
2196 2502 2463 2572 reliquam
2491 2514 2678 2573 postea
2700 2503 2890 2573 templi
2915 2503 3230 2557 incendium
3250 2503 3655 2572 absumpserit?

2146 2593 2333 2648 Tertia
2365 2603 2570 2657 autem,
2599 2609 2721 2664 qua:
2750 2593 2817 2647 ad
2841 2593 3194 2648 Theodorum
3224 2594 3483 2663 pertinet,
3510 2594 3656 2647 mul-

2075 2693 2303 2755 tumque
2324 2701 2520 2756 urgere
2544 2686 2784 2745 videtur.
2841 2695 3120 2756 utcunque
3167 2685 3430 2741 declinari
3472 2694 3656 2755 potest

2072 2794 2141 2834 ex
2170 2792 2257 2843 eo,
2287 2777 2433 2847 quod
2478 2777 2956 2847 interpretationis
2978 2777 3205 2847 hujusce
3247 2785 3438 2832 auctor
3466 2777 3651 2831 videa-

2074 2878 2168 2925 tur
2191 2868 2247 2924 in
2280 2885 2409 2924 eum
2459 2869 2727 2935 scribere,
2759 2884 2924 2939 quem
2954 2869 3117 2933 colat,
3148 2871 3411 2939 cujusque
3451 2884 3652 2922 nomen

2073 2976 2187 3031 pra:
2218 2961 2527 3016 reverentia
2551 2961 2714 3015 silere
2737 2960 2869 3013 velit
2895 2978 2907 3012 :
2940 2960 3183 3029 alioquin
3204 2976 3303 3013 cur
3355 2968 3655 3015 testaretur

389 3051 517 3107 culo
577 3053 848 3123 suppositi
905 3066 1035 3112 sunt
1088 3054 1335 3124 quinque
1389 3054 1744 3110 historiarum
1802 3055 1965 3109 libri:
1995 3071 2040 3132 α
2074 3070 2133 3108 se
2165 3053 2234 3107 ad
2262 3068 2402 3123 opus
2437 3052 2644 3123 impelli
2672 3051 2958 3122 religionis
2978 3051 3181 3114 studio,
3218 3060 3274 3106 et
3300 3049 3653 3105 veneratione

389 3143 584 3213 quidni
611 3145 922 3214 suppositio
948 3145 1307 3201 historiarum
1340 3145 1688 3201 Gennadium
1718 3146 1965 3217 ejusdem

356 3294 361 3297 _
390 3248 518 3289 cum
541 3234 892 3290 Theodoreto
916 3236 1102 3290 seeculi
1132 3236 1458 3305 scriptorem
1488 3236 1746 3291 Latinum
1778 3237 1969 3301 latuit;

392 3322 466 3378 ita
493 3325 1015 3379 commentariorum
1039 3325 1347 3394 suppositio
1374 3325 1577 3379 nesciri
1602 3326 1783 3395 potuit
1804 3342 1833 3380 a
1863 3326 1970 3381 La-

391 3414 509 3469 tino
536 3414 959 3470 alteriussazculi
1006 3415 1329 3484 posterioris
1363 3416 1653 3485 Gregorio.

470 3504 562 3558 XI.
592 3504 745 3559 Adde
770 3505 917 3574 quod
945 3504 1253 3559 Ezechielis
1302 3505 1457 3560 locus
1489 3506 1649 3560 facile
1698 3508 1881 3576 potuit
1910 3510 1967 3564 in

389 3594 649 3648 eumdem
700 3609 924 3649 sensum
970 3610 1000 3647 a
1039 3595 1257 3649 duobus
1308 3598 1703 3651 tractatoribus
1746 3600 1967 3669 eXponi,

391 3694 517 3734 cum
545 3680 614 3734 ab
665 3682 924 3736 omnibus
960 3699 1070 3737 uno
1098 3683 1212 3739 fere
1278 3685 1444 3741 modo
1486 3687 1813 3757 explicetur,
1867 3706 1971 3744 nec

392 3770 618 3827 dubiam
665 3772 863 3828 habeat
914 3776 1388 3846 multiplicemque
1441 3778 1716 3849 allegorias
1762 3780 1969 3835 intelli-

393 3861 660 3932 gentiam.

465 3952 483 3971 ‘
514 3950 629 4005 XII.
666 3952 817 4009 Adde
840 3954 1028 4021 etiam,
1079 3956 1226 4025 quod
1257 3956 1312 4012 in
1365 3961 1795 4017 commentarios
1838 3979 1969 4020 suos

393 4039 448 4096 in
498 4042 842 4099 Ezechielem
897 4045 1280 4102 Theodoretus
1326 4050 1568 4119 potuerit
1622 4054 1964 4121 transferre,

392 4133 538 4202 quod
573 4134 641 4189 ab
668 4136 982 4206 antiquiore
1023 4137 1209 4193 forsan
1250 4150 1562 4210 sumpserat
1611 4142 1964 4201 Canticorum

394 4218 726 4293 interprete:
778 4228 1019 4281 mutuari
1069 4229 1218 4282 enim
1267 4230 1407 4284 solet
1462 4247 1571 4286 non
1602 4249 1795 4302 pauca,
1845 4254 1967 4306 qua:

393 4312 511 4367 suis
569 4315 791 4384 scriptis
848 4315 1074 4371 inserat.
1131 4319 1248 4384 Qua
1287 4322 1645 4390 responsione
1699 4326 1966 4382 declinari

2080 3146 2327 3207 Patrum,
2344 3160 2482 3214 quos
2508 3145 2778 3206 nominat,
2803 3141 3051 3206 Eusebii,
3081 3140 3352 3212 Origenis,
3369 3140 3650 3212 Cypriani,

2075 3234 2285 3297 Basilii,
2308 3235 2596 3304 utriusque
2614 3232 2885 3303 Gregorii,
2912 3231 3134 3285 Diodori
3165 3239 3222 3285 et
3242 3230 3490 3289 Joannis.
3513 3245 3655 3299 quos

2074 3325 2417 3395 despexisset
2466 3324 2576 3388 ille,
2612 3339 2775 3393 quem
2810 3320 3124 3391 impugnat?
3188 3320 3299 3375 Hos
3349 3327 3495 3374 certe
3541 3334 3653 3372 non

2073 3433 2266 3487 parum
2292 3416 2608 3486 despexisse
2636 3413 2963 3469 Theodorus
2992 3412 3250 3467 traditur.

2139 3507 2252 3563 Cur
2281 3510 2397 3563 haec
2427 3508 2659 3562 adderet
2687 3506 2773 3559 3"?
2812 3526 2828 3555 ι
2851 3504 3280 3559 Consideremus
3324 3519 3391 3557 an
3426 3516 3647 3571 aequum

2072 3598 2253 3661 situt,
2322 3606 2405 3652 tot
2447 3597 2724 3665 tantisque
2778 3595 2912 3650 viris
2962 3595 3257 3664 despectis,
3310 3601 3659 3662 contempto-

2072 3707 2178 3758 que
2205 3691 2322 3758 ipso
2347 3688 2556 3758 Spiritu
2582 3696 2792 3752 sancto,
2836 3688 3088 3758 proprias
3132 3686 3421 3767 opiniones
3458 3701 3657 3740 conse-

2071 3789 2309 3839 ctentur,
2349 3793 2458 3830 non
2506 3776 2796 3830 audientes
2845 3792 2994 3840 eum,
3048 3777 3139 3846 qui
3176 3776 3434 3846 praeclare
3480 3775 3652 3829 dixit:

2072 3866 2426 3938 Cogitationes
2450 3866 2763 3920 mortalium
2788 3867 3011 3931 timidw,
3046 3875 3094 3919 et
3130 3869 3341 3921 intorta?
3371 3865 3657 3936 providen-

2074 3962 2413 4030 tiwipsorum
2445 3969 2501 4024 t3;
2528 3967 2584 4012 et
2608 3958 2829 4012 beatum
2860 3958 3086 4012 Paulum
3125 3958 3192 4012 de
3223 3959 3551 4028 quibusdam
3580 3958 3655 4011 ita

2067 4052 2416 4121 loquentem:
2469 4050 2815 4104 Evauuerunt
2868 4050 2923 4102 in
2982 4050 3383 4119 cogitationibus
3425 4049 3555 4111 suis,
3605 4059 3656 4102 et

2068 4145 2400 4199 obscuratum
2430 4153 2503 4197 est
2525 4144 2774 4214 insipiens
2798 4159 2886 4196 cor
2909 4160 3088 4195 eorum
3114 4141 3159 4196 δ.
3190 4142 3301 4197 Nos
3331 4143 3499 4213 igitur
3521 4158 3653 4196 cum

2070 4236 2231 4291 beato
2284 4236 2448 4290 Petro
2497 4235 2570 4289 ita
2623 4235 2966 4289 clamemus:
3033 4232 3251 4287 Obedire
3297 4241 3498 4302 oportet
3544 4232 3661 4286 Deo

2073 4328 2237 4396 magis
2281 4342 2440 4396 quam
2487 4325 2780 4378 hominibus
2825 4336 2869 4377 ι’.
2918 4324 3171 4377 Dicamus
3205 4325 3335 4377 item
3381 4324 3447 4377 ad
3500 4324 3653 4387 illos,

393 4416 603 4470 queunt
644 4406 746 4460 alia
776 4407 942 4462 etiam
974 4418 1318 4478 argumenta,
1350 4427 1472 4480 qua:
1502 4427 1569 4466 ex
1605 4420 1964 4474 consonantia
1997 4409 2046 4468 D
2073 4417 2367 4485 anjustum
2400 4417 2469 4470 sit
2516 4415 2571 4495 in
2600 4424 2898 4484 conspectu
2934 4415 3053 4478 Dei,
3082 4431 3180 4469 vos
3220 4415 3405 4483 potius
3432 4414 3651 4478 audire,

392 4496 866 4569 interpretationis
918 4503 973 4557 in
1030 4503 1356 4571 Canticum,
1435 4522 1560 4560 cum
1643 4509 1964 4566 indubitatis

392 4586 726 4646 Theodoreti
755 4591 997 4661 scriptis,
1031 4594 1337 4663 cujusmodi
1391 4597 1663 4665 expositio
1716 4600 1961 4655 Psalmo-

391 4693 534 4747 rum,
567 4683 984 4752 prophetarum,
1030 4693 1087 4739 et
1142 4686 1410 4756 Apostoli,
1451 4700 1782 4745 sumuntur:
1822 4692 1965 4747 hanc

390 4783 520 4825 vero
574 4774 989 4829 consonantiam
1047 4790 1167 4830 esse
1218 4794 1329 4831 non
1373 4779 1728 4848 mediocrem,
1774 4792 1829 4838 et
1861 4800 1962 4854 ego

391 4859 625 4917 libenter
652 4863 845 4929 fateor,
872 4874 928 4919 et
960 4882 1123 4920 nemo
1148 4910 1162 4932 ,
1193 4869 1286 4937 qui
1322 4880 1573 4924 versatus
1606 4874 1676 4926 sit
1723 4874 1777 4928 in
1807 4876 1962 4929 evol-

389 4953 600 5020 vendis,
632 4972 771 5024 quos
800 4956 932 5022 dixi,
972 4958 1306 5014 Theodoreti
1342 4962 1521 5026 libris,
1558 4966 1858 5032 negaverit.

461 5043 793 5103 Posterioris
822 5065 953 5103 vero
983 5050 1155 5119 partis
1187 5053 1428 5107 rationes
1458 5055 1580 5123 plus
1612 5055 1814 5109 habent
1842 5058 1966 5126 qui-

389 5129 513 5187 dem
545 5136 598 5189 in
628 5142 866 5207 speciem
898 5142 1157 5198 momenti
1184 5162 1196 5197 :
1230 5144 1324 5198 sed
1356 5146 1615 5213 quoniam
1644 5148 1961 5216 opinionem

393 5220 745 5282 inveteratam
797 5238 1105 5293 convellere
1150 5239 1429 5304 nituntur,
1466 5242 1670 5297 idcirco
1700 5243 1961 5310 probabi-

452 5392 489 5419 ἐ
523 5382 649 5451 Sap.
685 5402 757 5450 1x,
788 5388 871 5441 Μ.
946 5390 972 5429 ἀ
1004 5393 1158 5447 Roni.
1187 5412 1223 5459 ι,
1263 5397 1352 5449 21.
1434 5408 1457 5437 ι
1491 5400 1608 5453 Act.
1643 5415 1694 5459 v,
1730 5399 1819 5455 ‘29.

2071 4521 2234 4574 quam
2259 4505 2451 4567 Deum,
2469 4505 2714 4575 judicate
2737 4521 2749 4557 :
2782 4520 2880 4558 nos
2906 4505 3054 4558 enim
3080 4520 3185 4558 non
3203 4520 3656 4574 possumus,quae

2069 4594 2311 4649 vidimus
2335 4611 2433 4665 per
2465 4594 2736 4665 Spiritum
2773 4606 3049 4659 sanctum,
3089 4606 3144 4650 et
3183 4596 3516 4660 audivimus,
3540 4612 3656 4650 non

2068 4686 2241 4757 loqui.
2274 4705 2292 4739 ι
2323 4687 2475 4741 Adde
2509 4687 2656 4756 quod
2703 4687 2758 4741 in
2812 4687 3135 4758 praefatione
3181 4688 3546 4757 expositionis
3596 4687 3655 4741 in

2069 4778 2311 4833 Psalmos
2336 4778 2713 4841 Theodorum,
2752 4779 2861 4832 imo
2882 4787 2937 4831 et
2968 4778 3422 4851 Chrysostomum
3472 4779 3655 4834 tacitis

2071 4872 2389 4926 nominibus
2436 4871 2791 4941 perstringat,
2846 4870 2996 4923 illum
3043 4871 3249 4926 favoris
3307 4873 3359 4925 in
3406 4872 3652 4933 Juna‘os.

2072 4966 2236 5019 istum
2272 4965 2457 5019 nimim
2484 4964 2821 5034 prolixitatis
2866 4978 3153 5018 accusans.

2142 5055 2394 5111 Sccunda
2429 5056 2593 5125 paulo
2619 5055 2894 5110 diﬁicilior
2913 5063 3018 5119 est,
3068 5056 3172 5111 nisi
3224 5056 3347 5126 quis
3384 5056 3651 5125 excipiat,

2070 5149 2186 5203 bch
2220 5146 2463 5203 auctoris
2491 5148 2558 5201 de
2589 5147 2698 5202 Chr
2716 5157 2986 5214 isostomo
3014 5150 3207 5212 verba,
3248 5150 3304 5199 ’0
3358 5152 3470 5211 τοῖς
3522 5149 3656 5219 psti-

2075 5258 2201 5310 μασι
2234 5241 2329 5310 τῆς
2357 5238 2708 5303 διδασκαλίας
2747 5240 2907 5310 μέχρι
2943 5243 3034 5294 καὶ
3061 5243 3306 5312 τήμερον
3342 5243 3523 5295 πᾶσαν
3546 5243 3651 5309 τὴν

1713 5532 2030 5586 SCIIULZII
2066 5533 2299 5585 NU'I'J‘].

462 5627 844 5719 fj-‘t‘lttttkadeo
871 5631 1169 5719 haesitasset
1206 5636 1520 5719 Cgarnerius,
1555 5646 1951 5719 n_isi__alienuin
2005 5649 2194 5702 fmtum
2227 5663 2325 5716 pro
2359 5649 2594 5713 genuino
2647 5652 2807 5707 nobis
2862 5653 3155 5709 obtrudcrc
3191 5653 3469 5708 voluisset.
3516 5655 3641 5709 \‘itl.

390 5707 547 5766 caput
579 5701 829 5755 ultimum
872 5701 1033 5771 hujus
1062 5703 1479 5765 dissertationis.
1512 5701 1517 5707 ’
1554 5716 1599 5747 ⁸⁰
1640 5716 1755 5771 Vid.
1796 5701 1951 5773 Pnef.
1984 5701 2051 5772 ad
2082 5701 2239 5773 Cant:
2275 5701 2472 5772 canitie.
