4024 6152
274 282 375 349 2]

1434 292 1534 351 DE
1573 294 1828 353 LIBRIS
1862 295 2371 359 THEODORE'I'I-

3431 313 3540 375 ’222

274 398 604 470 οἰκουμένην
656 399 901 471 agaso.»
952 399 996 430 "
1019 439 1035 464 ,
1096 398 1330 471 intelligi
1366 400 1572 456 debere
1626 418 1737 457 non
1785 402 1854 457 de
1882 408 1929 464 Α
1959 404 2058 468 illi,
2102 407 2306 462 obsunt
2335 409 2460 464 tria.
2503 411 2766 479 Primum,
2800 414 3002 470 locusa
3032 415 3319 488 Neophyto
3346 434 3533 477 mona-

269 489 486 544 Joanne
510 489 651 560 ipso,
686 491 782 546 sed
804 491 876 545 de
915 490 1146 546 Joannis
1164 492 1356 559 libris;
1400 508 1714 563 quanquam
1739 494 1857 548 vio-

269 580 425 634 lenta
446 580 566 636 haec
596 589 683 637 est
702 583 977 652 pauloque
1008 583 1205 637 durior
1231 583 1550 653 explicatio.

339 668 403 723 ln
427 671 605 738 prima
633 670 843 726 haerere
896 671 1032 726 mihi
1062 687 1263 743 aquam
1311 673 1521 728 fateor:
1579 672 1854 742 siquidem

268 759 610 816 militaribus
662 762 815 817 curis
873 761 1172 831 impeditus
1230 763 1652 830 Theodoretus,
1719 766 1855 820 mihi

268 859 526 905 monstro
553 852 732 907 simile
761 853 1025 922 quiddam
1051 863 1168 915 est:
1213 855 1320 909 nisi
1375 854 1522 911 forte
1562 856 1688 926 quis
1726 865 1857 912 tunc

272 940 611 1012 Cyresticam
632 945 933 1015 regionem,
964 947 1254 1001 Persarum
1282 955 1452 1014 metu,
1482 948 1769 1015 militibus,
1796 956 1857 1005 u‘.

278 1032 364 1097 ﬁt,
390 1035 633 1091 licenter
673 1038 1069 1108 populantibus
1115 1039 1289 1110 magis
1337 1056 1502 1110 quam
1550 1040 1853 1106 tuentibus,

274 1126 556 1195 oppletam
589 1127 759 1183 fuisse
785 1129 1016 1184 divinet.
1045 1130 1165 1185 Jam
1215 1134 1370 1195 vero,
1419 1130 1567 1200 quod
1628 1129 1854 1194 dicitur,

270 1231 417 1287 opus
445 1218 552 1273 hoc
589 1219 645 1272 in
688 1219 978 1275 Canticum
1039 1220 1350 1276 Salomonis
1395 1237 1505 1275 non
1551 1221 1761 1275 laudari
1798 1221 1854 1275 in

277 1308 525 1374 Catenis,
561 1327 684 1380 quae
705 1313 868 1381 vulgo
890 1312 1184 1378 habentur,
1214 1311 1269 1367 id
1293 1312 1514 1382 quidem
1539 1326 1728 1365 verum
1750 1319 1852 1366 est:

273 1401 375 1456 sed
425 1400 545 1456 ﬁeri
591 1403 771 1471 potuit
816 1418 882 1456 ex
938 1404 1097 1472 271
1146 1403 1381 1458 duarum
1436 1419 1724 1459 causarum
1770 1404 1856 1457 vel

264 1492 466 1555 altera,
518 1493 607 1547 vel
655 1502 888 1563 utraque
927 1511 940 1547 :
998 1510 1123 1548 nam
1181 1494 1517 1549 Catenarum
1565 1495 1858 1549 eﬂ‘ectores

266 1582 497 1652 plurimi
548 1599 615 1638 ea
671 1594 834 1640 atate
882 1585 1177 1651 vixerunt,
1242 1602 1351 1655 qua
1414 1587 1555 1641 male
1598 1585 1859 1640 audiebat

266 1672 695 1739 Theodoretus,
756 1690 954 1745 nempe
998 1676 1146 1730 circa
1191 1685 1405 1730 sextum
1447 1677 1857 1746 septimamque

1957 495 2062 550 cho
2101 496 2156 551 in
2184 512 2341 553 suam
2363 499 2624 558 Catenam
2649 505 2874 571 relatus,
2903 522 3011 562 non
3043 509 3318 578 reperitur
3345 510 3399 563 in
3430 512 3537 568 hoc

1957 601 2143 657 opere.
2178 589 2445 655 Alterum,
2482 594 2654 665 stylus
2680 612 2790 650 non
2815 597 3036 652 videtur
3065 598 3394 654 Theodoreti
3419 602 3536 658 ele-

1957 677 2196 744 gantiam
2221 687 2279 734 et
2307 681 2464 750 quasi
2499 682 2883 753 limpiditatem
2915 702 3129 757 sapere.
3163 688 3532 756 Postremum,

1959 775 2038 823 tot
2057 772 2382 827 saeculorum
2406 775 2697 844 possessio,
2719 779 2884 833 tantis
2906 779 3141 835 testibus
3157 783 3531 851 comprobata,

1956 869 2110 917 tanto
2163 879 2435 920 consensu
2467 868 2811 924 eruditorum
2854 871 3116 936 stabilita,
3160 873 3416 943 prohibet
3464 890 3534 930 ne

1958 952 2307 1010 Theodoreto
2337 956 2685 1027 abjudicctur
2732 962 2987 1032 vulgatus
3016 965 3445 1020 commentarius
3479 967 3533 1021 in

1954 1042 2241 1100 Canticum
2273 1049 2613 1104 canticorum
2634 1051 2699 1106 ³⁸.

2481 1162 2643 1232 272
2663 1162 2886 1220 CAPUT
2916 1164 3004 1219 ιν.

1958 1269 2207 1324 Recensio
2230 1286 2469 1341 Operam,
2502 1290 2621 1344 qua:
2656 1282 2793 1356 tome
2826 1276 3058 1356 secundo
3100 1276 3226 1331 edit.
3266 1275 3533 1332 Sirmondi

2568 1353 2924 1398 continentur.

2031 1452 2237 1509 Tomus
2280 1454 2554 1510 secundus
2602 1457 2988 1526 complectitur
3037 1456 3429 1513 commentaria
3475 1458 3529 1512 in

1959 1560 2153 1600 omnes
2195 1545 2469 1601 sexdecim
2500 1547 2820 1616 prophetas.
2849 1547 2974 1603 Haec
3012 1563 3114 1618 pro
3142 1548 3260 1603 suis
3285 1548 3534 1619 agnoscit

1962 1636 2344 1692 Theodoretus
2371 1637 2533 1707 epist.
2567 1636 2675 1691 82:
2718 1656 2734 1687 ι
2767 1638 2873 1692 Per
2894 1636 2991 1692 Dei
3024 1638 3255 1709 gratiam
3289 1638 3534 1708 Prophe-

265 1766 558 1828 πωπω,
584 1728 695 1820 et
722 1728 974 1820 casa...
1187 1728 1401 1820 se...
1449 1728 1853 1835 esset...
1888 1741 1931 1801 υ
1961 1736 2045 1835 ωε
2099 1744 2293 1835 senes
2345 1728 2687 1835 ίιιιξετρτειειιί
3174 1729 3356 1835 εῖδει,
3388 1729 3529 1835 είδε

266 1869 522 1927 tempore
549 1858 684 1919 dixi,
712 1859 1047 1915 Theodoreti
1078 1874 1268 1929 opera,
1307 1860 1503 1914 saltem
1551 1860 1848 1913 nonnulla:

267 1965 393 2019 qua:
418 1965 585 2005 causa
615 1952 909 2015 exstiterit,
942 1968 1042 2007 cur
1090 1952 1322 2007 Photius
1383 1952 1637 2007 curiosus
1685 1959 1851 2005 caete-

262 2040 470 2109 roquin
507 2040 777 2095 librorum
831 2058 860 2096 a
897 2043 1177 2099 veteribus
1210 2044 1491 2098 editorum
1531 2043 1848 2112 inquisitor,

266 2131 503 2201 hujusce
553 2133 610 2186 in
665 2132 954 2188 Canticum
1009 2134 1446 2191 elucubrationis
1500 2150 1608 2189 non
1660 2135 1853 2189 memi-

266 2223 440 2275 nerit.
1104 2276 1109 2283 ,

336 2313 421 2367 Ad
450 2313 532 2378 id,
549 2315 695 2384 quod
714 2315 944 2371 affertur
964 2333 1030 2372 ex
1054 2316 1258 2373 Catena
1275 2318 1547 2390 Neaphyti
1571 2317 1847 2382 monachi,

264 2404 591 2475 responderi
624 2405 736 2460 duo
788 2417 1038 2476 possunt.
1086 2408 1356 2473 Alterum,
1410 2425 1511 2479 pro
1560 2408 1850 2464 Theodoro

262 2495 412 2550 forte
443 2496 739 2551 librarium
787 2497 1121 2552 Theodoreti
1167 2514 1367 2553 nomen
1418 2501 1704 2570 posuisse;
1750 2516 1851 2569 pro

264 2585 583 2651 Theodoro,
626 2586 869 2656 inquam,
906 2601 1016 2640 non
1047 2587 1430 2656 Mopsuesteno
1479 2587 1571 2642 illo
1622 2588 1847 2651 celebri,

264 2678 363 2733 sed
420 2678 746 2733 Heracleota
795 2678 955 2748 longe
1006 2679 1306 2741 anteriore,
1365 2685 1422 2733 et
1473 2679 1592 2748 ipso
1625 2679 1849 2749 quidem

262 2770 439 2824 nobili
476 2770 888 2841 Scripturarum
926 2771 1246 2840 interprete.
1284 2770 1555 2832 Alterum,
1592 2771 1849 2842 Neophy-

264 2871 382 2915 tum
404 2877 568 2916 suum
600 2862 892 2931 deceptum
940 2862 958 2881 ⁴
995 2861 1186 2925 fuisse,
1235 2870 1292 2916 et
1344 2861 1692 2917 Theodoreto
1746 2864 1851 2917 tri-

261 2952 472 3017 buisse,
534 2952 680 3022 quod
733 2952 962 3007 alterius
1013 2952 1298 3023 cujusdam
1329 2953 1472 3007 foret
1497 2952 1848 3007 Canticorum

1962 1841 1979 1873 ι
2006 1822 2284 1892 Explicata
2319 1829 2448 1877 sunt
2474 1839 2505 1876 a
2533 1836 2620 1875 me
2642 1821 2883 1875 oracula.
2918 1839 2936 1871 ι
2994 1821 3064 1875 Ει
3112 1821 3167 1875 in
3211 1821 3534 1878 Praefatione

1952 1915 2293 1969 Psaltuorum
2327 1931 2340 1967 :
2404 1932 2422 1965 ι
2458 1912 2564 1967 Alii
2608 1911 2838 1966 aliorum
2872 1926 3156 1966 sacrorum
3190 1912 3531 1966 voluminum

1951 2005 2364 2075 explanationes
2387 2003 2752 2073 elllagitarunt
2779 2020 2794 2067 ;
2815 2002 3193 2072 imposuerunt
3215 2002 3376 2057 nobis
3394 2018 3536 2056 non-

1955 2093 2093 2147 nulli
2147 2101 2209 2147 ut
2236 2092 2523 2157 Canticum
2579 2091 2919 2147 canticorum
2961 2107 3382 2161 exponeremus.
3412 2092 3532 2146 Ali-

1952 2185 2046 2255 qui
2088 2200 2221 2239 vero
2265 2183 2371 2239 viri
2420 2182 2822 2237 desideriorum
2876 2182 3220 2251 prophetiam
3252 2182 3532 2237 desidera-

1950 2282 2151 2330 verunt
2188 2288 2540 2344 cognoscere.
2567 2270 2674 2326 Alii
2713 2271 2885 2325 divini
2911 2270 3235 2333 Ezechielis,
3271 2270 3361 2323 alii
3397 2269 3532 2325 duo-

1950 2364 2129 2420 decim
2177 2365 2569 2435 prophetarum
2603 2362 2989 2433 praedictiones
3010 2363 3348 2417 obscuritate
3373 2362 3531 2416 invo-

1951 2457 2096 2511 lutas
2122 2455 2404 2511 enucleari
2429 2455 2533 2510 sibi
2565 2463 2621 2508 et
2648 2453 2915 2507 declarari
2941 2455 3290 2523 postularunt
3315 2472 3328 2507 :
3355 2454 3535 2508 dedit-

1951 2564 2059 2619 que
2103 2547 2266 2603 nobis
2305 2548 2686 2603 universorum
2731 2545 2897 2609 Deus,
2929 2554 2990 2599 ut
3027 2545 3452 2601 commentarios
3476 2545 3532 2599 in

1952 2640 2069 2696 haec
2098 2639 2273 2711 ipsius
2302 2639 2486 2694 divina
2510 2638 2727 2709 eloquia
2748 2639 2813 2693 ad
2840 2640 3002 2694 tinem
3027 2637 3477 2707 perduceremus.
3505 2655 3525 2688 ι

1955 2752 1983 2825 §
2011 2754 2053 2808 Ι.
2080 2753 2155 2807 De
2173 2752 2563 2807 commentariis
2592 2753 2647 2806 in
2668 2768 2849 2806 omnes
2889 2752 3171 2823 prophetas
3216 2750 3531 2821 generatim.

2020 2866 2062 2920 Ι.
2084 2865 2203 2931 Quo
2224 2867 2485 2935 temporis
2510 2866 2702 2921 ordine
2720 2866 2774 2919 in
2801 2865 3046 2935 singulos
3064 2863 3361 2934 prophetas
3392 2862 3531 2917 scri-

1952 2957 2147 3025 pserit,
2198 2955 2399 3025 partim
2453 2954 2569 3025 ipse
2620 2962 2807 3024 aperte
2847 2952 3093 3022 exponit,
3133 2952 3329 3021 partim
3368 2965 3534 3019 argu-

262 3046 619 3118 expositoris.
661 3044 809 3108 Haec,
867 3044 1064 3110 fateor,
1114 3047 1442 3115 conjecturae
1467 3054 1596 3100 sunt
1626 3063 1638 3099 :
1671 3046 1765 3101 sed
1794 3046 1848 3100 in
1880 3078 1921 3133 ε
1954 3058 2136 3103 menta
2174 3048 2464 3118 colligendi
2498 3047 2830 3117 suppeditat.
2858 3045 3077 3099 Primus
3123 3058 3252 3113 ergo
3276 3040 3432 3096 labor
3476 3041 3530 3093 in

266 3154 322 3193 re
349 3138 525 3193 dubia
550 3135 675 3207 quis
702 3135 1159 3191 demonstrationi
1192 3137 1389 3193 locus?

329 3231 429 3285 His
462 3245 569 3299 ego
601 3228 910 3282 rationibus
947 3228 1245 3298 impeditus
1279 3230 1526 3295 tenebar,
1562 3246 1686 3285 cum
1712 3231 1852 3286 forte

265 3321 434 3375 incidi
458 3320 520 3373 in
537 3318 787 3373 Grzecum
818 3317 1064 3373 codicem
1078 3320 1146 3383 ⁸⁸,
1173 3334 1336 3372 manu
1359 3318 1716 3374 eruditissimi
1739 3319 1855 3374 Sir-

263 3411 450 3466 mondi
472 3411 767 3479 scriptum,
795 3409 851 3463 in
881 3425 989 3478 quo
1017 3410 1405 3464 continebatur
1422 3410 1692 3480 expositio
1711 3410 1852 3465 Can-

266 3497 359 3551 tici
396 3496 765 3559 canticorum,
796 3496 1002 3550 nullius
1035 3498 1281 3552 auctoris
1317 3500 1539 3553 nomine
1566 3499 1847 3568 inscripta.

263 3586 417 3642 Illam
445 3604 551 3658 ego
579 3605 706 3643 cum
731 3590 990 3660 legerem,
1019 3590 1173 3644 visus
1195 3606 1316 3644 sum
1341 3590 1475 3644 mihi
1502 3590 1689 3644 videre
1710 3606 1850 3643 non—

264 3680 413 3733 nulla
440 3680 777 3735 Theodoreti
803 3680 1023 3745 indicia,
1052 3698 1174 3751 qum
1200 3697 1309 3751 quo
1332 3681 1594 3736 attentius
1624 3682 1850 3752 perlegi,

262 3786 328 3825 eo
365 3788 454 3827 me
484 3772 660 3842 magis
694 3772 1031 3842 impulerunt
1061 3774 1115 3827 in
1146 3782 1377 3843 partem,
1414 3773 1469 3826 in
1499 3789 1661 3843 quam
1693 3774 1851 3827 valde

260 3863 677 3933 propendeham
715 3882 728 3916 :
768 3879 906 3933 Opus
928 3878 1147 3934 nempe,
1173 3866 1330 3934 cujus
1362 3881 1393 3918 a
1433 3879 1491 3919 se
1536 3864 1592 3918 in
1626 3863 1851 3920 Cantica

259 3954 531 4009 elaborati
555 3954 936 4009 Theodoretus
960 3955 1231 4021 meminit,
1269 3971 1382 4009 non
1426 3971 1545 4011 esse
1575 3972 1853 4011 commen-

257 4047 453 4107 tarios,
505 4061 643 4115 quos
689 4046 861 4101 edidit
914 4047 1276 4113 Sirmondus;
1304 4048 1401 4102 sed
1442 4048 1599 4102 istam
1646 4049 1848 4118 potius,

255 4153 427 4206 quam
465 4138 810 4202 cvolvebam,
864 4139 1287 4209 expositionem.
1349 4139 1498 4194 Nihil
1555 4140 1702 4193 enim
1759 4139 1850 4193 illa

255 4230 533 4292 continet,
562 4229 708 4299 quod
734 4230 1030 4285 abhorreat
1064 4246 1093 4285 a
1127 4233 1550 4292 consuetudine,
1577 4232 1847 4296 doctrina,

256 4330 429 4391 atque
459 4329 623 4375 aetate
652 4322 981 4378 Theodoreti
1010 4340 1024 4389 ;
1058 4324 1222 4378 habet
1271 4340 1302 4379 e
1338 4326 1619 4379 contrario
1668 4324 1846 4394 plura,

1954 3142 2231 3196 Danielem
2260 3140 2531 3202 incubuit,
2557 3139 2834 3193 secundus
2855 3139 2910 3191 in
2938 3136 3305 3197 Ezechielem,
3334 3132 3532 3187 tertius

1953 3233 2008 3287 in
2042 3234 2283 3286 mineres
2308 3230 2619 3293 duodecim,
2660 3236 2891 3299 quartus
2945 3228 3002 3281 in
3045 3228 3261 3291 Isaiam,
3302 3225 3532 3295 quintus

1954 3324 2011 3379 in
2036 3323 2352 3385 Jeremiam,
2382 3330 2697 3391 postremus
2718 3322 2771 3375 in
2799 3320 3265 3383 Lamentationes,
3295 3334 3529 3388 quarum

1953 3414 2009 3468 in
2065 3413 2171 3471 ﬁne
2201 3412 2316 3467 haec
2356 3412 2519 3467 habet
2548 3428 2562 3465 :
2620 3431 2637 3461 ι
2669 3411 2821 3469 llanc
2843 3409 3007 3465 etiam
3037 3409 3159 3464 aliis
3189 3407 3531 3479 propheticis

1950 3505 2111 3559 libris
2138 3503 2442 3573 adjecimus
2473 3502 3012 3571 interpretationem,
3045 3501 3181 3555 adeo
3204 3496 3413 3569 ut,‘per
3433 3497 3527 3553 Dei

1950 3595 2203 3666 gratiam,
2259 3593 2466 3648 nullam
2518 3593 2864 3663 prophetiam
2914 3591 3388 3663 interpretationis
3432 3606 3531 3646 ex-

1951 3695 2162 3757 pertem
2185 3684 2573 3755 reliquerimus
2595 3684 2661 3738 “.
2694 3704 2713 3735 ι

2021 3778 2087 3833 Il.
2129 3778 2192 3832 lu
2235 3777 2633 3832 commentario
2682 3775 2746 3830 ad
2782 3783 2947 3845 caput
2978 3792 3098 3830 χχχι
3138 3776 3390 3831 Jeremite
3417 3789 3532 3829 me-

1950 3868 2112 3922 minit
2160 3866 2679 3922 commentariorum
2735 3866 2791 3919 in
2844 3866 3226 3921 Ezechielcm:
3270 3884 3287 3916 ι
3320 3864 3534 3920 Clarius

1952 3959 2055 4013 hoc
2091 3959 2258 4013 etiam
2292 3958 2431 4011 dixit
2464 3957 2727 4012 Dominus
2764 3973 2861 4027 per
2888 3957 3133 4010 divinum
3158 3956 3528 4019 Ezecltielem,

1951 4060 2008 4105 et
2040 4065 2140 4104 nos
2175 4050 2275 4120 ipsi
2319 4050 2573 4119 pluribus
2622 4049 2965 4118 interpretati
3012 4064 3204 4102 sumus
3231 4049 3297 4100 ³⁸.
3329 4067 3347 4098 ι
3398 4048 3534 4103 Eze-

1951 4142 2183 4197 chielcm
2214 4142 2382 4211 igitur
2409 4150 2536 4197 ante
2569 4141 2864 4196 Jeremiam
2893 4141 3287 4209 interpretatus
3316 4148 3420 4193 est.

2023 4232 2111 4285 lll.
2146 4231 2224 4285 Ad
2259 4241 2423 4301 caput
2474 4247 2578 4284 xxu
2621 4229 2867 4299 ejusdem
2923 4230 3175 4284 Jeremize
3196 4229 3531 4283 mentionem

1951 4322 2082 4376 iacit
2107 4321 2468 4391 expositionis
2512 4320 2565 4372 in
2592 4318 2785 4373 Isaiam
2817 4335 2829 4370 :
2866 4337 2883 4368 ‹
2920 4317 3115 4388 llujus,
3151 4317 3347 4385 inquit,
3376 4316 3533 4370 locu-

257 4428 387 4481 qoa
416 4412 507 4466 his
539 4413 772 4467 mirifice
801 4424 1106 4486 congruant
1140 4433 1152 4468 :
1202 4416 1473 4485 siquidem
1511 4417 1695 4471 brevis
1736 4425 1840 4480 est,
1878 4422 1920 4476 D
1950 4414 2117 4467 tionis
2172 4413 2444 4467 rationem
2509 4412 2765 4481 pluribus
2812 4410 3179 4479 explicuimus
3242 4408 3295 4460 in
3358 4407 3529 4461 divini

258 4502 571 4571 cuiusmodi
600 4519 791 4559 omnes
820 4505 1072 4574 genuina:
1101 4505 1434 4561 Theodoreti
1452 4507 1839 4576 expositiones;

260 4594 554 4664 mysticum
576 4609 797 4649 sensum
826 4596 901 4650 ita
934 4597 1308 4666 persequitur,
1340 4606 1401 4652 ut
1433 4598 1645 4651 nullum
1681 4597 1843 4653 faciat

259 4685 557 4741 Theodoro
582 4686 966 4757 Mopsuesteno
992 4689 1299 4744 convicium
1327 4706 1341 4756 ;
1368 4688 1552 4743 verbis
1578 4688 1840 4756 abundat,

259 4791 387 4845 quae
418 4776 804 4831 Theodoretus
849 4777 1071 4833 videtur
1095 4779 1380 4834 affectasse
1415 4796 1429 4845 ;
1463 4788 1519 4834 ct
1548 4779 1843 4849 Scriptura:

260 4867 407 4930 loca,
436 4883 558 4935 quae
579 4868 907 4933 aﬂ‘eruntur,
940 4869 1169 4939 perinde
1203 4885 1267 4923 ac
1296 4870 1677 4925 Theodoretus
1723 4870 1845 4925 aliis

259 4958 319 5012 in
341 4959 501 5023 locis,
541 4960 955 5031 interpretatur.
990 4959 1322 5016 Brevitatem
1356 4972 1412 5017 et
1444 4961 1718 5017 Theodori
1754 4978 1845 5017 re-

261 5048 569 5102 verentiam
603 5050 717 5119 ipsa
746 5050 908 5105 lectio
936 5051 1275 5106 demonstrat
1308 5071 1321 5105 :
1348 5053 1454 5107 alia
1481 5053 1591 5107 duo
1622 5052 1844 5122 probari

262 5146 501 5207 possunt
527 5154 636 5192 non
658 5138 865 5193 dillicili
898 5140 1139 5210 negotio.

336 5229 538 5283 Verum
588 5231 885 5300 quominus
930 5232 1237 5288 adhaeream
1278 5233 1508 5289 ﬁrmiter
1529 5233 1845 5304 cogitationi

1949 4504 2103 4559 Isaia:
2150 4502 2626 4573 interpretatione.
2664 4522 2680 4553 ι
2741 4502 2880 4570 Ergo
2927 4501 3095 4553 etiam
3148 4499 3343 4551 Isaiam
3402 4506 3529 4552 ante

1947 4596 2239 4653 Jercmiam
2283 4593 2553 4664 exposuit.
2603 4593 2790 4659 Quid?
2824 4592 2970 4661 quod
3007 4590 3298 4645 admodum
3346 4588 3528 4643 ercdi-

1949 4688 2059 4744 bile
2109 4693 2214 4752 est,
2265 4685 2658 4740 commentaria
2705 4684 2919 4753 singula
2962 4698 3029 4737 eo
3056 4681 3258 4751 scripta
3287 4696 3407 4735 esse
3440 4696 3529 4733 or-

1949 4778 2099 4844 dine,
2134 4792 2245 4847 quo
2273 4784 2570 4831 censentur
2598 4777 2651 4831 in
2683 4774 3006 4831 Prmfatione
3037 4773 3395 4834 Psalmorum,
3435 4769 3526 4824 ubi

1949 4869 2138 4926 Daniel
2168 4868 2430 4939 primum,
2470 4868 2672 4923 deinde
2697 4867 2976 4931 Ezechiel,
3005 4865 3351 4936 postmodum
3388 4864 3529 4918 duo-

1946 4960 2125 5016 decim
2154 4959 2437 5029 prophetae
2470 4960 2715 5014 minores
2747 4967 3142 5013 memorantur.

2015 5054 2086 5108 Et
2126 5067 2259 5107 vero
2300 5052 2357 5107 in
2394 5051 2720 5108 Praefatione
2760 5052 3004 5106 Danielis
3042 5049 3330 5104 manifeste
3368 5048 3530 5104 docet

1948 5143 2331 5199 Theodoretus
2376 5160 2408 5198 a
2450 5160 2509 5200 se
2543 5143 2824 5198 Danielem
2868 5142 3106 5212 primum
3129 5141 3372 5196 omnium
3396 5156 3529 5212 pro-

1947 5236 2239 5306 phetarum
2284 5236 2594 5306 expositum
2624 5235 2814 5297 fuisse,
2845 5234 3119 5305 simulque
3146 5234 3275 5290 facti
3306 5249 3526 5290 causam

1578 5432 1895 5491 SCHULZII
1934 5431 2162 5489 NOTAE.

335 5570 375 5602 "
401 5571 560 5627 Praef.
581 5573 646 5628 ad
662 5572 823 5627 Cant.
886 5576 929 5607 "
943 5574 1039 5630 Hic
1064 5576 1182 5631 sine
1204 5576 1372 5631 dubio
1388 5585 1471 5631 cst
1488 5574 1913 5630 commentarius
1931 5574 2042 5637 ille,
2060 5588 2222 5641 quem
2244 5573 2373 5627 alibi
2396 5574 2668 5643 mysticum
2683 5583 2861 5638 vocat,
2881 5590 3153 5644 quemque
3172 5569 3428 5644 Auctario
3450 5572 3532 5629 in-

276 5654 460 5695 Ie'ere
483 5644 673 5697 voluit.
696 5645 838 5703 tV’id.
869 5647 1299 5714 eaputultimum
1318 5646 1477 5714 hujus
1499 5644 1657 5711 diss.)
1678 5644 1783 5699 Sed
1817 5660 1924 5699 non
1959 5645 2113 5714 stetit
2137 5642 2461 5714 promissis;
2516 5645 2562 5675 ⁸³
2587 5644 2708 5710 Quo
2743 5642 2989 5714 tempore
3015 5643 3251 5714 scriptus
3280 5642 3351 5695 Sil
3378 5658 3534 5714 com-

279 5714 574 5770 mentarius
602 5714 656 5769 in
680 5714 840 5771 Cant.
878 5711 1077 5771 cantio.
1106 5711 1415 5786 disputatur
1443 5716 1600 5779 itd‘ra,
1634 5732 1686 5783 p.
1718 5716 1842 5771 “27d.
1921 5714 1965 5745 ”
1996 5713 2115 5770 Vid.
2140 5711 2191 5768 ﬁt.
2232 5713 2274 5767 ll
2328 5716 2461 5769 edit.
2505 5723 2725 5783 nostrm,
2761 5733 2816 5788 p.
2846 5711 2968 5769 668.
3048 5713 3092 5745 ⁸⁸
3126 5711 3291 5777 Πήαη
3322 5726 3375 5779 p.
3409 5712 3532 5768 5'48.
