4040 6172
452 248 561 313 223

1545 253 1922 314 GARNERII
1967 256 2460 319 DISSERTATIO
2498 260 2580 320 ΙΙ.

3599 257 3708 320 224

447 361 690 418 adert“.
708 359 863 418 Hunc
883 366 1206 435 pr0phetam
1227 366 1281 420 in
1308 367 1842 436 prtesenticonamur
1861 371 2029 425 inter-
2059 378 2099 432 A
2129 374 2225 428 sed
2249 374 2547 429 Hebraicos
2565 384 2621 428 et
2646 373 2889 437 lunares,
2914 381 2974 426 ut
2994 380 3173 438 vocat;
3198 385 3295 427 seu
3323 372 3420 442 qui
3450 372 3708 430 undecim

449 453 679 526 pretari,
704 470 812 509 non
840 457 996 525 quasi
1027 456 1185 520 alios,
1212 455 1356 525 quod
1375 456 1519 510 absit
1547 458 1560 510 !
1588 466 2025 525 contemnentes;

448 561 642 601 omnes
667 545 814 600 enim
856 546 1111 602 novimus
1151 562 1270 601 esse
1314 546 1552 618 Spiritus
1595 550 1771 603 sancti
1820 550 2027 605 instru-

451 653 504 691 m
530 647 665 689 ‘nta:
691 635 784 691 sed
815 636 1048 705 primum
1072 636 1295 705 quidem
1319 638 1496 707 ipsius
1516 639 2026 710 interpretationem

448 744 479 781 a
520 727 679 781 nobis
713 725 1005 781 familiares
1034 727 1422 798 efﬂagitarunt,
1451 746 1781 802 aequumque
1805 733 2028 788 censui-

450 835 593 882 mus,
637 816 963 872 beneficium
1012 819 1080 872 iis
1121 819 1217 889 qui
1248 820 1547 889 petierunt,
1582 839 1691 877 non
1734 824 2027 895 denegare.

452 908 657 962 Deinde
690 907 818 962 facit
845 908 1005 979 273
1035 909 1350 965 Judazorum
1393 913 1651 978 amentia,
1691 922 1753 970 ut
1798 915 1923 972 aliis
1974 916 2030 971 in

451 997 703 1067 praesenti
728 999 968 1063 omissis,
1000 1000 1166 1071 hujus
1190 1001 1575 1081 praedictiones
1598 1004 1844 1061 enudare
1865 1013 2031 1077 atque

451 1088 667 1157 aperire
697 1089 1069 1158 aggredimur.
1107 1092 1186 1145 Eo
1216 1084 1489 1162 siquidem
1521 1094 1873 1165 impudentiae
1901 1113 2031 1168 pro-

451 1192 689 1243 cessere,
716 1187 828 1234 uta
848 1181 1246 1250 pr0phetarum
1277 1183 1446 1239 choro
1472 1192 1490 1206 '
1515 1186 1693 1256 ipsum
1721 1197 2029 1260 segregent,

452 1270 841 1340 prophetaeque
877 1283 1242 1343 cognomento
1273 1275 1603 1332 defraudent
1639 1278 1707 1332 ⁵⁷.

523 1360 605 1415 Ad
631 1362 736 1417 hoc
757 1365 1131 1419 testimonium
1180 1367 1474 1424 observare
1519 1378 1757 1438 oportet,
1796 1372 1942 1441 quod
1977 1382 2034 1428 et

454 1450 838 1508 Theodoretus
882 1455 1018 1510 alias
1049 1455 1239 1522 refert,
1269 1474 1328 1513 se
1355 1475 1383 1513 a
1419 1476 1593 1530 puero
1617 1461 1672 1516 in
1706 1464 1878 1519 sacris
1913 1463 2032 1519 Lit-

456 1540 591 1596 teris
614 1541 908 1598 educatum
944 1561 956 1597 :
994 1545 1256 1600 Παιδόθεν
1279 1549 1461 1612 αὐτοῖς
1495 1552 1802 1622 ἐντραφείς.

526 1632 603 1688 De
650 1634 791 1705 stylo
836 1645 889 1690 et
944 1636 1013 1692 de
1063 1638 1277 1695 ratione
1334 1640 1732 1712 interpretandi
1780 1645 1834 1700 id
1868 1646 2033 1701 habet

456 1722 702 1788 I’hotius,
759 1725 906 1795 quod
955 1728 1057 1782 etsi
1103 1728 1243 1785 dixit
1279 1730 1347 1786 de
1398 1705 1805 1790 commentariis
1842 1736 1896 1791 in
1925 1737 2032 1791 Da—
2068 1705 2107 1762 Β

455 1813 677 1879 nielem,
716 1817 881 1873 latius
914 1827 1096 1874 tamen
1122 1823 1315 1892 procul
1358 1823 1529 1879 dubio
1554 1828 1796 1897 pertinet
1826 1847 1840 1883 :
1875 1848 1893 1880 ι
1924 1829 2032 1885 Le-

454 1902 653 1970 gimus,
681 1904 861 1976 inquit
880 1907 948 1973 ⁸⁸,
981 1909 1127 1964 beati
1154 1912 1486 1969 Theodoreti
1515 1915 2030 1988 interpretationem

454 1992 714 2050 Danielis.
774 1997 871 2052 Vir
928 2015 1059 2056 sane
1107 2003 1306 2060 doctus
1352 2023 1461 2062 non
1505 2007 1796 2082 Hippolyto
1845 2012 2029 2077 modo,

453 2097 646 2138 verum
678 2087 845 2142 etiam
868 2089 991 2146 aliis
1012 2094 1200 2149 multis
1237 2098 1684 2167 propheticorum
1715 2118 2030 2158 sermonum

454 2171 914 2245 interpretatione
964 2186 1263 2242 antecellit.
1318 2188 1494 2244 Dictio
1536 2192 1658 2261 ejus
1693 2204 2032 2249 commenta-

455 2266 613 2332 tioni,
651 2269 695 2324 si
732 2272 1054 2343 cujusquam
1083 2277 1243 2338 alim,
1270 2280 1550 2348 aptissima
1584 2301 1598 2336 :
1635 2300 1758 2337 nam
1792 2292 1848 2338 et
1881 2286 2032 2354 puris

454 2355 912 2432 signantibusque
961 2367 1147 2421 verbis
1182 2367 1366 2423 abdita
1417 2387 1648 2442 quaeque
1693 2383 1748 2428 et
1795 2375 2028 2431 obscura

455 2450 683 2515 revelat,
737 2459 795 2507 et
822 2453 1172 2524 jucundilate
1206 2459 1441 2527 quadam
1473 2462 1629 2531 quasi
1670 2463 2030 2521 delinimento

455 2543 724 2612 suavique
767 2545 956 2616 lepore
1007 2549 1075 2603 ad
1111 2550 1195 2604 sui
1239 2551 1532 2608 lectionem
1562 2554 1775 2610 invitat.
1804 2555 1946 2623 Quin
1976 2565 2032 2612 et

453 2647 522 2687 ex
574 2648 643 2688 eo
688 2637 834 2705 quod
884 2638 953 2693 ad
993 2641 1250 2713 ambages
1278 2645 1458 2700 nullas
1499 2645 2031 2718 digressionesquea

453 2725 737 2794 proposito
761 2740 1091 2799 argumento
1124 2734 1364 2800 recedat,
1396 2737 1707 2792 satietatem
1735 2754 1845 2793 non
1868 2740 2031 2796 modo

452 2814 658 2869 nullam
695 2816 875 2884 alI‘ert,
928 2820 1024 2875 sed
1049 2836 1113 2876 ea
1149 2823 1396 2894 insuper,
1429 2842 1551 2896 qua:
1583 2828 1640 2882 in
1670 2829 1896 2884 dubium
1931 2847 2029 2886 vo-

450 2916 671 2973 cantur,
712 2909 831 2964 sine
875 2912 986 2968 ulla
1038 2916 1121 2969 vel
1164 2918 1486 2974 confusione
1531 2920 1615 2975 vel
1674 2921 2030 2991 dissipatione

451 2994 611 3051 facile
643 3006 700 3052 et
727 3002 1015 3057 commoda
1044 3005 1259 3061 ratione
1288 3023 1419 3062 suos
1450 3008 1685 3064 lectores
1712 3009 1891 3067 docet.
1918 3012 2029 3068 Vo-

450 3100 576 3142 cum
626 3088 759 3145 item
807 3093 928 3163 ejus
977 3094 1245 3163 delectus,
1276 3107 1441 3169 atque
1466 3100 1584 3170 ipsa
1608 3103 1933 3172 compositio
1962 3105 2033 3160 ab

450 3178 644 3236 Attica:
668 3182 953 3255 elegantia:
979 3188 1192 3259 origine
1216 3206 1327 3244 non
1348 3191 1571 3263 refugit,
1595 3194 1703 3250 nisi
1733 3196 1868 3265 quid
1890 3196 2030 3252 forte

447 3271 724 3328 curiosius
772 3275 882 3331 illic
936 3292 1211 3345 occurrat,
1258 3281 1405 3351 quod
1436 3283 1562 3353 quis
1594 3286 1896 3341 multorum
1928 3303 2029 3341 au-

450 3362 603 3420 ribus
657 3365 939 3424 insolitum
992 3371 1160 3426 dicat.
1222 3372 1338 3429 Hoc
1392 3383 1631 3440 constat,
1682 3378 1823 3432 nihil
1878 3394 2027 3445 eum,

448 3455 596 3525 quod
622 3456 691 3511 ad
715 3457 1187 3529 interpretandum
1235 3462 1417 3528 faciat,
1450 3466 1752 3533 declinare,
1783 3470 2030 3541 adeoque

448 3546 508 3601 in
523 3562 798 3603 summum
815 3552 1055 3607 evasisse
1068 3554 1401 3622 optimorum
1417 3555 1777 3627 interpretum
1792 3561 2029 3626 culmen,

451 3645 514 3692 ut
553 3654 667 3692 non
697 3638 856 3695 facile
895 3641 1134 3711 aliquem
1174 3643 1251 3699 sis
1285 3648 1627 3716 reperturus,
1661 3649 1753 3719 qui
1788 3649 1884 3705 illo
1915 3665 2032 3707 me-

450 3726 560 3784 lius
581 3728 817 3785 obscura
839 3732 1097 3801 explicet,
1133 3752 1151 3785 ι
1185 3742 1294 3790 etc.

453 3859 482 3928 ᾗ
524 3860 592 3916 II.
636 3862 715 3918 De
757 3870 1153 3924 commentariis
1202 3871 1259 3925 in
1299 3872 1578 3942 prophetas
1606 3872 1661 3926 in
1693 3873 2027 3943 particulari.

522 3992 565 4047 I.
592 3995 772 4052 Pauca
797 3999 1046 4069 quzedam
1075 4002 1420 4060 observanda
1454 4013 1588 4076 puto
1631 4006 1700 4062 de
1748 4024 2029 4064 commen-

454 4085 609 4141 tariis
635 4086 691 4141 in
724 4089 969 4161 singulos
1002 4095 1301 4164 prophetas
1328 4114 1340 4150 :
1378 4096 1445 4151 de
1471 4106 1718 4168 tempore
1750 4099 2027 4165 nimirum,

451 4192 565 4245 quo
612 4180 814 4250 scripta
853 4192 1024 4251 sunt;
1058 4185 1126 4242 de
1150 4187 1240 4251 iis,
1272 4203 1394 4258 quae
1418 4204 1484 4243 ex
1506 4188 1728 4245 Catenis
1749 4191 1803 4246 in
1837 4192 2029 4247 Isaiam

451 4279 753 4340 excerpta;
789 4282 847 4328 et
871 4274 940 4330 de
973 4275 1297 4346 Apollinarii
1342 4281 1719 4337 ἀνακυκλὼσει
1756 4282 1813 4339 in
1860 4300 2029 4354 expo-

452 4358 652 4416 sitione
680 4363 988 4422 Ezechielis
1014 4368 1271 4424 refutata.

524 4451 589 4505 II.
627 4452 747 4519 Quo
783 4464 1030 4526 tempore
1066 4458 1345 4516 Danielem
1376 4460 1720 4533 interpretari
1747 4479 2034 4534 aggressus

450 4539 542 4602 sit,
570 4544 748 4613 aperit
785 4546 1004 4603 duobus
1038 4548 1093 4603 in
1129 4550 1286 4615 locis,
1316 4552 1519 4622 quibus
1550 4554 1737 4617 tradit,
1763 4570 1792 4608 a
1814 4554 2033 4609 Christo

450 4638 581 4684 nato
626 4632 693 4687 ad
728 4641 975 4702 tempora
1005 4639 1204 4707 quibus
1225 4641 1439 4705 scribit,
1464 4642 1839 4699 intercessisse
1859 4659 2034 4699 annos

449 4720 883 4794 quadringentos
908 4728 1272 4798 quadraginta
1309 4740 1366 4786 et
1394 4734 1651 4803 amplius,
1685 4733 1738 4788 id
1771 4743 1877 4797 est,
1905 4749 2030 4788 cum

452 4809 665 4880 aliquot
713 4816 1036 4871 mensibus:
1081 4817 1185 4873 hoc
1225 4820 1372 4874 enim
1411 4838 1644 4887 numero
1678 4823 1884 4878 indicat
1909 4825 2030 4878 vul-

448 4913 631 4967 garem
675 4902 882 4960 Christi
918 4921 1123 4960 annum
1157 4908 1281 4973 4‘26,
1331 4911 1476 4978 quod
1528 4927 1595 4966 ex
1646 4913 1790 4968 libro
1840 4930 1913 4977 Ix,
1961 4915 2028 4968 ad

448 5002 614 5060 caput
637 4994 692 5059 9,
727 4995 878 5052 hunc
905 4998 959 5051 in
988 5000 1208 5055 modum
1229 5001 1662 5057 demonstratur.

524 5083 612 5138 IlI.
640 5086 1042 5155 Theodoretus,
1074 5100 1133 5145 ut
1159 5102 1395 5163 exponat
1428 5110 1722 5149 numerum
1758 5113 2026 5155 annorum

450 5175 546 5244 qui
592 5175 831 5233 Danielis
865 5180 1240 5237 hebdomadas
1262 5183 1504 5247 conficit,
1528 5186 1697 5240 sumit
1728 5202 1902 5244 annos
1961 5190 2029 5246 de

449 5264 656 5336 quibus
720 5270 944 5338 angelus
1000 5272 1208 5327 homini
1272 5273 1497 5330 Hebraeo
1580 5275 1854 5346 loquitur,
1920 5297 2029 5335 non

451 5356 621 5413 fuisse
649 5359 902 5430 vulgares
920 5378 1016 5418 seu
1048 5365 1276 5428 solarcs.
1302 5366 1395 5436 qui
1418 5367 1615 5439 diebus
1635 5372 2026 5438 constant565,

2130 465 2327 520 diebus
2381 481 2413 519 a
2465 466 2786 536 vulgaribus
2833 464 3122 528 deﬁciunt,
3157 474 3325 534 atque
3355 463 3430 519 ita
3451 475 3713 522 constant

2130 556 2326 613 diebus
2358 557 2585 612 omnino
2631 558 2755 612 554.
2799 556 2891 612 Ait
2921 557 3089 629 igitur
3117 572 3292 613 annos
3319 556 3589 627 ejusmodi
3623 558 3707 613 cf-

2131 645 2351 702 ﬂuxisse
2394 646 2830 717 quadringentos
2882 645 3247 716 quadraginta
3294 660 3326 699 a
3371 643 3594 699 Christo
3637 645 3706 701 ad

2132 744 2349 807 tempus
2394 752 2505 808 quo
2557 737 2721 809 274
2753 737 3049 792 scribebat.
3085 735 3211 791 Haec
3235 742 3418 789 autem
3439 749 3708 789 annorum

2130 844 2343 884 summa
2370 831 2414 885 si
2441 830 2838 899 multiplicetur
2864 829 2919 884 in
2942 828 3062 884 dies
3103 828 3229 892 354,
3271 827 3541 883 exsistent
3580 842 3708 881 om-

2131 918 2263 973 nino
2288 917 2522 984 l55,760
2545 918 2699 985 dies;
2723 933 2846 988 quas
2877 918 3090 972 dierum
3116 931 3329 971 summa
3361 914 3405 969 si
3432 913 3707 969 dividatur

2129 1007 2189 1066 in
2221 1011 2347 1077 565,
2393 1012 2670 1082 quomodo
2702 1018 2942 1080 oportet,
2977 1018 3039 1063 ut
3065 1008 3316 1064 Hebraiei
3338 1007 3469 1062 anni
3492 1006 3564 1062 ad
3583 1006 3708 1061 vul-

2130 1116 2289 1173 gares
2332 1110 2683 1167 revocentur,
2732 1101 2865 1156 fient
2924 1099 3031 1155 423
3081 1099 3212 1153 anni
3271 1113 3398 1153 cum
3453 1095 3712 1152 undecim

2131 1190 2355 1246 circiter
2397 1191 2701 1247 mensibus.
2746 1190 2930 1260 Atque
2976 1188 3050 1243 ita
3081 1187 3467 1242 Theodoretus
3489 1186 3716 1256 scripsit

2134 1281 2190 1336 in
2234 1281 2512 1338 Danielem
2555 1296 2700 1335 anno
2738 1279 3010 1335 Hebraico
3025 1277 3715 1348 quadringentesimoqua—

2132 1372 2442 1443 dragesimo
2483 1380 2606 1441 post
2668 1380 2858 1425 natum
2911 1368 3213 1432 Christum,
3265 1367 3320 1422 id
3359 1377 3467 1433 est,
3498 1366 3715 1437 vulgari

2133 1478 2278 1518 anno
2321 1461 2869 1533 quadringentesimo
2920 1459 3183 1515 vicesimo
3209 1467 3365 1513 sexto
3393 1457 3497 1511 sub
3525 1454 3713 1509 linem.

2206 1556 2295 1611 IV.
2315 1555 2395 1610 Ex
2412 1555 2516 1610 hac
2529 1564 2713 1609 autem
2732 1553 2943 1624 epocha
2963 1552 3317 1606 innotescunt
3340 1549 3463 1604 tria.
3489 1548 3538 1602 1.
3566 1546 3715 1601 Can-

2137 1647 2367 1701 ticorum
2390 1645 2790 1714 expositionem
2821 1642 3015 1698 referri
3049 1641 3248 1696 debere
3276 1638 3344 1692 ad
3374 1651 3576 1693 annum
3605 1635 3718 1690 cir—

2138 1738 2279 1794 citer
2304 1738 2429 1802 425,
2457 1753 2580 1792 nam
2603 1735 2884 1807 praecessit
2914 1731 3308 1789 commentaria
3332 1730 3388 1784 in
3408 1728 3713 1783 Danielem.

2136 1829 2191 1883 2.
2232 1828 2291 1882 In
2334 1843 2526 1882 omnes
2561 1828 2861 1897 prophetas
2891 1827 3159 1896 scriptum
3194 1823 3363 1878 fuisse
3384 1829 3511 1876 ante
3536 1828 3719 1875 motas

2138 1936 2169 1976 a
2217 1919 2472 1975 Nestorio
2521 1919 2734 1983 turbas,
2778 1928 2874 1973 aut
2905 1926 3055 1973 certe
3103 1917 3424 1987 priusquam
3460 1911 3716 1968 Theodo-

2138 2022 2290 2066 retus
2322 2010 2389 2065 iis
2442 2024 2502 2065 se
2546 2010 2934 2065 immisceret:
2983 2022 3086 2063 nec
3129 2006 3278 2062 enim
3333 2005 3388 2059 in
3441 2001 3715 2074 ejusmodi

2139 2102 2548 2159 commentariis
2581 2102 2649 2156 de
2669 2100 3051 2155 incarnatione
3075 2098 3367 2170 quidquam
3400 2093 3715 2156 disseritur,

2137 2194 2284 2265 quod
2339 2194 2425 2248 vel
2466 2193 2662 2247 leviter
2707 2192 3038 2262 quaestiones
3080 2188 3421 2244 contentiose
3468 2191 3717 2255 postmo-

2137 2288 2267 2341 dum
2291 2286 2524 2357 agitatas
2544 2287 2796 2357 attingat.
2833 2284 2887 2338 5.
2914 2283 3023 2339 Has
3053 2297 3246 2336 omnes
3266 2279 3720 2334 elucubrationes

2138 2377 2411 2447 pertinere
2439 2376 2505 2430 ad
2539 2391 2726 2447 opera,
2768 2375 2925 2445 quae‘
2949 2374 3005 2427 in
3033 2370 3275 2442 Epistola
3305 2370 3371 2424 ad
3394 2366 3716 2430 Eusebium,

2137 2475 2264 2521 ante
2294 2466 2563 2539 synodum
2595 2465 2927 2535 Ephesinam
2961 2479 2977 2528 ;
3011 2462 3065 2516 in
3090 2460 3334 2530 Epistola
3358 2457 3425 2512 ad
3459 2466 3716 2512 sanctum

2138 2559 2397 2621 Leonem,
2423 2563 2549 2611 ante
2572 2555 2764 2626 viginti
2795 2568 2987 2616 annos,
3023 2549 3329 2620 composita
3360 2546 3638 2602 dicuntur.

2207 2651 2273 2705 V.
2309 2647 2682 2718 Expositionis
2703 2662 2817 2700 sua:
2842 2645 2895 2698 in
2929 2643 3123 2698 Isaiam
3166 2639 3416 2696 meminit
3462 2636 3718 2692 Theodo-

2139 2750 2291 2796 retus
2324 2739 2626 2810 qumstione
2649 2738 2716 2793 52
2745 2737 2801 2791 in
2827 2742 3085 2806 quartum
3109 2734 3316 2804 Regum
3349 2750 3363 2785 :
3397 2750 3414 2783 ι
3442 2730 3716 2786 Caeterum

2136 2831 2391 2888 existimo
2425 2843 2897 2900 supervacaneum
2922 2826 3114 2881 eadem
3137 2824 3351 2879 dicere:
3374 2838 3498 2877 nam
3516 2821 3715 2875 Isaiam

2137 2924 2460 2995 prophetam
2494 2921 2858 2990 interpretans
2880 2918 2987 2971 hoc
3019 2914 3287 2985 explicavi
3321 2914 3386 2967 ⁵³.
3424 2931 3441 2964 ι
3472 2912 3539 2965 Ει
3563 2918 3717 2979 post-

2135 3027 2244 3066 ea:
2291 3029 2309 3062 ¢
2348 3008 2587 3064 Araratb
2638 3015 2826 3062 autem
2872 3005 3091 3060 vocavit
3121 3002 3473 3057 Armeniam:
3504 3000 3713 3055 etenim

2135 3103 2288 3158 Isaia:
2340 3099 2629 3173 prophetia
2690 3099 2833 3153 hanc
2879 3097 3042 3151 habet
3071 3093 3597 3165 interpretationem.
3633 3090 3711 3144 Ea

2134 3210 2286 3259 vero,
2328 3208 2452 3263 quae
2475 3192 2545 3247 ad
2573 3189 2999 3262 aegrotationem
3022 3187 3270 3243 Ezechiae
3310 3185 3608 3256 pertinent,
3649 3185 3709 3237 in

2134 3286 2308 3343 divini
2326 3285 2480 3340 Isaia:
2509 3282 2857 3353 prophetiam
2884 3296 3011 3336 cum
3040 3279 3094 3334 id
3128 3279 3260 3334 satis
3281 3275 3706 3338 declaraverim,

2133 3390 2603 3449 supervacaneum
2638 3374 2894 3429 existimo
2955 3372 3040 3426 bis
3092 3369 3341 3426 eamdem
3393 3368 3571 3422 facere
3623 3368 3716 3422 in-

2136 3468 2605 3539 terpretationem.
2638 3484 2657 3517 ι
2719 3465 2789 3520 Ει
2829 3463 3131 3533 quaestione
3181 3460 3252 3517 2‘2
3280 3460 3337 3515 in
3364 3458 3661 3515 Jeremiam
3691 3473 3713 3514 ε

2142 3579 2160 3611 ι
2202 3560 2269 3614 Et
2295 3560 2459 3629 hujus
2477 3555 2773 3612 locutionis
2817 3554 3084 3609 rationem
3140 3552 3392 3622 pluribus
3439 3549 3717 3622 explicui-

2134 3660 2257 3699 mus
2280 3645 2335 3699 in
2359 3644 2529 3699 divini
2555 3643 2707 3698 Isaiae
2728 3641 3178 3711 interpretatione
3201 3641 3266 3695 “.
3302 3660 3320 3692 ι

2203 3735 2291 3790 VI.
2330 3734 2756 3797 Commentaria,
2791 3730 3096 3801 cujusmodi
3133 3746 3165 3784 a
3197 3729 3546 3784 Theodoreto
3569 3728 3711 3782 scri-

2136 3833 2226 3894 pta
2274 3833 2425 3888 sunt,
2476 3840 2626 3878 nunc
2679 3837 2789 3876 non
2843 3819 3139 3884 habentur,
3192 3826 3289 3874 aut
3326 3818 3371 3872 si
3412 3818 3711 3881 habentur,

2134 3915 2282 3971 edita
2327 3931 2437 3971 non
2484 3924 2650 3970 sunt:
2694 3915 2788 3971 sed
2840 3930 2907 3969 ex
2940 3913 3161 3970 Catenis
3185 3913 3390 3969 Graecis
3413 3911 3713 3966 extraxisse

2134 4021 2216 4071 se,
2250 4022 2374 4077 qua:
2419 4006 2608 4070 vertit,
2660 4015 2894 4061 testatur
2935 4004 3301 4061 Sirmondus:
3350 4003 3495 4058 unde
3530 4000 3610 4067 fit,
3650 4008 3716 4055 ut

2136 4098 2191 4154 id
2224 4099 2408 4169 operis
2458 4100 2511 4153 in
2540 4099 2652 4153 sola
2686 4098 3070 4153 Sirmondiana
3097 4097 3341 4153 editione
3381 4094 3711 4165 reperiatur.

2204 4189 2316 4245 VII.
2342 4190 2562 4245 Memini
2585 4206 2673 4245 me
2710 4189 3005 4260 aliquando
3034 4189 3229 4243 audire
3259 4188 3438 4243 virum
3460 4186 3711 4249 doctum,

2135 4280 2227 4350 qui
2266 4282 2585 4335 nonnullam
2622 4280 2895 4350 ejusmodi
2942 4289 3327 4351 excerptorum
3368 4288 3581 4349 partem
3610 4277 3713 4331 tri-

2137 4371 2412 4426 buendam
2451 4372 2743 4427 Theodoro
2787 4372 3169 4441 Mopsuesteno
3216 4369 3343 4424 inde
3390 4368 3707 4439 conjicerct.

2138 4465 2187 4518 1.
2240 4461 2396 4528 Quod
2451 4463 2773 4517 Theodorus
2825 4463 3218 4533 interpretatus
3264 4462 3336 4516 sit
3375 4460 3595 4524 Isaiam,
3651 4471 3713 4514 ut

2132 4554 2300 4609 tradit
2349 4553 2716 4608 [Iebed—Jesu.
2770 4554 2822 4608 2.
2876 4553 3035 4621 Quod
3075 4553 3321 4608 breviata
3348 4551 3624 4606 Theodori
3654 4562 3713 4606 et

2133 4644 2467 4700 Theodoreti
2491 4645 2713 4699 nomina
2740 4661 2884 4715 saepe
2913 4644 3343 4709 confundantur,
3373 4651 3490 4697 tum
3518 4659 3548 4697 a
3570 4659 3710 4697 eon-

2131 4732 2454 4798 fectoribus,
2481 4742 2597 4788 tum
2627 4750 2657 4788 a
2701 4734 3004 4789 lectoribus
3021 4734 3349 4789 Catenarum
3370 4732 3708 4787 Graecarum.

2134 4826 2188 4880 ‘5.
2220 4827 2235 4846 ‘
2263 4826 2418 4892 Quod
2448 4826 2847 4896 interpretandi
2899 4826 3038 4880 ratio
3079 4841 3221 4896 smpe
3268 4825 3463 4880 similis
3510 4825 3584 4877 sit
3631 4824 3708 4886 ei,

2136 4931 2298 4984 quam
2333 4916 2659 4971 indubitatis
2701 4917 2755 4971 in
2797 4917 2933 4971 locis
2981 4916 3307 4972 Theodorus
3332 4925 3556 4970 secutus
3598 4924 3707 4969 est.

2136 5006 2187 5061 4.
2226 5006 2381 5074 Quod
2416 5009 2470 5062 in
2506 5008 2774 5078 ejusmodi
2799 5009 3071 5078 excerptis
3095 5008 3162 5063 de
3192 5008 3572 5062 incarnatione
3596 5021 3709 5059 non

2130 5098 2238 5152 alia
2262 5097 2375 5153 fere
2401 5098 2679 5163 dicantur,
2704 5116 2867 5168 quam
2918 5115 3040 5169 quae
3074 5099 3401 5154 Theodorus
3434 5114 3542 5151 non
3579 5114 3705 5167 gra-

2130 5198 2253 5244 vate
2284 5200 2597 5259 usurparet.
2627 5192 2678 5245 5.
2711 5191 2867 5257 Quod
2893 5208 3015 5262 qua:
3039 5191 3422 5246 Theodoretus
3448 5188 3701 5247 tradidit.

2130 5295 2188 5335 se
2212 5280 2266 5334 in
2291 5283 2701 5337 commentariis
2726 5282 2782 5337 in
2801 5282 2994 5337 Isaiam
3015 5282 3363 5353 explicuisse,
3389 5282 3444 5335 in
3468 5280 3557 5343 iis,
3581 5294 3706 5348 quae

2131 5373 2456 5429 Sirmondus
2478 5374 2533 5428 in
2556 5374 2736 5429 lucem
2767 5375 3015 5445 protulit,
3038 5382 3131 5429 aut
3157 5374 3383 5429 omnino
3410 5388 3516 5426 non
3541 5385 3703 5439 repe-

1758 5525 1936 5583 SCHI‘
1951 5526 2081 5582 [.le
2119 5526 2351 5583 ΝΟΤΑῗ.

525 5643 576 5677 ⁸⁸
602 5644 747 5701 Edit.
774 5653 972 5704 nostra:
1024 5664 1077 5717 p.
1116 5649 1237 5707 509.
1317 5654 1361 5687 ⁸⁷
1395 5655 1533 5711 Ibid.
1610 5659 1654 5691 ⁸⁸
1685 5660 1843 5716 Phot.
1901 5663 2023 5719 cod.

2134 5664 2187 5718 5.
2267 5664 2310 5696 ⁵⁹
2340 5663 2456 5718 Vid.
2493 5671 2532 5716 t.
2578 5662 2619 5729 I,
2652 5678 2703 5733 p.
2752 5659 2851 5717 546
2882 5676 2997 5733 seq.
3074 5663 3118 5695 ⁵ο
3150 5662 3269 5717 Vid.
3305 5672 3343 5718 t.
3374 5660 3438 5725 II,
3472 5670 3529 5725 lt.
3569 5660 3700 5718 509.
