4024 6152
255 200 348 263 225
1417 205 1512 264 DE
1554 207 1810 268 LIBRIS
1845 211 1944 269 TI]
1954 211 2354 272 EODORETI-

3401 221 3507 286 226

257 320 486 375 riautur,
522 322 618 366 aut
657 314 850 367 sa‘ltem
900 330 1010 366 non
1039 312 1202 382 275
1233 314 1484 383 pluribus
1526 319 1774 388 exposita
1807 337 1823 384 ;
1861 333 1900 382 Α
1927 324 2203 392 posterior
2247 340 2392 377 anno
2418 326 2540 380 449.
2582 325 2759 391 Quare
2801 343 2867 381 ex
2902 330 3204 398 posteriore
3239 331 3514 403 colligitur

253 405 395 477 quod
440 414 626 459 tamen
655 404 982 459 Theodorus
1015 405 1306 474 promittit.

317 497 459 552 VIII.
494 497 575 551 Ad
621 507 874 550 extrema
915 497 1082 550 verba
1120 497 1426 552 Ezechielis
1451 499 1493 528 “¹
1534 499 1835 568 prophetze,

249 586 453 656 quibus
495 585 838 655 promittitur
869 586 1149 640 restitutio
1171 586 1408 640 civitatis
1430 587 1836 658 Hierosolymam

248 681 497 748 disputat
543 678 756 747 prolixe
809 677 1198 731 Theodoretus
1217 679 1485 733 adversus
1511 679 1834 748 Apollinarii

247 784 496 824 errorem
533 768 602 822 de
624 767 1030 829 ἁνακυκλώσει,
1066 783 1229 836 quem
1255 767 1502 822 Andreas
1527 767 1839 822 Samosate-

247 876 352 913 nus
394 843 605 929 Cyrillo
638 858 864 928 objecit,
897 873 1022 912 cum
1056 857 1281 911 tertium
1318 858 1834 913 anathematismum

247 957 494 1003 vexaret.
551 948 750 1002 Mirum
803 963 958 1010 vero,
1007 964 1106 1001 cur
1153 947 1536 1000 Theodoretus
1559 948 1614 1000 in
1649 963 1839 1001 recen-

243 1039 436 1093 sendis
462 1039 785 1108 Apollinarii
819 1038 1106 1092 erroribus
1140 1037 1194 1090 in
1217 1037 1362 1091 libro
1388 1053 1438 1090 tv
1455 1036 1836 1092 llazreticarum

241 1129 582 1198 fabularum,
621 1129 784 1183 anilis
829 1129 1058 1198 hujusce
1088 1128 1297 1182 fabella:
1327 1143 1437 1182 non
1468 1128 1783 1182 meminerit
1821 1149 1834 1182 :

241 1238 442 1275 verum
482 1229 860 1292 perspexerat,
890 1221 1091 1291 Cyrillo
1117 1236 1183 1274 ne
1223 1220 1462 1289 speciem
1487 1219 1708 1288 quidem
1737 1219 1836 1272 de-

238 1311 525 1365 liramenti
561 1320 671 1364 tam
699 1310 925 1364 absurdi
957 1309 1136 1379 ailingi
1186 1323 1385 1379 posse;
1434 1308 1667 1378 ideoque
1711 1323 1834 1362 cum

238 1405 308 1457 de
343 1402 630 1458 haereticis
665 1417 728 1456 ea
762 1412 972 1456 tantum
1009 1408 1493 1464 commemoraret,
1529 1416 1650 1469 qua:
1692 1416 1834 1453 non-

239 1495 456 1549 nullam
489 1495 673 1549 facere
707 1502 932 1564 possent
966 1493 1210 1557 ὲνὼσεως
1243 1493 1367 1546 καθ’
1409 1493 1707 1546 ὑπόστασιν
1733 1491 1834 1546 de-

236 1586 568 1640 fensoribus
611 1585 874 1640 invidiam
922 1586 1204 1640 societatis
1241 1600 1364 1639 cum
1397 1583 1735 1653 Apollinario
1763 1584 1830 1646 δ’,

234 1679 376 1732 satis
406 1679 606 1732 habuit
634 1693 700 1733 ea
720 1677 904 1732 dicere
929 1677 998 1732 de
1028 1678 1133 1732 hoc
1159 1677 1441 1737 hzeretico,
1470 1690 1590 1745 qua:
1623 1673 1689 1727 ad
1718 1690 1830 1728 rem
1866 1662 1904 1715 Β

232 1783 398 1822 suam
432 1768 681 1824 facerent
709 1785 725 1834 ;
761 1779 960 1823 caztera
992 1767 1365 1838 praetermisit,
1399 1781 1521 1836 quae
1565 1762 1700 1818 alias
1757 1772 1835 1816 ta-

233 1876 368 1913 men
409 1860 782 1930 exposuisset.

311 1950 411 2006 IX.
471 1951 721 2006 Notanda
770 1966 936 2022 porro
974 1958 1059 2006 est
1100 1951 1415 2006 dissertatio
1450 1952 1556 2007 ista
1584 1953 1833 2008 Theodo-

231 2043 390 2096 reti:
442 2042 689 2098 ostendit
715 2043 864 2098 enim
917 2058 1041 2112 qua:
1083 2043 1250 2096 fuerit
1287 2042 1609 2112 Apollinarii
1656 2061 1830 2108 mens,

227 2149 410 2204 quam
465 2133 647 2196 multi,
694 2134 860 2188 etiam
908 2135 1091 2205 magni
1144 2134 1404 2199 nominis,
1455 2145 1570 2189 tum
1592 2145 1830 2200 veteres,

231 2230 360 2272 tum
398 2221 740 2276 recentiores
778 2221 902 2285 viri,
931 2231 1028 2275 aut
1054 2223 1374 2288 nescierint,
1404 2235 1498 2278 aut
1526 2240 1634 2278 non
1674 2227 1833 2280 refel-

228 2312 412 2365 lerint
439 2329 453 2365 :
482 2313 580 2382 qui
609 2311 756 2366 enim
788 2313 1219 2377 ἀνακυκλὼσεως
1241 2323 1298 2369 et
1321 2314 1829 2388 χιλιονταετηρίδος,

229 2414 444 2474 praeter
493 2404 782 2466 Basilium,
815 2405 1253 2470 Nazianzenum,
1307 2408 1734 2480 Hieronymum,
1777 2418 1833 2463 et

230 2496 522 2549 Andream
554 2495 972 2550 Samosatenum
1003 2483 1338 2562 meminerit,
1371 2499 1647 2554 neminem
1680 2501 1828 2563 novi,

228 2588 406 2641 etiam
443 2588 592 2642 inter
625 2589 1044 2658 hareseologos.
1081 2589 1199 2643 Non
1234 2591 1656 2646 meminitcerte
1701 2592 1829 2646 Phi-

230 2675 484 2739 lastrius,
551 2690 662 2728 non
713 2675 1074 2745 Epiphanius,
1128 2692 1240 2731 non
1294 2677 1656 2748 Augustinus,
1720 2696 1828 2734 non

232 2764 546 2818 Primasius
580 2763 961 2820 Prazdestinati
993 2775 1188 2821 auctor
1231 2767 1297 2831 ⁸³,
1331 2783 1433 2822 nec
1487 2768 1583 2822 alii
1637 2783 1829 2823 conse-

233 2855 464 2925 quentis
491 2855 617 2910 avi.

884 2964 1111 3022 CAPUT
1131 2969 1193 3023 V.

314 3076 574 3134 ansio
614 3093 852 3148 operum,
882 3093 1012 3148 qua:
1059 3081 1392 3148 continentur
1436 3089 1574 3136 tomo
1610 3086 1762 3138 tertio

825 3147 1065 3201 editionis
1102 3147 1264 3204 Sirm.

307 3239 525 3294 Tomos
573 3238 772 3293 tertius
819 3237 1089 3293 dividitur
1142 3239 1198 3292 in
1247 3239 1387 3295 duas
1431 3252 1634 3311 partes.
1674 3244 1833 3299 Prior

241 3327 639 3398 complectitur
671 3326 1112 3382 Commentarios
1139 3329 1194 3382 in
1215 3344 1406 3386 omnes
1425 3332 1673 3401 Apostoli
1700 3334 1832 3404 Epi-

240 3421 433 3482 stolas,
491 3419 768 3488 posterior
820 3419 1111 3473 Historiam
1170 3419 1599 3488 ecclesiasticam,
1656 3425 1833 3479 Histo-

242 3513 379 3564 riam
404 3509 709 3580 religiosam
725 3507 839 3564 sive
865 3506 1218 3575 Philotimum,
1253 3519 1309 3565 et
1339 3511 1612 3580 Epistolas
1639 3514 1758 3568 146.

243 3621 270 3692 ς
321 3623 361 3676 1.
417 3621 497 3676 De
563 3620 953 3695 commentariis
1002 3622 1056 3674 in
1111 3621 1377 3695 Epistolas
1439 3626 1831 3695 quatuordecim

785 3689 942 3744 Pauli
988 3689 1302 3760 generatim.

310 3784 352 3838 l.
401 3781 605 3836 Totum
657 3795 815 3850 opus,
862 3795 972 3850 quo
1025 3781 1410 3852 interpretatio
1463 3785 1829 3853 Epistolarum

247 3875 395 3929 Pauli
414 3873 758 3937 continetur,
777 3871 1159 3927 Theodoretus
1177 3871 1708 3928 Commentariorum
1735 3892 1833 3930 no-

247 3966 390 4019 mine
411 3964 673 4034 appellat,
701 3963 1004 4032 quazstione
1029 3963 1053 4017 1
1085 3963 1138 4016 in
1161 3963 1488 4019 Leviticum.
1514 3965 1650 4020 Cum
1680 3967 1828 4020 enim

247 4057 686 4126 interrogantem
746 4053 1072 4118 induxisset,
1132 4073 1149 4105 ι
1187 4071 1295 4124 qua
1345 4056 1414 4110 de
1470 4071 1634 4111 causa
1685 4056 1831 4111 Deus

247 4147 429 4202 oﬂ'erri
485 4145 593 4200 sibi
629 4145 897 4200 sacrificia
944 4147 1310 4216 prteceperit;
1354 4167 1372 4198 ι
1410 4149 1782 4216 respondet“
1815 4167 1826 4202 :

256 4253 273 4283 ι
303 4235 378 4288 De
422 4233 514 4287 bis
540 4233 782 4288 diximus
809 4234 994 4288 multis
1026 4233 1082 4287 in
1107 4234 1244 4288 locis
1275 4252 1288 4288 :
1325 4243 1438 4288 tum
1464 4237 1518 4289 in
1556 4237 1664 4301 his,
1709 4254 1829 4307 qua:

1947 415 2275 482 compositos
2297 431 2418 469 esse
2443 419 2867 472 commentarios
2890 429 3015 473 ante
3046 436 3251 475 annum
3273 423 3374 477 437
3400 440 3414 488 ;
3447 439 3511 478 ex

1942 505 2148 574 priore,
2177 508 2323 576 quod
2346 508 2507 562 etiam
2539 520 2664 563 ante
2694 526 2896 562 annum
2930 511 3054 565 453.

2011 597 2100 649 111.
2175 597 2401 652 Constat
2457 615 2588 653 vero
2641 601 2860 654 eosdem
2910 605 3336 659 commentarios
3385 620 3513 660 esse

1939 688 2296 756 posteriores,
2329 699 2442 743 tum
2474 691 2706 760 dialogis
2749 691 3014 746 adversus
3057 693 3291 749 Arianos
3312 705 3369 750 et
3401 697 3509 751 Ma-

1938 778 2290 843 cedonianos,
2330 790 2442 834 tum
2479 783 2905 850 reprehensione
2935 785 3515 842 anathematismorqu

1939 867 2150 938 Cyrilli.
2170 869 2302 923 Nam
2319 869 2521 940 dialogi
2539 872 2591 924 in
2612 873 2798 941 primze
2817 864 2881 927 ad
2902 874 3218 930 Corinthios
3237 879 3415 947 capite
3451 897 3515 932 xv

1941 969 2321 1013 memorantur
2347 977 2361 1026 ;
2399 962 2756 1030 reprehensio
2787 964 2840 1017 in
2870 966 3048 1035 capite
3080 983 3129 1020 xl
3156 967 3412 1037 Epistolm
3447 970 3512 1023 ad

1939 1049 2338 1118 Philippenses.
2373 1050 2573 1117 Quare,
2611 1068 2735 1107 cum
2764 1054 2963 1126 dialogi
2993 1057 3226 1112 confecti
3258 1059 3369 1113 sint
3391 1073 3515 1114 ante

1946 1154 2142 1194 annum
2193 1140 2315 1204 429,
2352 1143 2710 1211 reprehensio
2762 1160 2907 1199 anno
2958 1146 3100 1212 4'51,
3151 1164 3375 1204 necesse
3431 1161 3514 1206 est

1938 1215 2372 1290 commentarios
2425 1237 2480 1292 in
2542 1239 2692 1293 Pauli
2743 1241 3014 1310 Epistolas
3043 1243 3279 1312 scriptos
3301 1259 3421 1298 esse
3448 1259 3516 1297 eo

1939 1327 2202 1395 temporis
2253 1328 2564 1391 intervallo,
2607 1332 2750 1399 quod
2798 1333 2865 1386 ab
2897 1334 3171 1402 Ephesina
3205 1335 3412 1406 synodo
3445 1335 3513 1389 ad

1939 1433 2142 1472 annum
2163 1420 2267 1473 455
2291 1420 2592 1476 interﬂuxit
2623 1441 2636 1475 :
2676 1439 2784 1493 quo
2818 1435 3061 1495 tempore
3091 1427 3302 1482 scilicet
3337 1427 3516 1480 Theo—

1939 1509 2165 1565 doretus
2199 1522 2502 1566 secesserat
2546 1524 2740 1582 sponte
2763 1514 2988 1586 Cyrum,
3021 1532 3132 1571 non
3165 1525 3372 1570 tantum
3401 1533 3516 1570 mo-

1940 1600 2075 1655 leste
2125 1602 2307 1657 ferens
2341 1603 2529 1656 initam
2561 1619 2590 1656 a
2630 1604 2839 1659 Joanne
2871 1623 2996 1660 cum
3035 1606 3241 1679 Cyrillo
3281 1623 3468 1677 pacem
3499 1624 3514 1672 ;

1936 1693 2030 1747 sed
2066 1695 2233 1748 etiam
2264 1695 2610 1749 Antiochiam
2639 1712 2748 1750 non
2792 1698 3042 1764 veniens,
3095 1700 3200 1754 nisi
3230 1715 3356 1755 cum
3387 1715 3484 1770 syn

1935 1785 2058 1840 odis
2089 1786 2354 1840 interesse
2384 1795 2692 1856 cogeretur.

2006 1874 2091 1928 lV.
2125 1875 2244 1940 Quo
2265 1877 2498 1931 consilio
2534 1877 2600 1931 ad
2647 1877 3003 1932 scribendum
3037 1881 3350 1947 accesserit,
3404 1898 3514 1936 non

1934 1968 2158 2034 aperit;
2211 1983 2409 2036 neque,
2463 1976 2524 2021 ut
2581 1969 2699 2024 ﬁeri
2747 1972 2906 2033 solet,
2964 1971 3106 2025 inter
3135 1972 3513 2041 prtel'andum;

1934 2072 2114 2126 neque
2146 2059 2200 2111 in
2229 2059 2460 2128 epistola
2495 2061 2668 2130 prima
2702 2071 2757 2116 et
2785 2063 3026 2116 secunda
3058 2063 3126 2117 ad
3175 2064 3434 2129 amicum,
3485 2082 3515 2120 τι

1934 2163 2043 2216 quo
2073 2148 2179 2218 legi
2208 2159 2515 2218 optaverat,
2547 2152 2693 2221 quod
2725 2153 3038 2222 scripsisset
3065 2171 3079 2219 ;
3105 2154 3304 2225 conjici
3336 2164 3514 2210 tamen

1937 2237 1989 2291 id
2026 2247 2206 2307 potest
2238 2256 2304 2292 ex
2357 2239 2676 2295 conditione
2721 2249 3068 2311 temporum:
3097 2243 3272 2297 voluit
3320 2259 3517 2314 nempe

1935 2327 2020 2382 sui
2045 2343 2294 2382 secessus
2323 2329 2436 2383 otio
2467 2328 2598 2393 frui,
2626 2341 2681 2384 ct
2715 2331 2961 2384 animum
3006 2347 3239 2387 avocare
3277 2347 3308 2386 a
3351 2333 3520 2388 rebus

1933 2435 2055 2489 qua:
2094 2420 2449 2490 gerebantur,
2485 2437 2714 2491 qumque
2757 2421 2808 2477 ei
2847 2422 3178 2477 videbantur
3205 2430 3261 2478 et
3293 2423 3518 2495 ingrata:

1932 2517 1988 2563 et
2019 2511 2284 2566 molestae.

2005 2603 2068 2658 V.
2118 2603 2177 2656 In
2227 2603 2551 2658 Przefatione
2599 2608 3269 2674 occupataceusationem
3299 2623 3515 2672 eorum,

1933 2694 2025 2764 qui
2059 2710 2202 2766 aegre
2233 2695 2440 2749 terrent
2463 2696 2530 2750 ab
2578 2696 2762 2766 aliquo
2794 2700 3041 2761 tractari,
3079 2699 3225 2768 quod
3255 2700 3357 2754 viri
3403 2700 3516 2755 duo

1932 2787 2391 2855 prmstantissimi,
2422 2786 2848 2860 Chrysostomus
2877 2801 3042 2860 atque
3063 2791 3387 2846 Theodorus
3405 2793 3518 2847 Mo-

1934 2885 2261 2946 psuestenus
2313 2881 2330 2898 ‘
2373 2896 2549 2949 nuper
2593 2881 2978 2936 absolvissent.
3010 2883 3120 2937 llos
3150 2883 3296 2937 enim
3325 2885 3518 2939 ambos

1933 2969 2203 3039 signiﬁcat
2227 2970 2346 3025 istis
2369 2971 2618 3035 vocibus,
2654 2972 2790 3041 μετὰ
2818 2973 2908 3024 τὸν
2936 2972 3081 3025 δεῖνα
3113 2974 3315 3027 καὶτὸν
3345 2975 3514 3039 δεῖνα,

1935 3062 2059 3123 τοὺς
2102 3061 2200 3130 τῆς
2245 3062 2565 3132 οἰκουμένης
2594 3063 2907 3131 φωστῆρας,
2937 3071 3044 3117 etc.
3075 3064 3296 3119 Refellit
3327 3073 3513 3120 autem

1933 3150 2339 3204 accusationem
2395 3150 2659 3219 exemplis
2701 3166 2730 3203 a
2757 3149 3037 3220 Scriptura
3070 3152 3276 3220 petitis,
3312 3153 3515 3220 quibus

1935 3239 2082 3309 ipsos
2121 3241 2285 3294 etiam
2324 3240 2568 3294 minores
2609 3257 2639 3294 a
2673 3241 2786 3294 Deo
2825 3242 2999 3310 gratia
3043 3242 3276 3298 donatos
3304 3244 3370 3298 ad
3416 3259 3515 3299 co-

1932 3331 2244 3400 gnoscenda
2288 3331 2545 3402 mysteria
2586 3331 2803 3401 probat.
2853 3333 2971 3387 Jam
3005 3349 3138 3387 vero
3176 3349 3513 3404 proponens,

1933 3436 2040 3490 qua
2085 3421 2294 3476 ratione
2329 3422 2640 3490 exponendi
2677 3422 2942 3477 utendum
2974 3431 3151 3492 putet,
3181 3425 3425 3478 ostendit
3454 3440 3513 3479 se

1933 3529 2030 3566 sua
2064 3514 2204 3567 velle
2250 3514 2516 3569 brevitate
2549 3514 2801 3568 homines
2842 3515 2908 3568 ad
2939 3515 3234 3584 legendum
3267 3516 3513 3580 allicere,

1933 3619 2072 3674 quos
2102 3604 2476 3676 Chrysostomi
2508 3605 2893 3676 Theodorique
2947 3606 3186 3660 oratoria
3225 3607 3516 3676 prolixitas

1934 3697 2286 3751 absterreret.

2003 3789 2091 3842 Vl.
2141 3789 2320 3847 Locus
2367 3805 2532 3859 porro
2583 3789 2795 3858 primus
2842 3789 2910 3842 ad
2956 3789 3295 3854 Corinthios,
3319 3789 3372 3844 in
3401 3806 3515 3860 quo

1936 3877 1996 3932 ﬁt
2055 3893 2236 3932 sermo
2286 3878 2353 3932 de
2412 3877 2643 3948 dialogis
2689 3877 2953 3932 adversus
3007 3877 3266 3943 Arianos,
3315 3879 3394 3934 sic
3454 3895 3514 3934 se

1933 3970 2098 4024 habet
2125 3989 2136 4023 :
2198 3989 2214 4021 ι
2241 3968 2396 4023 Hunc
2446 3970 2626 4024 locum
2657 3968 2715 4033 ii,
2739 3969 2832 4038 qui
2858 3986 2981 4023 cum
3008 3969 3139 4022 Ario
3159 3978 3215 4024 et
3242 3971 3515 4026 Eunomio

1932 4063 2196 4126 sentiunt,
2227 4062 2280 4115 in
2309 4078 2405 4116 ore
2437 4062 2638 4116 habere
2665 4061 2882 4115 assidue
2931 4070 3355 4127 consueverunt,
3391 4065 3511 4118 exi-

1932 4155 2238 4213 stimantes.
2274 4154 2377 4208 hac
2427 4154 2638 4207 ratione
2688 4169 2746 4208 se
2804 4153 2872 4208 de
2920 4153 3197 4224 Unigeniti
3245 4155 3510 4226 dignitate

1932 4243 2223 4298 detrahere
2268 4245 2333 4296 ".
2375 4262 2391 4294 ›
2420 4243 2599 4296 Locus
2619 4259 2750 4297 vero
2781 4251 2902 4296 est:
2939 4262 2957 4293 ‹
2993 4243 3129 4298 Cum
3163 4253 3348 4299 autem
3379 4245 3510 4299 suh-

249 4337 436 4381 contra
493 4326 714 4382 Crzecos
758 4327 1101 4396 scripsimus,
1149 4336 1205 4382 et
1239 4327 1508 4382 adversus
1550 4328 1822 4394 hzcrcses;
1860 4339 1902 4392 D
1925 4335 2071 4404 jecta
2121 4335 2196 4387 illi
2246 4334 2450 4388 fuerint
2495 4335 2699 4397 omnia,
2747 4343 2879 4388 tunc
2926 4343 2982 4388 et
3028 4335 3144 4403 ipse
3180 4335 3351 4389 Filius
3377 4337 3511 4389 sub~

253 4428 362 4472 tum
419 4421 476 4474 in
526 4420 614 4483 iis,
667 4435 788 4488 quze
835 4419 1096 4473 adversus
1160 4434 1383 4490 magos;
1443 4429 1708 4488 praaterea
1769 4423 1826 4475 in

250 4511 692 4566 enarrationibus
712 4511 1133 4580 Prophetarum,
1151 4518 1207 4565 et
1232 4512 1286 4565 in
1311 4511 1674 4581 Epistolarum
1699 4529 1830 4582 apo-

250 4604 566 4658 stoliearum
594 4603 1023 4658 commentariis.
1061 4626 1078 4653 ι

313 4695 380 4750 ll.
426 4696 678 4749 Meminit
733 4703 996 4765 praeterea
1039 4694 1268 4764 epistola
1301 4696 1350 4758 1,
1375 4694 1427 4759 2,
1462 4694 1549 4759 82,
1580 4695 1698 4758 115,
1734 4695 1828 4749 sed

248 4789 422 4857 prima
471 4797 526 4840 et
553 4787 796 4841 secunda
834 4788 1038 4841 nullam
1071 4787 1278 4841 habent
1319 4787 1583 4856 temporis
1615 4797 1822 4849 notam,

249 4879 412 4949 276
453 4878 659 4932 habent
702 4878 821 4932 aliae
869 4878 991 4932 duae
1020 4894 1033 4931 :
1067 4893 1191 4931 nam
1221 4887 1452 4946 utraque
1489 4889 1826 4932 commenta-

252 4971 363 5024 rios
413 4979 663 5024 recenset
716 4969 859 5024 inter
908 4985 1071 5039 opera
1128 4979 1255 5023 ante
1309 4985 1481 5023 annos
1534 4969 1824 5023 duodecim

247 5062 430 5127 edita;
463 5062 555 5116 sed
584 5063 735 5131 prior
750 5061 875 5116 data
897 5071 1000 5126 est,
1024 5071 1084 5116 ut
1102 5077 1241 5132 saepe
1261 5061 1521 5125 diximus,
1540 5077 1682 5115 anno
1700 5062 1824 5124 415,

323 5217 345 5258 ί
383 5217 560 5274 lCor.
596 5236 687 5284 xv,
723 5219 814 5274 28.

1924 4424 2110 4493 jectus
2135 4423 2241 4476 erit
2273 4423 2346 4486 ei,
2379 4423 2470 4492 qui
2499 4421 2861 4491 subjecitsihi
2883 4423 3067 4476 omnia
3099 4423 3142 4476 ί.
3183 4443 3200 4473 ι
3230 4422 3402 4488 Quem
3425 4426 3509 4479 lo-

1930 4527 2058 4568 cum
2081 4521 2369 4580 postquam
2399 4511 2731 4566 declarasset
2755 4512 2984 4581 prolixe,
3010 4514 3330 4568 memoratis
3349 4513 3510 4568 Chri-

1931 4601 2001 4655 sti
2054 4599 2267 4653 naturis
2317 4599 2552 4662 duabus,
2612 4598 2830 4653 tandem
2885 4600 3083 4655 addit:
3138 4619 3156 4652 ‹
3191 4603 3392 4656 Verum
3441 4604 3512 4660 de

1932 4693 2020 4746 his
2047 4691 2268 4761 copiose
2316 4691 2683 4746 disseruimus
2737 4691 2791 4746 in
2849 4694 3054 4748 nostris
3110 4693 3375 4748 adversus
3415 4711 3510 4752 eos

1929 4783 2432 4838 concertationibus
2475 4803 2491 4832 ι
2515 4783 2724 4847 Graece,
2747 4785 2802 4837 ὲν
2819 4786 2928 4848 τοῖς
2946 4785 3080 4855 πρὸς
3097 4783 3292 4847 αὐτοὺς
3311 4785 3509 4852 ἀγῶσι.

1931 4876 2147 4944 Agoncs
2197 4891 2330 4928 vero
2387 4884 2516 4928 sunt
2564 4883 2766 4930 mutua:
2819 4876 3230 4946 conﬂigentium
3285 4877 3509 4946 petitio—

1935 4981 2051 5029 nes,
2108 4966 2270 5036 277
2315 4982 2438 5036 qua:
2466 4966 2688 5035 proprie
2716 4966 2914 5035 dialogi
2941 4975 3090 5031 sunt,
3114 4967 3352 5022 maxime
3381 4983 3510 5023 cum

1935 5059 2185 5128 polemici
2233 5059 2526 5113 exsistunt.
2584 5059 2657 5112 De
2709 5057 2954 5126 Apostoli
3002 5057 3126 5114 loco
3179 5060 3397 5117 dicetur
3453 5063 3509 5118 in

1579 5330 1892 5386 SClll'l.'I.ll
1934 5329 2165 5383 NOT.-‘E.

323 5497 362 5526 "
390 5496 583 5551 Exerit.
609 5495 792 5550 Editio

255 5564 672 5636 haehypothesi
705 5565 815 5620 vid.
846 5582 899 5635 p.
939 5566 1054 5620 149.

257 5634 300 5664 ο·
327 5627 517 5691 Vidit.
552 5637 642 5701 ut,
672 5652 725 5706 p.
750 5627 994 5704 27l'scq.

824 5495 977 5564 prior
1026 5495 1262 5550 habebat
1309 5495 1576 5550 Jeremiar.
1610 5495 1731 5548 V'id.
1767 5510 1950 5563 supra,
1988 5505 2026 5548 t.
2060 5494 2124 5556 il,

1134 5567 1178 5597 ⁵³
1220 5565 1394 5619 Prwd.
1433 5577 1569 5620 auct.
1607 5562 1856 5620 Oudinus
1895 5565 1930 5616 l.
1981 5582 2031 5618 r.
2068 5581 2122 5634 p.
2158 5562 2312 5628 1081,
2352 5565 2502 5618 addit
2549 5575 2787 5635 putatus.

2153 5509 2208 5565 p.
2239 5494 2406 5565 iiOlh‘,
2437 5505 2641 5550 notata.
2722 5497 2765 5526 "
2806 5496 3025 5549 Cum-—
3048 5497 3398 5565 Apollinario.
3429 5498 3505 5555 De

2868 5567 2909 5596 εκ
2955 5567 3075 5620 vm.
3120 5575 3158 5618 t.
3191 5567 3233 5632 ι,
3281 5583 3334 5637 ρ.
3390 5572 3488 5622 in;
