4024 6152
407 224 514 289 2:37

1520 218 1896 280 GARNERII
1940 216 2437 276 DlSSERTATIO
2476 217 2559 277 ΙΙ.

3564 209 3670 272 2°28

414 332 735 392 recensione
784 341 876 388 aut
916 333 1219 388 assertione
1248 331 1434 401 potius
1461 329 1840 400 hujuscemodi
1872 327 1992 381 dia-
2024 335 2062 386 Α
2096 326 2190 382 sed
2232 326 2451 397 saapius.
2494 324 2648 392 Quod
2683 340 2848 395 porro
2893 330 3111 393 negant,
3141 319 3310 390 hujus
3336 319 3672 374 mentionem

414 430 681 498 iugorum.

488 519 597 574 V'll.
648 517 706 570 In
744 513 1148 569 commentariis
1178 511 1246 566 ad
1281 522 1444 580 caput
1485 528 1550 564 xx
1582 510 1647 564 ad
1685 508 1992 578 Philippen-

416 625 525 670 ses,
550 622 671 660 cum
706 604 1054 674 exposuisset
1073 601 1442 655 celebreillud
1461 602 1665 655 dictum
1700 598 1944 668 Apostoli
1975 615 1987 649 :

420 698 527 751 Hoc
570 699 707 749 enim
753 697 938 749 sentite
983 697 1037 746 in
1083 693 1257 756 vobis,
1307 692 1445 761 quod
1480 698 1528 744 ‘ct
1568 693 1627 744 in
1661 690 1866 746 Christo
1903 688 1993 743 Je-

419 802 478 839 au
503 794 526 832 ι
556 826 569 847 ,
607 795 737 847 etc.,
777 783 951 852 pergit
988 782 1043 835 in
1088 781 1205 835 hzec
1249 781 1414 834 verba
1456 797 1468 832 :
1516 798 1533 830 ι
1575 779 1800 834 Omnem
1846 785 1993 832 certe

420 875 652 929 haeresin
688 890 785 943 per
835 889 1007 942 pauca
1058 872 1173 925 haec
1205 870 1374 924 verba
1407 870 1736 940 expugnavit
1777 868 1995 922 divinus

420 966 733 1036 Apostolus,
772 973 883 1017 tum
908 980 1002 1018 eos
1023 965 1115 1033 qui
1151 962 1491 1016 divinitatem
1537 960 1811 1031 Unigeniti
1845 960 1988 1013 blas-

422 1058 700 1127 phemant,
729 1065 783 1110 et
817 1055 909 1124 qui
964 1057 1083 1124 ejus
1111 1053 1499 1107 humanitatem
1520 1060 1741 1121 negant,
1767 1061 1880 1104 tum
1900 1065 1996 1104 eos

424 1154 722 1216 praeterea,
779 1144 871 1213 qui
934 1144 1254 1213 hypostases
1309 1157 1405 1195 seu
1460 1156 1723 1210 personas
1772 1140 1993 1193 confun-

424 1235 562 1288 dunt
578 1234 714 1287 “"7.
729 1234 982 1298 iDcinde,
1003 1234 1283 1287 conlutato
1301 1232 1537 1286 Sabellio
1549 1247 1672 1285 eum
1687 1232 1818 1294 suis,
1834 1240 1997 1300 atque

423 1325 587 1378 etiam
617 1325 747 1379 Ario
779 1334 834 1378 et
874 1324 1164 1388 Eunomio,
1201 1323 1270 1377 de
1305 1324 1483 1377 forma
1507 1323 1601 1375 Dei
1633 1329 1690 1375 et
1709 1321 1849 1375 servi
1884 1321 1997 1375 dis-

424 1424 578 1484 putat
614 1416 867 1471 eumdem
934 1415 988 1468 in
1034 1415 1280 1478 modum,
1323 1429 1432 1482 quo
1474 1414 1679 1467 fecerat
1712 1413 1765 1465 in
1812 1428 1999 1482 repre-

427 1506 690 1560 hensione
709 1505 1173 1569 anathematismi;
1195 1513 1249 1559 et
1266 1504 1485 1557 tandem
1513 1504 1821 1557 concludit:
1855 1526 1870 1554 ι
1894 1503 1999 1558 Sed

426 1595 493 1649 de
514 1597 602 1651 his
628 1597 793 1650 etiam
826 1597 955 1650 alibi
988 1597 1206 1665 c0piose
1244 1593 1627 1648 disseruimus.
1667 1614 1685 1644 ι

497 1687 634 1741 Vlll.
664 1660 1075 1741 Observandum
1104 1699 1267 1754 porro
1317 1684 1723 1737 Theodoretum
1757 1699 2001 1753 quacun-
2031 1660 2072 1718 Β

426 1792 533 1845 que
558 1776 682 1829 data
715 1775 1000 1828 occasione
1036 1773 1220 1826 invehi
1250 1772 1305 1827 in
1346 1771 1533 1826 Arium
1560 1783 1615 1827 et
1637 1773 1998 1838 Eunomium;

429 1866 484 1919 in
509 1865 881 1919 Macedonium
900 1863 967 1917 de
990 1863 1227 1932 Spiritus
1251 1863 1422 1917 sancti
1440 1862 2003 1917 consubstantialitate

428 1956 566 2010 male
615 1955 972 2019 sentientem;
1023 1954 1079 2007 in
1116 1969 1215 2007 eos
1265 1954 1361 2023 qui
1416 1954 1752 2022 passibilcm,
1801 1953 2003 2022 quique

430 2056 725 2109 mortuum,
754 2053 809 2099 et
853 2044 1169 2114 pontiﬁcem
1200 2053 1470 2108 nostrum,
1503 2044 1674 2097 Deum
1702 2060 1820 2099 esse
1854 2044 1999 2098 dicc-

432 2145 572 2199 rent,
599 2134 692 2204 qui
726 2148 988 2203 personas
1018 2133 1073 2186 in
1099 2131 1318 2186 Christo
1345 2131 1762 2197 confunderent,
1793 2147 1903 2185 non
1924 2132 2007 2186 di-

429 2225 564 2280 visis
622 2224 688 2278 iis
719 2239 841 2293 qute
882 2222 950 2277 de
995 2221 1216 2277 Christo
1265 2222 1522 2276 dicuntur
1572 2223 1625 2275 in
1665 2222 2004 2291 Scripturis:

429 2330 540 2384 quo
572 2314 714 2368 facto
748 2314 1088 2368 demonstrat
1125 2313 1399 2382 opinionis
1422 2325 1620 2367 nostra:
1652 2313 2007 2382 probabilita-

434 2412 542 2458 tem
582 2403 649 2458 de
680 2412 924 2473 tempore
962 2410 1018 2458 et
1042 2404 1270 2458 consilio
1299 2403 1536 2473 suscepti
1570 2405 1774 2473 operis,
1812 2421 2010 2476 nempe

434 2502 556 2563 post
588 2492 855 2564 synodum
903 2492 1235 2562 Ephesinam
1261 2500 1317 2547 et
1354 2506 1540 2562 pacem
1591 2491 1801 2557 initam,
1848 2510 2011 2564 quam

433 2601 557 2640 cum
581 2600 723 2656 aegre
756 2584 946 2648 ferret,
971 2584 1120 2637 nulla
1144 2599 1255 2637 non
1281 2598 1414 2638 usus
1440 2589 1524 2636 est
1548 2584 1805 2653 carpendi
1832 2584 2009 2656 capita

432 2676 735 2747 Cyrilliana
770 2676 1206 2745 opportunitate.

505 2766 596 2822 IX.
622 2767 689 2821 Et
710 2782 842 2821 vero
875 2766 1076 2835 quibus
1092 2765 1337 2835 Apostoli
1369 2765 1505 2821 locis
1524 2767 1869 2838 potissimum
1894 2782 2012 2824 rem

436 2870 593 2910 suam
632 2854 687 2908 in
730 2855 1161 2924 reprehensione
1197 2856 1437 2924 capitum
1478 2856 1748 2911 conﬁcere
1787 2856 1891 2912 sibi
1928 2856 2015 2910 vi-

436 2962 530 3002 sus
554 2955 693 3011 erat,
735 2947 803 3001 ad
843 2947 944 3002 hos
988 2947 1234 3017 singulos
1280 2949 1485 3003 diutius
1520 2949 1574 3002 in
1601 2948 2010 3004 commentariis

437 3039 625 3102 haeret,
652 3041 936 3109 carpitque
985 3040 1151 3092 tacito
1192 3041 1438 3105 nomine,
1484 3049 1708 3110 propter
1739 3049 2005 3111 tempora,

438 3146 603 3200 quem
647 3139 808 3185 antea
838 3130 1015 3201 palam
1053 3140 1325 3201 arguerat.
1372 3132 1611 3203 Legendi
1657 3148 1763 3203 pne
1804 3133 2014 3188 ceteris

438 3222 545 3277 loci
576 3222 667 3277 isti
692 3223 893 3293 Ephes.
931 3238 969 3287 ι,
997 3222 1095 3288 20;
1127 3222 1338 3278 Coloss.
1372 3241 1445 3289 ιι,
1476 3224 1535 3290 8;
1574 3225 1810 3295 Philipp.
1845 3242 1914 3291 ιι,
1940 3226 2010 3290 5;

441 3314 604 3369 ilebr.
641 3331 678 3376 ι,
716 3315 811 3381 li;
847 3330 920 3379 tv,
948 3316 1048 3380 14;
1082 3331 1134 3380 v,
1168 3316 1191 3369 1
1220 3324 1276 3369 et
1302 3315 1390 3370 10.

511 3407 579 3462 Χ.
613 3407 922 3474 Quinetiam
966 3408 1021 3461 in
1075 3423 1171 3462 eos
1206 3409 1436 3462 maxime
1471 3407 1759 3463 haereticos
1806 3408 2015 3463 invehi-

440 3508 551 3564 tur,
592 3515 828 3569 quorum
877 3498 1194 3553 societatem
1246 3498 1449 3568 Cyrillo
1497 3497 1553 3551 in
1592 3499 2016 3568 reprehensione

442 3591 682 3660 capitum
723 3589 933 3660 objicit,
989 3590 1178 3643 Arium
1223 3597 1279 3644 et
1323 3589 1675 3653 Eunomium,
1727 3599 1833 3644 etc.
1875 3590 2016 3656 Quid

442 3679 590 3748 quod
626 3679 693 3732 de
717 3678 890 3732 forma
920 3678 1064 3732 servi
1096 3684 1152 3732 et
1180 3676 1437 3747 pontiﬁce
1482 3678 1628 3741 Deo,
1672 3678 1863 3732 eadem
1902 3679 2016 3734 fere

445 3770 612 3825 habet
662 3770 715 3823 in
751 3768 1194 3831 commentariis,
1240 3775 1405 3837 atque
1455 3768 1511 3822 in
1554 3770 2014 3839 reprehensione;

444 3859 636 3915 codem
667 3860 957 3929 utrobique
986 3860 1148 3915 modo
1185 3860 1613 3915 incarnationem
1640 3861 1894 3930 explicat,
1922 3877 2019 3931 per

448 3951 788 4005 indutionem
829 3958 887 4005 et
939 3950 1397 4007 inhabitationem
1447 3950 1689 4006 hominis
1736 3966 1766 4004 a
1815 3952 2014 4005 Verbo.

445 4041 587 4109 Quid
628 4041 841 4096 multa?
889 4042 1060 4098 Nemo
1107 4044 1302 4115 legerit
1337 4050 1635 4112 utrumque
1677 4057 1817 4112 opus
1855 4044 2018 4112 paulo

448 4131 747 4198 attentius,
805 4133 941 4203 quin
994 4134 1248 4189 eumdem
1299 4133 1355 4188 in
1419 4142 1655 4203 utroque
1718 4132 2017 4203 spiritum,

448 4222 804 4294 eamdemque
828 4224 1132 4281 doctrinam
1156 4234 1434 4297 agnoscat.

783 4392 811 4460 ᾗ
845 4391 909 4446 ll.
942 4422 1013 4432 -—
1040 4392 1275 4448 Historia
1299 4392 1669 4448 ecclesiastica.

520 4538 561 4593 l.
617 4540 756 4595 Sunt
787 4540 880 4611 qui
913 4542 1320 4599 Theodoretum
1358 4553 1553 4616 putent
1586 4545 1835 4600 Historia:
1861 4546 2023 4600 ecclo-

447 4631 673 4684 siasticte
720 4647 993 4701 nusquam
1041 4634 1360 4690 meminisse
1403 4653 1415 4688 :
1450 4652 1561 4690 non
1591 4634 1894 4692 difﬁtentur
1939 4636 2019 4691 illi

452 4728 655 4783 tamen,
682 4722 848 4792 278
876 4723 1009 4793 quin
1037 4740 1158 4779 eam
1188 4725 1302 4795 ipse
1340 4726 1623 4796 agnoverit
1655 4726 1805 4781 velut
1826 4742 1978 4781 suam
2004 4744 2021 4793 ;

450 4811 894 4882 quandoquidem
921 4814 977 4868 in
1012 4829 1077 4869 ea
1106 4815 1440 4870 mentionem
1474 4814 1603 4870 fecit
1624 4815 1904 4883 Philol/toi,
1926 4834 2026 4872 ceu

453 4900 716 4973 religiosae
746 4903 991 4959 historiae
1024 4920 1055 4959 a
1094 4920 1152 4960 se
1176 4907 1521 4977 conscriptae.

519 4991 585 5048 ll.
610 4993 768 5061 Quod
810 4995 866 5050 in
893 5011 959 5052 ea
994 4995 1252 5051 Philotimi
1283 4998 1599 5053 meminisse
1624 4997 1836 5063 dicunt,
1874 4994 2031 5054 fa‘cile

453 5085 739 5140 consentio
766 5103 780 5138 :
807 5086 1059 5142 meminit
1082 5088 1253 5155 enim,
1290 5102 1402 5142 non
1434 5089 1624 5154 semel,
1660 5098 1721 5143 ut
1751 5089 1828 5144 illi
1853 5091 2027 5158 aiunt,

527 5243 553 5281 ⁸
582 5241 819 5312 Philipp.
859 5259 917 5309 ιι,
953 5245 987 5299 5

2092 418 2284 471 fecisse
2340 418 2394 471 in
2441 418 2565 471 aliis
2616 415 2911 484 Operibus,
2951 412 3204 467 assentiri
3259 426 3369 465 non
3424 425 3672 479 possum,

2091 515 2317 575 propter
2353 515 2539 575 aperta
2572 505 2739 558 verba
2765 518 2887 571 quae
2920 502 3173 570 leguntur
3218 498 3271 552 in
3307 497 3450 550 libro
3475 512 3526 549 tv
3553 496 3675 551 "(P-

2093 598 2374 649 reticarum
2401 594 2725 665 fabularum,
2752 607 2873 660 cap.
2907 590 2957 643 1,
2990 590 3283 657 Postquam
3306 585 3456 640 enim
3494 585 3675 639 Theo-

2092 688 2319 742 doretus
2362 687 2534 742 multa
2577 684 2645 739 de
2698 683 2830 738 Ario
2881 682 3146 745 narravit,
3185 694 3308 733 mox
3350 677 3672 748 subjungit:

2100 796 2119 829 ι
2160 778 2267 832 Sed
2320 793 2445 830 cum
2493 776 2609 829 haec
2658 774 2713 828 in
2769 772 3004 827 Historia
3062 770 3414 824 ecclesiastica
3457 767 3677 838 copiose

2095 867 2534 936 conseripserim,
2559 876 3027 933 supervacaneum
3064 868 3197 930 puto
3230 859 3320 913 hic
3349 858 3537 913 dicere
3558 859 3626 913 ⁸⁸.
3651 877 3669 910 ι

2095 958 2163 1011 Et
2209 955 2599 1024 statim,capite
2634 954 2689 1017 2,
2731 952 2823 1007 ubi
2858 952 2926 1005 de
2970 950 3220 1004 Eudoxio
3245 950 3357 1019 agit
3390 966 3403 1001 :
3438 968 3457 999 ‹
3493 949 3571 1002 Ac
3606 963 3678 1002 ne

2096 1048 2352 1101 omnibus
2374 1046 2627 1102 dicendis
2646 1046 2745 1101 sim
2767 1046 3013 1112 longior;
3038 1044 3238 1097 horum
3255 1043 3403 1098 enim
3427 1042 3675 1096 omnium

2099 1139 2155 1192 in
2186 1154 2352 1208 opere
2381 1138 2473 1191 illo
2494 1136 2715 1191 memini
2742 1137 2807 1191 ⁵⁸.
2842 1156 2859 1186 ι
2895 1135 3110 1188 Τούτων
3128 1135 3234 1205 γὰρ
3260 1133 3477 1187 πάντων
3507 1134 3678 1203 ὲμνή·

2100 1232 2230 1300 σοην
2268 1231 2325 1281 ἐν
2355 1233 2416 1299 τῇ
2451 1228 2630 1299 ἐκείνῃ
2664 1229 2976 1297 συγγραφῇ.

2168 1320 2256 1374 lii.
2284 1321 2649 1373 Meminerant
2669 1316 3285 1388 praeterTheodoretum
3316 1315 3430 1381 alii,
3459 1314 3678 1370 Genna-

2099 1411 2223 1465 dius
2248 1413 2326 1475 "°,
2365 1411 2724 1465 Cassiodorus
2751 1410 2820 1472 ⁷¹,
2858 1409 3083 1462 Photius
3128 1410 3194 1466 ⁷⁸.
3246 1416 3302 1461 et
3340 1408 3681 1476 Nicephorus

2100 1504 2356 1559 Callistus
2378 1505 2446 1557 ⁷³.
2489 1504 2593 1557 Sed
2621 1500 2937 1555 Gennadius
2977 1500 3157 1553 verbis
3208 1498 3502 1552 admodum
3550 1512 3678 1566 per-

2102 1596 2296 1666 plexis,
2331 1610 2452 1665 qu:e
2495 1610 2619 1647 mox
2668 1593 2733 1647 ad
2780 1608 3009 1647 examen
3046 1592 3432 1645 vocabuntur:
3464 1588 3680 1643 Cassio-

2102 1689 2271 1742 dorus
2300 1702 2493 1757 magna
2523 1701 2645 1739 cum
2674 1684 2856 1747 laude,
2887 1684 3062 1752 utqui
3090 1683 3386 1736 Latinitate
3421 1681 3679 1735 donatam

2101 1780 2170 1833 ah
2217 1777 2524 1848 Epiphanio
2582 1775 2919 1831 Scholastico
2967 1773 3242 1828 contraxit
3279 1773 3332 1825 in
3371 1773 3675 1841 epitomen,

2102 1868 2383 1936 voluitque
2425 1880 2546 1919 esse
2582 1873 2791 1934 partem
2824 1863 3096 1926 bistorim,
3129 1877 3291 1931 quam
3327 1861 3682 1929 Tripartitam

2102 1969 2322 2015 vocant.
2358 1961 2376 1981 ‘
2419 1958 2648 2013 Photius
2699 1958 2886 2011 critico
2929 1973 2942 2009 :
2986 1975 3003 2005 ι
3035 1955 3199 2009 Lecta
3239 1962 3322 2009 est
3353 1951 3684 2007 Theodoreti

2105 2053 2337 2107 Historia
2383 2050 2752 2103 ecclesiastica.
2791 2048 3043 2103 Omnium
3078 2063 3216 2116 quos
3244 2044 3487 2115 proxime
3512 2045 3689 2099 nomi-

2103 2144 2228 2197 navi
2262 2142 2659 2213 (nominaverat
2686 2140 3006 2202 Eusebium,
3044 2139 3345 2200 Socratem,
3373 2135 3686 2206 Evagrium,

2107 2229 2521 2301 Sozomenum),
2557 2230 2978 2285 convenientem
2998 2228 3173 2297 magis
3208 2226 3453 2280 historiae
3488 2226 3687 2296 stylum

2107 2322 2332 2376 adhibet
2367 2338 2382 2373 :
2417 2321 2599 2375 clarus
2643 2320 2790 2374 enim
2846 2326 2902 2371 et
2947 2316 3167 2387 grandis
3212 2323 3317 2380 est,
3357 2313 3691 2383 minimeque

2110 2414 2461 2476 redundans,
2498 2412 2603 2467 nisi
2639 2410 2785 2480 quod
2828 2408 3275 2479 translationibus
3315 2408 3575 2463 audacius
3603 2407 3692 2460 in-

2113 2506 2349 2570 terdum,
2374 2498 2429 2559 ét
2461 2520 2601 2574 pene
2648 2504 2832 2572 inepte
2870 2511 3076 2556 utatur.
3108 2520 3126 2552 ι
3157 2498 3502 2569 Nicephorus
3522 2498 3694 2553 verbo

2112 2612 2224 2651 uno
2253 2614 2267 2650 :
2304 2616 2321 2646 ‹
2347 2594 2665 2650 Elaboravit
2688 2602 2745 2649 et
2780 2594 2885 2647 alia
2909 2593 3038 2656 duo,
3059 2606 3291 2661 quorum
3317 2607 3485 2644 unum
3514 2589 3689 2644 Histo—

2113 2689 2251 2741 riam
2299 2685 2723 2749 ecclesiasticam,
2770 2684 3002 2737 alterum
3039 2682 3394 2747 Philotheum,
3436 2696 3532 2736 seu
3564 2680 3690 2735 reli-

2115 2774 2319 2846 giosam
2355 2773 2660 2837 historiam,
2690 2782 2870 2827 vocat.
2904 2792 2921 2824 ι

2185 2864 2462 2919 Audacem
2496 2865 2662 2934 igitur
2713 2871 2878 2933 atque
2913 2862 3078 2917 etiam
3111 2860 3485 2931 impudentem
3533 2874 3696 2929 opor-

2118 2962 2197 3011 tet
2226 2972 2352 3010 eum
2390 2970 2531 3019 esse,
2558 2954 2649 3024 qui
2686 2957 2823 3024 opu's
2858 2953 2931 3007 ita
2960 2959 3173 3015 notum,
3209 2952 3284 3005 ita
3309 2959 3588 3016 testatum,
3621 2949 3695 3003 ita

2118 3051 2465 3106 manifestum
2505 3047 2833 3103 Theodoreti
2863 3061 2982 3101 esse
3028 3053 3208 3115 neget,
3267 3051 3328 3097 ut
3381 3043 3607 3103 Coccus,
3640 3048 3698 3095 et

2119 3144 2208 3198 alii
2244 3158 2351 3197 non
2386 3140 2642 3195 meliores
2678 3157 2691 3192 :
2723 3139 2856 3194 certi
2904 3138 3132 3208 rejicere
3172 3134 3376 3203 scripta
3423 3140 3695 3193 veterum,

2119 3232 2518 3302 qualiacunque
2568 3230 2784 3284 tandem
2814 3228 2944 3293 sint,
2980 3226 3025 3281 si
3081 3224 3198 3280 suis
3250 3222 3588 3277 novitatibus
3608 3221 3698 3285 in-

2122 3324 2491 3379 commodent.

2192 3438 2279 3492 1V.
2347 3436 2467 3503 Quo
2527 3444 2773 3505 tempore
2812 3433 3012 3502 scripta
3053 3430 3210 3492 sit",
3242 3442 3403 3481 nemo
3426 3425 3700 3479 hactenus

2123 3538 2275 3585 certo
2302 3528 2578 3583 deﬁnivit.
2616 3528 2729 3581 Nec
2756 3526 2903 3580 enim
2930 3524 3039 3578 ulla
3075 3536 3199 3592 pars
3232 3521 3346 3575 vitta
3377 3526 3460 3574 est
3489 3527 3704 3585 tempo-

2123 3623 2201 3678 ris
2238 3629 2424 3676 notam
2477 3618 2756 3689 praeferre.
2802 3618 2921 3671 Non
2957 3613 3224 3685 praefatio,
3266 3612 3321 3666 in
3366 3626 3474 3680 qua
3517 3618 3702 3662 tamen

2122 3714 2261 3768 solet
2290 3710 2494 3780 aliquid
2525 3709 2792 3780 ejusmodi
2832 3706 3128 3778 praemitti:
3160 3719 3268 3758 non
3309 3702 3450 3765 ﬁnis,
3485 3700 3579 3754 ubi
3620 3715 3709 3753 re-

2124 3804 2375 3858 feruntur
2414 3801 2709 3871 praasulum
2759 3799 2980 3853 nomina
3006 3839 3018 3861 ,
3050 3796 3141 3865 qui
3184 3794 3487 3864 majoribus
3515 3790 3708 3844 Eccle-

2122 3896 2219 3952 siis
2251 3894 2591 3964 prmfuerunt
2620 3907 2767 3946 :non
2790 3890 2962 3945 series
2986 3886 3249 3949 historiae,
3286 3904 3304 3934 ε
3334 3898 3454 3953 qnze
3482 3889 3703 3935 centum

2122 3993 2179 4040 et
2195 3984 2438 4054 quinque
2468 3996 2737 4037 annorum
2778 3989 2993 4049 tempus
3050 3973 3453 4045 complectitur,
3492 3971 3561 4025 ab
3586 3968 3705 4025 Arii

2124 4075 2341 4130 vesania
2385 4074 2676 4144 incipiens,
2720 4071 3087 4139 desinensque
3127 4069 3181 4122 in
3208 4066 3359 4120 obitu
3404 4062 3702 4118 illustrium

2124 4166 2367 4221 virorum
2398 4164 2674 4220 Theodori
2708 4172 2764 4218 et
2786 4161 3054 4218 Theodoti
3079 4160 3144 4213 ⁷³.
3182 4178 3199 4211 ι

2193 4278 2257 4331 ν.
2294 4276 2541 4331 Proclive
2565 4282 2710 4329 esset
2730 4272 2941 4344 opinari
2982 4287 3050 4327 eo
3085 4280 3328 4340 tempore
3348 4268 3703 4328 elaboratam,

2054 4344 2097 4399 ι)
2125 4381 2236 4436 quo
2256 4365 2464 4428 ﬁnitur,
2509 4364 2563 4418 id
2594 4372 2698 4428 est,
2726 4377 2870 4416 anno
2893 4360 3097 4416 Christi
3136 4360 3271 4426 ηις
3298 4358 3401 4413 nisi
3436 4356 3703 4417 obstaret,

2126 4456 2273 4526 quod
2302 4456 2355 4509 in
2379 4456 2518 4509 libro
2536 4454 2715 4524 primo
2739 4460 3044 4523 quartaque
3070 4450 3277 4505 mentio
3300 4450 3392 4504 ﬁat
3417 4446 3674 4502 Philothei
3688 4462 3706 4510 ;

2128 4547 2186 4601 in
2215 4547 2438 4617 quinto,
2483 4553 2758 4599 molarum
2799 4543 3037 4598 Nestorii
3079 4557 3243 4599 causa
3295 4552 3596 4611 pugnarum
3638 4538 3708 4590 de

2129 4638 2254 4693 ﬁde.
2308 4637 2443 4693 Cum
2476 4636 2623 4691 enim
2667 4634 2986 4705 Apollinarii
3039 4633 3273 4689 baeresin
3332 4629 3710 4685 Theodoretus

2129 4737 2446 4783 narrasset:
2473 4727 2637 4798 279
2670 4745 2687 4778 ι
2719 4727 2797 4781 Ex
2829 4726 2931 4780 hac
2970 4716 3178 4788 radice,
3214 4721 3391 4793 inquit
3412 4721 3480 4784 ⁷⁸,
3530 4718 3586 4772 in
3609 4718 3711 4772 Ec-

2130 4817 2313 4874 clesiis
2336 4828 2526 4872 natum
2557 4826 2662 4883 est,
2691 4817 2838 4887 quod
2862 4832 2969 4871 una
2999 4815 3184 4871 carnis
3209 4821 3266 4869 et
3290 4809 3594 4867 divinitatis
3612 4824 3708 4863 na-

2135 4919 2257 4965 tura
2290 4903 2530 4975 dicitur,
2574 4909 2833 4980 quodque
2885 4906 3161 4962 divinitati
3188 4902 3468 4975 Unigeniti
3519 4898 3707 4970 passio

2133 5001 2448 5063 ascribitur.
2484 5010 2541 5055 et
2569 5000 2674 5054 alia
2716 4999 2769 5054 id
2800 5012 3004 5069 genus,
3046 4996 3114 5050 de
3141 4995 3342 5066 quibus
3381 4991 3706 5064 populorum

2133 5092 2592 5162 sacerdotumque
2643 5090 2942 5146 certamina
2987 5088 3337 5143 exstiterunt.
3378 5102 3396 5136 ι
3427 5080 3558 5149 Quae
3597 5079 3709 5134 duo

1797 5384 2115 5441 SCHULZH
2150 5380 2384 5437 NOTAE.

517 5520 644 5553 ⁵⁸⁸⁸⁷
672 5519 797 5576 Haec
825 5523 1101 5591 pertinent
1136 5524 1201 5577 ad
1227 5540 1345 5594 cap.
1374 5541 1434 5583 ιι,
1457 5540 1601 5581 vers.
1641 5527 1719 5580 ll.
1755 5517 1877 5578 V’i'd.
1910 5532 1947 5575 t.
1970 5521 2059 5581 ill,
2096 5536 2149 5589 p.
2183 5520 2303 5573 i35-

448 5588 492 5617 νο
528 5589 604 5617 ΙΙ-
646 5591 724 5617 ..ευ
788 5590 962 5617 ἔΙΙ..-ι..
1044 5609 1135 5617 η-..
1190 5596 1256 5617 on
1354 5596 1392 5617 ιιι
1426 5596 1564 5617 πημιν
1614 5595 1675 5617 --.ι
1712 5594 1885 5617 ΙΙΣ-ι-..
1931 5594 2121 5617 ...ιη-..ι
2217 5592 2258 5617 Π
2286 5590 2303 5617 ι

469 5588 492 5621 ⁸
522 5589 740 5663 ρί-υἱν.
774 5584 1004 5663 Πὶῼιιξιν..
1039 5609 1157 5663 eap.
1189 5584 1307 5647 89:
1354 5596 1392 5626 '“
1424 5596 1578 5649 Pt‘mf.
1612 5595 1676 5648 ad
1708 5594 1904 5663 Ilistor.
1929 5584 2140 5663 tripart.
2217 5592 2258 5621 ⁷²
2286 5585 2422 5642 Cod.
2464 5584 2552 5637 3i.

434 5673 488 5723 p.
541 5656 663 5712 188.
743 5662 790 5691 ⁷⁸
811 5659 930 5713 Ὑίἀ.
974 5656 1118 5719 Hist.-
1136 5663 1315 5718 ((61.1.
1352 5681 1404 5727 v,
1438 5680 1483 5717 ς.
1518 5666 1605 5719 59.
1684 5666 1724 5695 ⁷¹⁸
1765 5662 1926 5723 ibid.,
1956 5656 2080 5714 0.5.

2382 5515 2424 5546 ⁸⁸
2465 5513 2583 5567 Vid.
2613 5520 2650 5565 l.
2677 5513 2765 5583 IV,
2804 5529 2856 5583 p.
2896 5513 3000 5565 35?.
3046 5527 3159 5583 seq.

2630 5583 2675 5617 ⁷³
2710 5582 2827 5651 Lib.
2864 5599 2970 5645 xlv,
3023 5599 3070 5635 ο.
3127 5582 3213 5635 54.

3237 5509 3279 5540 δ’
3301 5507 3461 5569 lhid.,
3492 5521 3545 5575 p.
3578 5507 3701 5563 32:5.

3291 5578 3332 5610 7"
3363 5576 3478 5632 \‘id.
3515 5593 3701 5647 supra,
