4024 6152
274 231 372 294 929

267 440 393 487 sunt
427 430 597 482 turbm
635 442 781 480 anno
822 426 945 488 429,
986 434 1042 478 et
1090 423 1392 478 Philotimus
1428 426 1583 495 longe
1630 425 1841 479 tardius

263 521 444 576 editus
483 529 565 571 est
587 519 659 573 ⁷⁷.
708 531 902 586 nempe
935 531 1080 569 anno
1109 517 1213 569 444
1246 525 1339 569 aut
1368 517 1491 579 “5,
1529 526 1679 571 certe
1728 531 1839 569 non

264 620 385 679 post
414 610 538 662 Mli.

330 699 420 751 Vl.
458 695 715 751 Nonnulli
758 701 973 764 tempus
1011 693 1348 766 conjiciunt,
1389 696 1584 761 partim
1627 708 1693 747 ex
1736 709 1835 757 eo,

256 789 405 856 quod
448 795 709 857 regnante
760 786 1068 839 Theodosio
1094 785 1295 853 scripta
1323 784 1421 846 sit;
1467 785 1662 853 partim
1691 784 1837 853 quod

259 879 310 931 in
345 879 501 931 nullo
531 878 636 930 alio
668 892 836 944 opere
864 876 1195 946 appelletur;
1226 876 1334 929 imo
1364 892 1465 929 nec
1488 875 1543 929 in
1572 876 1696 929 ullis
1710 875 1839 945 Epi-

255 969 456 1032 stolis,
507 969 558 1020 in
604 968 808 1036 quibus
858 975 1037 1019 tamen
1088 975 1285 1019 caetera
1330 974 1627 1020 censentur
1663 983 1676 1018 :
1710 965 1836 1019 inde

253 1058 409 1111 enim
433 1056 774 1111 concludunt
821 1056 962 1109 hanc
1000 1056 1473 1111 elucubrationem
1514 1054 1683 1109 fuisse
1742 1062 1837 1109 aut

249 1149 505 1202 omnium
548 1158 881 1217 postremam
902 1188 916 1210 ,
945 1156 1041 1201 aut
1072 1157 1473 1217 postremarum
1505 1162 1690 1200 unam.
1728 1147 1835 1202 Ve-

250 1255 379 1294 rum
412 1239 559 1308 quod
604 1239 671 1293 de
712 1254 881 1309 regno
914 1238 1205 1292 Theodosii
1242 1238 1489 1301 affertur,
1532 1253 1656 1291 mox
1689 1253 1836 1292 com-

247 1330 794 1400 probabiturzquod
837 1329 905 1383 de
956 1330 1175 1383 silentio
1220 1329 1470 1391 additur,
1517 1330 1727 1397 prolata
1767 1344 1859 1405 ex.

244 1420 402 1473 libro
461 1429 659 1488 quarto
710 1418 1091 1471 ereticarum
1138 1417 1443 1487 fabularum
1499 1416 1832 1472 Theodoreti

242 1511 424 1563 verba
459 1509 792 1578 improbant.

316 1601 438 1655 VII.
471 1601 689 1655 Certius
715 1600 922 1668 aliquid
957 1599 1023 1654 de
1053 1614 1197 1652 anno
1229 1598 1522 1654 conﬁcitur
1580 1615 1649 1654 ex
1690 1599 1832 1654 libro

242 1708 297 1755 τ,
340 1707 468 1760 cap.
504 1690 592 1743 38.
632 1690 815 1743 Audas
836 1690 1015 1755 enim,
1064 1690 1219 1756 cujus
1259 1690 1466 1743 mentio
1510 1688 1568 1740 fit
1603 1704 1669 1742 eo
1699 1688 1824 1754 loci,

244 1782 302 1835 in
346 1780 577 1835 Perside
608 1796 800 1849 passus
822 1788 907 1833 est
931 1780 1019 1834 die
1053 1781 1114 1835 96
1138 1780 1262 1833 Maii
1304 1795 1449 1833 anno
1468 1780 1588 1843 420,
1616 1781 1717 1833 sub
1745 1780 1825 1834 Is-

239 1871 490 1941 degerde
538 1886 663 1940 rege
690 1911 704 1935 ,
740 1870 908 1939 Magis
942 1871 1379 1940 persecutionem
1419 1871 1774 1925 suadentibus
1809 1887 1822 1924 :

238 1963 406 2032 atqui
462 1962 646 2016 Audas
701 1962 1045 2015 occasionem
1106 1960 1255 2014 dedit
1310 1960 1716 2030 persecutioni,
1766 1969 1826 2014 ut

240 2064 503 2119 constat;
524 2063 578 2108 et
600 2054 983 2109 Theodoretus
1013 2055 1177 2108 tradit
1208 2054 1669 2123 persecutionem,
1696 2062 1826 2108 tunc

236 2164 373 2202 cum
408 2148 699 2212 scriberet,
720 2148 833 2217 jam
869 2148 1094 2202 durasse
1135 2148 1357 2218 triginta
1390 2148 1547 2201 annis
1582 2149 1827 2203 :seribe-

239 2238 338 2291 bat
370 2237 541 2306 igitur
568 2253 712 2291 anno
734 2237 859 2291 450.

316 2327 460 2380 VIII.
493 2328 612 2382 Non
661 2328 727 2382 de
758 2343 903 2382 anno
948 2337 1194 2394 tantum,
1243 2329 1337 2384 sed
1382 2329 1449 2384 de
1490 2330 1615 2384 anni
1660 2330 1822 2384 etiam

238 2427 404 2487 parte
427 2418 566 2471 certi
603 2417 811 2486 aliquid
832 2418 994 2472 statui
1027 2428 1248 2488 potest:
1291 2436 1415 2473 nam
1448 2420 1826 2475 Tbeodoretus

237 2516 414 2577 caput
454 2509 525 2561 56
553 2507 682 2561 libri
714 2509 892 2578 quinti
921 2509 1171 2573 absolvit,
1205 2509 1513 2563 Theodosio
1542 2509 1720 2565 adhuc
1741 2510 1824 2563 vi-

239 2609 433 2655 rente.
462 2599 603 2654 Cum
639 2600 786 2653 enim
822 2608 1011 2671 ageret
1041 2600 1107 2654 de
1161 2602 1409 2669 reliquiis
1450 2600 1824 2672 Chrysostomi

233 2690 782 2759 Constantinopolim
820 2692 1047 2746 relatis:
1091 2710 1108 2742 ι
1152 2690 1329 2755 Hunc,
1385 2692 1565 2761 inquit
1594 2691 1662 2757 ⁷⁸,
1704 2693 1825 2747 the-

237 2798 471 2837 saurum
505 2783 558 2835 in
584 2783 775 2837 urbem
803 2782 988 2835 intulit
1019 2782 1086 2847 is,
1118 2784 1212 2852 qui
1250 2783 1481 2851 imperio
1511 2799 1657 2838 nunc
1687 2784 1828 2853 poli-

240 2885 353 2935 tur,
384 2875 480 2944 qui
518 2875 603 2927 avi
639 2889 838 2927 nomen
869 2874 1114 2935 sortitus,
1160 2876 1281 2945 ejus
1313 2891 1529 2945 quoque
1566 2876 1826 2945 pietatem

239 2976 429 3019 servat
452 2965 856 3033 incorruptam.
898 2964 996 3019 Hic
1019 2965 1209 3019 oculos
1231 2974 1286 3019 et
1305 2965 1545 3022 frontem
1572 2968 1627 3022 in
1644 2968 1825 3022 loculo

241 3053 514 3123 deﬁgens,
540 3067 641 3121 pro
672 3053 995 3122 parentibus
1018 3069 1209 3122 preces
1231 3053 1388 3117 fudit,
1414 3061 1469 3109 et
1503 3056 1571 3111 iis
1602 3056 1695 3125 qui
1729 3072 1827 3125 per

244 3142 616 3213 ignorantiam
642 3150 951 3211 peccarant,
992 3152 1052 3198 ut
1085 3143 1413 3213 ignosceret,
1447 3145 1820 3214 supplicavit.»

241 3233 382 3288 Cum
407 3247 544 3301 ergo
568 3231 913 3286 Theodosius
942 3232 1143 3287 obierit
1161 3233 1250 3287 die
1280 3233 1349 3287 29
1373 3234 1500 3288 Julii
1528 3250 1672 3289 anno
1701 3235 1825 3299 450,

247 3324 660 3393 imperiumque
693 3323 997 3378 Marcianus
1017 3340 1049 3380 a
1079 3325 1368 3380 Pulcheria
1386 3334 1689 3395 senatuque
1714 3327 1827 3380 ele-

245 3425 374 3468 ctus
407 3413 767 3482 capessiverit
791 3415 879 3469 die
898 3415 969 3469 25
1002 3415 1267 3486 Augusti;
1309 3425 1524 3486 oportet
1552 3426 1614 3470 ut
1647 3417 1828 3486 priore

245 3506 377 3559 anni
402 3512 560 3574 parte
582 3505 874 3559 Historiam
892 3505 1272 3561 Theodoretus
1295 3518 1390 3561 aut
1417 3506 1826 3578 conscripserit,

242 3602 341 3648 aut
395 3602 546 3647 certe
596 3593 925 3659 absolverit;
977 3594 1223 3649 nondum
1269 3595 1478 3651 scilicet
1526 3596 1731 3651 auditis
1769 3598 1827 3651 in

244 3682 481 3737 Oriente
500 3682 569 3736 de
592 3682 746 3737 obitu
778 3683 1068 3739 Theodosii
1104 3685 1345 3752 nuntiis,
1376 3687 1471 3757 qui
1496 3688 1675 3742 solent
1705 3702 1825 3742 esse

248 3772 336 3827 bis
368 3774 437 3827 de
465 3774 632 3828 rebus
663 3774 953 3829 celerrimi.

319 3862 412 3917 IX.
476 3863 709 3934 Scripsit
759 3865 1141 3921 Theodoretus
1173 3905 1188 3932 ,
1236 3865 1382 3936 quod
1438 3866 1556 3937 ipse
1604 3865 1825 3936 quidem

251 3955 442 4019 tradit,
505 3956 575 4008 τὰ
617 3954 910 4025 λειπόμενα
955 3957 1054 4026 τῆς
1097 3956 1636 4025 Ἐκκλησιαστικῆς
1669 3961 1829 4012 ἱστο-

246 4047 405 4111 ρίας*
464 4061 605 4114 quas
627 4061 791 4101 voces
833 4047 1226 4117 interpretatur
1257 4048 1342 4101 vir
1369 4047 1620 4102 eruditus
1638 4088 1654 4113 ,
1678 4050 1829 4103 velut

252 4134 484 4197 diceret,
523 4151 587 4188 ea
629 4151 749 4204 quae
797 4135 1007 4190 Socrati
1049 4136 1497 4208 Sozomenoque,
1535 4139 1670 4193 viris
1715 4155 1826 4193 non

255 4224 641 4280 scientissimis
668 4241 855 4280 rerum
886 4228 1263 4292 orientalium,
1285 4229 1517 4293 desunt,
1546 4244 1625 4293 se,
1649 4230 1742 4298 qui
1771 4230 1822 4282 in

1431 226 1526 284 DE
1560 225 1814 285 LIBRlS
1846 226 2353 289 TIIEODORETI-

270 342 382 411 ipse
408 337 585 407 capita
645 335 850 406 Cyrillo
899 334 1143 403 objicere
1191 334 1420 388 solebat.
1468 336 1631 403 Atqui
1683 342 1845 388 motae
1880 346 1915 391 Α
1951 343 2064 400 tus;
2102 352 2190 390 res
2215 339 2362 391 enim
2389 337 2705 407 complexus
2720 346 2803 393 est
2824 348 3041 394 centum
3073 347 3128 395 et
3153 341 3507 413 quadraginta
3592 373 3597 378 -

3406 234 3514 295 230

1942 440 2235 479 annorum.

2010 516 2078 570 Χ.
2124 516 2260 571 Cum
2288 518 2482 572 scribit
2523 537 2581 575 se
2605 520 2890 575 historiam
2913 529 3132 576 centum
3173 532 3232 577 et
3267 524 3511 595 quinque

1939 619 2209 658 annorum
2236 608 2508 672 texuisse,
2565 628 2582 659 ι
2623 610 2826 679 quippe
2861 627 2981 679 qum
3020 613 3087 665 ab
3129 613 3244 667 Arii
3289 615 3511 669 vesania

1942 695 2230 764 incipiens,
2280 698 2491 752 desinat
2549 699 2603 753 in
2656 701 2810 755 obitu
2856 702 3213 757 laudabilium
3264 705 3510 759 virorum

1941 786 2216 843 Theodori
2261 800 2317 843 et
2370 790 2638 845 Theodoti
2660 793 2744 845 ³⁰ε
2780 813 2797 842 ι
2829 802 3046 862 oportet
3085 809 3210 848 eum
3268 795 3511 851 historia:

1939 877 2157 931 initium
2194 878 2413 932 duxisse
2442 880 2510 933 ab
2541 895 2684 934 anno
2711 881 2834 935 522.
2867 882 2996 938 Inde
3029 883 3175 938 enim
3208 884 3273 937 ad
3298 886 3508 940 obitum

1940 968 2215 1023 Theodori
2243 979 2299 1023 et
2334 970 2601 1024 Theodoti
2632 972 2870 1040 spatium
2902 973 3000 1027 105
3036 989 3302 1028 annorum
3330 976 3496 1031 inter-

1940 1058 2130 1123 ﬂuxit;
2163 1059 2434 1128 siquidem
2460 1059 2703 1114 defuncti
2739 1072 2869 1115 sunt
2899 1063 3060 1117 ambo
3093 1079 3236 1117 anno
3255 1065 3378 1118 427.

2008 1150 2100 1204 XI.
2127 1149 2230 1204 Sed
2260 1150 2537 1219 quomodo
2566 1150 2758 1204 scribit
2789 1166 2845 1204 se
2872 1151 2941 1204 ab
2983 1152 3140 1207 Arii‘
3169 1154 3388 1208 vesania
3424 1154 3509 1209 in-

1935 1242 2166 1311 cepisse,
2194 1257 2318 1295 cum
2348 1241 2641 1294 haereticus
2672 1241 2762 1294 ille
2790 1240 3096 1295 insanientli
3128 1241 3344 1296 initium
3364 1245 3509 1299 fece-

1937 1332 2005 1384 rit
2023 1331 2131 1399 jam
2159 1330 2285 1383 inde
2317 1330 2386 1382 ab
2408 1344 2550 1382 anno
2579 1328 2700 1382 3l5.
2727 1328 3012 1393 Quomodo
3034 1337 3220 1382 contra
3259 1330 3326 1382 ab
3361 1345 3506 1383 anno

1934 1422 2036 1475 522
2071 1422 2356 1474 historiam
2387 1420 2677 1473 inchoasse
2703 1418 2990 1481 dicendus,
3020 1434 3142 1472 cum
3186 1436 3293 1483 res,
3321 1421 3505 1475 subla-

1935 1514 2003 1566 tis
2034 1513 2277 1583 tyrannis
2312 1511 2607 1573 Maxentio,
2641 1510 2953 1575 Maximino,
2978 1518 3034 1564 et
3065 1511 3296 1576 Licinio,
3324 1521 3506 1582 gestas

1932 1620 1991 1658 se
2022 1619 2248 1658 narrare
2282 1602 2563 1657 fateatur?
2597 1601 2875 1670 Siquidem
2919 1603 3164 1656 Licinius
3215 1618 3360 1658 anno
3399 1604 3505 1659 325

1930 1695 2181 1749 sublatus
2202 1694 2292 1748 sit.
2329 1694 2530 1747 Verum
2561 1691 2629 1744 ab
2657 1706 2724 1744 eo
2751 1698 2994 1760 tempore
3018 1691 3241 1761 incepit,
3272 1708 3384 1763 quo
3412 1708 3505 1748 ve-

1927 1784 2079 1838 sania
2102 1783 2220 1837 Arii
2259 1798 2369 1836 non
2392 1783 2504 1852 jam
2532 1796 2589 1835 se
2620 1780 2853 1850 {Egypto
2881 1781 3171 1845 continuit,
3198 1782 3294 1835 sed
3327 1782 3506 1837 allatis

1925 1874 1995 1928 ad
2023 1874 2410 1943 imperatorem
2440 1873 2682 1942 querelis
2717 1872 2794 1925 ita
2828 1870 3031 1940 erupit,
3067 1880 3128 1925 ut
3167 1872 3235 1927 de
3260 1874 3502 1943 cogenda

1924 1966 2136 2038 synodo
2159 1966 2379 2019 Niczena
2407 1964 2674 2018 continuo
2711 1963 3043 2031 cogitaretur
3071 1980 3083 2015 :
3110 1962 3164 2016 id
3177 1979 3308 2018 vero
3322 1965 3501 2019 conti-

1925 2059 2001 2127 git
2055 2057 2199 2111 circa
2240 2071 2441 2109 annum
2479 2055 2603 2108 522.
2659 2053 2777 2119 Quo
2810 2054 2973 2106 etiam
3026 2070 3170 2109 anno
3216 2056 3397 2110 victus
3427 2057 3500 2111 ita

1925 2158 2041 2202 erat
2065 2147 2324 2209 Licinius,
2352 2154 2412 2199 ut
2443 2146 2653 2199 sublata
2682 2144 2854 2213 ipsius
2888 2145 3130 2215 tyrannis
3168 2146 3366 2201 merito
3391 2145 3500 2202 diei

1925 2242 2110 2301 queat.

1996 2325 2109 2378 XII.
2141 2325 2201 2379 Id
2242 2325 2425 2394 eperis
2455 2324 2688 2378 l’hotius
2738 2338 2846 2377 non
2894 2323 3245 2379 mediocriter
3292 2327 3499 2392 laudat.

1925 2415 2250 2484 prtefertque
2267 2414 2529 2478 Socratis,
2554 2413 2841 2469 Sozomeni
2882 2413 3207 2484 Evagriique
3224 2415 3497 2472 historiis:

1924 2522 2034 2575 quo
2075 2506 2269 2560 merito
2297 2505 2412 2575 ipse
2440 2504 2675 2570 viderit;
2706 2505 2760 2558 in
2804 2519 2870 2559 eo
2895 2512 3073 2558 tamen
3110 2506 3386 2561 desiderat
3413 2507 3494 2561 di-

1926 2600 2125 2655 ctionis
2150 2601 2564 2670 proprietatem.
2590 2597 2730 2652 Sunt
2754 2597 2850 2667 qui
2888 2598 3204 2653 desiderent
3227 2600 3392 2654 etiam
3419 2599 3501 2653 di-

1926 2689 2267 2759 ligentiorem
2299 2699 2607 2757 temporum
2649 2685 3061 2742 distinctionem
3120 2697 3285 2757 atque
3315 2705 3499 2743 rerum

1925 2781 2197 2835 ordinem.

1994 2872 2131 2926 ΧΠΙ.
2163 2871 2364 2941 Objicit
2404 2869 2702 2941 Gregorius
2746 2869 2972 2940 Magnus
3020 2869 3280 2923 memoria
3315 2871 3500 2939 lapsus

1928 2963 1983 3016 in
2011 2962 2336 3031 appellando
2363 2963 2582 3015 nomine
2600 2960 2668 3025 εί,
2697 2960 2979 3028 multiplex
2998 2959 3341 3013 mendacium
3365 2960 3498 3013 alia-

1929 3069 2033 3124 que
2064 3052 2260 3122 ﬂagitia
2290 3071 2302 3105 :
2346 3072 2363 3103 ι
2407 3052 2514 3107 Sed
2549 3051 2719 3120 ipsam
2751 3067 2971 3121 quoque
2997 3050 3284 3105 Sozomeni
3315 3051 3499 3104 Histo-

1929 3146 2063 3199 riam
2113 3145 2270 3199 sedes
2317 3143 2615 3213 apostolica
2657 3143 2906 3210 accipere
2957 3150 3195 3203 recusat,
3240 3142 3496 3211 quoniam

1929 3237 2099 3291 multa
2125 3234 2406 3297 mentitur,
2438 3241 2495 3288 et
2520 3233 2868 3287 Theodorum
2918 3232 3262 3302 Mopsuestia:
3291 3235 3499 3301 laudat,

1929 3334 1984 3381 et
2019 3341 2192 3395 usque
2246 3324 2314 3378 ad
2353 3323 2515 3378 linem
2566 3324 2752 3378 obitus
2794 3326 2879 3377 sui
2928 3339 3184 3394 magnum
3217 3323 3499 3380 doctorem

1929 3417 2099 3472 fuisse
2130 3415 2404 3486 perhibet.
2449 3415 2637 3468 Restat
2677 3430 2806 3484 ergo
2841 3421 2921 3477 ut,
2959 3413 3002 3468 si
3043 3413 3169 3483 quis
3216 3415 3500 3470 historiam

1929 3508 2075 3562 illam
2110 3507 2334 3576 recipit,
2365 3504 2574 3576 synodo
2602 3505 2703 3574 piae
2731 3505 3007 3559 memoriae
3036 3505 3327 3559 Justiniani
3364 3516 3502 3561 tem-

1928 3598 2155 3669 poribus
2192 3597 2261 3653 de
2300 3597 2479 3651 tribus
2518 3595 2772 3665 capitulis
2801 3595 2957 3650 facta:
2993 3597 3354 3651 contradicat.
3394 3596 3498 3664 Qui

1927 3704 2058 3760 ergo
2103 3689 2233 3743 huic
2261 3687 2535 3743 contraria
2575 3686 2757 3741 dicere
2800 3701 2907 3740 non
2937 3685 3102 3751 valet,
3146 3686 3291 3740 illam
3333 3687 3502 3743 histo-

1928 3783 2064 3837 riam
2091 3794 2313 3835 necesse
2344 3788 2429 3833 est
2455 3786 2515 3833 ut
2546 3778 2823 3848 repellat.»
2847 3776 3207 3832 Sozomcnum
3229 3779 3366 3833 dixit
3401 3796 3501 3850 pro

1928 3868 2328 3924 Theodoreto“
2362 3884 2375 3920 :
2405 3882 2583 3937 neque
2629 3867 2777 3922 enim
2817 3866 3086 3921 hactenus
3109 3867 3342 3923 eruditis
3370 3885 3498 3938 per-

1927 3959 2100 4015 suasit
2143 3957 2544 4013 illustrissimus
2594 3957 2885 4012 Annalium
2923 3958 3237 4028 scriptor",
3293 3961 3499 4031 Grego-

1926 4049 2069 4103 rium
2095 4048 2264 4102 verbo
2296 4063 2406 4102 non
2429 4063 2548 4103 esse
2581 4048 2812 4118 lapsum.

1999 4139 2138 4193 XIV.
2164 4138 2438 4193 Iudicium
2484 4145 2631 4191 certe
2666 4136 2913 4208 Gregorii
2964 4138 3139 4210 Magni
3178 4140 3246 4195 de
3276 4142 3498 4197 menda-

1926 4228 2026 4283 ciis
2056 4227 2407 4289 Theodoreti,
2453 4226 2506 4280 id
2540 4234 2643 4288 est,
2678 4226 2746 4280 de
2777 4228 3017 4296 peccatis
3059 4229 3323 4286 adversus
3357 4238 3497 4286 tem-

254 4315 480 4370 Oriente
516 4317 744 4383 viveret,
785 4317 1271 4390 intelligentiorem
1308 4321 1585 4390 supplere.
1621 4320 1823 4375 Verum
1857 4347 1904 4404 ι)
1932 4334 2123 4389 porum
2146 4328 2203 4373 et
2234 4332 2416 4372 rerum
2448 4317 2747 4380 rationem,
2792 4319 3077 4374 manifeste
3106 4321 3374 4376 Baronius
3403 4340 3498 4394 ap-

258 4424 367 4462 non
392 4410 565 4473 aliud,
593 4412 808 4479 opinor,
835 4410 922 4465 his
949 4411 1181 4466 vocibus
1203 4411 1473 4475 innuitur,
1490 4426 1654 4481 quam
1677 4412 1824 4481 quod

259 4496 638 4554 Theodoretus
662 4500 879 4555 Eusebii
904 4500 1142 4555 voluerit
1160 4501 1455 4555 Historiam
1479 4501 1820 4555 continuare.

259 4589 348 4643 Ait
366 4589 514 4643 enim
540 4591 622 4641 ":
658 4609 675 4639 ε
702 4589 840 4655 Quia
883 4591 1157 4646 Eusebius
1202 4591 1519 4645 Palaestinos
1550 4606 1581 4644 a
1624 4589 1825 4645 sanctis

258 4681 520 4748 apostolis
549 4681 957 4750 asoexorsus
984 4699 1073 4738 res
1093 4684 1147 4737 in
1167 4684 1425 4738 Ecclesiis
1453 4691 1632 4752 gestas
1654 4698 1825 4751 usque

258 4769 323 4821 ad
357 4768 703 4824 Constantini
741 4773 855 4826 Deo
907 4772 1091 4828 dilecti
1123 4772 1435 4843 imperium,
1467 4772 1823 4841 conscripsit;

257 4874 360 4928 ego
405 4858 556 4922 inde,
587 4860 679 4913 ubi
714 4860 805 4914 ille
852 4862 1130 4918 scribendi
1174 4862 1340 4918 ﬁnem
1374 4862 1506 4917 fecit
1528 4903 1543 4925 ,
1580 4862 1824 4918 historite

260 4961 393 5001 meae
420 4948 617 5001 ducam
643 4948 880 5003 initium.
916 4969 934 5001 ι
967 4951 1208 5021 Idipsum
1235 4959 1392 5005 antea
1414 4949 1667 5005 Socrates
1688 4964 1826 5019 prae-

261 5036 477 5091 stiterat
502 5056 514 5090 :
542 5038 666 5093 inde
692 5041 836 5094 enim
864 5057 1109 5107 exorsus,
1144 5042 1235 5097 ubi
1255 5042 1521 5099 Eusebius
1549 5040 1711 5097 ﬁnem
1745 5041 1827 5097 fe-

262 5136 434 5192 cerat,
467 5130 681 5201 longius
711 5133 940 5190 deduxit
973 5135 1281 5199 historiam,
1312 5151 1476 5206 quam
1513 5136 1828 5191 Theodore-

1930 4408 2205 4478 prohavit,
2237 4407 2522 4477 productis
2549 4406 2705 4476 281
2744 4415 2906 4461 tomo.
2935 4408 3002 4462 IV
3031 4409 3122 4470 (ne
3150 4410 3281 4478 quid
3318 4411 3496 4465 dicam

1929 4499 1997 4553 de
2038 4497 2105 4551 III
2129 4497 2262 4567 etV)
2291 4497 2573 4565 plusquam
2599 4494 2914 4565 quindecim
2938 4497 3247 4560 erraribns.‘
3269 4514 3408 4568 quos
3440 4501 3496 4555 in

1931 4589 2099 4643 haece
2136 4587 2363 4641 historia
2391 4585 2860 4655 deprehendisset.
2892 4587 3127 4642 Protulit
3157 4588 3293 4643 alios
3329 4607 3495 4660 quos.

1931 4679 2054 4733 dam
2094 4677 2151 4731 in
2176 4676 2322 4731 notis
2363 4676 2478 4731 suis
2502 4675 2748 4730 Valesius
2778 4693 2790 4729 :
2824 4691 2927 4731 nec
2965 4690 3157 4733 omnes
3185 4686 3364 4734 tamen
3410 4696 3497 4734 re-

1930 4767 2164 4833 censuit,
2219 4774 2300 4830 ut,
2354 4765 2500 4836 quod
2553 4766 2833 4822 Bonifacio
2885 4767 3139 4824 Zozimus
3184 4769 3240 4823 in
3286 4785 3500 4825 summo

1932 4858 2250 4932 pontiﬁcatu
2272 4857 2603 4913 successisse
2632 4857 2865 4922 dicatur,
2892 4874 3016 4913 cum
3043 4860 3292 4914 Zosimus
3310 4869 3498 4915 contra

1931 4950 2209 5007 Bonifacio
2267 4949 2597 5014 decesserit,
2641 4958 2746 5004 etc.
2808 4950 2940 5005 Tam
2984 4950 3287 5020 frequentis
3316 4949 3503 5021 lapsus

1932 5059 2092 5100 causa
2120 5057 2244 5097 mox
2270 5040 2555 5097 atl‘eretur.

2006 5133 2097 5188 XV
2153 5132 2212 5186 In
2234 5132 2383 5186 hunc
2412 5132 2657 5187 laborem
2684 5131 2932 5186 incubuit
2956 5132 3023 5187 ab
3042 5133 3234 5188 amicis
3260 5142 3497 5205 rogatus,

1591 5286 1913 5342 SCHULZII
1954 5282 2186 5340 ΝΟΤιΕ.

334 5463 378 5538 '_’
407 5468 529 5522 Vid.
549 5486 733 5537 supra,
765 5486 884 5538 pag.
914 5470 1037 5524 264.
1116 5472 1159 5501 "
1191 5469 1324 5526 Hist.
1351 5469 1470 5521 (τρι.
1498 5469 1534 5521 1.
1559 5487 1609 5529 v,
1636 5486 1682 5520 r..
1714 5467 1800 5519 56.

272 5532 308 5565 "
346 5536 459 5593 Lib.
487 5555 578 5598 vn,
603 5523 779 5607 epist:
795 5523 881 5591 δῖ.

1878 5469 1923 5499 ⁷³
1947 5468 2414 5541 Yid.Prommium
2450 5469 2580 5524 Hist.
2601 5472 2722 5523 ωτι.
2802 5472 2848 5502 ⁸⁸⁵
2880 5472 3011 5526 Hist.
3039 5476 3159 5529 evel.
3186 5491 3220 5530 ι.
3246 5494 3299 5541 v,
3325 5493 3373 5530 σε.
3408 5478 3497 5531 39.

958 5540 1098 5612 "Ad
1133 5540 1371 5612 socratis
1401 5537 1903 5612 (listoritunfcrlrs.
2065 5539 2179 5612 hinc
2214 5541 2417 5612 referre
2458 5543 2765 5612 voluerunt,
2786 5541 2880 5592 sed
2911 5545 3090 5598 minus
3116 5537 3359 5612 t'ecle,'ut
3383 5561 3502 5600 mo~

274 5608 376 5659 nuit
424 5608 637 5678 Ittigius
678 5608 751 5661 Dc
792 5608 1035 5663 Biblioth.
1069 5619 1116 5661 et
1158 5609 1367 5664 Catenis
1405 5608 1534 5669 PR,
1564 5624 1615 5676 p.
1655 5607 1774 5662 750.
1852 5608 1897 5639 ⁸³
1929 5608 2048 5662 Vid.
2090 5609 2379 5664 Raronium
2426 5612 2479 5664 in
2504 5610 2788 5676 Annal.,t.
2822 5611 2885 5676 V,
2921 5627 2976 5679 p.
3012 5614 3133 5668 572.
