4048 6174
458 266 561 331 231

1587 263 1965 325 GARNERII
2006 264 2498 326 DISSERTATIO
2535 265 2619 326 Ιῐ.

3609 267 3723 337 232

461 393 572 433 non
593 373 740 446 quod
765 372 1058 429 crederent
1082 386 1221 441 opus
1239 385 1359 425 esse
1383 369 1436 423 id
1472 370 1581 441 agi,
1602 371 1750 440 quod
1777 371 2035 427 Socrates
2064 380 2105 433 Α
2135 373 2282 427 enim
2307 371 2651 443 frequentius
2680 373 2881 444 obiecit
2916 372 3141 445 Cyrillo,
3164 388 3328 444 quam
3363 375 3511 446 quod
3537 376 3607 433 ab
3638 379 3715 436 is-

469 469 917 533 Sozomenusque
965 462 1375 533 pratstitissent,
1409 460 1505 515 sed
1542 470 1604 516 ut
1648 461 1751 516 hac
1803 476 2038 530 occupa-

467 559 619 613 tione
665 556 910 610 animum
954 553 1243 608 scribentis
1286 568 1318 607 a
1350 552 1679 608 calamitatis
1712 552 2041 624 cogitatione

466 648 826 703 abducerent.

537 735 676 789 XVI.
705 732 1113 803 Oportuitvero
1145 733 1285 786 miro
1325 731 1380 786 in
1410 731 1467 787 id
1492 731 1676 789 studio
1706 731 1838 787 ferri
1864 729 2044 786 Theo-

465 828 743 890 doretum,
771 833 830 878 ut
861 823 957 894 qui
1001 839 1096 879 sex
1137 825 1412 880 mensium
1447 824 1626 895 spatio
1662 831 1771 879 tam
1802 823 2042 878 laborio-

462 934 584 976 sam
613 917 894 973 historiam
925 917 1180 972 texuerit.
1207 916 1387 984 Quare
1413 917 1564 971 credi
1584 925 1767 987 posset
1788 931 1926 985 opus
1945 928 2046 984 per

469 1012 650 1064 otium
682 1018 841 1063 antea
875 1009 1180 1073 inchoasse,
1204 1024 1351 1064 nunc
1382 1009 1699 1072 absolvisse,
1724 1008 1832 1063 nisi
1860 1016 2047 1063 texen-

468 1101 553 1157 dae
586 1101 828 1156 historiae
858 1100 1079 1154 modum
1124 1101 1409 1163 tenuisset,
1445 1100 1539 1170 qui
1578 1114 1688 1154 non
1722 1099 2046 1154 diuturnum

468 1192 711 1262 exigeret
733 1202 947 1261 tempus
972 1192 1041 1245 ab
1072 1191 1293 1245 homine
1326 1207 1510 1246 rerum
1549 1192 1757 1247 sciente
1786 1198 1842 1246 et
1863 1205 2048 1261 prom-

467 1291 564 1352 pto
591 1282 837 1337 scribere
874 1299 887 1335 :
927 1281 1096 1337 totius
1121 1280 1269 1335 enim
1306 1297 1433 1351 pars
1456 1281 1657 1345 media,
1681 1290 1843 1350 atque
1879 1281 2044 1337 etiam

470 1374 666 1443 major,
691 1373 852 1442 plena
879 1380 965 1427 est
1004 1372 1257 1442 epistolis
1286 1373 1580 1445 synodicis,
1611 1372 2047 1442 testimoniisque

469 1462 716 1525 insertis,
749 1476 871 1530 quae
904 1461 1169 1516 brevibus
1198 1461 1607 1516 narrationibus
1622 1469 2043 1516 connectuntur.

543 1554 706 1611 XVII.
738 1553 893 1620 Quod
922 1553 967 1606 si
999 1551 1383 1607 Theodoretus
1411 1552 1479 1606 ad
1518 1551 1874 1607 scribendum
1892 1551 2050 1606 abre-

470 1655 599 1716 ptus
616 1653 701 1700 est
716 1652 849 1700 aestu
873 1643 1178 1714 praefervidi
1206 1643 1431 1700 doloris.
1450 1642 1668 1713 ingenio
1691 1642 1965 1698 abutentis
1982 1641 2047 1697 ad

2143 462 2214 517 tis
2239 478 2493 517 errorum
2523 463 2798 533 magistris
2832 478 3010 527 suam,
3037 463 3151 517 sive
3170 463 3238 517 de
3264 465 3471 519 unione
3496 474 3720 522 natura-

2142 568 2286 619 rum,
2321 554 2435 608 sive
2461 554 2527 608 de
2551 555 2903 625 processione
2938 553 3178 625 Spiritus
3199 554 3394 621 sancti,
3413 555 3718 613 doctrinam

2143 646 2419 715 acceperit
2445 646 2469 700 ?

2215 738 2333 793 XX.
2357 737 2565 809 Opinor
2590 738 2759 810 igitur
2796 736 3184 809 primum.hoc
3210 754 3349 809 opus
3385 738 3717 796 Theodoreti

2144 828 2293 884 aliud
2321 830 2608 885 nihilesse
2630 838 2829 900 praeter
2849 832 2863 850 ‘
2882 829 3169 884 historiam
3190 829 3405 883 Arianae
3426 829 3717 895 hzereseos,

2145 919 2259 975 sive
2289 921 2344 975 in
2371 921 2570 992 seipsa,
2603 921 2717 976 sive
2745 921 2800 975 in
2835 920 3151 992 propagine.
3192 920 3423 985 Deinde,
3456 919 3629 991 ipsam
3651 934 3720 976 eo

2145 1012 2376 1067 consilio
2416 1013 2675 1083 scriptam
2720 1012 2911 1079 fuisse,
2947 1022 3010 1067 ut
3041 1012 3467 1067 ostenderentur
3517 1012 3719 1075 fontes.

2146 1119 2214 1159 ex
2275 1104 2478 1174 quibus
2532 1105 2884 1161 Theodoreto
2930 1106 3254 1161 viderentur
3313 1106 3421 1160 orti
3474 1120 3718 1170 errores,

2146 1210 2284 1264 quos
2305 1194 2593 1266 alliugebat
2616 1195 2937 1251 Catholicis.
2971 1195 3180 1260 Tertio,
3205 1197 3261 1250 in
3294 1194 3534 1259 Arianis,
3561 1196 3723 1250 unio-

2146 1287 2233 1343 nis
2288 1287 2642 1358 hypostatica:
2692 1288 3042 1353 defensores;
3087 1287 3141 1342 in
3187 1287 3427 1342 Eusebio
3471 1287 3725 1343 Nicome-

2147 1376 2347 1441 diensi,
2368 1377 2656 1449 Cyrillum;
2691 1377 2747 1432 in
2781 1378 3079 1434 Athanasio
3102 1387 3264 1449 atque
3279 1378 3443 1433 etiam
3468 1377 3524 1433 in
3553 1376 3725 1450 Chry-

2147 1474 2422 1531 sostomo,
2461 1468 2814 1534 Nestorium;
2860 1469 2996 1523 alios
3022 1467 3254 1523 Nestorii
3279 1468 3486 1523 amicos
3513 1467 3570 1522 in
3601 1467 3724 1523 aliis

2148 1557 2499 1613 adumbratos
2521 1575 2660 1614 esse.
2704 1559 2911 1627 Quarto
2936 1560 3174 1630 denique
3197 1559 3459 1633 Cyrillum
3497 1569 3553 1615 et
3586 1560 3722 1615 Pro-

2150 1649 2295 1703 clum
2326 1649 2381 1702 in
2410 1649 2496 1715 iis,
2514 1650 2608 1720 qui
2626 1651 2921 1706 Diodorum
2940 1650 3259 1706 Tarsensem
3286 1660 3344 1706 et
3371 1651 3722 1706 Theodorum

471 1734 769 1788 vindictam
806 1733 874 1787 de
905 1731 1231 1786 adversariis
1258 1731 1579 1787 sumendam
1600 1731 1666 1796 ⁸⁸,
1704 1732 2046 1786 admirabili-
2077 1735 2120 1790 Β
2148 1739 2620 1808 Mopsuestenum,
2658 1743 2810 1798 velut
2852 1742 3173 1808 haereticos,
3202 1743 3423 1814 scriptis
3454 1743 3721 1814 factisque

473 1827 600 1880 tatis
649 1824 880 1879 multum
934 1823 1175 1878 brevitas
1228 1822 1492 1893 temporis
1547 1822 1762 1876 amittet
1802 1839 1814 1874 :
1857 1832 2046 1876 notum

470 1916 620 1970 enim
670 1915 803 1984 quid
832 1914 1004 1983 possit
1031 1913 1284 1969 facundia
1309 1914 1571 1976 irascens,
1596 1927 1869 1983 quamque
1902 1913 2047 1967 cele-

474 2017 562 2057 res
602 2002 802 2057 habeat
834 2012 1037 2065 motus,
1083 2018 1209 2057 cum
1256 2018 1313 2059 se
1354 2012 1449 2058 aut
1480 2003 1799 2064 ulciscitur,
1832 2012 1927 2057 aut
1955 2003 2050 2057 de-

473 2093 666 2160 fendit,
692 2094 993 2165 praesertim
1019 2094 1062 2148 si
1090 2094 1367 2159 defendit,
1406 2095 1481 2150 ita
1513 2102 1572 2149 ut
1598 2110 1850 2166 regerere
1875 2095 2050 2165 possit

472 2186 768 2242 artiﬁciose
791 2187 999 2243 crimen
1026 2188 1080 2242 in
1107 2186 1465 2243 adversarios.

550 2300 736 2356 XVIII.
774 2301 955 2370 Atque
1000 2301 1118 2355 luec
1155 2316 1319 2355 causa
1357 2307 1442 2355 est
1492 2315 1602 2355 non
1651 2299 2046 2370 improbabilis,

474 2392 621 2448 unde
657 2400 737 2448 tot
781 2391 1239 2447 hallucinationes
1268 2390 1543 2446 historiae
1583 2390 1851 2461 originem
1882 2390 2049 2445 duxe-

475 2487 589 2541 rint
620 2504 633 2539 :
662 2484 936 2555 siquidem
967 2499 1209 2554 praeceps
1241 2490 1296 2538 et
1329 2482 1679 2538 turbulentus
1708 2482 1926 2537 animus
1958 2497 2048 2537 so-

472 2577 551 2635 let
574 2577 678 2632 sibi
714 2576 883 2647 magis
910 2591 1075 2646 quam
1110 2575 1233 2630 aliis
1265 2575 1585 2641 attendere;
1612 2575 1854 2644 dumque
1892 2583 2046 2629 motu

476 2682 579 2724 suo
627 2668 920 2738 abripitur,
950 2666 1004 2721 in
1034 2665 1307 2738 adiunctis
1330 2681 1511 2721 rerum
1546 2666 2050 2738 circumspiciendis

477 2760 688 2814 haerere
704 2772 815 2811 non
839 2765 1044 2828 potest.

545 2868 688 2923 XIX.
743 2869 861 2924 Jam
908 2882 1043 2922 vero
1084 2866 1231 2938 quod
1287 2876 1515 2938 prepter
1550 2866 1836 2922 levandam
1882 2868 2049 2922 animi

477 2959 863 3032 aegritudinem
903 2957 1283 3014 Theodoretus
1311 2957 1384 3014 ad
1423 2958 1772 3014 scribendum
1807 2975 2052 3015 accesse-

2150 1832 2540 1898 traduxissent,
2574 1833 2736 1888 tacite
2774 1843 2906 1890 tunc
2929 1834 3127 1901 refelli,
3164 1849 3289 1890 cum
3312 1843 3542 1904 uterque
3570 1835 3723 1890 velut

2152 1923 2277 1979 fidei
2305 1924 2561 1980 defensor
2594 1926 2874 1982 inducitur
2888 1928 2954 1981 ⁸⁸.

2218 2012 2359 2066 XXI.
2384 2013 2588 2069 Horum
2620 2021 2855 2084 quatuor
2872 2016 3148 2086 opinionis
3169 2031 3303 2072 mea;
3334 2016 3573 2087 capitum
3613 2017 3726 2087 pri-

2150 2122 2300 2161 mum
2329 2107 2485 2162 facile
2506 2107 2609 2162 sibi
2640 2108 2994 2177 persuadebit
3026 2109 3093 2173 is,
3126 2108 3219 2178 qui
3241 2108 3371 2164 totis
3388 2109 3629 2178 quinque
3652 2107 3723 2161 li-

2149 2194 2263 2250 bris
2281 2195 2428 2249 aliud
2458 2197 2595 2250 nihil
2626 2211 2725 2266 per
2747 2212 2810 2251 se
2834 2198 3053 2252 tractari
3076 2198 3390 2260 adverterit,
3415 2214 3579 2267 quam
3602 2212 3724 2267 quae

2150 2285 2217 2339 ad
2266 2285 2499 2340 haeresin
2526 2286 2782 2340 Arianam
2825 2288 3160 2356 spectant".
3213 2287 3345 2356 Quae
3375 2289 3520 2343 enim
3553 2290 3722 2344 attin-

2150 2385 2352 2448 guntur
2383 2388 2664 2449 przeterca,
2697 2378 2941 2449 episodia
2984 2380 3230 2450 quasdam
3260 2387 3418 2445 sunt,
3446 2394 3548 2435 nec
3592 2395 3721 2452 pro-

2150 2469 2279 2534 lixa,
2319 2485 2422 2524 nec
2447 2469 2774 2539 frequentia.

2212 2583 2378 2638 XXII.
2407 2584 2671 2638 Narratur
2698 2583 2754 2637 in
2787 2583 2931 2637 libro
2961 2583 3137 2653 primo
3156 2623 3171 2648 ,
3199 2598 3309 2653 quo
3339 2598 3522 2639 rerum
3556 2592 3722 2650 statu,

2150 2690 2263 2745 quo
2303 2676 2360 2730 in
2403 2677 2545 2740 loco,
2593 2675 2817 2730 haeresis
2854 2675 3074 2739 Ariana,
3101 2674 3342 2745 quando,
3365 2691 3475 2745 quo
3500 2685 3724 2746 parente

2149 2776 2278 2822 nata
2302 2767 2391 2831 sit,
2433 2783 2569 2836 quas
2602 2777 2786 2836 partes
2821 2765 3097 2831 habuerit,
3146 2782 3283 2837 quas
3318 2767 3722 2832 conversiones,

2151 2875 2394 2930 quasque
2424 2859 2657 2915 diversis
2689 2860 3029 2930 temporibus
3068 2859 3287 2923 formas,
3317 2875 3349 2914 a
3389 2860 3590 2929 quibus
3619 2858 3724 2914 im-

2152 2961 2407 3023 pugnata,
2441 2968 2578 3022 quas
2608 2953 2841 3008 moverit
2868 2961 2924 3007 et
2950 2961 3181 3022 quantas
3209 2953 3417 3017 turbas,
3451 2953 3726 3022 quomodo

479 3054 573 3116 rit;
593 3051 748 3107 facile
766 3050 1002 3121 probant
1024 3050 1267 3105 conditio
1297 3060 1603 3121 temporum
1625 3049 1694 3114 ³⁸,
1722 3050 2053 3106 Theodoreti
2081 3063 2125 3121 (ζ
2155 3041 2347 3095 Μαωέ
2396 3040 2651 3095 damnaui
2690 3041 2791 3107 Sil;
2827 3050 3030 3110 quanta
3064 3043 3238 3112 Diei-35
3282 3041 3627 3097 Constantini
3667 3043 3726 3097 in

478 3145 779 3216 ingenium,
819 3151 875 3198 et
909 3143 1023 3213 ipsa
1061 3144 1248 3208 etiam,
1289 3143 1332 3198 si
1367 3144 1529 3214 paulo
1569 3143 1832 3199 attentius
1877 3143 2057 3198 consi-

479 3234 724 3299 deretur,
762 3234 1013 3289 historia.
1040 3233 1175 3288 Nam
1225 3233 1547 3288 incredibile
1586 3249 1698 3288 non
1736 3241 1821 3287 est
1855 3241 2057 3305 myste-

482 3324 548 3379 rii
590 3325 840 3379 nonnihil
871 3324 925 3378 in
959 3341 1023 3380 ea
1043 3325 1214 3380 latere
1234 3365 1249 3387 ,
1286 3340 1390 3379 nec
1416 3325 1534 3380 sine
1559 3325 1868 3395 conquisita
1899 3324 2055 3379 calli-

479 3416 607 3471 dius
627 3431 812 3480 causas
840 3414 1127 3470 exordium
1166 3414 1292 3468 duci
1321 3414 1389 3468 ab
1416 3424 1542 3469 ortu
1563 3415 1788 3471 haeresis
1817 3415 2053 3477 Arianae,

481 3507 781 3562 terminum
808 3506 939 3577 poni
967 3506 1023 3560 in
1054 3504 1324 3559 Theodoti
1372 3505 1759 3575 Theodorique
1796 3508 1973 3570 obitu,
2002 3506 2056 3560 id

479 3607 586 3663 est,
621 3598 674 3651 in
705 3606 954 3667 tempore
1001 3610 1111 3664 quo
1152 3595 1439 3671 Nestorius
1479 3595 1724 3651 Sisinnio
1780 3596 1835 3650 in
1871 3596 2057 3651 sedem

483 3687 638 3742 urbis
681 3685 842 3756 regiae
880 3682 1164 3739 successit.
1218 3683 1353 3739 Nam
1396 3699 1519 3739 cum
1577 3685 1801 3740 haeresis
1848 3685 2059 3759 Ariaua;

481 3776 797 3833 exstiterint
840 3784 1024 3846 partes
1049 3773 1204 3828 duae:
1248 3775 1439 3839 altera,
1468 3790 1590 3844 quae
1615 3773 1892 3829 Christum
1935 3790 2060 3844 per-

483 3868 689 3925 fectum
717 3881 840 3921 esse
878 3867 1083 3932 Deum;
1118 3865 1324 3930 altera,
1357 3864 1477 3935 qua:
1524 3866 1829 3936 perfectum
1883 3866 2059 3920 homi-

484 3972 609 4012 nem
640 3962 864 4026 negaret
896 3972 910 4008 :
940 3954 1322 4011 Theodoretus
1350 3955 1525 4010 videri
1560 3964 1738 4026 potest
1773 3956 2057 4024 utriusque

484 4050 657 4122 partis
703 4049 990 4106 historiam
1035 4066 1204 4121 opera
1258 4066 1366 4105 una
1404 4051 1641 4107 voluisse
1692 4066 2055 4122 componere;

482 4141 581 4198 sed
605 4140 804 4211 prioris
834 4155 1050 4204 revera,
1102 4133 1427 4210 posterioris
1460 4142 1610 4196 velut
1642 4140 1696 4195 in
1725 4140 1980 4211 imagine,
2002 4150 2059 4195 et

406 4292 413 4302 ,
485 4232 908 4300 αἰνιγματικῶς.
956 4231 1142 4286 Potest
1181 4230 1345 4286 etiam
1377 4232 1574 4298 videri,
1623 4231 1754 4287 dum
1803 4232 2055 4288 Arianam

486 4316 721 4378 h’aaresin
757 4323 920 4393 282
944 4322 1228 4387 describit,
1260 4324 1571 4389 ostendere,
1605 4341 1742 4395 quas
1791 4341 1892 4380 suo
1917 4337 2056 4381 tem-

2155 3131 2282 3194 lidc,
2313 3146 2438 3186 cum
2480 3132 2742 3187 adversus
2771 3133 3002 3187 Arianos
3026 3133 3248 3197 tuenda,
3284 3142 3396 3187 tum
3433 3134 3577 3204 apud
3606 3134 3730 3189 inﬁ—

2154 3222 2304 3278 deles
2328 3224 2710 3294 propaganda;
2734 3234 2868 3294 quot
2901 3232 3081 3279 tamen
3109 3225 3490 3281 hatreticorum
3517 3226 3726 3281 fraudi-

2153 3314 2260 3370 bus
2291 3324 2484 3386 captus
2507 3315 2612 3380 sit;
2652 3316 2747 3385 qui
2776 3315 2962 3371 obitus
2987 3315 3137 3383 Arii;
3161 3317 3254 3387 qui
3282 3326 3339 3373 et
3367 3334 3598 3388 quarum
3625 3319 3729 3374 Ec-

2156 3405 2445 3459 clesiarum
2473 3405 2715 3475 episc0pi
2733 3405 2949 3461 Arianis
2982 3406 3236 3471 laverint,
3265 3417 3360 3462 aut
3383 3408 3726 3473 obstiterint;

2157 3505 2361 3565 quanta
2395 3512 2587 3566 passus
2613 3496 2943 3554 Athanasius
2965 3537 2980 3561 ,
3020 3498 3088 3552 ab
3116 3498 3237 3569 ipso
3264 3500 3429 3554 etiam
3458 3498 3727 3555 Constan-

2159 3585 2294 3651 tino,
2340 3602 2443 3655 pro
2470 3586 2635 3641 Verbi
2662 3586 2978 3663 divinitate;
3017 3604 3140 3657 quae
3187 3587 3242 3641 in
3266 3586 3457 3642 exsilia
3478 3588 3727 3657 ejectus;

2156 3691 2320 3745 quam
2337 3678 2497 3748 283
2518 3678 2605 3747 pie
2622 3677 3012 3733 Constantinus
3028 3677 3246 3734 abierit.
3269 3678 3448 3749 Atque
3463 3677 3579 3732 haec
3597 3693 3728 3748 syn—

2157 3770 2305 3839 opsis
2337 3770 2463 3824 libri
2499 3770 2681 3840 primi.

2231 3884 2416 3939 XXIII.
2457 3884 2744 3939 Secundus
2781 3885 3027 3939 continet
3065 3885 3141 3939 rei
3181 3886 3397 3941 Arianae
3438 3883 3727 3939 historiam

2157 3974 2261 4029 sub
2296 3974 2622 4029 Constantio
2664 3992 2677 4029 :
2714 3982 2969 4029 narratur
3008 3978 3157 4031 enim
3194 3975 3405 4044 primus
3444 3973 3728 4029 Athanasii

2156 4063 2544 4119 Alexandriam
2571 4081 2602 4120 e
2634 4065 2826 4121 Galliis
2868 4065 3098 4130 reditus,
3144 4074 3260 4120 tum
3293 4065 3598 4121 Constantii
3624 4065 3732 4118 im-

2156 4155 2429 4222 peratoris
2461 4154 2697 4211 defectio
2735 4171 2765 4210 a
2800 4156 2906 4210 fide
2938 4156 3237 4219 catholica,
3277 4156 3520 4211 secunda
3555 4155 3729 4210 Atha-

2157 4244 2295 4299 nasii
2331 4244 2612 4315 relegatio,
2640 4246 2903 4317 Paulique
2920 4246 3511 4317 Constantinopolitani
3532 4249 3732 4318 ejectio

2159 4332 2214 4386 in
2231 4334 2427 4388 urbem
2445 4333 2727 4389 Cucusum
2761 4352 2774 4387 :
2804 4344 2993 4404 postea
3015 4335 3315 4390 Macedonii
3336 4336 3582 4399 haeresis,
3606 4351 3731 4407 qua:

486 4428 621 4482 pore
645 4427 867 4482 serpere
890 4411 1139 4482 putabat,
1174 4412 1346 4482 ipsius
1372 4413 1718 4483 propagines,
1744 4414 1798 4468 id
1821 4425 1925 4479 est,
1962 4415 2057 4469 de—
2090 4397 2132 4453 ί)
2158 4420 2373 4475 Arianae
2396 4422 2632 4486 soboles,
2655 4397 2879 4478 exortus
2903 4441 2917 4489 ;
2945 4440 3065 4494 quae
3086 4424 3139 4479 in
3157 4425 3392 4479 concilio
3413 4397 3729 4480 Sardicensi

485 4514 796 4560 monstrare
828 4505 884 4559 in
908 4504 1059 4569 Ario,
1086 4506 1376 4571 Eunomio,
1421 4507 1756 4576 Apollinario
1791 4516 1847 4563 et
1876 4508 2053 4564 Mace—

484 4595 672 4654 donio.
701 4595 852 4650 velut
884 4595 939 4649 in
974 4597 1312 4666 parentibus,
1360 4596 1624 4668 Cyrillum
1654 4608 1711 4654 et
1744 4598 2056 4655 Catholicos

487 4685 709 4740 unionis
737 4686 1115 4741 substantialis
1159 4687 1499 4755 defensores,
1539 4704 1678 4759 quos
1714 4689 2053 4754 traducebat,

484 4777 637 4832 velut
675 4775 942 4844 eiusmodi
995 4777 1231 4846 pestium
1281 4777 1424 4834 ﬁlios
1473 4790 1569 4835 aut
1606 4788 1853 4849 nepotes.
1912 4780 2056 4846 Quid

2160 4525 2309 4582 gesta
2335 4512 2470 4579 sint;
2500 4514 2632 4583 quid
2653 4513 2959 4569 Antiochia:
2976 4515 3163 4569 Ariani
3191 4514 3457 4570 adversus
3478 4516 3730 4586 Euphra-

2164 4611 2279 4655 tum
2324 4612 2381 4656 et
2433 4603 2779 4657 Vincentium
2825 4602 3032 4667 moliti;
3100 4601 3377 4670 quomodo
3421 4602 3733 4671 Stephanus

2162 4692 2540 4747 Antiocheuus
2582 4692 2818 4747 Arianus
2849 4692 3129 4763 dejectus;
3176 4692 3455 4761 quomodo
3492 4692 3736 4746 Athana-

2166 4783 2283 4839 sius
2312 4784 2511 4840 iterum
2542 4783 2771 4840 redierit
2803 4784 2872 4839 ab
2910 4783 3135 4847 exsilio,
3181 4793 3239 4839 et
3268 4784 3492 4839 tertium
3520 4783 3735 4854 ejectus

1823 4948 2142 5004 SCllULle
2181 4951 2414 5009 NOTAE.

559 5090 601 5122 "
625 5089 701 5143 Ita
737 5089 1036 5143 Gamerius
1058 5084 1306 5157 praeludit
1330 5085 1639 5159 hypothesi,
1672 5101 1832 5156 quam
1863 5089 1889 5157 ᾗ
1933 5089 1998 5143 l9
2023 5100 2075 5143 et
2112 5090 2202 5153 20,
2257 5094 2582 5159 Expromere.
2625 5091 2771 5146 haud
2837 5093 3126 5148 dubitavit.

3226 5094 3271 5125 ⁸⁵
3300 5093 3409 5146 Soli
3464 5090 3737 5146 Camerio

489 5158 576 5235 hac
597 5160 897 5235 levissimae
912 5156 1329 5235 coniector-tem
1349 5156 1585 5226 probare
1605 5156 1921 5235 potuerunt.
1955 5161 2002 5235 εξ
2021 5162 2251 5235 Somnia
2268 5156 2384 5235 mea
2410 5161 2814 5235 digerispotius
2828 5178 2990 5232 quam
3007 5167 3346 5235 conjecturas
3372 5163 3490 5235 vir_o
3514 5161 3735 5215 erudito

490 5228 698 5301 digna_s.
720 5224 1506 5301 Vid._Dupinii_BibliothLaut.
1537 5225 1685 5301 εςςζη
1715 5228 1868 5301 t.__lV,
1897 5245 1947 5298 p.
1974 5231 2061 5292 94,
2092 5224 2182 5294 95,
2210 5240 2265 5285 et
2294 5231 2457 5300 Ittigii
2480 5224 2644 5285 [διηθΐῖ
2664 5232 2729 5285 ad
2759 5224 2894 5287 Hist.
2921 5224 3126 5297 eodem:
3150 5249 3346 5292 suae",
3369 5247 3425 5301 p.
3445 5232 3607 5299 8seq.
3632 5247 3737 5284 nec

490 5295 598 5350 non
633 5297 705 5349 De
729 5295 1276 5369 BibliqtﬁhletCatenis
1300 5295 1433 5358 PR,
1466 5311 1519 5365 p.
1554 5296 1674 5369 7:29.
1749 5298 1793 5328 ⁸⁷
1824 5299 1877 5354 Si
1898 5295 1998 5354 ivel
2026 5302 2258 5355 maxime
2283 5295 2409 5355 haec
2424 5301 2497 5353 ita
2527 5317 2584 5355 se
2615 5302 2898 5367 haberent,
2926 5295 3117 5356 tamen
3137 5295 3387 5358 Garnerii
3417 5295 3736 5369 hypot'hesis

530 5382 683 5442 arum
704 5367 938 5442 βροτεξὶᾷῇ
970 5367 1097 5420 inde
1118 5376 1302 5442 petere
1321 5360 1523 5435 posset.
1558 5366 1879 5442 Cn|u__euim
1906 5370 2307 5433 Theodoretus,
2333 5378 2393 5424 ut
2425 5371 2539 5442 ipse
2566 5372 2603 5425 l.
2633 5388 2686 5433 v,
2718 5387 2765 5425 c.
2799 5360 2897 5436 59,.
2922 5382 3174 5437 testatur,
3201 5360 3734 5442 scribendi'initium

511 5437 686 5511 'ecerit
710 5436 777 5511 ab
803 5436 916 5511 Arii
947 5437 1188 5511 vesania,
1211 5436 1323 5511 haec
1351 5445 1531 5491 autem
1559 5452 1658 5506 pro
1681 5437 1916 5511 diversis
1943 5441 2354 5509 imperatorum,
2383 5436 2708 5505 aulicorum,
2736 5442 3119 5511 episcoporum
3149 5436 3367 5502 Studiis,
3389 5440 3532 5511 ultra
3564 5454 3738 5511 stron-

490 5504 605 5559 lutn
650 5507 943 5580 Ecclesium
971 5506 1288 5580 turbaverit,
1327 5520 1436 5558 non
1475 5504 1740 5580 estquod
1774 5504 2070 5580 mirentur,
2110 5511 2433 5580 scriptorem
2468 5504 2734 5575 nostrum,
2765 5504 2886 5564 cum
2919 5504 3136 5567 centum
3183 5522 3237 5566 ct
3275 5509 3421 5580 quod
3468 5509 3733 5580 excurrit.

492 5588 776 5650 annorum
809 5575 1089 5650 historiam
1125 5575 1410 5650 scriberet,
1449 5577 1660 5650 nonad
1704 5577 2006 5644 primordia
2034 5575 2241 5633 tantum
2275 5580 2588 5647 Arianisnti,
2618 5581 2711 5634 scd
2744 5582 2813 5637 ad
2868 5583 3176 5637 universam
3230 5575 3349 5650 ejus
3414 5578 3734 5648 progeniem

496 5644 711 5712 plenius
744 5644 1156 5701 describendam
1197 5644 1445 5709 animum
1493 5646 1779 5714 adjecissc.
