4040 6172
300 254 401 320 233

1459 243 1554 307 DE
1594 249 1799 307 LIBRI
1809 250 1847 306 S
1883 248 2388 309 TIIEODORETI.

3442 250 3542 314 234

300 369 533 442 fugerit;
554 376 759 436 quanta
790 365 939 419 rabie
965 361 1137 434 ipsius
1166 364 1351 417 sedem
1381 363 1582 432 impius
1604 362 1872 434 Georgius
1902 367 1948 423 A
2046 363 2232 419 XXVI.
2268 364 2502 431 Quintus
2533 372 2733 419 statum
2772 366 2994 420 haeresis
3018 366 3250 431 Arianaz,
3278 368 3541 422 duarum-

298 461 585 524 invaserit,
633 468 687 514 et
729 457 1150 512 Alexandrinam
1201 454 1501 509 Ecclesiam
1540 454 1868 519 vastavcrit;

296 552 499 622 quibus
537 550 867 605 Arianorum
912 548 1125 601 artibus
1168 555 1418 600 coactum
1463 545 1534 599 sit
1575 545 1869 607 concilium

294 642 699 696 Mediolancnse
722 640 1048 694 Arianorum
1078 646 1269 691 contra
1306 638 1701 701 Athanasium;
1739 635 1869 705 quid

292 732 554 786 Liberius
581 747 723 801 papa
758 746 883 784 cum
912 728 1233 784 Constantio
1267 728 1600 796 imperatore
1630 727 1869 779 collocu-

292 832 416 885 tus;
443 820 723 891 quomodo
747 828 800 873 et
820 821 1025 889 ejectus
1044 818 1115 871 sit
1140 819 1194 871 in
1220 817 1498 879 exsilium,
1524 824 1579 869 et
1612 814 1867 880 redierit;

293 922 485 982 postea
520 914 590 965 de
623 910 858 965 concilio
887 908 1243 971 Ariminensi,
1274 907 1442 976 impia
1476 906 1712 960 formula
1746 906 1873 959 ﬁdei

291 1003 490 1056 Niczeaz
512 1001 760 1055 Thracia:
781 1000 1072 1063 fabricata;
1098 997 1355 1068 synodica
1375 997 1611 1057 Damasi,
1637 996 1874 1049 Athana-

289 1093 475 1161 siique
507 1090 741 1160 epistola
771 1105 938 1158 super
972 1086 1207 1142 concilio
1234 1086 1607 1150 Ariminensi;
1656 1084 1871 1138 Leontii

290 1182 628 1237 Antiocheni
661 1180 847 1234 Ariani
872 1178 1084 1232 artibus
1106 1177 1173 1231 ad
1198 1175 1466 1230 fallendos
1495 1176 1685 1230 ﬁdeles
1710 1192 1723 1239 ;
1759 1175 1871 1227 Eu-

287 1275 469 1335 doxii,
510 1274 607 1342 qui
658 1271 889 1327 Leontio
937 1268 1220 1332 successit,
1260 1267 1507 1336 professa
1549 1265 1870 1333 impietate;

288 1365 535 1417 concilio
565 1366 763 1417 iterum
792 1362 986 1415 Nicaeae
1011 1368 1347 1423 convocato;
1378 1357 1445 1411 de
1478 1357 1714 1410 concilio
1740 1354 1871 1408 item

288 1455 563 1509 Seleuciae
594 1453 814 1507 Isauria:
851 1452 1077 1514 habito;
1131 1451 1198 1503 de
1232 1448 1376 1503 Aetii
1411 1446 1659 1501 Anomuei
1702 1445 1874 1500 initiis

289 1555 353 1598 et
390 1544 890 1609 condcmnatione;
932 1543 1000 1596 de
1044 1542 1513 1595 Eunomianorum
1550 1539 1618 1592 ab
1656 1537 1874 1591 Arianis

292 1637 640 1691 discessione
662 1654 677 1700 ;
702 1636 772 1689 de
795 1634 1000 1689 Iacobo
1032 1632 1296 1686 Nisibeno
1316 1646 1414 1700 per
1434 1629 1833 1699 digressionem
1856 1644 1869 1691 ;

292 1727 366 1780 de
392 1727 631 1780 concilio
667 1726 886 1779 tandem
917 1724 1283 1786 Antiocheno,
1317 1721 1370 1774 in
1394 1736 1503 1789 quo
1528 1720 1779 1774 Mcletius
1806 1719 1874 1772 ab

290 1818 518 1871 Arianis
548 1825 778 1869 vexatus
812 1824 896 1869 est
921 1831 935 1879 ;
963 1814 1031 1867 de
1056 1812 1298 1867 Eusebio
1324 1810 1692 1865 Samosatensi
1717 1810 1874 1865 Aria-

293 1924 495 1962 norum
519 1908 699 1969 hoste,
721 1915 775 1959 et
792 1905 947 1959 obitu
969 1903 1274 1959 Constantii
1297 1902 1614 1956 eorumdem
1636 1900 1873 1970 patroni.

366 1997 558 2051 XXIV.
626 1995 845 2050 Tertius
904 1993 1258 2063 prosequitur
1320 1990 1611 2059 imperium
1673 1989 1876 2044 Juliani

290 2084 597 2152 Apostatae,
637 2098 747 2151 quo
784 2081 1103 2136 dominante
1177 2082 1268 2134 vix
1322 2079 1595 2148 respirare
1653 2079 1876 2148 quidem

294 2174 506 2227 licebat
532 2172 881 2235 Christianis,
904 2171 1199 2241 gentilibus
1228 2171 1487 2225 audacter
1520 2170 1831 2224 furentibus
1862 2187 1873 2221 :

298 2280 434 2318 ausa
465 2271 551 2317 est
582 2272 763 2316 tamen
797 2262 1096 2315 identidem
1136 2261 1380 2323 bzeresis,
1413 2269 1658 2329 cognatae
1684 2259 1877 2328 impie-

298 2356 426 2410 tatis
452 2355 531 2407 uti
564 2353 831 2422 potentia,
857 2353 923 2406 ad
951 2353 1264 2407 Catholicos
1289 2352 1659 2407 insectandos.
1692 2352 1752 2405 In
1773 2352 1878 2406 hoc

294 2444 464 2512 igitur
527 2442 714 2503 libro,
786 2450 907 2510 post
977 2442 1283 2510 descriptos
1320 2442 1520 2495 Juliani
1580 2456 1760 2495 mores
1823 2448 1879 2493 et

299 2545 564 2589 enarrata
608 2534 796 2597 initia,
834 2534 1070 2587 refertur
1106 2534 1489 2601 episcoporum
1520 2532 1773 2585 exsilium
1808 2530 1877 2584 ab

294 2626 518 2682 Arianis
532 2640 820 2695 passorum
850 2624 1077 2687 reditus,
1099 2623 1308 2677 Paulini
1338 2621 1665 2676 Antiocheni
1686 2620 1876 2675 catho-

294 2719 386 2772 lici
415 2718 720 2779 ordinatio,
752 2716 1035 2786 gentilium
1071 2717 1127 2769 in
1158 2714 1496 2769 Christianos
1521 2713 1692 2777 furor,
1717 2727 1880 2781 quar-

294 2818 527 2879 tumque
582 2808 865 2863 Athanasii
930 2808 1204 2862 exsilium.
1274 2806 1405 2872 Quaa
1468 2812 1879 2874 consequuntur

300 2917 471 2970 usque
497 2902 566 2955 ad
604 2901 788 2965 ﬁnem,
809 2902 862 2953 in
893 2900 1090 2954 Juliani
1123 2900 1427 2972 tyrannide,
1460 2909 1772 2954 sanctorum
1809 2897 1878 2951 de

1976 471 2081 524 que
2122 456 2293 525 ipsius
2331 458 2710 527 propaginum,
2751 457 3171 526 Apollinarianu:
3205 466 3260 513 et
3296 447 3543 514 Macedo-

1974 545 2149 599 nianm
2174 546 2575 600 damnationem
2596 546 2997 616 complectitur,
3021 548 3291 618 simulque
3315 550 3543 604 immeo-

1974 651 2061 690 sas
2126 636 2419 691 Theodosii
2479 638 2855 707 imperatoris,
2920 638 3195 695 Ambrosii
3274 641 3539 710 episcopi,

1973 726 2198 781 Joannis
2217 727 2610 799 Chrysostomi;
2647 738 2702 783 et
2729 729 3195 783 Antiochcnorum
3221 732 3539 799 przcsulum,

1975 829 2038 871 ac
2071 815 2345 869 Theodori
2368 817 2965 886 Mopsuestenilaudcs.
2994 818 3173 886 Quare
3206 829 3327 888 post
3356 820 3544 874 lauda-

1950 916 2092 961 ‘tum
2119 907 2461 971 Gratianum,
2493 910 2587 978 qui
2611 921 2830 965 mortuo
2855 912 3098 977 Valente,
3133 912 3298 966 totius
3325 912 3540 982 imperii

1975 998 2182 1067 potitus
2210 1007 2314 1063 est,
2344 1000 2553 1053 reditus
2577 1001 2814 1069 primum
2839 1001 3231 1056 catholicorum
3258 1004 3543 1073 episcopo-

1978 1105 2098 1142 rum
2133 1104 2233 1158 pro
2266 1090 2371 1143 ﬁde
2399 1092 2671 1155 exsulum,
2694 1090 3021 1146 Arianorum
3053 1094 3172 1162 lege
3203 1094 3311 1148 lata
3345 1096 3542 1164 ejectio

1976 1185 2227 1230 narratur
2275 1194 2287 1229 :
2332 1186 2446 1231 tum
2497 1180 2789 1247 exponitur
2844 1181 3066 1235 haeresis
3120 1184 3542 1251 Apollinarianze

1978 1273 2207 1333 utraque
2229 1282 2376 1334 pars,
2402 1276 2453 1319 et
2477 1268 2747 1335 posterior
2774 1270 3147 1325 n1aximc.«Ex
3173 1273 3273 1326 hac
3299 1273 3534 1337 radice,»

1977 1355 2154 1423 inquit
2181 1356 2559 1411 Theodoretus
2581 1357 2677 1421 ⁸⁸,ι
2699 1360 2752 1413 in
2779 1361 3040 1415 Ecclesiis
3062 1374 3244 1417 natum
3266 1374 3368 1425 est,
3396 1366 3542 1435 quod

1976 1461 2083 1499 una
2119 1447 2300 1501 carnis
2340 1457 2395 1501 et
2433 1448 2741 1504 divinitatis
2781 1461 2978 1505 natura
3021 1453 3245 1519 dicitur,
3286 1457 3544 1526 quodque

1976 1535 2248 1589 divinitati
2282 1537 2555 1607 Unigeniti
2589 1541 2770 1607 passio
2794 1541 3113 1607 aSCribitur,
3144 1553 3199 1597 et
3227 1545 3329 1599 alia
3360 1546 3414 1599 id
3454 1561 3547 1615 gc~

1975 1641 2101 1690 nus,
2135 1626 2203 1681 de
2233 1628 2436 1697 quibus
2486 1631 2808 1699 populorum
2830 1673 2843 1696 ,
2878 1634 3333 1704 sacerdotumque
3366 1644 3544 1690 certa-

1978 1720 2126 1773 mina
2153 1720 2500 1777 cxstiterunt.
2531 1742 2548 1773 ›
2596 1724 2802 1779 Deinde
2828 1726 3055 1781 Diodori
3085 1729 3369 1784 Tarsensis
3394 1731 3542 1785 ordi-

1977 1811 2148 1875 natio,
2196 1811 2418 1865 Eusebii
2453 1812 2851 1870 Samosatensis
2890 1818 3127 1883 reditus,
3170 1821 3434 1891 factaque
3474 1823 3544 1877 ab

1979 1903 2098 1973 ipso
2120 1904 2491 1958 ordinationes
2509 1906 2937 1972 Catholicorum,
2957 1912 3239 1980 caedesque
3258 1914 3324 1965 ab
3349 1914 3543 1967 Ariana

1977 1994 2209 2049 muliere
2247 1996 2581 2051 describitur
2617 2015 2630 2050 :
2669 1999 2866 2053 deinde
2899 2001 3191 2056 Theodosii
3228 2004 3403 2072 Magni
3438 2005 3542 2057 im-

1977 2090 2247 2158 peratoris
2285 2090 2651 2160 inauguratio,
2692 2093 2937 2146 studium
2974 2109 3074 2163 pro
3101 2094 3226 2159 ﬁde,
3257 2098 3412 2166 cujus
3441 2098 3543 2150 im-

1978 2191 2311 2250 pugnatores
2362 2182 2604 2252 episcopi
2644 2194 2970 2248 censentur;
3038 2186 3255 2240 concilii
3317 2188 3543 2241 secundi

1980 2272 2320 2336 convocatio,
2368 2273 2626 2343 synodica
2666 2271 2732 2325 ad
2778 2273 3066 2327 Damasum
3101 2290 3243 2330 anno
3282 2287 3545 2345 sequente

1980 2362 2167 2427 missa,
2209 2379 2316 2432 qua
2358 2363 2690 2416 damnantur
2724 2364 3073 2418 Macedonius
3108 2375 3162 2420 et
3198 2367 3543 2436 Apollinaris.

1979 2456 2195 2511 Damasi
2220 2456 2483 2511 adversus
2500 2456 2869 2526 Apollinarem
2891 2458 3168 2528 synodica,
3187 2460 3546 2531 ejusdemque

1981 2549 2253 2603 confessio
2285 2549 2351 2603 ad
2384 2549 2672 2603 Paulinum
2700 2549 3050 2603 describitur.
3103 2551 3224 2605 Mox
3254 2553 3544 2621 perstricta

1979 2640 2224 2694 Gratiani
2256 2656 2390 2694 nece
2424 2650 2479 2695 et
2513 2640 2800 2710 tyrannide
2830 2642 3067 2707 Maximi,
3092 2631 3398 2698 instituitur
3424 2662 3548 2699 nar-

1980 2729 2118 2782 ratio
2141 2729 2209 2783 de
2232 2729 2457 2784 Justinm
2484 2730 2664 2784 studio
2692 2745 2819 2799 erga
2846 2730 3100 2795 Arianos,
3126 2732 3409 2802 turbisque
3439 2734 3549 2787 Mc-

1980 2817 2188 2872 diolani
2220 2820 2401 2882 motis,
2424 2836 2488 2873 ac
2512 2820 2727 2874 Maximi
2755 2822 2989 2890 tyranni,
3016 2822 3421 2892 Theodosiique
3449 2825 3547 2876 im-

1982 2909 2253 2977 peratoris
2281 2924 2344 2963 ea
2368 2909 2435 2963 de
2458 2926 2515 2963 re
2535 2910 2764 2979 judicio,
2790 2919 2844 2964 et
2877 2911 2943 2965 de
2966 2911 3258 2966 Theodosii
3286 2913 3549 2968 adversus

302 3000 539 3062 tyranno
583 2991 899 3060 triumphis,
927 2991 1172 3061 ejusdem
1213 2990 1561 3060 expeditione
1588 2991 1643 3044 in
1664 2991 1876 3055 Persas.
1904 3018 1949 3077 α
1980 2997 2214 3052 Arianos
2234 2999 2351 3068 lege
2372 2999 2741 3067 Amphilochii
2764 3001 3021 3068 precibus
3046 3001 3428 3059 editaJ’ostea
3452 3018 3549 3071 per

300 3092 355 3136 et
373 3084 525 3152 justa
552 3082 703 3136 caede
729 3082 1055 3147 enarranda,
1086 3083 1262 3151 posita
1294 3090 1439 3136 sunt.

368 3174 537 3228 XXV.
572 3173 814 3239 Quartus
841 3174 1093 3228 continet
1129 3190 1219 3229 res
1250 3173 1406 3237 ﬁdei,
1448 3189 1568 3243 qua:
1599 3172 1877 3242 regnanti-

304 3266 403 3320 bus
429 3267 614 3320 tribus
646 3282 829 3320 rerum
856 3266 1115 3330 dominis,
1154 3267 1383 3321 Joviano
1424 3265 1645 3334 quidem
1682 3272 1739 3317 et
1772 3264 1877 3317 Va-

300 3355 607 3409 lentiniano
632 3354 949 3420 catholicis,
977 3355 1200 3409 Valente
1229 3364 1409 3409 autem
1437 3354 1640 3407 Ariano
1659 3393 1672 3417 ,
1703 3351 1881 3406 conti-

303 3455 502 3515 gerunt
537 3463 549 3498 :
598 3460 770 3514 quare
813 3454 934 3513 post
967 3452 1395 3498 commemorata
1438 3444 1650 3498 Joviani
1702 3443 1877 3503 initia,

304 3535 539 3589 refertur
572 3536 813 3605 primum
845 3535 1054 3589 reditus
1081 3535 1358 3588 Athanasii
1385 3551 1399 3598 ;
1431 3534 1687 3604 synodica
1714 3532 1878 3603 Egy-

304 3626 466 3695 ptiaci
498 3626 717 3679 concilii
744 3626 809 3679 ad
827 3626 1137 3689 Iovianum,
1170 3625 1492 3694 .Iovianique
1518 3640 1666 3678 mors
1687 3640 1879 3693 repen-

305 3718 413 3770 tina
463 3734 477 3767 :
521 3725 638 3769 tum
690 3716 1051 3769 Valentiniani
1104 3716 1476 3784 inauguratio,
1527 3714 1879 3782 Valentisquc

304 3806 491 3860 fratris
518 3806 573 3858 in
600 3813 909 3859 consortem
934 3806 1083 3875 regni
1113 3807 1433 3874 assumptio,
1460 3805 1734 3859 ordinatio
1754 3804 1881 3857 Am-

302 3897 472 3951 brosii
516 3896 936 3950 Mediolanensis
973 3896 1235 3965 episcopi,
1273 3897 1644 3965 Augustorum
1688 3896 1774 3949 lex
1810 3895 1878 3949 de

302 3990 778 4055 consubstantiali,
801 3991 868 4045 de
882 4005 991 4059 quo
1010 3988 1172 4042 etiam
1193 3987 1433 4057 synodus
1461 3987 1762 4056 Illyriciana
1782 3986 1879 4040 ba-

302 4084 413 4138 bita
433 4092 519 4138 est
538 4102 553 4149 ;
583 4084 959 4138 Audianorum
984 4083 1050 4136 de
1070 4083 1180 4136 Deo
1202 4089 1513 4150 corporato,
1531 4081 1878 4134 Messaliano-

302 4191 421 4229 rum
468 4174 635 4246 284
681 4176 747 4229 de
802 4174 1067 4228 orationis
1126 4172 1316 4227 ﬁctitia
1363 4170 1596 4240 quadam
1649 4170 1873 4233 virtute,

302 4261 529 4317 hazresis
562 4262 883 4326 exordium;
943 4270 1129 4331 postea
1165 4261 1404 4315 Valentis
1442 4260 1787 4329 imperatoris
1820 4258 1873 4311 in

1980 3089 2285 3157 episodium
2331 3089 2506 3143 caedes
2538 3090 3077 3153 Thessalonicensis,
3120 3092 3547 3148 et-Antiochena

1982 3178 2183 3231 seditio
2207 3186 2485 3240 narratur,
2522 3187 2582 3230 ut
2606 3179 2900 3241 Ambrosii,
2919 3188 2975 3232 et
3003 3180 3264 3244 Flaviani,
3288 3182 3545 3236 Theodo—

1981 3268 2158 3338 siique
2183 3269 2439 3322 laudandi
2463 3270 2676 3323 occasio
2700 3271 2948 3338 capiatur
2974 3286 2988 3322 :
3017 3280 3270 3324 narratur
3293 3282 3349 3326 et
3373 3273 3550 3326 idolo-

1982 3375 2101 3412 rum
2148 3358 2589 3427 templornmque
2644 3358 2970 3423 destructio,
3014 3360 3370 3428 Flavianique
3424 3378 3547 3415 cum

1981 3450 2311 3518 imperatore
2338 3448 2631 3502 collocutio
2660 3449 2726 3501 de
2753 3449 3073 3518 episcopatu
3104 3436 3464 3515 Antiodlictto,
3493 3463 3550 3507 et

1981 3539 2359 3594 reconciliatio
2387 3554 2509 3592 cum
2538 3538 3016 3605 Occidentalibus,
3051 3555 3163 3593 rem
3192 3551 3549 3609 promovente

1948 3668 1953 3671 η
1978 3629 2178 3685 Acacio
2200 3646 2214 3694 ;
2237 3628 2466 3697 Eugenii
2491 3630 2755 3699 tyrannis,
2778 3629 3181 3697 Theodosiique
3207 3630 3434 3684 victoria
3468 3640 3550 3685 at-

1979 3739 2088 3792 que
2119 3722 2323 3775 obitus.
2363 3721 2595 3775 Venitur
2630 3722 2829 3777 deinde
2868 3722 2934 3775 ad
2980 3722 3199 3776 Arcadii
3232 3722 3546 3792 imperium,

1980 3823 2177 3876 resque
2206 3808 2601 3877 Chrysostomi,
2629 3809 2828 3877 quibus
2844 3810 3052 3878 prolixe
3082 3811 3361 3878 expositis,
3387 3812 3548 3882 285

1979 3898 2233 3951 laudatur
2274 3906 2329 3953 et
2375 3898 2685 3953 Alexander
2716 3899 3092 3954 Antiochenus
3138 3901 3449 3971 episcopus,
3492 3912 3551 3957 et

1979 3990 2156 4058 pietas
2177 3989 2472 4044 Theodosii
2490 3989 2733 4045 Junioris
2756 4005 2820 4044 ac
2846 4006 3123 4053 sororum,
3148 4000 3203 4045 et
3231 3992 3548 4049 Theodotus

1978 4078 2270 4134 Alexandri
2319 4095 2624 4144 successor,
2677 4080 2769 4149 qui
2805 4080 3221 4150 Apollinaristas
3253 4082 3319 4135 ad
3358 4083 3545 4138 Eccle-

1980 4169 2113 4225 siam
2142 4169 2381 4225 reduxit.
2414 4171 2679 4235 Tandem,
2717 4180 2935 4225 narrata
2964 4186 3062 4239 per
3085 4172 3388 4240 episodium
3414 4174 3539 4226 Per-

1980 4275 2165 4314 sarum
2208 4260 2611 4328 persecutione,
2652 4261 2935 4315 immensis
2973 4260 3227 4315 laudibus
3266 4262 3547 4315 extollitur

301 4350 558 4405 Arianam
584 4352 917 4420 impietatem
941 4352 1157 4420 lapsus;
1186 4349 1311 4403 inde
1335 4357 1645 4425 sanctorum
1663 4346 1875 4411 exsilia,
1909 4341 1951 4395 D
1981 4348 2302 4402 Theodorus
2342 4348 2772 4417 Mopsucstenus,
2823 4364 2886 4401 ac
2934 4348 3057 4401 ﬁnis
3100 4349 3343 4403 historiae
3375 4350 3546 4418 impo-

303 4450 417 4494 tum
461 4441 748 4495 Athanasii
792 4440 1015 4503 obitus,
1065 4439 1210 4493 Petri
1252 4437 1587 4491 successoris
1619 4436 1874 4490 catholici

303 4532 537 4593 vexatio,
588 4530 743 4584 Lucii
797 4529 981 4582 Ariani
1024 4528 1185 4581 Petro
1228 4526 1439 4581 suffecti
1479 4526 1699 4581 infanda
1740 4527 1876 4582 faci—

302 4634 457 4682 nora,
493 4630 547 4672 et
583 4636 614 4672 a
650 4619 1047 4672 Saracenorum
1078 4619 1255 4671 electo
1292 4617 1548 4685 episcopo
1582 4619 1879 4687 reprehen-

300 4711 417 4774 sio;
448 4710 714 4779 deinceps
733 4708 1463 4776 Constantinopolitanorum
1490 4722 1553 4761 ac
1582 4709 1880 4763 Antioche-

299 4816 499 4855 norum
537 4801 779 4856 ﬁdelium
806 4800 1136 4870 persecutio,
1174 4797 1413 4852 Flaviani
1442 4806 1495 4852 et
1531 4799 1755 4853 Diodori
1778 4812 1878 4869 pro

299 4890 404 4945 ﬁde
424 4891 765 4955 sollicitudo,
789 4900 1103 4945 sanctorum
1135 4892 1149 4908 '
1176 4888 1570 4943 monachorum
1594 4904 1719 4943 cum
1745 4891 1881 4946 duo-

298 4983 401 5038 bus
425 4984 514 5037 his
540 4984 667 5037 ﬁdei
703 4982 1082 5037 defensoribus
1115 4980 1482 5049 conspiratio;
1508 4980 1791 5050 Ephremii
1822 4985 1877 5036 in

300 5073 478 5144 Syria,
514 5074 727 5144 Didymi
758 5072 1097 5127 Alexandriae
1117 5112 1131 5135 ,
1164 5070 1462 5124 illustrium
1493 5070 1874 5139 episcoporum

300 5162 356 5217 in
392 5164 616 5218 Pontica
654 5172 711 5217 et
741 5164 961 5226 Asiana,
991 5161 1207 5216 Damasi
1239 5171 1294 5213 et
1324 5161 1598 5214 Ambrosii
1625 5161 1677 5214 in
1714 5160 1872 5217 Occi-

300 5255 486 5318 dente,
530 5271 630 5324 pro
667 5255 773 5308 ﬁde
811 5255 1024 5309 sincera
1062 5252 1340 5317 studium;
1369 5251 1604 5321 denique
1635 5253 1875 5307 Valentis

301 5347 581 5415 expeditio
602 5358 659 5401 et
681 5348 877 5409 caedes,
900 5346 1312 5413 Gothorumquc
1334 5344 1399 5397 ad
1422 5344 1679 5398 Arianam
1705 5345 1875 5399 Incre-

303 5437 385 5491 sin
422 5438 705 5492 abductio.

1978 4440 2146 4492 nitur.

2050 4529 2262 4584 XXVII.
2292 4528 2429 4582 Cum
2461 4543 2525 4583 ea
2567 4527 2635 4581 sit
2668 4526 2805 4580 ratio
2846 4529 3051 4596 Operis,
3100 4528 3245 4595 quod
3291 4542 3545 4583 recense-

1982 4632 2124 4680 mus,
2164 4616 2390 4679 nemini,
2418 4615 2635 4685 opinor,
2661 4615 2936 4669 historica:
2958 4616 3091 4668 artis
3114 4615 3292 4683 perito
3315 4615 3544 4670 dubium

1981 4715 2084 4772 est,
2121 4708 2253 4776 quin
2280 4722 2405 4761 vere
2431 4706 2654 4760 inscribi
2691 4706 2887 4761 debeat
2920 4706 3186 4761 ereseos
3218 4707 3434 4760 Ariane
3462 4709 3544 4761 ἠξ-

1979 4798 2165 4850 storia.
2188 4796 2321 4850 Nam
2351 4811 2417 4849 ex
2450 4796 2585 4850 artis
2621 4802 2913 4864 prmeepto,
2948 4795 3125 4864 primo
3161 4794 3334 4864 ipsius
3363 4795 3545 4849 omnia

1977 4897 2411 4959 pertractantur;
2437 4888 2635 4942 deinde
2663 4896 2878 4951 cuncta,
2905 4902 3025 4956 qua:
3044 4888 3386 4956 attinguntur
3417 4887 3543 4951 alia,

1977 4977 2045 5030 ad
2077 4975 2323 5031 eamdem
2355 4976 2686 5031 referuntur.

2052 5067 2287 5121 XXVIII.
2338 5068 2456 5122 Jam
2507 5082 2640 5120 vero
2687 5066 2970 5122 historiam
3017 5065 3156 5118 hanc
3202 5080 3270 5119 eo
3319 5066 3548 5122 consilio

1983 5158 2241 5227 scriptam
2265 5174 2404 5221 esse,
2438 5166 2498 5211 ut
2524 5156 2909 5211 ostenderetur
2928 5154 3081 5209 radix
3101 5169 3376 5218 errorum,
3411 5171 3550 5225 quos

1982 5248 2085 5301 sibi
2115 5249 2263 5302 visus
2288 5258 2372 5302 est
2406 5248 2785 5301 Theodoretus
2812 5246 2866 5300 in
2903 5246 3121 5316 scriptis
3163 5249 3333 5301 sancti
3363 5246 3548 5319 Cyriili

1980 5340 2191 5403 videre,
2230 5339 2375 5393 facili
2408 5337 2625 5408 negotio
2656 5336 2961 5391 conﬁcitur.

2054 5428 2242 5482 XXIX.
2281 5429 2547 5482 Docuerat
2571 5426 2808 5497 Cvrillus
2840 5428 2981 5481 inter
3015 5428 3201 5485 ambas
3222 5428 3423 5484 Christi
3454 5444 3549 5483 na-

1595 5564 1913 5622 SCHULZII
1962 5562 2189 5619 ΝΟΤᾸΞ.

367 5668 413 5700 ⁸⁸
444 5668 582 5722 Hist.
622 5666 803 5720 ecrlcs.
856 5667 889 5720 l.
940 5684 991 5727 v,
1028 5681 1075 5718 c.
1114 5666 1165 5718 5.

494 5768 503 5783 "
537 5765 807 5825 PATROL.
850 5764 963 5822 Gn.
996 5762 1301 5831 LXXXIV.
