4024 6152
486 146 598 208 235

1623 139 2000 201 GARNERII
2034 139 2531 202 DISSERTATIO
2570 142 2651 200 II.

3650 130 3744 194 236

488 269 641 312 turas
671 254 1015 311 intercedere
1040 253 1236 308 ἕνωσιν
1260 251 1493 322 φυσικὴν
1517 257 1574 305 et
1601 249 1725 304 καθ’
1748 249 2065 313 ὑπόστασιν,

2241 250 2485 322 Uterque
2525 247 2832 306 divinitatis
2882 246 3048 304 Verbi
3100 241 3616 300 vehementissimus
3656 243 3744 299 de-

490 344 546 403 ω
560 354 664 412 est,
683 362 845 402 unam
859 362 980 402 esse
995 344 1298 401 divinitatis
1309 352 1364 399 et
1379 342 1736 398 humanitatis
1754 342 2069 404 ὑπόστασιν,

493 456 724 513 eamque
750 438 1013 502 divinam,
1038 443 1094 491 et
1120 434 1286 490 Verbi
1325 433 1628 505 propriam.
1663 433 1772 488 Pro
1794 431 2073 505 hypostasi

496 537 755 601 posuerat
816 526 978 596 φύσιν
1012 543 1026 579 :
1061 540 1167 594 qua
1202 531 1473 594 potestate
1510 520 1780 593 signiﬁcat
1820 521 1873 577 id
1912 536 2073 576 omne

496 622 643 692 quod
660 619 957 691 opponitur
985 614 1214 687 σχετικῷ
1242 624 1299 671 et
1314 615 1528 682 morali,
1549 615 1694 669 unde
1708 606 2072 677 concluserat,

498 719 623 782 post
653 708 957 762 unitionem
999 720 1162 759 unam
1194 719 1313 760 esse
1344 705 1401 759 in
1437 704 1657 761 Christo
1689 703 1851 760 Verbi
1891 702 2073 758 incar-

499 800 612 859 uati
650 799 834 868 φύσιν,
862 812 1099 867 vereque
1139 796 1249 852 dici
1292 796 1638 868 unigenitum
1663 796 1761 851 Dei
1788 795 1989 851 Filium
2018 794 2074 849 in

498 909 665 950 carne
694 908 937 964 passum.
971 893 1244 948 Docuerat
1279 891 1444 946 etiam
1493 889 1758 960 Spiritum
1800 895 2074 951 sanctum,

496 1002 608 1041 non
639 1000 671 1040 a
704 986 864 1040 Patre
905 993 1141 1050 tantum,
1181 982 1276 1039 sed
1306 982 1471 1038 etiam
1513 998 1545 1037 a
1579 981 1720 1036 Filio
1753 978 2075 1051 procedere.

497 1077 802 1146 Utrumque
831 1075 1213 1131 Theodoretus
1239 1075 1325 1130 vel
1357 1074 1594 1145 maligne
1626 1073 1693 1138 ",
1727 1081 1788 1127 ut
1816 1070 2079 1126 invidiam

497 1168 701 1241 Cyrillo
741 1167 983 1236 faceret;
1031 1168 1119 1223 vel
1177 1165 1600 1229 inconsiderate,
1642 1172 1871 1235 prepter
1908 1161 2079 1217 animi

499 1260 995 1331 perturbationem,
1045 1259 1435 1330 interpretatus
1472 1263 1558 1311 est
1607 1273 1622 1311 :
1670 1268 1841 1324 quare
1875 1253 2080 1324 Cyrillo

495 1350 743 1421 apprime
763 1349 1033 1405 catholico
1052 1349 1471 1405 consensionem
1496 1360 1619 1401 cum
1638 1342 1791 1409 Ario,
1804 1343 2083 1413 Apollina-

502 1441 585 1496 rio
618 1449 676 1497 et
718 1439 1038 1495 Macedonio
1063 1436 1268 1510 objecit
1296 1454 1312 1491 :
1345 1444 1403 1499 et
1439 1450 1564 1490 cum
1589 1434 1721 1490 Ario
1750 1432 1972 1504 quidem
2015 1448 2081 1488 ac

494 1531 858 1603 Apollinario,
893 1530 963 1586 de
1002 1545 1111 1584 una
1141 1527 1346 1584 Christi
1383 1534 1619 1594 natura;
1666 1540 1792 1581 cum
1825 1523 2079 1581 Macedo-

495 1623 592 1678 nio
624 1638 775 1688 vero,
812 1622 881 1678 de
916 1620 1156 1691 Spiritus
1182 1619 1358 1675 sancti
1390 1619 1760 1688 processione.

570 1712 739 1768 XXX.
773 1713 844 1770 Ut
873 1712 1043 1782 igitur
1073 1710 1258 1775 tacite,
1286 1718 1345 1765 et
1376 1709 1531 1765 velut
1558 1708 1707 1763 aliud
1737 1723 1924 1779 agens,
1953 1722 2085 1763 eon-

497 1803 813 1860 sensionem
846 1814 973 1857 cum
1009 1802 1141 1857 Ario
1171 1800 1462 1866 ostendat,
1491 1799 1807 1865 Alexandri,
1846 1799 1943 1869 qui
1964 1797 2082 1870 pri-

496 1910 622 1950 mus
680 1894 738 1949 in
797 1892 1031 1966 Egypto
1086 1894 1280 1949 Arium
1337 1908 1465 1949 cum
1526 1891 1642 1948 suis
1709 1890 1963 1947 sectariis
2015 1906 2085 1946 ex

496 1985 745 2043 Ecclesia
772 1986 957 2057 ejecit,
1001 1985 1288 2057 epistolam
1326 1985 1562 2056 profert,
1605 1985 1661 2039 in
1687 1999 1798 2054 qua
1826 1983 1943 2038 Arii
1976 1983 2083 2038 im-

498 2078 675 2148 pietas
715 2076 911 2133 iisdem
955 2075 1073 2132 fere
1127 2076 1391 2148 loquendi
1446 2075 1699 2130 formulis
1734 2075 2082 2145 exprimitur,

499 2168 695 2224 iisdem
717 2167 1026 2223 rationibus
1051 2169 1424 2239 impugnatur,
1449 2167 1652 2236 quibus
1676 2166 1864 2237 opinio
1882 2166 2086 2237 Cyrillo

499 2258 696 2325 afﬁcta,
719 2259 907 2330 utjam
929 2258 1055 2313 inde
1081 2272 1112 2312 a
1132 2257 1328 2327 quinto
1356 2273 1458 2314 suo
1482 2258 1772 2315 decessore
1796 2258 2085 2315 damnatus

498 2348 736 2421 Cyrillus
771 2346 1074 2403 videretur.

569 2438 765 2497 XXXI.
806 2437 1240 2495 Consensionem
1295 2454 1421 2495 cum
1446 2438 1800 2511 'Apollinario
1843 2440 2087 2497 insinuat

497 2548 625 2589 cum
651 2530 901 2604 exposito
931 2546 1145 2587 errore.
1181 2550 1200 2583 ι
1240 2532 1319 2586 Ex
1350 2531 1475 2598 hac,
1511 2532 1691 2602 inquit
1710 2533 1778 2598 '°,
1811 2532 1997 2589 radice
2028 2534 2088 2589 in

499 2622 761 2680 Ecclesiis
794 2635 984 2679 natum
1010 2632 1115 2689 est,
1146 2624 1293 2694 quod
1334 2639 1444 2679 una
1485 2625 1668 2680 carnis
1694 2634 1752 2682 et
1782 2626 2087 2682 divinitatis

497 2721 698 2770 natura
718 2714 944 2780 dicitur,
989 2714 1247 2785 quodque
1277 2715 1557 2786 Unigeniti
1596 2715 1877 2772 divinitati
1903 2718 2086 2787 passio

499 2805 818 2873 ascribitur,
858 2814 918 2861 et
949 2805 1058 2860 alia
1088 2804 1144 2860 id
1174 2820 1369 2875 genus,
1414 2803 1485 2859 de
1520 2804 1725 2875 quibus
1756 2807 2086 2877 populorum

494 2893 963 2963 sacerdotumque
1000 2893 1303 2948 certamina
1339 2891 1692 2948 exstiterunt.
1733 2894 1937 2950 Verum
1968 2896 2085 2952 base

496 2984 725 3056 quidem
760 2992 951 3055 postea
972 2984 1343 3054 contigerunt.
1381 3004 1400 3036 ι

571 3083 589 3101 ⁹
618 3076 835 3132 XXXII.
866 3076 1303 3133 Consensionem
1343 3078 1550 3148 pariter
1596 3094 1723 3134 cum
1767 3079 2087 3136 Macedonio

500 3170 702 3236 innuit,
728 3184 855 3224 cum
882 3168 1077 3241 synodi
1102 3169 1363 3224 Romana:
1395 3170 1499 3225 sub
1532 3171 1763 3226 Damaso
1783 3171 2086 3227 confessio-

497 3276 627 3318 nem
661 3260 788 3316 ﬁdei
823 3259 1031 3331 profert
1061 3260 1117 3314 in
1145 3260 1263 3315 haec
1283 3261 1450 3315 verba
1480 3263 1523 3294 ⁸³
1561 3279 1575 3315 :
1614 3282 1631 3313 ι
1661 3262 1933 3329 Quoniam
1961 3274 2087 3335 post

498 3351 796 3408 concilium
842 3350 1011 3421 286
1051 3349 1336 3405 Nicanum
1377 3350 1470 3405 hic
1518 3366 1678 3407 error
1725 3358 1971 3422 emersit,
2025 3364 2088 3410 ut

496 3442 722 3513 quidam
752 3457 847 3497 ore
876 3441 1105 3511 profano
1131 3440 1316 3496 dicere
1348 3441 1607 3507 audeant,
1656 3442 1923 3514 Spiritum
1956 3461 2086 3501 san-

498 3542 648 3588 ctum
701 3548 802 3602 per
856 3532 1057 3586 Filium
1104 3530 1310 3587 factum
1355 3546 1508 3597 esse,
1560 3534 2088 3593 anathematizamus

497 3642 613 3693 eos,
638 3626 733 3696 qui
764 3640 875 3681 non
907 3624 1192 3679 liberrime
1213 3624 1517 3695 praedicant
1538 3625 1802 3696 Spiritum
1834 3636 2086 3685 sanctum

499 3716 665 3771 unius
697 3714 1056 3787 ejusdemque
1080 3727 1205 3768 cum
1230 3715 1393 3772 Patre
1420 3722 1477 3771 et
1501 3716 1642 3772 Filio
1678 3718 1998 3777 substantiae
2023 3736 2087 3776 ac

500 3807 791 3879 potestatis
817 3806 1106 3861 exsistere.
1135 3823 1153 3857 ι

570 3899 812 3955 XXXIII.
865 3898 985 3954 Jam
1036 3913 1170 3953 vero
1222 3896 1511 3954 Nestorius
1553 3900 1656 3955 sub
1706 3901 1991 3979 Athanasii
2029 3914 2088 3961 et

498 3990 876 4065 Chrysostomi
918 4005 1156 4061 persona
1200 3998 1310 4045 tam
1353 3991 1615 4062 graphice
1654 3992 1992 4066 depingitur,
2024 4007 2087 4053 ut

500 4084 660 4140 facile
690 4081 910 4154 agnosci
940 4089 1108 4153 queat
1144 4081 1465 4148 lectoribus,
1492 4084 1577 4138 vel
1612 4084 1811 4141 leviter
1836 4089 2081 4145 attentis.

498 4176 630 4231 Fuit
654 4176 803 4231 enim
840 4174 1123 4231 Athanasii
1151 4174 1502 4245 Nestoriique
1538 4175 1653 4233 haec
1686 4178 1994 4236 similitudo
2020 4196 2086 4237 ac

497 4264 887 4322 convenientia
909 4266 976 4317 θ’.

568 4356 812 4427 Uterque
828 4354 1262 4426 patriarchatum
1284 4355 1473 4426 gessit,
1493 4356 1829 4413 Athanasius
1849 4359 2085 4415 Alexan-

499 4448 745 4513 drinum,
776 4446 1064 4502 Nestorius
1095 4444 1764 4517 Constantinopolitanum
1800 4467 1814 4503 :
1846 4458 2083 4521 uterque

500 4540 773 4595 haereseos
816 4537 1034 4592 Arianae
1091 4535 1399 4591 acerrimus
1454 4535 1804 4606 impugnator
1849 4540 2081 4607 exstitit,

497 4642 731 4697 eamque
759 4626 830 4681 ob
854 4640 973 4680 rem
1000 4622 1334 4679 Athanasius
1358 4624 1530 4679 libros
1562 4625 1758 4700 edidit,
1788 4637 1845 4684 et
1870 4644 2082 4685 sermo-

498 4730 602 4771 nes
619 4714 826 4770 nemini
848 4714 1084 4784 ignotos.
1106 4713 1294 4767 Edidit
1311 4713 1599 4771 Nestorius
1618 4716 1781 4772 etiam
1804 4733 2085 4776 sermones

499 4816 559 4862 et
591 4814 858 4861 tractatus
876 4806 988 4875 jam
1021 4805 1290 4875 vulgatos,
1326 4814 1383 4859 et
1416 4806 1671 4879 insuper,
1718 4811 1812 4865 ubi
1842 4812 2083 4881 primum

501 4900 559 4954 in
579 4898 765 4954 sedem
788 4897 1153 4967 episcopalem
1177 4899 1339 4970 regite
1367 4900 1518 4955 urbis
1543 4903 1811 4968 ascendit,
1847 4904 2080 4959 Ariano-

496 5001 623 5041 rum
644 4988 850 5056 templa
880 4987 1097 5042 evertit.

2174 340 2364 397 fensor
2416 340 2539 396 fuit.
2578 340 2727 395 Nihil
2778 349 2930 395 certe
2975 338 3091 394 fere
3133 335 3285 391 aliud
3319 333 3652 389 Athanasius
3693 333 3744 388 in

2172 432 2400 505 scriptis
2423 432 2554 504 agit,
2583 430 2721 485 nihil
2751 428 3093 499 frequentius
3117 427 3173 481 in
3195 424 3548 481 sermonibus
3566 423 3749 480 Nesto-

2175 526 2291 581 rius
2327 543 2341 580 :
2364 524 2479 595 hoc
2502 531 2684 578 tamen
2716 519 3058 583 discrimine,
3084 516 3229 588 quod
3255 517 3346 573 ille
3373 515 3449 570 ita
3475 514 3747 585 ὁμοοὺσιον

2176 632 2298 672 esse
2324 615 2649 671 Trinitatem
2671 612 3098 676 demonstraret,
3132 618 3194 663 ut
3216 623 3338 663 eam
3367 621 3495 662 cum
3529 606 3747 661 veritate

2177 706 2574 766 incarnationis
2613 703 2963 768 conciliaret;
3033 701 3199 756 vellet
3248 700 3351 755 iste
3413 698 3747 754 divinitatem

2179 801 2346 856 Verbi
2375 814 2501 854 cum
2540 798 2744 853 unione
2778 796 2899 850 καθ’
2933 794 3228 849 ὑπόστασιν
3262 808 3527 864 pugnare.

2247 892 2493 960 Uterque
2535 888 2812 944 Nic-sanam
2861 886 3024 941 ﬁdem
3077 883 3367 955 magniﬁce
3407 880 3748 952 depraedicat,

2178 979 2329 1036 velut
2349 981 2590 1044 unicam,
2612 994 2735 1048 quae
2751 976 3002 1041 sulliciat,
3029 975 3154 1029 ﬁdei
3178 974 3421 1045 regulam
3448 990 3462 1026 :
3482 972 3576 1027 sed
3594 971 3755 1027 Atha-

2181 1072 2389 1135 nasius,
2416 1078 2478 1125 ut
2502 1085 2661 1125 veros
2683 1069 2916 1124 Arianos
2949 1068 3332 1138 impugnaret;
3362 1064 3670 1129 Nestor-ius,
3696 1071 3756 1118 ut

2181 1162 2251 1218 iis
2270 1162 2584 1228 detrahens,
2608 1176 2746 1233 quos
2774 1160 2990 1215 Arianae
3015 1159 3288 1214 haereseos
3309 1171 3409 1227 per
3433 1155 3755 1211 calumniam

2182 1269 2308 1310 reos
2339 1252 2597 1325 ﬁngebat.

2252 1346 2498 1415 Uterque
2544 1344 2613 1400 ab
2649 1344 3012 1415 imperatore,
3059 1352 3120 1399 ut
3160 1341 3505 1413 iactabatur,
3549 1338 3760 1397 artibus

2181 1437 2569 1507 episcoporum
2593 1436 2809 1502 deluso,
2831 1435 3082 1507 dejeetus
3106 1443 3192 1489 est
3219 1433 3288 1488 de
3314 1432 3443 1488 sede
3479 1450 3493 1486 :
3520 1431 3757 1487 Athana-

2184 1530 2304 1586 sius
2323 1546 2355 1585 a
2374 1528 2757 1593 Constantino,
2787 1542 2953 1598 quem
2976 1526 3283 1591 Eusebius;
3310 1533 3368 1580 et
3394 1540 3426 1580 a
3445 1524 3758 1588 Constante,

2183 1637 2348 1693 quem
2388 1621 2630 1676 Euzoius
2662 1619 2990 1690 deceperat;
3036 1618 3324 1673 Nestorius
3362 1633 3393 1672 a
3433 1616 3758 1681 Theodosio,

2183 1728 2348 1785 quem
2380 1711 2615 1785 Cyrillus
2638 1726 2737 1783 per
2758 1710 2900 1766 aulae
2925 1709 3206 1765 ministros
3228 1707 3655 1765 circumvenisse
3682 1706 3764 1762 di-

2184 1803 2434 1859 cebatur.

2250 1895 2494 1966 Uterque
2524 1908 2769 1950 sororem
2810 1893 3185 1965 imperatoris,
3229 1908 3352 1963 quae
3404 1907 3588 1948 rerum
3618 1890 3765 1961 poti-

2186 1996 2362 2052 retur,
2392 1987 2724 2042 contrariam
2748 2000 2812 2041 ac
2841 1985 3110 2040 infensam
3147 1991 3409 2055 expertus
3433 1991 3519 2039 est
3546 2001 3560 2037 :
3594 1981 3765 2037 Atha-

2185 2079 2376 2134 nasius
2430 2077 2810 2133 Constantiam
2852 2076 3235 2143 Constantini,
3291 2074 3581 2131 Nestorius
3637 2074 3766 2130 Pul-

2186 2170 2431 2225 eheriam
2474 2168 2771 2223 Theodosii
2821 2181 3099 2234 sororem,
3146 2166 3339 2222 ambas
3382 2165 3766 2237 episcoporum

2186 2260 2403 2315 artibus
2437 2259 2721 2330 impulsas.

2257 2352 2501 2422 Uterque
2528 2352 2582 2406 in
2610 2350 2862 2407 exsilium
2891 2351 3084 2421 pulsus
3115 2358 3200 2406 est
3227 2350 3296 2405 ab
3323 2350 3656 2419 imperatore
3674 2363 3769 2403 ar-

2186 2445 2337 2500 tibus
2361 2445 2804 2500 adversariorum
2842 2445 3076 2515 decepto
3113 2461 3127 2498 :
3163 2444 3499 2499 Athanasius
3543 2442 3768 2512 quidem

2186 2552 2216 2592 a
2245 2535 2628 2602 Constantino,
2659 2552 2823 2607 quem
2860 2535 3048 2590 Ariani
3074 2535 3362 2590 fraudibus
3390 2535 3769 2589 circumvene-

2187 2638 2341 2696 rant;
2386 2630 2676 2685 Nestorius
2716 2645 2749 2684 a
2791 2617 3126 2693 Theodosio,
3164 2627 3663 2698 Apollinariorum,
3706 2632 3772 2679 ut

2186 2720 2410 2790 quidem
2459 2718 2566 2787 sibi
2618 2717 2988 2789 persuadebat
3038 2717 3456 2783 Theodoretus,
3505 2715 3648 2771 dolis
3699 2714 3770 2769 il-

2186 2808 2328 2865 luso.

2108 2936 2155 2993 c
2239 2899 2499 2993 Uterque
2532 2912 2664 2953 suos
2694 2885 2893 2953 habuit
2913 2907 3135 2969 apertos
3165 2898 3501 2964 defensores,
3535 2897 3628 2955 sed
3657 2914 3772 2969 prae

2188 2987 2525 3044 adversariis
2554 3004 2760 3060 paucos
2795 3006 2808 3043 :
2850 2997 2907 3045 et
2931 2990 3222 3061 utriusque
3252 2990 3571 3046 defensores
3601 3007 3665 3046 ea
3700 2990 3772 3045 de

2188 3094 2357 3135 causa
2405 3081 2848 3150 persecutionem
2886 3082 3062 3152 passi,
3107 3082 3368 3153 depositi,
3409 3083 3568 3155 ejecti
3614 3085 3773 3141 urbi-

2187 3172 2313 3237 bus,
2342 3181 2448 3228 etc.

2259 3264 2430 3320 Porro
2456 3273 2641 3320 autem
2663 3265 2711 3298 ⁹³
2739 3280 2865 3320 cum
2892 3265 3058 3321 vellet
3073 3266 3234 3337 287
3254 3267 3635 3324 Theodoretus
3659 3269 3773 3326 Ne-

2188 3356 2423 3412 storium
2447 3356 2766 3423 defendere,
2786 3373 2891 3413 nec
2922 3356 3191 3413 invidiose
3222 3367 3425 3425 tamen,
3451 3371 3545 3417 aut
3570 3362 3774 3433 impor—

2188 3457 2320 3504 tune
2356 3449 2410 3503 id
2437 3464 2619 3521 agere,
2647 3449 2757 3503 duo
2788 3458 3049 3519 praestare
3070 3450 3263 3505 statuit
3288 3468 3301 3505 :
3328 3452 3582 3517 alterum,
3606 3455 3773 3509 silere

2184 3556 2388 3597 nomen
2408 3542 2670 3606 Nestorii,
2696 3542 2902 3612 quippe
2934 3543 3156 3598 invidiae
3179 3544 3423 3614 plenum,
3447 3553 3501 3599 et
3528 3545 3770 3600 alienum

2187 3648 2217 3688 a
2281 3633 2448 3688 rebus
2500 3642 2834 3703 temporum,
2893 3650 3016 3703 qua:
3069 3636 3455 3706 persequitur;
3511 3637 3773 3702 alterum,

2186 3724 2487 3780 Diodorum
2520 3726 2845 3781 Tarsensem
2866 3730 2922 3781 et
2944 3726 3294 3783 Theodorum
3331 3729 3773 3800 Mopsuestenum

2187 3825 2411 3887 propter
2435 3814 2560 3870 ﬁdei
2584 3816 2829 3871 studium
2860 3825 2916 3872 et
2940 3816 3205 3872 doctrinae
3229 3817 3644 3883 rectitudinem,
3673 3817 3779 3872 imv

2188 3909 2396 3963 mensis
2448 3907 2707 3963 laudibus
2756 3909 3039 3964 extollere.
3097 3908 3233 3964 Cum
3285 3910 3431 3964 enim
3498 3910 3779 3965 Diodorus

2188 3998 2487 4063 Theodori,
2533 3999 2860 4055 Theodorus
2908 3982 3146 4055 Nestorii
3188 4001 3451 4071 magister
3496 4000 3678 4071 reipsa
3720 4009 3779 4055 et

2189 4088 2405 4153 fuisset,
2433 4102 2489 4144 et
2520 4089 2590 4144 ab
2622 4088 2879 4144 omnibus
2915 4088 3082 4144 fuisse
3110 4099 3556 4159 cognosceretur,
3596 4087 3776 4143 artiﬁ-

2189 4180 2336 4234 ciosa
2362 4178 2466 4234 fuit
2485 4180 2602 4235 haec
2619 4179 2928 4249 callideque
2949 4188 3005 4234 et
3026 4177 3213 4234 efﬁcax
3230 4179 3558 4235 defendendi
3577 4181 3776 4235 Nesto-

2117 4272 2158 4327 D
2188 4270 2257 4325 rii
2286 4272 2450 4335 ratio,
2475 4273 2779 4341 praesertim
2805 4286 2929 4325 cum
2952 4270 3190 4343 Cyrillus
3215 4272 3433 4327 audiret
3452 4272 3778 4327 eorumdem

2191 4362 2381 4427 trium,
2422 4362 2667 4427 Diodori,
2690 4361 2993 4426 Theodori,
3028 4369 3084 4416 et
3118 4361 3355 4417 Nestorii
3401 4362 3777 4432 impugnator,

2190 4450 2623 4522 credereturque
2656 4450 2997 4522 impugnatio
3028 4450 3196 4505 etiam
3230 4466 3260 4504 a
3294 4450 3499 4505 sanctis
3528 4465 3595 4504 ex
3629 4448 3779 4504 invi-

2159 4545 2165 4550 ’
2191 4541 2282 4597 dia
2309 4543 2545 4613 quadam
2571 4543 2744 4598 nasci.

2263 4633 2505 4689 XXXIV.
2552 4634 2683 4689 Visa
2733 4633 2836 4688 fuit
2881 4632 3232 4689 Theodoreto
3268 4632 3574 4689 similitudo
3613 4634 3781 4703 longe

2191 4726 2368 4796 major
2410 4725 2553 4779 inter
2576 4724 2889 4779 Nestorium
2928 4734 2984 4777 et
3022 4723 3475 4795 Chrysostomum
3512 4722 3582 4776 “.
3636 4723 3782 4777 Nam

2194 4825 2428 4886 uterque
2470 4816 2716 4887 ejusdem
2761 4816 2868 4870 loci
2900 4815 3204 4870 monachus
3250 4816 3373 4881 fuit,
3415 4814 3784 4885 ejusdemque

2190 4907 2551 4963 Antiochena:
2574 4908 2832 4963 Ecclesiae
2856 4906 3144 4978 presbyter
3179 4924 3192 4960 ε
3230 4916 3462 4977 uterque
3497 4906 3782 4962 dissiden-

2194 4997 2343 5053 tibus
2360 4997 2982 5069 Constantinnpolitanis
3011 4998 3229 5054 clericis
3262 4998 3389 5053 inde
3420 5005 3682 5053 evocatus
3706 4995 3784 5051 ad

1896 5122 2215 5183 SCHULZII
2252 5126 2487 5186 NOTAE.

568 5232 612 5263 ”
634 5230 817 5313 Tacite
848 5247 982 5313 vero
1001 5231 1300 5313 hocegisse
1316 5230 1523 5313 dicitur
1549 5233 1693 5313 ἕῼῦο.
1769 5235 1969 5313 “Hist.
2008 5238 2189 5313 σίτοισι.
2226 5240 2264 5294 l.
2296 5258 2350 5313 v,
2379 5257 2429 5297 c.
2463 5240 2518 5295 5.
2597 5242 2636 5274 ⁹¹
2668 5239 2804 5313 ibid.
2835 5242 2873 5296 l.
2900 5258 2951 5304 v,
2975 5243 3135 5313 c.7il.
3212 5242 3259 5274 ⁹¹
3291 5243 3435 5297 Sane
3457 5258 3569 5313 non
3600 5249 3785 5302 tanta.

503 5310 568 5386 ut
584 5301 1283 5387 veritatemhypotheseos,
1315 5302 1369 5356 in
1398 5301 1571 5386 cujus
1584 5303 1827 5387 favorem
1850 5306 1970 5364 haec
2000 5310 2184 5387 omnia
2207 5301 2410 5387 scripta
2433 5311 2780 5387 sunt,__n_obis
2810 5301 3142 5387 persuadere
3164 5313 3358 5383 possit.
3434 5312 3638 5387 “Quis
3662 5328 3788 5387 non

498 5373 728 5454 miretur
752 5368 1027 5454 Cernerii,
1052 5386 1119 5424 an
1160 5370 1334 5425 dicam
1358 5368 1753 5454 perspicaciam
1789 5377 1845 5430 in
1868 5379 2141 5454 emendis
2183 5368 2404 5436 areanis
2445 5368 2714 5454 consiliis,
2738 5368 2859 5450 quia
2907 5368 3281 5447 Theodor'eto,
3317 5380 3440 5437 eum
3479 5368 3790 5438 Historiam

495 5440 677 5522 (celes.
702 5440 1009 5522 scriberet.
1047 5455 1177 5522 sane
1201 5440 1731 5522 “noninn'mgntgm
1758 5448 2239 5522 venirepoterant,
2273 5466 2342 5505 an
2374 5440 2871 5521 pertinacissimum
2902 5454 3023 5522 ejus
3052 5454 3106 5507 in
3128 5440 3437 5508 accusando
3478 5454 3794 5516 criminan-

493 5512 675 5579 doque
702 5509 1051 5592 Theodoreto
1072 5508 1373 5592 studium“!
1452 5512 1497 5543 ⁸⁸⁵
1528 5514 1606 5568 Ex
1636 5508 1982 5572 Theodoreti
2009 5520 2169 5575 libris
2210 5508 2312 5576 hoc
2358 5508 2578 5592 probari
2620 5523 2829 5591 nequit.
2874 5508 2984 5578 Nec
3028 5522 3216 5579 videre
3247 5524 3419 5580 voluit
3449 5508 3792 5592 Carnerius,

481 5578 654 5651 quam
690 5578 901 5640 distent
930 5594 1036 5635 'era
1071 5579 1291 5651 lupinis.
