4024 6152
385 169 492 236 237

1545 170 1640 232 DE
1680 170 1931 233 LIBRIS
1965 172 2468 235 THEODORETI.

3522 178 3627 239 238

386 283 763 353 episcopatum
786 278 941 335 urbis
964 278 1144 351 regim,
1171 288 1391 349 propter
1412 279 1737 349 eloquentiae
1754 291 1809 335 et
1831 298 1956 336 san-
1991 288 2032 344 Α
2064 284 2329 337 hactenus
2358 281 2688 352 interpretes
2714 283 2977 355 quinque,
3006 284 3152 354 quod
3189 284 3408 354 quidem
3434 286 3624 351 sciam,

387 372 665 429 ctimonize
692 371 910 424 famam.
941 370 1183 439 Uterque
1206 371 1344 426 aula:
1379 371 1644 442 principis
1681 384 1737 428 et
1768 373 1961 428 civita-

388 466 461 519 tis
482 463 685 533 pepulo
702 472 922 532 gratus;
945 471 1175 531 uterque
1202 463 1416 517 clericis
1439 471 1493 517 et
1521 465 1802 519 monachis
1825 464 1966 519 Con-

387 556 888 625 stantinopolitana:
938 554 1195 608 Ecclesia:
1230 554 1430 625 gravis.
1469 555 1709 625 Uterque
1744 556 1964 609 Arianis

385 648 667 711 infensus,
700 662 933 716 quorum
972 646 1241 701 coitiones
1275 645 1724 717 Chrysostomus,
1764 647 1962 716 templa

383 740 675 796 Nestorius
695 738 935 792 sustulit.
967 738 1206 806 Uterque
1232 737 1286 790 in
1311 738 1666 792 offensionem
1698 740 1953 807 Augustae

384 831 538 885 venit
586 838 808 899 propter
851 828 1338 897 reprehensionem
1377 829 1637 884 Eudoxim
1668 846 1697 883 a
1727 829 1962 901 Chryso-

382 933 586 986 stomo,
614 922 917 975 Pulcheriaa
950 938 980 974 a
1009 921 1296 986 Nestorio;
1332 931 1561 990 uterque
1591 922 1872 991 depositus
1904 921 1960 975 in

380 1011 596 1082 synodo
643 1011 712 1064 ab
747 1010 1115 1064 Alexandrino
1160 1012 1412 1079 praesule,
1470 1010 1891 1081 Chrysostomus
1929 1025 1960 1063 a

382 1102 715 1170 Theophilo,
758 1102 1044 1155 Nestorius
1067 1117 1097 1155 a
1122 1100 1367 1171 Cyrillo;
1402 1111 1631 1170 uterque
1656 1102 1865 1171 ejectus
1904 1101 1960 1154 in

380 1194 666 1247 desertum
690 1192 942 1246 exsilium
966 1201 1021 1245 et
1049 1209 1079 1246 a
1096 1192 1349 1247 Barbaris
1370 1193 1626 1247 infestum
1643 1233 1655 1256 ,
1682 1192 1959 1247 Cucuznm

379 1285 829 1355 Chrysostomus,
855 1282 1038 1337 Oasim
1062 1284 1369 1339 Nestorius.
1403 1285 1645 1353 Uterque
1668 1284 1737 1338 ab
1765 1284 1958 1338 eodem

382 1377 720 1445 imperatore
766 1384 1074 1437 revocatus,
1132 1391 1162 1428 a
1214 1391 1324 1444 quo
1372 1375 1695 1429 amandatus
1740 1374 1957 1437 fuerat,

380 1468 811 1538 Chrysostomus
849 1466 916 1520 ab
954 1466 1209 1529 Arcadio,
1252 1466 1538 1522 Nestorius
1566 1483 1596 1521 a
1626 1467 1955 1521 Theodosio.

382 1559 626 1628 Uterque
658 1559 787 1612 dum
818 1558 1044 1621 rediret,
1070 1557 1124 1610 in
1156 1556 1243 1611 via
1268 1557 1394 1611 vitae
1420 1557 1582 1612 finem
1608 1558 1759 1613 fecit.
1800 1559 1959 1614 Uter-

2064 374 2405 443 Epiphanius
2452 373 2855 439 Scholasticus,
2896 376 3214 431 Joachimus
3258 374 3623 442 Camerarius,

2062 462 2298 516 Joannes
2343 462 2914 532 ChristOphorsonus,
2981 466 3221 520 Jacobus
3277 466 3623 530 Sirmondus,

2066 551 2334 606 Henricus
2362 553 2632 607 Valesius.
2670 555 2859 609 Versio
2886 572 3006 625 quae
3043 556 3332 625 Epiphanii
3367 567 3471 621 est,
3506 559 3625 612 Tri—

2065 645 2274 713 partita:
2304 645 2535 697 historia:
2562 645 2855 700 inseritur:
2875 663 2995 716 qua:
3019 647 3338 713 Camerarii,
3369 649 3516 703 edita
3543 658 3628 703 est

2063 734 2283 787 Basileze
2307 735 2563 802 primum,
2593 735 2789 790 deinde
2812 738 3066 803 Parisiis;
3096 754 3217 807 qua:
3241 740 3629 809 Christophor—

2063 825 2217 890 soni,
2265 824 2469 894 prodiit
2505 826 2735 881 Genera:
2774 843 2917 881 anno
2954 829 3121 894 1612;
3170 846 3290 899 quze
3326 830 3625 893 Sirmondi,

2062 916 2284 970 Parisiis
2305 932 2448 969 anno
2472 917 2607 969 1642
2629 934 2642 980 ;
2666 933 2786 985 qua:
2809 918 3027 982 Valesii,
3062 920 3265 975 ibidem
3300 920 3432 974 1675
3456 922 3521 975 ⁸⁸.

2134 1006 2419 1060 XXXVIII.
2444 1008 2566 1061 Non
2603 1008 2821 1062 videtur
2861 1010 3197 1079 Epiphanius
3232 1012 3629 1065 scientissimus

2060 1096 2375 1149 Latinitatis
2401 1094 2567 1150 fuisse
2602 1114 2614 1148 :
2643 1112 2811 1165 quare
2836 1114 2944 1151 non
2973 1106 3058 1153 est
3083 1100 3430 1155 exactissima
3455 1101 3628 1155 inter-

2062 1186 2318 1257 pretatio,
2375 1204 2538 1257 quam
2583 1188 2907 1242 elaboravit.
2961 1189 3125 1243 Suam
3188 1192 3514 1247 Sirmondus
3560 1208 3627 1246 ex

2061 1278 2275 1333 duabus
2314 1278 2591 1347 prioribus
2610 1278 2906 1332 Camerarii
2928 1291 2983 1335 et
3010 1280 3492 1352 Christophorsoni
3512 1282 3627 1337 fere

2061 1377 2228 1423 totam
2251 1369 2599 1423 concinnavit
2629 1370 2695 1423 9°.
2719 1370 2971 1424 Valesius
3002 1387 3196 1425 novam
3229 1373 3477 1436 tentavit,
3505 1372 3627 1426 aliis

2060 1476 2168 1512 non
2192 1468 2502 1514 contentus.
2538 1459 2764 1513 Addidit
2794 1468 2849 1514 et
2877 1470 3034 1516 notas
3071 1462 3315 1518 eruditas
3346 1478 3495 1527 sane,
3530 1463 3627 1518 sed

2059 1550 2246 1619 plures
2271 1549 2671 1619 grammaticas,
2706 1566 2865 1619 quam
2896 1551 3204 1607 historicas.

379 1666 489 1720 que
526 1660 648 1719 post
673 1650 885 1703 obitum
915 1658 1120 1703 sectam
1150 1649 1235 1702 sui
1262 1648 1501 1703 nominis
1532 1649 1745 1713 habuit,
1780 1666 1811 1703 α
1850 1665 1957 1719 qua
1993 1656 2032 1709 Β
2129 1638 2386 1691 Eamdem
2416 1637 2701 1691 historiam
2728 1654 2755 1691 e
2777 1637 2944 1692 Gallis
2975 1639 3270 1693 ediderunt
3289 1640 3398 1694 duo
3419 1658 3431 1693 :
3452 1657 3627 1710 nuper

377 1745 685 1805 coleretur,
720 1742 1098 1797 Joannitarum
1130 1740 1572 1812 Chrysostomus,
1598 1741 1953 1796 Nestoriano-

379 1852 506 1889 rum
556 1834 970 1902 monachorum.
1020 1833 1328 1888 Nestorius.
1382 1832 1679 1901 Utriusque
1736 1832 1956 1887 tandem

377 1931 535 1984 velut
551 1927 809 1998 martyris
827 1925 1086 1995 reliquias
1102 1925 1187 1979 sui
1207 1924 1646 1993 conquisierunt,
1670 1924 1815 1993 quod
1832 1940 1955 1979 cum

377 2021 452 2075 de
472 2019 865 2089 Chrysostomo
891 2016 965 2071 sit
988 2015 1203 2070 cunctis
1230 2022 1442 2079 notum,
1467 2014 1535 2069 de
1556 2014 1807 2069 Nestorio
1828 2030 1959 2070 con-

380 2120 491 2165 stat
528 2127 595 2165 ex
625 2109 854 2178 Evagrio
892 2108 990 2161 lib.
1030 2123 1066 2160 η
1115 2106 1381 2169 Historia,
1426 2121 1547 2175 cap.
1588 2106 1655 2169 2,
1697 2106 1955 2160 laudante

378 2201 705 2255 Zachariam
726 2200 1029 2253 rhetorem.

456 2290 673 2345 XXXV.
707 2290 833 2344 Fuit
863 2290 1154 2344 Flavianus
1186 2298 1394 2359 martyr
1430 2304 1623 2359 magna
1655 2291 1671 2309 '
1713 2303 1839 2357 pars
1874 2287 1958 2341 hi—

379 2384 587 2445 storiae,
625 2398 789 2451 quam
820 2380 1201 2435 Theodoretus
1232 2378 1546 2441 adumbrat,
1591 2379 1821 2448 ideoque
1852 2379 1957 2433 sub

376 2475 562 2528 aliena
585 2474 751 2528 etiam
780 2488 1014 2542 persona
1040 2470 1341 2535 inducitur,
1368 2480 1421 2523 et
1443 2485 1509 2523 eo
1533 2470 1753 2539 quidem
1776 2467 1956 2524 liben-

378 2568 511 2627 tius,
560 2565 703 2635 quod
760 2565 1108 2634 conjunctam
1163 2564 1388 2617 haberet
1438 2578 1560 2616 cum
1610 2562 1956 2616 Theodoreto

375 2675 603 2713 causam
644 2677 657 2710 :
690 2672 812 2711 nam
842 2657 895 2708 in
927 2654 1119 2709 eodem
1144 2665 1374 2724 uterque
1396 2653 1648 2718 concilio,
1674 2654 1741 2707 ab
1761 2653 1953 2708 eodem

373 2750 643 2804 Dioscoro
661 2746 1167 2817 Apollinarianismi
1192 2754 1444 2814 patrono,
1467 2753 1690 2814 propter
1707 2743 1954 2813 ejusdem

374 2839 505 2893 ﬁdei
539 2836 937 2899 defensionem,
968 2845 1027 2889 ut
1048 2836 1271 2905 quidem
1293 2833 1671 2887 Theodoretus
1693 2832 1796 2886 sibi
1828 2848 1954 2901 per-

374 2929 666 2989 suadebat,
700 2926 987 2995 depositus
1025 2934 1123 2979 est.
1165 2924 1321 2978 Hune
1351 2923 1407 2977 in
1436 2923 1609 2977 Paulo
1634 2922 1949 2978 Constanti-

2061 1745 2222 1793 unus,
2236 1727 2718 1792 DominnsCousin,
2734 1728 2898 1783 curia:
2916 1730 3230 1784 monetaria‘.
3246 1746 3465 1800 praeses;
3488 1732 3628 1786 alter

2057 1828 2182 1874 ante
2201 1835 2372 1873 annos
2385 1830 2604 1874 centum
2627 1820 2738 1874 fere
2755 1821 3197 1891 etquadraginta,
3215 1822 3477 1877 Martinus
3491 1823 3627 1877 Mat-

2059 1911 2426 1980 thazus,prior
2465 1912 2781 1966 Monasterii
2815 1912 2953 1966 Novi
2994 1913 3138 1982 apud
3167 1913 3437 1977 Pictavos,
3472 1914 3625 1969 ordi-

2058 2002 2145 2057 nis
2164 2001 2545 2057 Cluniacensis
2570 2020 2581 2055 :
2611 2009 2839 2073 uterque
2862 2003 3023 2057 laude
3044 2004 3260 2075 dignus,
3290 2004 3381 2059 ille
3403 2017 3628 2076 propter

2056 2091 2401 2161 elegantiam,
2423 2091 2525 2146 iste
2548 2099 2769 2161 propter
2796 2092 3190 2157 sinceritatem,
3215 2094 3465 2163 quamvis
3497 2095 3625 2150 bar"

2058 2180 2266 2235 baram.
2301 2181 2585 2235 Matthaeus
2610 2196 2676 2235 ex
2697 2180 2883 2235 Graaco
2904 2182 3090 2247 vertit,
3113 2182 3385 2238 Cousinus
3412 2201 3479 2238 ex
3499 2200 3624 2238 ver-

2059 2274 2210 2327 sione
2233 2272 2422 2325 Latina
2448 2271 2666 2325 Valesii.
2691 2272 2932 2340 Uterque
2963 2272 3339 2341 praefationem
3363 2274 3419 2327 in
3445 2273 3624 2330 fronte

2057 2364 2237 2433 operis
2270 2363 2397 2417 fecit
2438 2380 2450 2415 :
2486 2362 2582 2417 sed
2614 2362 2898 2417 Matthaaus
2920 2363 3142 2417 brevem
3172 2373 3336 2434 atque
3365 2365 3625 2435 epistola-

2059 2472 2194 2517 rem,
2220 2472 2327 2525 qua
2361 2457 2706 2511 commendat
2735 2457 3020 2511 historiam
3046 2458 3115 2511 ab
3150 2466 3493 2527 argumento,
3524 2474 3623 2514 au—

2057 2558 2208 2603 ctore
2264 2558 2319 2602 et
2378 2549 2652 2613 utilitate;
2694 2548 2967 2603 Cousinus
3012 2548 3454 2617 prolixissimam,
3517 2566 3624 2620 qua

2058 2639 2217 2693 fidem
2271 2639 2597 2695 Theodoreti
2643 2640 2908 2694 adversus
2960 2639 3363 2695 accusationem
3404 2642 3625 2697 Patrum

2054 2731 2368 2800 aequalium,
2387 2732 2899 2801 damnationemquc
2912 2731 3272 2786 conciliorum
3290 2734 3626 2803 generalium

2055 2823 2220 2891 289
2244 2831 2498 2891 quatuor,
2526 2833 2581 2877 et
2611 2839 2947 2877 summorum
2976 2823 3295 2892 pontificum
3316 2824 3475 2895 longe
3501 2827 3624 2895 plu-

2060 2914 2200 2965 rium
2249 2913 2545 2968 defendere
2594 2921 2844 2968 conatur.
2895 2914 3072 2980 Quare
3126 2913 3180 2967 id
3230 2914 3332 2983 ipsi
3375 2917 3623 2986 contigit,

373 3020 699 3090 nopolitano
738 3018 805 3072 ab
841 3018 1063 3071 Arianis
1110 3017 1324 3086 dejeeto
1368 3016 1441 3069 ita
1475 3023 1848 3085 reprazsentat,
1891 3023 1951 3067 ut
1978 2996 2020 3052 (ἶ
2055 3005 2200 3074 quod
2222 3005 2360 3059 solet
2385 3020 2592 3075 magna!
2623 3004 2866 3073 quidem,
2892 3005 2985 3059 sed
3013 3006 3307 3075 deploratae
3330 3022 3506 3063 causae
3527 3024 3625 3078 pa-

371 3113 464 3166 vix
500 3112 802 3181 quidquam
853 3111 897 3141 ’5
947 3125 1115 3162 unum
1164 3107 1324 3162 alteri
1370 3108 1603 3162 similius
1637 3106 1802 3175 288
1833 3119 1953 3158 esse

373 3205 571 3274 possit.
612 3204 811 3256 Paulus
837 3201 981 3255 enim
1014 3201 1220 3270 pariter
1252 3208 1413 3268 atque
1452 3197 1762 3258 Flavianus,
1805 3195 1951 3250 Con-

376 3292 884 3363 stantinopolitanae
922 3290 1177 3346 Ecclesiae
1207 3290 1423 3360 praefuit
1457 3307 1469 3341 :
1504 3296 1736 3356 uterque
1771 3294 1950 3340 recto-

376 3401 499 3438 rum
531 3383 848 3455 dogmatum
889 3382 1142 3437 defensor
1175 3398 1205 3435 a
1241 3380 1588 3435 Theodoreto
1620 3379 1800 3432 dictus
1827 3385 1947 3439 est;

371 3485 609 3545 uterque
660 3473 877 3527 Arianis
922 3482 1015 3527 aut
1060 3472 1387 3526 Arianorum
1439 3470 1615 3525 soboli
1670 3469 1947 3532 infensus;

372 3578 609 3636 uterque
656 3565 943 3620 seditionis
988 3564 1234 3618 conflata:
1259 3563 1605 3631 aliorumque
1652 3559 1947 3615 criminum

369 3670 693 3721 accusatus;
737 3667 967 3726 uterque
988 3656 1251 3726 depulsus
1282 3652 1745 3723 thronojussione
1781 3650 1950 3719 impe-

369 3749 575 3805 ratoris
616 3751 685 3804 ab
722 3749 940 3803 Arianis
996 3748 1253 3818 impulsi;
1309 3754 1541 3815 uterque
1590 3745 1861 3813 relegatus
1891 3738 1946 3794 in

374 3842 644 3893 miserum
670 3836 847 3891 exsilii
881 3836 1083 3899 locum,
1112 3834 1312 3887 Paulus
1333 3832 1634 3893 Cucuzum,
1658 3827 1948 3881 Flavianus

368 3930 637 3999 Epipam;
682 3939 912 3995 uterque
942 3926 995 3979 in
1019 3924 1213 3979 exsilio
1239 3924 1476 3977 violenta
1500 3927 1673 3974 morte
1705 3918 1943 3981 interiit;

367 4031 603 4088 uterque
649 4019 700 4073 id
740 4034 933 4088 passus
981 4016 1222 4086 potentia
1250 4014 1488 4069 hominis
1526 4012 1580 4065 in
1618 4011 1740 4064 aula
1765 4007 1943 4062 domi-

364 4111 587 4173 nantis;
610 4110 831 4171 Paulus,
859 4108 1102 4178 praefecti
1128 4106 1387 4177 Philippi,
1429 4103 1740 4166 Flavianus,
1768 4116 1943 4155 eunu-

366 4201 454 4255 chi
485 4200 834 4269 Chrysapbii,
864 4207 971 4253 etc.

2057 3096 2252 3149 tronis.
2284 3096 2425 3149 Usus
2467 3105 2552 3149 est
2588 3094 2910 3164 exceptione
2950 3094 3070 3149 falsi
3114 3096 3374 3151 adversus
3415 3097 3624 3153 instru-

2055 3196 2237 3241 menta
2261 3186 2682 3255 probatissima;
2715 3187 2855 3240 facta
2884 3187 3079 3240 callide
3110 3187 3223 3241 fere
3258 3190 3438 3243 omnia
3461 3190 3625 3245 aliter

2054 3294 2217 3349 quam
2243 3277 2591 3340 accidissent,
2622 3278 2895 3346 exposuit,
2930 3286 2983 3331 et
3016 3278 3131 3346 ipsa
3164 3279 3328 3333 etiam
3364 3280 3621 3336 Ecclesia:

2056 3369 2225 3423 totius
2255 3366 2485 3421 concilia
2518 3365 2907 3421 inconsiderati
2939 3376 2993 3421 et
3020 3370 3295 3422 temerarii
3312 3369 3508 3440 ju'dicii
3532 3387 3625 3427 ac-

2055 3461 2284 3515 cusavit.
2314 3460 2516 3513 Verum
2550 3458 2603 3512 id
2636 3459 2989 3515 tribuendum
3019 3475 3128 3513 non
3162 3460 3467 3517 defensoris
3494 3478 3622 3532 per-

2052 3566 2218 3615 sonte,
2239 3551 2326 3605 cui
2351 3566 2449 3604 sua
2475 3550 2595 3604 laus
2619 3549 2833 3603 detrahi
2858 3566 2969 3604 non
2997 3551 3179 3616 debet,
3199 3552 3292 3606 sed
3319 3554 3623 3609 conditioni

2049 3657 2246 3706 causa),
2276 3658 2398 3711 quae
2428 3641 2513 3696 vel
2543 3642 2743 3711 suscipi
2774 3658 2885 3696 non
2915 3641 3125 3707 debuit,
3146 3645 3232 3698 vel
3263 3644 3504 3713 defendi,
3536 3648 3621 3702 vel

2050 3730 2129 3784 sic
2154 3730 2221 3783 ν’.

2221 3856 2248 3927 ς
2296 3856 2385 3911 lll.
2413 3857 2647 3913 Historia
2682 3858 2946 3931 religiosa,
2974 3862 3083 3914 sive
3108 3861 3450 3918 Philotheus.

2118 4016 2157 4069 l.
2211 4014 2467 4082 Historia,
2503 4031 2625 4085 quae
2676 4016 2997 4071 inscribitur
3022 4016 3347 4084 Pliilotheus,
3374 4021 3621 4075 continet

2045 4107 2221 4179 elogia
2266 4106 2733 4161 sanctissimorum
2782 4116 3121 4171 ascetarum,
3172 4107 3265 4176 qui
3314 4108 3512 4177 partim
3556 4108 3619 4165 in

2046 4198 2287 4261 Oriente,
2328 4198 2524 4268 partim
2568 4197 2622 4252 in
2648 4198 2783 4253 locis
2816 4198 3013 4252 vicinis
3041 4198 3420 4255 admirabilem
3449 4201 3615 4255 vitam

435 4290 957 4359 XXXVI.Ejusdem
981 4288 1225 4343 historia:
1245 4302 1372 4357 pars
1395 4286 1560 4341 etiam
1586 4285 1689 4339 fuit
1715 4297 1943 4353 magnus
1977 4331 2017 4383 ῃ
2046 4292 2341 4348 duxerunt.
2387 4289 2529 4344 Sunt
2577 4298 2760 4343 autem
2816 4290 2895 4343 illi
2948 4290 3166 4359 triginta
3210 4291 3460 4357 omnino,
3508 4308 3617 4347 non

368 4382 456 4434 ille
480 4381 731 4442 Proelus,
769 4382 863 4448 qui
899 4380 966 4434 de
1008 4378 1381 4433 incarnatione
1423 4376 1728 4431 orationem
1752 4372 1943 4427 habuit

369 4487 551 4525 coram
578 4471 855 4534 Nestorio,
880 4487 985 4539 qua
1010 4472 1179 4524 Deum
1205 4485 1422 4538 passum
1447 4468 1621 4522 dixit:
1649 4476 1704 4521 et
1731 4476 1939 4520 tomum

369 4563 588 4631 scripsit
612 4562 678 4615 ad
706 4564 992 4623 Armenes,
1021 4575 1129 4629 quo
1159 4569 1415 4629 excerpta
1451 4574 1515 4613 ex
1537 4558 1695 4611 libris
1716 4554 1938 4610 Diodori

368 4661 421 4705 et
449 4650 786 4705 Theodoreti
823 4651 1111 4705 refutavit:
1138 4651 1285 4704 hunc
1328 4651 1381 4704 in
1412 4650 1659 4704 Eudoxio
1695 4648 1939 4717 ejusdem

369 4741 518 4794 sedis
540 4740 1157 4809 ConstantinOpolitana:
1186 4741 1415 4809 praesule
1441 4740 1705 4809 depingit.
1734 4737 1940 4793 Caetera

368 4831 625 4899 persequi
652 4847 763 4884 non
795 4830 1087 4883 admodum
1115 4845 1253 4898 opus
1275 4839 1377 4883 est.

440 4920 701 4975 XXXVII.
726 4920 1015 4975 Historiam
1046 4921 1378 4975 Theodoreti
1415 4920 1665 4974 Latinam
1690 4918 1943 4973 fecerunt

2051 4382 2153 4435 viri
2210 4390 2441 4442 tantum,
2491 4378 2585 4433 sed
2626 4380 2791 4433 etiam
2835 4380 3080 4443 feminae,
3130 4396 3365 4449 quorum
3419 4397 3620 4451 agones

2050 4469 2364 4539 spirituales
2407 4467 2787 4521 Theodoretus
2832 4467 2916 4521 vel
2976 4467 3091 4535 ipse
3135 4467 3293 4531 vidit,
3347 4469 3432 4521 vel
3473 4470 3618 4524 refe-

2046 4556 2298 4610 rentibus
2355 4554 2475 4610 aliis
2512 4555 2798 4609 sanctitate
2858 4571 2965 4608 non
3025 4554 3217 4625 impari
3278 4554 3617 4626 hominibus,

2044 4645 2252 4700 didicit.

2117 4736 2178 4790 ll.
2208 4736 2322 4789 Non
2362 4735 2501 4789 hanc
2540 4734 2757 4805 scripsit
2795 4734 2981 4804 procul
3034 4734 3201 4790 dubio
3240 4736 3618 4794 Theodoretus

2045 4837 2168 4899 post
2206 4842 2409 4881 annum
2464 4827 2588 4890 ωδ,
2634 4842 2744 4896 quo
2792 4842 2936 4881 anno
2974 4828 3187 4882 litteras
3217 4827 3369 4881 dedit
3401 4828 3468 4881 ad
3506 4828 3616 4883 Eu-

2048 4917 2259 4973 sebium
2307 4916 2350 4948 ’9
2382 4934 2393 4968 :
2430 4916 2484 4969 in
2534 4917 2640 4971 illis
2692 4916 2837 4970 enim
2874 4917 3042 4986 ipsius
3084 4916 3415 4970 mentionem
3466 4916 3614 4984 facit,
3658 4936 3670 4945 ·

1689 5070 2008 5126 SCHULZH
2048 5070 2277 5126 NOT/E.

444 5244 492 5274 "
517 5240 616 5296 Hic
643 5243 829 5305 etiam,
857 5252 913 5296 et
941 5239 1308 5311 quiisequitur
1344 5237 1370 5311 ᾗ
1395 5236 1463 5291 56
1493 5235 1910 5311 p.jira_l_lelismus2

376 5322 623 5366 recenset
676 5310 975 5373 Fabricius,
1033 5310 1280 5363 Biblioth.

2007 5233 2121 5287 odit
2162 5232 2447 5286 luxurians
2473 5232 2772 5299 ingenium.

1395 5249 1463 5291 δῦ
1493 5249 1910 5305 parallensmus,
1928 5249 2121 5357 girouu
2162 5249 2447 5286 luxurians
2473 5249 2772 5299 ingenium.
2876 5249 2919 5261 νυ
2942 5249 3294 5297 Ληιιίιυιοτθε
3333 5249 3615 5286 verswltes

1378 5325 1422 5359 r.
1462 5307 1574 5359 vol.
1612 5306 1699 5367 Vl,
1740 5321 1795 5373 p.
1860 5305 1923 5357 12
1978 5320 1991 5367 ;
2034 5303 2253 5371 plenius
2279 5311 2475 5373 autem,
2500 5301 2768 5373 Qudinus,
2804 5299 2842 5373 1ἔ
2876 5314 2924 5373 c.
2972 5306 3010 5373 t_.
3044 5298 3096 5363 l,
3137 5314 3189 5367 p.
3226 5298 3387 5373 1994.Δ
3414 5299 3615 5354 Valesii

2874 5229 2919 5261 ’⁸
2942 5229 3294 5297 Antiquiores
3332 5230 3617 5286 versiones

375 5382 543 5435 editio
582 5390 705 5450 post
728 5368 1189 5451 Mogunti'namrde
1225 5392 1370 5432 anno
1402 5376 1555 5438 1679,
1587 5383 1645 5451 et
1681 5368 2249 5451 Amstelodamensem.
2275 5370 2611 5451 de“a._l(l95,
2642 5368 3086 5451 emendatissime
3124 5369 3337 5451 prodiit
3363 5369 3617 5451 Auguste

380 5439 745 5505 Taurinorum
782 5439 842 5505 αἶ’
868 5452 1020 5505 1748.
1064 5450 1107 5480 ’⁷
1135 5450 1210 5502 lta
1249 5456 1449 5519 tamen,
1489 5454 1547 5519 ut
1582 5444 1713 5497 ferri
1746 5458 1854 5495 non
1887 5449 2091 5519 posset,
2134 5440 2317 5509 judice
2344 5439 2849 5519 Valesio,_mel_ioris
2878 5439 3614 5519 interpretationisauctore.

378 5520 421 5549 "
459 5521 605 5575 Hanc
643 5522 863 5590 quidem
900 5520 1271 5589 prrefationem
1305 5507 1569 5571 Garnerio
1599 5507 2313 5637 seJiarum‘probassehon
2347 5518 2430 5562 est
2462 5510 2607 5581 quod
2644 5510 2925 5563 miremur.
2968 5507 3239 5587 Differunt
3272 5508 3415 5561 enim
3458 5523 3625 5577 quam

379 5592 611 5637 maxime,
641 5607 762 5637 unm
792 5591 1064 5637 Cnusinns
1106 5596 1159 5637 et
1201 5586 1497 5637 Garnerius
1532 5585 1599 5637 de
1641 5581 1671 5635 fi
1714 5598 1743 5635 c
1778 5580 2107 5635 Theodoreti
2153 5579 2452 5637 disputant.
2529 5582 2573 5613 ’9
2605 5580 2726 5634 V'id.
2771 5592 2811 5633 t.
2845 5578 2933 5637 IV.
2972 5586 3132 5637 epist.
3163 5576 3259 5633 89..

379 5592 611 5645 maxime
641 5581 762 5661 qme
792 5581 1064 5645 Cou'sinus
1106 5596 1159 5642 et
1201 5586 1497 5641 Garnerius
1532 5585 1599 5638 de
1641 5581 1671 5635 fi

1714 5598 1743 5635 c
1778 5576 2107 5659 Theodoreti
2153 5579 2452 5648 disputant.
2480 5576 2493 5581 ⁷
2529 5582 2573 5613 ⁹⁹
2605 5580 2726 5634 V'id.
2771 5592 2811 5633 t.
2845 5578 2933 5642 IV,
2972 5578 3132 5647 epist.
3163 5576 3259 5633 89..
