4040 6172
374 219 481 282 239

1493 202 1869 264 GARNERII
1906 197 2403 260 DISSERTATIO
2444 198 2524 257 II.

3515 194 3623 261 2&0

379 340 637 398 tauquam
687 319 868 392 operis
908 316 1235 389 pervulgati,
1294 320 1458 383 atque
1505 310 1582 365 ita
1630 309 1765 365 editi
1822 316 1947 361 ante
1982 314 2020 366 Α
2052 319 2198 398 anno
2228 305 2367 398 με,
2415 318 2559 398 anno
2600 303 2810 398 scilicet
2844 311 3214 398 consequente
3258 309 3516 398 octavum
3547 315 3629 398 Aet

380 435 587 478 annum
639 433 809 473 unum
859 423 955 471 aut
1003 412 1257 468 alterum.
1311 406 1599 475 Quomodo
1631 406 1778 460 enim
1822 403 1956 458 alias

382 514 450 570 ad
482 513 676 582 ipsam,
708 508 859 562 velut
887 505 956 560 ad
985 512 1179 560 testem
1211 514 1323 555 sua:
1357 497 1506 562 ﬁdei,
1547 503 1738 552 contra
1764 493 1958 549 adver-

382 605 559 663 sarios
600 609 657 658 et
701 598 916 673 judices
969 595 1273 667 prudenter
1315 588 1679 663 provocarat?

448 696 541 751 III.
569 694 690 760 Quo
721 687 997 745 anteriore
1029 683 1319 755 tempore?
1351 682 1471 737 Non
1513 686 1663 735 certe
1710 684 1835 732 ante
1864 692 1961 731 an-

382 802 517 843 num
550 785 651 839 457
691 790 785 843 aut
823 776 947 842 438,
989 791 1099 846 quo
1127 773 1420 829 defunctus
1445 770 1557 824 vita
1594 767 1826 822 Aeacius
1862 765 1962 819 Be-

382 878 616 935 rmensis
651 893 663 928 :
705 872 765 928 ﬁt
806 868 954 926 enim
997 873 1149 922 certa
1182 864 1250 919 de
1294 862 1466 933 ipsius
1494 860 1647 914 obitu
1690 858 1961 913 sententia

385 984 452 1022 ex
480 982 550 1020 eo
587 963 731 1034 quod
774 961 831 1015 in
888 956 1142 1014 encomio
1188 953 1376 1010 Jacobi
1422 951 1669 1006 Nisibeni
1703 950 1719 981 ⁸
1760 948 1963 1003 dicitur

387 1057 630 1112 tenuisse
651 1052 1023 1123 episcopatum
1064 1062 1237 1101 annos
1260 1042 1656 1113 quinquaginta
1670 1042 1691 1073 ’
1716 1048 1773 1095 et
1793 1048 1920 1094 octo
1945 1056 1957 1092 :

387 1147 515 1203 inde
536 1146 683 1201 enim
711 1142 882 1198 scitur
913 1138 1115 1193 obiissc
1140 1150 1287 1190 anno
1310 1135 1411 1189 457
1439 1142 1532 1187 aut
1561 1132 1685 1196 458,
1722 1130 1965 1201 quando-

387 1235 610 1306 quidem
664 1232 953 1286 ordinatus
985 1232 1069 1280 est
1091 1240 1235 1280 anno
1263 1222 1368 1278 378
1386 1233 1482 1277 aut
1502 1221 1626 1277 579.
1655 1220 1775 1287 Quo
1794 1219 1963 1289 igitur

388 1325 611 1381 deﬁnite
658 1336 801 1377 anno
850 1316 1095 1374 sexennii
1146 1315 1314 1378 illius,
1366 1312 1511 1384 quod
1558 1312 1702 1366 inter
1751 1310 1964 1364 obitum

387 1413 573 1471 Aeacii
619 1420 675 1468 et
703 1409 988 1481 epistolam
1019 1404 1087 1460 ad
1119 1403 1415 1458 Eusebium
1449 1399 1805 1469 interlapsum
1845 1397 1966 1452 est?

388 1503 737 1576 Responderi
777 1500 936 1555 facile
967 1505 1165 1569 potest,
1200 1496 1248 1550 si
1277 1492 1624 1547 Theodoreto
1655 1489 1961 1545 credimus:

390 1604 409 1620 ‘
456 1598 682 1653 credere
745 1607 879 1648 vero
924 1606 1023 1660 par
1067 1595 1152 1643 est
1199 1600 1311 1655 prae
1358 1584 1502 1647 aliis,
1551 1581 1820 1651 siquidem
1875 1595 1965 1635 res

389 1695 598 1751 narret,
629 1700 765 1755 quas
788 1683 946 1747 vidit,
971 1693 1213 1750 quasque
1234 1693 1301 1732 ex
1322 1676 1455 1746 ipsis
1479 1673 1692 1739 didicit,
1725 1686 1960 1743 quorum

390 1778 532 1833 facta
578 1783 785 1830 narrat.

462 1868 549 1923 IV.
586 1863 724 1920 Cum
742 1863 920 1917 Vitam
945 1858 1207 1914 scriberet
1228 1856 1501 1913 Simeonis
1529 1854 1755 1927 Stylitae,
1785 1855 1965 1925 ipsum

391 1953 560 2011 tradit
607 1951 801 2022 viginti
838 1951 950 2020 jam
981 1956 1039 2002 et
1079 1955 1203 2002 octo
1251 1962 1427 2003 annos
1467 1944 1795 2016 transegisse
1819 1944 1863 2009 ⁸,
1898 1959 1964 1999 ex

390 2059 502 2115 quo
566 2041 845 2110 inceperat
893 2035 1312 2109 quadragesimo
1366 2050 1584 2105 quoque
1640 2034 1730 2089 die
1796 2034 1965 2089 semel

392 2135 573 2199 vesci;
620 2131 826 2201 incepit
871 2142 1024 2193 vero,
1068 2135 1355 2197 postquam
1391 2142 1422 2180 a
1469 2126 1826 2181 conversione
1868 2138 1967 2181 Sua

393 2225 533 2279 duos
577 2236 702 2278 cum
751 2218 1037 2274 monachis
1080 2214 1409 2287 quibusdam
1453 2233 1645 2283 annos,
1685 2218 1873 2272 decem
1909 2218 1965 2272 in

330 2374 341 2383 ,
394 2314 674 2371 lieliodori
748 2310 1082 2367 monasterio
1142 2308 1405 2365 duxisset.
1478 2308 1615 2364 Cum
1680 2325 1810 2381 ergo
1864 2309 1965 2364 do-

394 2414 516 2462 ceat
562 2402 828 2473 Evagrius
885 2399 1200 2455 Simeonem
1250 2398 1453 2453 vixisse
1528 2414 1560 2453 a
1607 2399 1969 2455 conversione

395 2512 492 2552 sex
542 2502 601 2550 et
640 2492 1036 2564 quinquaginta
1084 2505 1278 2555 annos,
1334 2505 1570 2560 cumque
1621 2505 1813 2545 omnes
1856 2489 1969 2545 fere

388 2586 690 2648 fateantur,
737 2590 985 2637 sanctum
1048 2588 1284 2636 ascctam
1331 2595 1477 2635 anno
1514 2579 1677 2650 290
1708 2580 1813 2635 460
1859 2579 1969 2635 vita

390 2675 679 2738 functum,
726 2687 952 2727 necesse
1004 2681 1089 2726 est
1147 2681 1207 2726 ut
1266 2685 1567 2726 conversus
1612 2670 1780 2725 fuerit
1826 2686 1973 2725 anno

394 2767 521 2822 ΕΜ.
561 2765 620 2820 Si
660 2777 792 2835 ergo
846 2762 915 2816 ad
970 2776 1144 2816 annos
1181 2762 1285 2817 404
1325 2760 1596 2815 addantur
1659 2761 1971 2827 duodecim,

393 2856 593 2928 partim
665 2854 814 2908 inter
866 2851 1194 2916 monachos,
1243 2852 1444 2921 partim
1495 2851 1640 2921 apud
1709 2852 1970 2908 Heliodo-

2058 395 2397 449 tricesimum
2431 395 2541 466 jam
2570 395 2865 465 expletum.
2900 396 3027 451 Haec
3055 396 3194 450 ratio
3228 395 3490 464 temporis
3509 395 3631 465 plu-

2056 481 2209 534 ribus
2238 480 2632 551 quaestionibus
2665 483 2943 538 solvendis
2987 482 3137 538 utilis
3170 489 3275 547 est,
3322 482 3392 536 de
3426 482 3630 552 quibus

2056 569 2239 625 obiter
2281 578 2489 640 postea.

2128 663 2240 718 Vll.
2282 662 2664 719 Diﬂicultatem
2716 672 2867 720 creat
2909 665 3071 719 unica
3095 681 3203 729 res,
3225 680 3349 735 quae
3369 662 3629 721 illustris-

2059 752 2257 807 simum
2279 752 2569 807 Annalium
2590 754 2912 824 scriptorem
2940 754 2994 809 in
3029 754 3411 810 admirabilem
3438 769 3634 825 quam-

2060 846 2207 910 dam,
2257 846 2327 900 de
2369 846 2479 901 vita
2523 846 2797 902 Simeonis
2844 856 2997 902 extra
3030 848 3389 902 centesimum
3425 862 3633 902 annum

2061 938 2435 1008 producenda,
2490 939 2816 993 sententiam
2840 938 3106 1008 .impulit.
3158 938 3349 993 Credit
3387 939 3558 1003 enim,
3599 953 3632 993 ι

2060 1045 2259 1101 magno
2297 1030 2391 1084 illo
2421 1029 2637 1085 Meletio
2670 1030 3025 1085 Antiochenm
3059 1029 3318 1085 Ecclesiae
3344 1029 3629 1100 episeOpo,

2062 1126 2156 1195 qui
2194 1122 2663 1195 Constantinopoli
2711 1140 2855 1179 anno
2897 1126 2996 1180 581
3044 1125 3200 1189 obiit,
3239 1140 3362 1179 cum
3393 1126 3634 1196 synodus

2062 1215 2303 1271 secunda
2341 1216 2612 1286 generalis
2665 1215 2981 1280 haberetur,
3017 1216 3296 1271 visitatum
3349 1216 3519 1271 fuisse
3546 1217 3637 1271 Si—

2062 1320 2336 1369 meonem,
2365 1313 2653 1376 postquam
2692 1306 2749 1361 in
2787 1307 3099 1361 columnam
3136 1307 3246 1377 jam
3275 1306 3630 1361 ascendisset.

2062 1394 2247 1454 Utitur
2285 1396 2355 1451 ad
2399 1397 2561 1452 ﬁdem
2591 1396 2699 1451 sibi
2736 1396 3038 1451 faciendam
3087 1397 3412 1452 auctoritate
3453 1398 3635 1451 Theo-

2063 1489 2264 1554 doreti,
2304 1490 2462 1559 cujus
2496 1497 2624 1543 sunt
2673 1495 2788 1544 haec
2830 1489 2998 1542 verba
3035 1505 3049 1541 :
3095 1507 3112 1538 ι
3142 1488 3279 1543 Cum
3299 1505 3430 1543 vero
3455 1488 3636 1543 admi-

2064 1580 2270 1636 randus
2326 1580 2595 1643 Meletius,
2634 1578 2752 1649 equi
2802 1579 3158 1634 Antiochense
3214 1580 3454 1649 regionis
3507 1588 3641 1634 tunc

2062 1674 2438 1743 episcopatum
2484 1672 2726 1741 regebat,
2744 1671 2841 1728 .vir
2871 1670 3162 1741 prudentia
3193 1678 3250 1726 et
3280 1671 3641 1741 intelligentia

2066 1759 2266 1825 clarus,
2300 1761 2617 1831 ingeniique
2634 1760 2857 1815 solertia
2895 1768 3144 1824 ornatus,
3176 1774 3642 1830 supervacaneum

2066 1850 2277 1905 diceret
2315 1851 2521 1905 terram
2551 1867 2694 1916 esse,
2735 1866 2858 1905 eum
2911 1849 2979 1905 ad
3020 1851 3253 1906 rationis
3281 1852 3495 1905 vincula
3520 1866 3646 1906 cor-
3693 1920 3700 1926 .

2066 1941 2188 2011 pori
2223 1941 2518 2012 injicienda
2544 1943 2796 1997 voluntas
2827 1942 3134 1997 sutiiceret:
3166 1942 3353 2005 cessit,
3383 1951 3438 1997 et
3457 1942 3648 1996 admo-

2067 2033 2266 2087 nitioni
2292 2035 2413 2105 ejus
2447 2034 2650 2103 paruit,
2684 2035 2966 2105 accitoque
3004 2034 3165 2090 fabro
3191 2035 3473 2089 vinculum
3507 2035 3647 2091 solvi

2064 2126 2235 2197 jussit
2258 2127 2300 2180 ⁸.
2334 2145 2352 2178 ι
3058 2138 3061 2139 ⁷

2138 2239 2274 2294 Vlll.
2294 2238 2407 2293 lloe
2431 2238 2743 2293 testimonio
2764 2238 2937 2294 fretus
2954 2239 3057 2293 tria
3078 2241 3417 2310 pronuntiat.
3438 2239 3488 2295 I.
3505 2239 3652 2298 Con-

2067 2337 2290 2382 ventum
2342 2343 2373 2382 a
2414 2327 2631 2382 Meletio
2667 2327 2850 2398 aliquo
2880 2326 3220 2382 Antiocheno
3263 2329 3520 2399 episcopo
3559 2329 3651 2384 Si-

2069 2434 2341 2483 meonem,
2358 2434 2482 2473 cum
2502 2419 2611 2489 jam
2636 2418 2975 2473 ascendisset
2996 2419 3049 2472 in
3071 2419 3401 2472 columnam.
3417 2418 3471 2471 2.
3492 2418 3651 2473 Hunc

2069 2526 2099 2565 a
2120 2525 2228 2580 quo
2250 2517 2554 2564 conventus
2575 2518 2679 2573 est,
2704 2508 3003 2575 Meletium,
3028 2525 3137 2563 non
3159 2509 3381 2564 diﬂerre
3402 2526 3431 2564 a
3453 2525 3652 2581 magno

2070 2602 2183 2664 illo,
2212 2602 2306 2671 qui
2336 2601 2493 2671 291
2525 2601 2995 2672 ConstantinOpoli
3013 2602 3152 2656 obiit
3194 2616 3338 2657 anno
3360 2602 3483 2655 58L
3509 2601 3562 2654 3.
3592 2601 3651 2655 lu

2071 2694 2326 2748 columna
2397 2694 2616 2748 stetisse
2666 2692 2979 2749 Simeonem
3021 2695 3310 2766 plusquam
3372 2693 3653 2765 octoginta

2074 2801 2268 2848 annos,
2323 2786 2611 2856 Vitamque
2662 2786 2835 2857 ipsius
2901 2804 2931 2842 a
2982 2786 3329 2841 Theodoreto
3388 2786 3651 2855 scriptam

2074 2891 2217 2940 esse,
2259 2892 2384 2931 cum
2436 2876 2680 2931 nondum
2726 2877 2999 2948 explesset
3035 2878 3356 2933 vicesimum
3395 2889 3651 2932 octavum

392 2964 521 3004 rum
556 2947 686 3013 acti,
734 2946 1009 3001 addantur
1054 2945 1221 2999 etiam
1265 2944 1457 3014 viginti
1509 2951 1565 2999 et
1604 2953 1749 3008 octo,
1798 2947 1894 3015 qui
1940 2961 1970 3001 a

2076 2965 2329 3020 stationis
2363 2981 2587 3020 annum.
2622 2968 2822 3023 Verum
2861 2967 2967 3021 tria
2996 2968 3109 3023 haec
3142 2976 3424 3039 pugnant:
3450 2968 3654 3038 primo,

390 3047 651 3110 suscepto
689 3037 897 3109 jejunio
914 3034 1261 3098 emuxerant,
1291 3035 1640 3090 Theodoreto
1669 3036 1968 3102 scribente,

396 3133 622 3187 exsistet
667 3145 847 3186 anuus
891 3130 996 3184 LM
1026 3127 1068 3192 ",
1115 3143 1225 3198 quo
1265 3126 1501 3183 Historia
1547 3126 1797 3199 religiosa
1825 3143 1975 3184 com-

398 3224 576 3295 posita
629 3222 721 3277 sit.

466 3338 533 3393 ν.
573 3337 705 3394 lude
758 3334 991 3390 solvitur
1037 3331 1272 3387 celebris
1306 3331 1533 3401 quaestio
1570 3331 1638 3386 de
1671 3347 1837 3399 anno,
1863 3348 1974 3404 quo

401 3429 620 3485 Simeon
666 3429 725 3482 in
772 3427 1081 3482 columnam
1135 3422 1467 3488 ascenderit,
1506 3421 1860 3494 quandiuque
1918 3423 1975 3479 in

400 3537 464 3576 ea
486 3520 720 3577 steterit.
737 3518 873 3573 Nam
894 3531 1019 3571 cum
1036 3514 1091 3568 in
1112 3513 1443 3569 domuncula
1459 3514 1658 3569 vixerit
1677 3524 1786 3569 tres
1803 3530 1977 3570 annos

400 3621 686 3683 postquam
739 3610 808 3663 ab
851 3607 1141 3662 llcliodoro
1187 3604 1432 3669 recessit,
1498 3605 1789 3659 recesserit
1846 3620 1977 3660 vero

402 3716 544 3755 anno
592 3700 716 3761 M6,
762 3711 989 3752 necesse
1030 3704 1112 3750 est
1142 3701 1203 3747 ut
1231 3693 1545 3749 columnam
1591 3693 1978 3750 conscenderit

404 3805 545 3846 anno
575 3789 701 3854 419,
738 3795 900 3859 atque
930 3788 1005 3841 ita
1034 3786 1089 3840 in
1127 3800 1191 3840 ea
1219 3783 1523 3854 perstiterit
1551 3799 1720 3838 unum
1749 3792 1805 3838 et
1834 3800 1974 3855 qua-

402 3884 653 3954 draginta
676 3898 868 3938 annos.
890 3879 1171 3951 Siquidem
1196 3878 1261 3933 ad
1285 3877 1500 3933 obitum
1520 3866 1696 3948 usque
1716 3879 1975 3949 perstitit,

405 3975 742 4045 contigitque
778 3973 964 4028 obitus
1001 3988 1146 4027 anno
1182 3971 1308 4026 460.

473 4064 562 4120 VI.
598 4063 697 4119 Est
737 4070 793 4116 et
837 4063 942 4116 alia
980 4062 1229 4133 ejusdem
1280 4060 1569 4130 temporis,
1605 4076 1714 4132 quo
1737 4063 1979 4119 Historia

407 4155 657 4225 religiosa
712 4151 963 4229 confecta
1013 4157 1117 4216 est,
1170 4149 1486 4204 inveniendi
1540 4157 1702 4206 ratio.
1746 4153 1981 4208 Jacobus

406 4244 498 4300 ille
531 4241 888 4306 admirabilis,
919 4254 1085 4311 quem
1128 4238 1507 4296 Theodoretus
1555 4243 1732 4313 capite
1763 4243 1827 4298 2i
1864 4244 1983 4299 lau-

2074 3072 2201 3113 cum
2247 3058 2503 3113 omnibus
2544 3059 2669 3114 vita:
2702 3058 2975 3115 Simeonis
3009 3060 3408 3129 scriptoribus,
3452 3059 3655 3114 deinde

2073 3165 2197 3204 cum
2229 3150 2577 3205 Theodoreto
2597 3196 2609 3215 ,
2635 3151 2870 3221 denique
2906 3167 3029 3205 cum
3060 3152 3290 3221 ipsomet
3323 3152 3577 3206 Barouio.

2145 3239 2388 3295 IX.Nam
2421 3249 2480 3294 ut
2507 3239 2575 3294 ab
2603 3240 2794 3295 ultimo
2818 3240 3015 3294 ducam
3046 3240 3282 3306 initium,
3308 3241 3352 3294 si
3376 3242 3655 3312 octoginta

2075 3346 2249 3385 annos
2295 3332 2516 3387 Simeon
2542 3332 2850 3386 columnam
2893 3332 3157 3397 incoluit,
3184 3340 3463 3398 ettamen,
3504 3333 3655 3403 quod

2074 3419 2279 3476 fatetur
2302 3420 2591 3487 Baronius,
2616 3422 2761 3477 diem
2797 3421 2993 3476 clausit
3018 3429 3323 3477 extremum
3351 3438 3494 3476 anno
3515 3423 3654 3476 460:

2076 3529 2300 3569 necesse
2336 3523 2420 3570 est
2456 3522 2516 3568 ut
2561 3514 2869 3569 ascenderit
2900 3515 2954 3568 in
2998 3515 3308 3569 columnam
3350 3529 3494 3568 anno
3525 3513 3655 3579 380,

2077 3614 2174 3658 aut
2211 3605 2376 3659 etiam
2428 3604 2631 3670 citius;
2690 3620 2912 3659 necesse
2967 3621 3204 3675 quoque,
3255 3615 3315 3659 ut
3371 3604 3661 3674 scripserit

2079 3694 2459 3751 Theodoretus
2498 3695 2773 3750 Simeonis
2824 3697 3134 3751 encomium
3189 3712 3332 3750 anno
3377 3696 3499 3762 408,
3531 3713 3659 3751 cum

2080 3789 2169 3842 vix
2215 3803 2421 3843 annum
2465 3788 2788 3842 vicesimum
2826 3787 3129 3842 secundum
3178 3789 3465 3859 attigisset,
3509 3800 3661 3845 certe

2079 3879 2322 3935 nondum
2366 3879 2507 3934 foret
2532 3879 2852 3949 episcopus;
2884 3880 3127 3933 nondum
3179 3881 3511 3945 evenissent,
3538 3897 3663 3951 qua:

2080 3971 2149 4027 de
2201 3969 2457 4025 Simeone
2506 3980 2713 4035 narrat,
2766 3971 2833 4025 ad
2886 3987 2945 4026 se
2989 3987 3127 4041 quos
3157 3981 3507 4026 converterat
3534 3973 3664 4026 mit-

2082 4072 2253 4129 tente,
2301 4071 2362 4117 ut
2407 4062 2801 4142 sacerdotalem
2843 4063 3284 4119 benedictionem
3326 4064 3660 4133 acciperent.

2080 4154 2208 4211 Haec
2247 4163 2432 4211 autem
2479 4155 2693 4225 aliaque
2739 4154 2866 4209 inde
2921 4156 3310 4225 consequentia
3352 4155 3661 4226 complura,

2080 4247 2357 4319 quomodo
2390 4248 2536 4302 inter
2558 4264 2637 4313 se,
2677 4248 2953 4320 quomodo
2977 4264 3100 4303 cum
3126 4247 3344 4302 Baronii
3379 4247 3666 4302 relationi-

406 4334 522 4401 dat,
545 4330 790 4389 exerceri
814 4331 1001 4401 cmpit,
1024 4342 1134 4400 q'uo
1169 4338 1412 4401 tempore
1429 4331 1607 4388 Isauri
1642 4334 1982 4405 populaban-
2013 4352 2059 4407 ι)
2083 4336 2190 4393 bus
2215 4336 2284 4391 de
2317 4338 2486 4408 gestis
2527 4336 2859 4392 Theodoreti
2905 4347 2961 4392 et
3016 4336 3290 4392 Simeonis
3344 4335 3666 4403 cohaerent?

404 4434 498 4482 tur
542 4423 753 4480 vicinas
803 4421 1075 4493 regiones.
1129 4421 1422 4491 Populatos
1471 4437 1616 4478 anno
1664 4424 1769 4478 405
1816 4424 1984 4480 tradit

403 4515 757 4573 Marcellinus
803 4514 860 4568 in
899 4512 1175 4579 Chronico,
1196 4520 1520 4585 constatque
1542 4523 1657 4568 tum
1683 4531 1748 4568 ex
1781 4515 1986 4572 litteris

404 4605 800 4679 Chrysostomi,
869 4612 984 4658 tum
1044 4603 1367 4659 indubitatis
1415 4603 1539 4658 aliis
1567 4605 1979 4673 monumentis;

407 4698 558 4767 atqui
599 4693 982 4750 Theodoretus
1018 4694 1095 4748 ait
1125 4693 1389 4748 Jacobum
1435 4700 1690 4748 octavum
1737 4701 1794 4748 et
1818 4693 1983 4749 trice-

407 4788 603 4843 simum
630 4784 1041 4841 exercitationis
1062 4798 1266 4837 annum
1285 4782 1610 4851 explevisse,
1632 4798 1758 4838 eum
1799 4784 1979 4838 Histo-

408 4882 545 4934 riam
572 4877 873 4949 religiosam
917 4874 1199 4928 scriberet.
1240 4891 1259 4925 ς
1289 4872 1557 4927 lnitorum
1590 4874 1696 4928 sub
1727 4873 1818 4929 dio
1862 4891 1981 4932 cer-

408 4970 674 5025 taminum
734 4965 909 5037 ipsius
949 4960 1221 5035 (Limntei)
1266 4968 1323 5016 et
1366 4961 1545 5032 magni
1592 4961 1782 5017 Jacobi
1832 4962 1979 5017 idem

407 5070 492 5116 est
533 5059 800 5129 temporis
843 5055 1078 5127 spatium
1117 5069 1130 5107 :
1180 5060 1430 5107 octavum
1464 5052 1613 5106 enim
1664 5061 1719 5107 et
1758 5053 1976 5109 tricesi-

409 5171 558 5212 mum
612 5169 814 5210 annum
863 5155 974 5225 jam
1022 5152 1399 5223 expleverunt.
1438 5169 1457 5201 ι
1522 5149 1754 5220 Scripsit
1811 5151 1981 5218 igitur

2155 4428 2223 4483 X.
2267 4427 2375 4483 Sed
2412 4428 2688 4498 quomodo
2717 4429 2863 4500 quod
2904 4429 2978 4483 ait
3018 4428 3085 4484 de
3129 4418 3345 4483 Meletio
3391 4427 3665 4482 invisente

2085 4518 2420 4585 Simeonem,
2487 4536 2611 4575 cum
2661 4521 2775 4591 jam
2830 4521 3166 4576 ascendisset
3215 4521 3269 4573 in
3322 4519 3661 4580 columnam,

2083 4610 2343 4665 convenit
2401 4625 2525 4665 cum
2585 4608 2921 4665 Theodoreti
2970 4609 3287 4665 narratione
3347 4608 3414 4662 de
3441 4605 3665 4663 Meletio

2083 4698 2395 4756 Simeonem
2435 4701 2724 4766 invisente,
2772 4700 3113 4771 ferreamque
3162 4708 3407 4755 catenam
3453 4698 3664 4753 auferri

2082 4790 2389 4847 suadente?
2450 4791 2511 4847 Id
2562 4791 2710 4848 enim
2761 4791 3143 4855 Theodoretus
3213 4792 3419 4861 apertis
3474 4788 3665 4845 verbis

2083 4880 2251 4935 tradit
2300 4882 2585 4947 accidisse,
2616 4892 2912 4953 antequam
2944 4882 2999 4936 in
3035 4881 3345 4936 columnam
3377 4878 3665 4935 ascendis-

2081 4980 2184 5025 set.
2240 4971 2506 5038 cTribus,
2558 4973 2817 5043 inquit‘,
2873 4973 2928 5026 in
2975 4972 3305 5027 domuncula
3374 4970 3667 5024 transactis

2080 5064 2241 5120 annis
2261 5063 2330 5119 ad
2359 5065 2782 5120 celeberrimum
2806 5065 2954 5119 hunc
2976 5064 3178 5118 montis
3199 5063 3459 5118 verticem
3485 5061 3663 5124 venit,

2081 5157 2376 5214 maceriam
2408 5156 2748 5213 circumduci
2778 5157 3124 5227 prtecipiens,
3150 5165 3451 5225 catenaque
3484 5152 3667 5207 ferrea

1802 5351 2119 5410 SCIlULle
2156 5354 2392 5412 NOTAE.

476 5496 493 5526 ¹
525 5492 690 5550 Nisib.
720 5492 817 5550 Vel
842 5491 1023 5562 potius
1057 5491 1282 5562 alterius
1315 5490 1522 5562 Jacobi,
1557 5489 1625 5562 de
1659 5507 1771 5562 quo
1806 5492 1919 5550 vid.
1953 5492 2211 5559 Philol/1.,
2255 5511 2304 5550 c.
2344 5494 2433 5550 2t.

2534 5494 2555 5566 ξ
2589 5492 2917 5566 Quinq_.isic
2958 5510 3179 5566 quoque
3222 5493 3483 5566 infra,_p.
3522 5489 3654 5566 29].

402 5564 511 5621 Sed
541 5563 810 5637 Oudinus,
842 5559 882 5617 I.
914 5578 986 5628 e.,
1007 5578 1062 5633 p.
1090 5560 1448 5637 109i,__habe_t
1476 5559 1885 5637 quadraginta.”
1929 5565 1959 5637 ³ί
1982 5565 2106 5620 Vid.
2142 5565 2374 5637 Philota.
2417 5579 2466 5637 c.
2493 5563 2601 5637 26._
2622 5633 2637 5637 _
2658 5563 2679 5594 ⁸
2708 5559 2833 5637 Vid.
2863 5559 3051 5637 supra,
3074 5559 3129 5637 p.
3152 5565 3277 5622 279.
3304 5562 3412 5619 Sed
3429 5559 3493 5634 ᾖ).
3523 5559 3654 5629 264,

401 5636 687 5704 nstruitur,
738 5633 828 5689 vix
877 5630 1162 5690 ante'ann.
1197 5632 1301 5716 4-ιὸ
1326 5630 1588 5700 scriptum
1617 5630 1738 5716 esse
1761 5631 2116 5689 Philolheum.
2192 5636 2213 5667 ⁸
2239 5632 2471 5690 Philam.
2501 5649 2550 5689 c.
2575 5633 2664 5689 26.

2754 5635 2773 5667 ‘
2801 5635 2938 5691 ibid.
