4024 6152
307 324 414 391 241

1474 329 1570 387 DE
1609 327 1866 388 LIBRIS
1898 327 2405 388 THEODORETI.

3462 322 3572 382 242

310 435 508 506 viginti
559 433 875 488 cubitorum
935 432 1236 500 fabricata,
1291 435 1516 504 ejusque
1580 436 1756 506 capite
1816 435 1882 490 ad
1915 444 1958 501 Α
1987 451 2093 505 que
2139 435 2208 490 ad
2256 451 2458 488 munus
2498 433 2807 503 pertinebat
2835 432 3116 503 invigilare
3146 430 3420 496 omnibus,
3449 445 3571 500 qua:

313 537 509 579 saxum
556 522 749 592 ingens
793 520 972 586 afIixo,
1025 524 1200 577 altero
1264 523 1331 577 ad
1385 523 1639 578 dextrum
1699 525 1900 594 pedem

313 616 548 684 illigato,
608 622 666 665 ut
703 621 856 666 extra
883 613 1086 666 limites
1119 614 1263 680 illos,
1299 630 1401 668 nec
1426 614 1469 668 si
1498 615 1680 678 vellet,
1709 615 1895 685 egredi

313 712 524 776 posset,
561 704 712 757 intus
767 704 988 768 mansit,
1052 704 1250 758 ccelum
1291 705 1509 760 assidue
1567 705 1750 759 animo
1787 708 1899 776 agi-

316 806 460 858 tans,
505 803 562 848 et
586 810 706 862 qua:
745 808 908 863 supra
935 794 1105 849 caelos
1127 803 1275 859 sunt,
1305 797 1322 814 ⁴
1359 796 1716 865 contemplari
1745 797 1897 850 anni-

315 894 460 938 tens.
514 883 710 938 Mentis
769 883 916 937 enim
962 885 1199 938 volatum
1249 883 1380 938 ferri
1435 885 1715 939 vinculum
1763 884 1896 940 illud

315 991 430 1028 non
481 973 833 1043 impediebat.
885 974 1021 1028 Cum
1077 990 1210 1029 vero
1254 975 1608 1031 admirandus
1651 976 1741 1030 ille
1786 976 1899 1032 Me-

316 1062 504 1124 letius,
536 1081 552 1111 ι
583 1071 689 1116 etc.

392 1152 484 1206 XI.
530 1153 588 1207 In
626 1168 692 1207 eo
742 1153 980 1223 denique
1018 1154 1164 1223 quod
1212 1154 1425 1219 scribit,
1481 1155 1792 1212 Simeonem
1842 1155 1900 1210 in

320 1244 580 1298 columna
633 1244 853 1298 stetisse
911 1245 1036 1314 plus
1064 1262 1227 1315 quam
1259 1247 1533 1317 octoginta
1569 1263 1760 1313 annos,
1786 1247 1900 1302 dis-

320 1336 491 1390 sentit
507 1336 577 1389 ab
597 1337 854 1390 omnibus
875 1339 1114 1406 antiquis
1131 1339 1514 1409 scriptoribus,
1535 1339 1898 1405 Theodoreto,

321 1427 568 1480 Antonio
611 1426 882 1482 Simeonis
915 1429 1208 1499 discipulo,
1247 1439 1301 1484 et
1335 1431 1566 1500 Evagrio
1603 1429 1901 1495 historico;

322 1534 395 1571 ne
421 1517 552 1586 quid
575 1517 752 1571 dicam
781 1519 850 1573 de
889 1520 1258 1590 Metaphraste
1292 1530 1415 1591 post
1437 1521 1576 1574 alios
1605 1520 1902 1575 scribente.

324 1608 405 1662 De
454 1607 801 1663 Theodoreto
834 1611 967 1664 satis
1019 1612 1303 1666 hactenus.
1354 1612 1627 1666 Antonius
1655 1619 1710 1664 et
1764 1611 1906 1665 Eva-

323 1699 480 1767 grius
511 1707 678 1752 totam
720 1699 794 1754 ita
827 1711 1073 1766 narrant,
1115 1701 1230 1757 sive
1262 1703 1406 1756 inter
1435 1702 1754 1766 monachos,
1793 1702 1907 1756 sive

1997 527 2063 580 a'd
2107 528 2363 596 pietatem
2409 527 2764 597 pertinerent.

2069 618 2205 672 XVI.
2241 619 2430 687 Neque
2462 633 2589 672 vero
2619 625 2670 672 te
2698 602 2932 682 moveat,
2965 615 3110 685 quod
3157 630 3186 668 a
3230 611 3574 666 Theodereto

1999 705 2248 760 Mcletius
2285 706 2503 759 dicatur
2541 707 2568 758 ὁ
2600 705 2922 776 Θαυμάσιος,
2963 703 3119 773 quasi
3157 703 3261 756 hoc
3293 700 3574 769 epitheton

2000 813 2196 867 magno
2235 797 2313 852 illi
2348 797 2564 851 Meletio
2605 797 2705 850 soli
2735 795 3042 850 conveniat.
3095 794 3228 848 Nam
3267 792 3334 845 de
3387 791 3574 853 Basso,

2000 887 2094 956 qui
2125 888 2315 956 procul
2344 887 2512 941 dubio
2544 903 2651 940 non
2674 893 2812 950 erat,
2843 885 2949 939 nisi
2979 885 3044 938 ad
3073 897 3368 946 summum,
3410 881 3574 934 chor-

1999 980 2309 1047 episcopus,
2349 977 2600 1046 loquens,
2624 975 2922 1046 Θαυμάσιον
2953 975 3226 1037 nominat;
3249 973 3357 1024 imo
3384 969 3575 1024 eadem

2002 1064 2576 1139 appellatione'solet,
2629 1082 2984 1138 quoscunque
3035 1066 3345 1135 prazcellere
3395 1069 3572 1133 putat,

2001 1175 2284 1214 exornare.
2341 1159 2485 1226 Quin
2533 1165 2589 1212 et
2638 1157 2763 1211 inde
2823 1157 3177 1211 confirmatur
3225 1157 3579 1210 vehementer

2003 1251 2189 1319 Opinio
2228 1259 2414 1304 nostra
2449 1267 2461 1302 :
2495 1247 2764 1317 siquidem
2789 1246 3186 1309 Theodoretus,
3219 1261 3342 1299 cum
3368 1245 3435 1298 de
3470 1243 3578 1297 Me-

2004 1340 2136 1394 letio
2167 1338 2633 1394 Antiochenorum
2661 1337 2920 1406 episcopo
2941 1350 3245 1389 sermonem
3270 1333 3416 1396 facit,
3441 1347 3579 1403 non-

2003 1429 2108 1483 nisi
2153 1445 2406 1500 magnum
2447 1435 2626 1490 vocat,
2659 1426 2796 1480 Hist.
2843 1423 2968 1478 eccl‘.
3002 1424 3100 1477 lib.
3145 1439 3197 1486 v,
3230 1437 3348 1490 cap.
3382 1421 3451 1475 33
3479 1437 3492 1472 :
3522 1420 3578 1471 ὲν

2007 1519 2314 1590 Ἀντιοχείᾳ
2344 1519 2401 1571 δὲ
2434 1516 2698 1570 Mela-rion
2744 1516 2836 1568 τοῦ
2886 1514 3122 1585 μεγάλου
3153 1512 3251 1582 τὴν
3295 1509 3579 1581 προεδρίαν

2006 1609 2297 1672 Φλαὸιανὸς
2329 1608 2595 1672 διεδέξατο
2635 1608 2697 1660 ¹⁰.
2739 1605 2917 1661 Semel
2962 1613 3124 1674 atque
3154 1605 3351 1657 iterum
3394 1611 3577 1663 antea,

2009 1699 2341 1769 tertiumque
2361 1699 2593 1763 dixerat,
2622 1697 2785 1752 modo
2815 1696 2978 1757 θεῖον,
3028 1695 3191 1748 modo
3222 1693 3414 1763 μέγαν,
3436 1707 3578 1744 nun-

323 1789 381 1841 in
437 1788 769 1843 domuncula
813 1798 868 1844 et
925 1791 1171 1865 mandra,
1216 1791 1326 1846 sive
1377 1791 1430 1844 in
1484 1791 1753 1845 columnis
1797 1790 1907 1860 pri-

2019 1804 2172 1855 quam
2215 1789 2536 1859 Θαυμάσιον,
2573 1796 2662 1852 et,
2714 1787 2874 1855 epist.
2929 1785 3052 1851 H2,
3087 1786 3174 1838 ὅτε
3209 1784 3298 1836 τὸν
3324 1781 3417 1834 τοῦ
3443 1780 3579 1833 Θεοῦ

320 1895 476 1933 ιιιιιιιι
533 1879 988 1949 depressioribus,
1044 1883 1242 1937 deinde
1286 1883 1594 1947 altioribus,
1659 1883 1907 1938 ascetica:

324 1971 604 2026 Simeonis
627 1973 753 2027 vita:
774 1973 1078 2039 historiam,
1112 1983 1171 2027 ut
1199 1990 1306 2027 non
1345 1975 1528 2043 plures
1552 1989 1714 2043 quam
1745 1973 1905 2043 quin-

331 2060 596 2130 quaginta
657 2077 749 2115 sex
815 2070 911 2116 aut
973 2071 1181 2132 septem
1246 2079 1418 2117 annos
1472 2064 1752 2131 complexa
1815 2063 1903 2126 sit,

335 2152 671 2220 bimeonque
708 2152 764 2205 in
802 2153 1134 2217 columnam,
1161 2162 1280 2224 post
1309 2153 1604 2208 detractam
1637 2163 1902 2215 catenam,

330 2242 646 2296 ascenderit
680 2243 900 2298 circiter
937 2259 1138 2297 annum
1188 2245 1391 2299 Christi
1447 2245 1575 2308 420,
1625 2260 1734 2313 quo
1771 2251 1908 2296 tern-

324 2350 462 2404 porc
513 2335 912 2392 Antiochenam
950 2337 1252 2392 Ecclesiam
1308 2337 1532 2406 regebat
1567 2335 1905 2399 Theodotus,

323 2432 497 2492 atque
535 2424 612 2478 ita
645 2424 807 2479 modo
838 2426 1210 2489 humiliorem,
1243 2427 1406 2480 modo
1444 2425 1800 2480 excelsiorem
1827 2425 1910 2477 in-

325 2513 689 2578 habitaverit,
727 2515 1085 2584 quadraginta
1143 2515 1364 2570 circiter
1411 2531 1680 2570 annorum
1711 2515 1905 2586 spatio.

397 2601 564 2669 292
602 2601 719 2655 XII.
763 2601 869 2657 Sed
907 2603 1146 2667 Meletio,
1188 2604 1425 2673 inquies,
1451 2604 1582 2673 quid
1611 2604 1742 2658 fiet?
1769 2605 1909 2670 Quid

327 2688 718 2744 Theodoreto?
744 2690 907 2756 Quid,
941 2693 985 2746 si
1024 2693 1406 2747 Theodoretus
1438 2695 1698 2748 memoria
1727 2695 1910 2763 lapsus

322 2781 610 2835 .‘Ieletium
653 2782 936 2851 scripserit
983 2799 1081 2852 pro
1128 2783 1453 2838 Theodoto?
1506 2785 1702 2840 Verum
1749 2783 1803 2838 id
1853 2783 1910 2838 in

322 2891 384 2927 re
434 2882 546 2926 tam
594 2875 803 2927 recenti
847 2883 1062 2944 tamque
1102 2884 1230 2929 nota
1268 2876 1530 2930 accidisse
1562 2876 1652 2930 vix
1693 2877 1907 2945 opinor.

323 2963 514 3034 Longe
549 2964 892 3033 probabilius
935 2965 1081 3034 quod
1116 2965 1191 3020 ait
1225 2967 1517 3021 Bollandus
1553 2974 1760 3030 uoster,
1795 2966 1908 3021 Me-

317 3055 521 3109 letium
570 3055 719 3110 hunc
748 3057 918 3111 fuisse
975 3058 1428 3128 cborepiscopum
1461 3058 1562 3112 sub
1599 3058 1904 3122 Theodoto,

322 3148 417 3201 cui
465 3149 765 3203 commissa
821 3158 968 3203 esset
1021 3130 1260 3220 regionis
1328 3151 1496 3214 illius,
1551 3151 1606 3204 in
1650 3166 1757 3220 qua
1805 3149 1909 3205 fuit

323 3238 608 3292 Simeonis
670 3239 926 3301 mandra,
987 3239 1340 3308 inspicienda:
1389 3240 1746 3309 regendisque
1808 3241 1910 3294 sub

322 3328 566 3397 primate
633 3344 782 3381 cura.
849 3328 908 3382 Id
972 3329 1229 3382 videntur
1287 3328 1519 3382 innuere
1578 3327 1910 3383 Theodoreti

326 3416 498 3470 verba
535 3434 550 3469 :
587 3417 903 3469 ἐπισκοπεῖν
934 3417 1233 3486 τηνικαῦτα
1266 3417 1366 3485 τῆς
1395 3416 1669 3487 Ἀντιόχου
1704 3418 1910 3480 πόλεως

321 3508 663 3576 τεταγμένος
710 3507 810 3577 τὴν
853 3507 1034 3576 χώραν
1083 3509 1124 3570 ⁷,
1173 3522 1295 3577 quae
1329 3521 1490 3561 nemo
1541 3506 1609 3561 de
1653 3508 1910 3577 episcopo

327 3598 487 3652 urbis
539 3598 760 3666 proprie
823 3598 1043 3653 dixerit.
1095 3599 1305 3653 Dixerit
1364 3614 1494 3653 vero
1553 3600 1796 3668 apposite
1841 3600 1910 3654 de

325 3688 763 3757 cborepiscopo,
821 3690 1140 3759 τεταγμένῳ
1187 3690 1502 3742 ἐπισκοπεῖν
1550 3687 1648 3758 τὴν
1699 3688 1907 3760 χώραν,

330 3779 482 3834 unde
518 3780 900 3850 chorepisc0pi
949 3797 1148 3836 nomen
1197 3781 1382 3835 habet.

403 3869 546 3924 XIII.
578 3870 728 3924 Hanc
769 3871 1278 3941 interpretationem
1303 3871 1652 3936 confirmant,
1693 3888 1815 3942 quae
1841 3872 1910 3926 de

331 3961 502 4014 Basso
552 3961 704 4030 prius
744 3963 1006 4016 dicuntur
1030 3961 1092 4029 ⁸;
1127 3964 1276 4017 hunc
1323 3978 1526 4033 nempe
1553 3964 1908 4032 praepositum

330 4051 505 4104 fuisse
528 4053 862 4123 presbyteris
879 4053 1030 4108 vicos
1051 4055 1400 4124 regentibus:
1425 4057 1534 4118 τοῖς
1556 4055 1696 4107 κατὰ
1721 4054 1911 4123 κώμας

336 4141 580 4208 ἱερεῦσιν
633 4143 959 4196 ἐπιστατῶν.
1022 4143 1159 4197 Nam
1218 4143 1351 4212 quid
1413 4143 1734 4197 ἐπίστασθαι
1799 4145 1910 4206 τοῖς

335 4231 597 4298 ἱερεῦσιν,
658 4232 761 4287 nisi
813 4233 1166 4286 érttaxorzsiv?

407 4321 549 4375 XIV.
582 4322 732 4377 Hanc
756 4324 1002 4378 eamdem
1037 4323 1542 4392 interpretationem
1584 4323 1738 4378 locus
1771 4322 1911 4376 alter

335 4409 535 4473 aIIinis,
569 4410 746 4478 capite
798 4410 888 4474 24,
943 4412 1198 4466 illustrat.
1245 4413 1381 4466 Cum
1432 4413 1577 4468 enim
1626 4413 1694 4467 ad
1750 4413 1909 4484 Poly-

339 4501 632 4554 cbronium
670 4502 932 4556 siccitatis
969 4513 1214 4572 tempore
1251 4503 1598 4565 confluxisse,
1651 4505 1773 4573 opis
1819 4520 1914 4572 pe-

340 4589 520 4643 tendae
545 4605 727 4652 causa,
762 4600 1056 4649 narrantur
1091 4593 1412 4664 presbyteri,
1444 4609 1568 4648 cum
1609 4593 1676 4648 iis
1698 4597 1914 4649 venisse

339 4678 546 4731 dicitur
589 4680 680 4730 καὶ
704 4679 804 4748 τῆς
838 4679 1148 4750 Ἀντιοχέων
1167 4700 1249 4738 τις
1280 4682 1462 4752 χώρας
1499 4681 1686 4753 κώμας
1715 4683 1914 4745 πολλὰς

341 4770 645 4839 ποιμαίνειν
689 4773 1017 4840 τεταγμένος
1057 4775 1099 4828 ⁹.
1143 4772 1298 4839 Quod
1331 4775 1478 4829 enim
1530 4791 1639 4830 uno
1683 4774 1739 4828 in
1787 4774 1908 4828 loco

341 4862 663 4912 ἐπισκοπεῖν
687 4859 896 4914 dictum
920 4871 1022 4925 est,
1051 4863 1356 4932 ποιμαίνειν
1380 4864 1434 4918 in
1458 4864 1634 4918 altero
1658 4863 1906 4919 effertur.

417 4947 533 5002 XV.
580 4950 684 5004 Sed
733 4967 846 5005 rem
889 4951 1119 5008 definire
1175 4953 1308 5009 mihi
1363 4953 1581 5008 videtur
1629 4970 1804 5010 canon
1847 4955 1912 5008 10

345 5038 740 5103 Antiochenus,
786 5041 878 5109 qui
933 5051 1015 5096 est
1061 5042 1128 5097 de
1156 5044 1564 5114 cborepiscopis
1601 5046 1916 5102 constitutis

348 5133 406 5184 in
443 5130 578 5184 vicis
598 5132 681 5184 vel
710 5132 862 5202 pagis
901 5150 912 5184 :
939 5135 1342 5190 ostenditcnim
1375 5152 1486 5189 non
1513 5152 1716 5204 paucos
1748 5137 1917 5193 fuisse

347 5221 614 5290 ejusmodi
641 5222 1080 5294 cborepiscopos,
1106 5227 1308 5295 quibus
1332 5227 1626 5282 distributa
1649 5237 1769 5284 erat
1790 5245 1918 5283 cura

354 5310 718 5365 Ecclesiarum
757 5323 910 5366 extra
959 5315 1234 5371 civitatem
1292 5317 1612 5387 positarum,
1657 5334 1921 5388 quorum-

2004 1881 2308 1952 ἄνθρωπον,
2339 1881 2429 1934 τὸν
2460 1880 2634 1950 μέγαν
2663 1877 2943 1933 Μελέτιον.

2075 2005 2236 2061 XVII.
2271 2006 2428 2061 IIunc
2460 2021 2562 2076 ego
2590 2005 2865 2065 Meletinm
2906 2003 3103 2073 opinor
3137 2001 3307 2056 fuisse
3331 2007 3519 2068 postea
3547 2013 3581 2052 a

2005 2096 2287 2152 Theodoto
2327 2097 2676 2167 praepositum
2702 2093 3127 2150 Neocaesariensi
3161 2090 3452 2155 Ecclesiae;
3477 2103 3580 2143 nec

2005 2189 2280 2243 diversum
2312 2189 2392 2252 ab
2434 2203 2522 2251 co,
2566 2188 2660 2257 qui
2691 2187 2834 2256 apud
2876 2187 3140 2241 Joannem
3177 2181 3580 2239 Antiochcnum

2005 2289 2124 2335 erat
2167 2295 2290 2333 cum
2333 2279 2704 2343 Theodoreto,
2744 2289 2800 2332 et
2849 2278 2973 2331 aliis
3021 2284 3274 2346 quatuor,
3336 2289 3461 2328 cum
3512 2271 3579 2325 ad

2005 2372 2318 2428 Nestorium
2363 2372 2601 2428 Joannes
2648 2369 2952 2434 scriberet;
2999 2368 3202 2438 quique
3247 2365 3302 2419 in
3332 2363 3582 2417 Orienta-

2005 2461 2138 2516 lium
2173 2462 2334 2532 293
2373 2461 2588 2532 synodo
2621 2471 2812 2514 contra
2845 2459 3106 2530 Cyrillum
3146 2465 3201 2511 et
3236 2456 3579 2511 Memnonem

2007 2554 2334 2607 sententiam
2381 2552 2519 2607 dixit
2569 2553 2632 2603 ιι.

2077 2654 2262 2710 XVIII.
2292 2656 2411 2709 Non
2439 2655 2783 2712 incommode
2811 2663 2996 2724 posset
3027 2668 3166 2722 opus
3198 2658 3374 2706 totum
3405 2649 3581 2704 dividi

2008 2745 2147 2799 duos
2199 2745 2254 2798 in
2296 2745 2490 2810 libros,
2539 2762 2774 2814 quorum
2823 2745 2977 2815 prior
3035 2743 3224 2813 viginti
3283 2741 3580 2811 capitibus,

2008 2834 2284 2908 posterior
2313 2835 2506 2893 decem
2536 2843 2818 2891 constaret
2838 2837 2879 2866 ¹¹
2914 2852 2926 2886 :
2962 2835 3053 2888 ille
3081 2842 3393 2889 sanctorum
3428 2840 3578 2894 tunc,

2009 2940 2136 2982 cum
2173 2925 2556 2980 Theodoretus
2595 2927 2886 2988 scriberet,
2940 2925 3050 2979 fato
3094 2924 3440 2987 functorum;
3479 2922 3584 2976 iste

2011 3016 2370 3084 superstitum
2418 3017 2595 3086 elogia
2623 3017 2972 3070 contineret:
3008 3023 3240 3083 uterque
3276 3014 3346 3068 ab
3380 3012 3578 3083 insigni

1933 3119 1974 3177 ο
2009 3103 2244 3174 quodam
2265 3103 2469 3158 Iacobo
2492 3103 2720 3157 duceret
2740 3102 2980 3156 initium.

2081 3213 2223 3270 XIX.
2259 3214 2450 3283 Neque
2471 3229 2602 3269 vero
2633 3215 2750 3269 haec
2776 3213 3000 3283 partitio
3032 3212 3188 3268 fieret
3213 3213 3386 3270 invito
3407 3209 3578 3274 Theo-

2011 3304 2224 3368 doreto,
2259 3303 2462 3373 quippe
2480 3303 2575 3372 qui
2604 3319 2758 3359 suam
2781 3302 3100 3373 apposuerit
3121 3303 3286 3372 capiti
3321 3303 3585 3359 vicesimo

2009 3394 2210 3464 primo,
2247 3393 2405 3463 quasi
2437 3408 2582 3450 novo
2612 3393 2775 3457 libro,
2813 3392 3205 3461 praefationem.
3241 3411 3257 3443 ι
3287 3393 3584 3460 Postquam

2009 3485 2339 3540 athletarum
2407 3484 2652 3548 virtutis,
2709 3485 2806 3552 qui
2850 3484 2960 3554 jam
3009 3483 3246 3538 victores
3281 3481 3581 3538 renuntiati

2010 3584 2161 3639 sunt,
2201 3590 2405 3648 agones
2471 3573 2911 3644 percensuimus,
2974 3573 3305 3641 illorumque
3352 3581 3468 3628 tum
3525 3572 3583 3625 in

2008 3666 2399 3721 exercitatione
2421 3666 2658 3730 labores,
2682 3673 2796 3720 tum
2819 3665 2873 3718 in
2903 3664 3298 3719 certaminibus
3331 3663 3582 3727 sudores,

2010 3756 2454 3826 clarissimasque
2484 3764 2540 3810 et
2580 3755 2951 3811 nobilissimas
2979 3755 3239 3809 victorias
3268 3752 3581 3808 summatim

2010 3848 2408 3917 enarravimus,
2434 3862 2553 3917 age,
2589 3861 2737 3902 nunc
2759 3861 2949 3902 eorum
2970 3845 3066 3914 qui
3091 3845 3414 3914 superstites
3433 3853 3583 3908 sunt,

2010 3947 2066 4004 et
2092 3908 2376 4010 magniﬁce
2407 3939 2710 4002 decertant,
2753 3921 2919 4006 atque
2946 3936 3252 3992 anteriores
3289 3937 3585 3992 sudoribus

2010 4029 2232 4084 vincere
2260 4029 2500 4093 student,
2517 4029 2686 4085 vitam
2709 4027 3088 4083 describamus
3108 4028 3171 4080 ’³.
3205 4046 3224 4078 ι
3259 4027 3328 4081 Ει
3349 4035 3536 4095 postea
3567 4043 3580 4078 :

2019 4138 2037 4171 ‹
2071 4119 2277 4175 Horum
2318 4118 2534 4172 initium
2590 4118 2786 4172 ducam
2817 4132 2847 4170 a
2882 4132 3078 4186 magno
3101 4115 3323 4180 Jacobo.
3349 4115 3413 4169 .ls
3437 4114 3584 4171 enim

2011 4220 2068 4265 et
2092 4217 2335 4278 tempore
2373 4217 2430 4262 et
2457 4209 2646 4262 labore
2676 4217 2904 4262 caeteros
2932 4207 3242 4271 antecedit;
3283 4207 3378 4276 qui
3405 4206 3583 4274 ipsum

2013 4297 2280 4352 imitando
2304 4296 2441 4350 mira
2466 4305 2519 4351 et
2552 4295 2822 4365 stupenda
2839 4295 3070 4354 faciunt.
3094 4293 3338 4366 Contigit
3368 4301 3574 4354 autem,

2015 4389 2204 4443 nescio
2228 4402 2338 4454 quo
2367 4393 2548 4455 pacto,
2596 4394 2656 4440 ut
2693 4394 2748 4440 et
2777 4386 2888 4439 vita
2938 4385 3273 4448 functorum,
3307 4391 3362 4437 et
3403 4382 3586 4437 adhuc

2017 4477 2397 4546 superstitum,
2424 4491 2623 4530 nomen
2652 4475 2755 4529 hoc
2777 4475 3015 4544 primum
3041 4475 3221 4528 locum
3245 4480 3442 4526 teneat.
3480 4472 3583 4552 De-

2019 4567 2330 4622 functorum
2362 4567 2564 4636 quippe
2589 4566 2754 4619 vitam
2779 4580 2902 4620 cum
2923 4564 3314 4627 describerem,
3355 4576 3585 4616 exorsus

2018 4677 2138 4715 sum
2163 4676 2195 4714 a
2218 4659 2403 4713 divino
2429 4659 2522 4712 illo
2543 4659 2768 4724 Iacobo,
2811 4659 2904 4728 qui
2939 4659 3226 4713 Persarum
3246 4662 3259 4675 ‘
3281 4654 3582 4710 exercitum

2019 4751 2266 4807 oratione
2294 4766 2392 4804 sua
2411 4749 2714 4820 dissipavit,
2752 4769 2768 4801 ι
2809 4759 2915 4804 etc.

2092 4865 2210 4920 XX.
2252 4864 2881 4928 lIeterodoxicensores,
2910 4864 3216 4935 cujusmodi
3257 4861 3484 4915 Rivetus
3528 4865 3585 4912 et

2026 4955 2380 5024 IIottingerus
2401 4996 2414 5016 .
2438 4956 2642 5025 aliique
2675 4956 2903 5016 similes,
2931 4971 3055 5009 cum
3084 4953 3414 5010 Philotimum
3461 4965 3585 5004 cer-

2019 5044 2348 5099 nerentsuis
2371 5045 2587 5114 placitis
2630 5059 2908 5113 pugnare;
2954 5059 3056 5096 nec
3086 5041 3354 5095 auderent
3396 5049 3580 5093 tamen

2018 5153 2159 5208 opus
2207 5135 2344 5190 adeo
2393 5135 2810 5204 comprobatum
2853 5132 3060 5187 auctori
3112 5146 3213 5186 suo
3254 5129 3584 5191 subducere,

2019 5227 2202 5284 addita
2251 5227 2484 5295 plurima
2519 5227 2827 5296 jactarunt;
2864 5230 2920 5279 et
2962 5223 3020 5278 in
3076 5223 3218 5282 hanc
3256 5221 3585 5278 sententiam

2023 5319 2274 5374 Gentiani
2332 5319 2552 5374 Hcrvcti
2605 5316 2924 5386 interpretis
2979 5315 3456 5378 observationem,
3515 5311 3586 5366 ad

1681 5456 1994 5516 SCllL’llll
2035 5456 2269 5511 NOTAE.

426 5568 444 5597 τ
472 5566 782 5642 ratione.
820 5569 908 5623 εις.
983 5573 1003 5603 ε
1037 5571 1170 5625 ibid.
1220 5571 1406 5642 {va}.
1443 5581 1480 5626 ι.
1522 5573 1618 5636 ιιι,
1658 5589 1710 5642 ρ.
1738 5573 1906 5642 tam.

2009 5573 2155 5628 Adde
2189 5571 2416 5626 Pliilotlt.
2443 5590 2491 5629 c.
2527 5576 2561 5629 2
2582 5616 2596 5637 ,
2644 5583 2682 5637 ί,
2717 5573 2804 5639 Ill,
2835 5589 2890 5642 ps
2919 5572 3076 5642 “50.

3160 5573 3198 5601 ”
3230 5569 3354 5623 \‘id.
3387 5576 3529 5636 part.
3554 5584 3590 5620 ιι

355 5636 597 5720 concilii
617 5639 857 5720 Ephes,
872 5642 1115 5720 _c:1p._.9.5_.
1192 5641 1232 5670 "
1261 5641 1474 5720 [ξρὶιοςί
1521 5635 1673 5699 vices
1701 5644 1838 5714 gerit
1878 5641 2059 5720 Oratio
2100 5644 2162 5697 de
2203 5644 2491 5709 churitatc,
2541 5635 2758 5712 quam
2787 5635 2973 5698 nostra
3011 5641 3250 5696 editione
3309 5635 3599 5708 subiuncta

362 5717 438 5759 est
479 5705 768 5763 Philol/iw.
848 5705 1137 5766 “I‘ltilo'h.
1175 5725 1226 5766 c.
1260 5705 1346 5763 “ll.
