4048 6174
293 333 404 395 245

1469 327 1565 388 DE
1607 324 1862 386 LIBRIS
1895 321 2403 385 THEODORETI.

3462 335 3566 397 2-56

296 441 409 496 diis
432 437 586 493 falsis
609 435 827 492 divinos
853 441 1097 489 mortuos
1123 441 1508 503 opponentem.
1538 433 1675 487 Tum
1708 433 1880 494 addit,
1914 439 1953 489 A
1987 430 2354 502 Hieronymus
2403 433 2732 504 intelligeret
2769 435 2949 493 adhuc
2985 438 3260 510 Syriacam
3294 440 3568 513 linguam?

296 547 411 602 quo
441 529 733 585 conﬁrmet
759 527 1158 582 invocationem
1181 533 1494 580 sanctorum
1528 543 1540 577 :
1585 543 1602 576 ι
1639 524 1885 591 Quorum

297 623 515 678 utinam
546 619 1046 675 intercessionibus
1079 616 1379 686 contingat,
1400 625 1456 670 et
1493 615 1642 670 hunc
1673 615 1738 668 ad
1770 631 1888 670 cer-

298 713 574 768 taminum
603 720 829 774 metam,
851 709 1042 764 eadem
1069 724 1194 762 cum
1234 708 1462 762 victoria
1494 707 1804 777 pervenire,
1831 716 1888 760 et

297 819 405 858 nos
443 802 646 865 abhis,
696 800 845 855 etab
893 800 988 852 illo
1037 799 1254 868 adjutos
1304 798 1502 851 divina:
1528 796 1886 866 philosophiae

298 894 671 950 certaminum
695 891 952 944 ardentes
983 889 1099 942 ﬁeri
1124 887 1472 942 amatores".
1510 905 1527 937 ι
1557 885 1696 952 Quid
1730 885 1887 955 plura

300 998 610 1055 prosequar
638 981 842 1050 ubique
869 978 1072 1049 passim
1101 977 1302 1032 obvia?

443 1127 870 1170 osssavanoaes
901 1128 966 1165 AD
999 1125 1218 1165 snschA
1249 1124 1427 1163 CAPlTA
1462 1107 1741 1162 Philotimi.

370 1251 600 1307 LCirca
639 1249 876 1319 primum
924 1253 1109 1316 caput,
1151 1243 1299 1314 quod
1354 1241 1420 1297 de
1463 1249 1650 1296 sancto
1683 1241 1886 1296 Jacobo

300 1345 572 1400 Nisibeno
599 1348 704 1405 est,
734 1338 1136 1394 observandum
1165 1345 1249 1390 est
1282 1336 1480 1406 primo,
1511 1333 1777 1388 memoria
1807 1333 1887 1386 la-

300 1453 465 1508 psum
484 1450 606 1490 esse
635 1432 1047 1487 Theodoretum
1080 1431 1135 1484 in
1170 1429 1255 1492 iis,
1293 1444 1413 1498 quae
1439 1427 1506 1482 de
1542 1435 1719 1481 morte
1771 1424 1889 1478 Arii

301 1529 502 1583 scribit
524 1529 588 1580 “.
617 1524 869 1579 Aitenim
905 1523 1099 1576 Nicaea:
1123 1519 1349 1591 periisse
1374 1519 1555 1573 statim
1582 1533 1612 1571 a
1632 1515 1886 1580 concilio,

299 1620 509 1676 Jacobo
527 1617 796 1688 jejunium
819 1614 1077 1670 omnibus
1102 1611 1491 1683 persuadente,
1514 1625 1638 1664 cum
1657 1609 1890 1662 Alexan—

301 1713 404 1766 der
437 1709 698 1765 Ecclesia:
719 1706 1098 1762 Alexandrinae
1142 1705 1454 1774 episcopus,
1488 1710 1746 1754 renueret
1775 1699 1886 1754 hae-

1986 520 2069 574 An
2104 537 2369 577 conversa
2415 523 2641 577 fuerunt
2685 535 2876 593 postea
2926 537 2982 582 et
3025 529 3081 582 in
3127 529 3370 586 Griecam
3421 544 3478 588 et
3512 536 3562 588 in

1986 610 2234 666 Latinam
2262 613 2527 684 linguam,
2551 623 2611 666 ut
2635 614 2978 671 innotescere
3011 630 3232 687 possent
3261 622 3566 686 Gennadio,

1985 720 2094 757 non
2133 705 2487 773 peritissimo,
2525 715 2582 761 ut
2609 708 2847 771 videtur,
2872 709 3070 779 linguze
3098 710 3334 766 Grrecae?
3357 713 3411 768 Si
3439 730 3571 768 eon-

1985 813 2144 850 versa
2167 806 2293 851 sunt
2344 798 2398 851 in
2449 808 2740 869 utramque
2785 801 3046 870 linguam,
3082 803 3356 870 quomodo
3386 805 3570 874 perie-

1988 898 2120 943 runt
2150 889 2397 952 omnino,
2431 907 2554 944 cum
2581 891 2763 946 lorcnt
2788 893 2840 946 in
2879 893 3148 962 triplicem
3177 895 3331 963 quasi
3378 896 3567 950 orbem

1990 996 2201 1050 sparsa,
2241 981 2520 1046 Latinum,
2549 983 2797 1038 Graecum
2831 992 2887 1037 et
2912 984 3106 1054 Syrum
3129 986 3150 1038 ?
3173 985 3284 1040 Cur
3310 987 3446 1040 nulli
3471 1004 3570 1042 ve-

1990 1083 2167 1128 terum
2221 1084 2384 1139 neta;
2430 1089 2500 1128 ne
2535 1074 2732 1130 Photio
2755 1075 3001 1144 quidem,
3059 1085 3209 1131 tanto
3235 1078 3568 1148 scriptorum

1989 1175 2237 1220 veterum
2282 1175 2501 1236 tamque
2543 1167 2764 1222 curioso
2801 1170 3056 1222 censori?
3105 1169 3350 1239 Augetur
3395 1186 3462 1224 ex
3503 1186 3570 1225 eo

1989 1258 2251 1326 suspicio,
2293 1257 2442 1325 quod
2471 1256 2791 1311 Gennadius
2833 1268 3255 1326 cognomentum
3307 1257 3570 1327 sapientis

1987 1348 2191 1403 Jacobo
2234 1348 2442 1402 tribuat
2503 1357 2761 1417 tanquam
2817 1349 3119 1417 vulgatum,
3173 1351 3348 1420 cujus
3387 1358 3568 1404 tamen

1988 1455 2152 1494 nemo
2209 1439 2481 1502 meminit,
2524 1439 2630 1493 nisi
2691 1438 2786 1509 qui
2844 1438 3189 1493 Gennadium
3255 1439 3566 1510 exscripsit.

1989 1531 2145 1586 Unde
2206 1531 2537 1586 crediderim
2599 1530 2755 1585 facile
2804 1531 3087 1600 supposita
3151 1530 3319 1585 fuisse
3365 1532 3570 1586 Jacobo

1989 1625 2251 1679 Nisibeno
2273 1623 2495 1693 scripta,
2531 1639 2652 1692 qua:
2680 1623 2867 1677 Jacobi
2894 1625 3142 1687 alterius,
3180 1631 3241 1677 ut
3268 1631 3395 1693 puta
3419 1623 3571 1677 Ami-

1991 1714 2117 1768 deni
2151 1714 2394 1768 eremitee
2424 1712 2732 1776 clarissimi,
2773 1713 2973 1767 forent.
3002 1713 3106 1768 Sed
3129 1713 3183 1766 in
3206 1722 3352 1767 tanta
3377 1713 3574 1767 obscu-

302 1803 644 1859 resiarcham
674 1801 940 1870 recipere.
979 1797 1145 1868 Atqui
1183 1803 1398 1850 constat
1428 1793 1593 1849 certis
1637 1792 1885 1847 testimo-
1920 1781 1962 1835 Β
1992 1805 2150 1860 male
2174 1805 2264 1859 cui
2293 1805 2620 1868 adhmeam,
2643 1803 2827 1859 “unus
2862 1803 2999 1858 scio,

301 1896 415 1951 niis
467 1894 664 1949 Arium
710 1889 1184 1959 Constantinopoli
1234 1888 1483 1957 periisse,
1516 1886 1732 1940 decimo
1765 1895 1890 1955 post

300 1988 605 2044 concilium
642 2001 807 2048 anno,
856 1983 1062 2038 Jacobo
1100 1982 1290 2052 procul
1331 1980 1533 2050 posito,
1577 1979 1888 2033 Alexandro

299 2076 812 2144 Constantinopolis
839 2061 1067 2144 praesule
1101 2082 1364 2126 renuente
1395 2070 1586 2125 Arium
1628 2070 1682 2124 in
1706 2070 1892 2124 Eccle-

301 2172 444 2224 siatn
509 2169 779 2237 recipere,
848 2165 1083 2219 Macario
1144 2161 1513 2217 Alexandrino
1571 2160 1891 2232 presbytero

300 2277 500 2332 preces
534 2275 660 2314 suas
685 2258 934 2328 praesulis
975 2253 1566 2324 Constantinopolitani
1586 2254 1749 2324 296
1770 2269 1894 2323 pre-

297 2355 462 2410 cibus
491 2352 842 2424 adjungente.
870 2349 1151 2405 Videndus
1177 2347 1450 2412 Socrates,
1479 2346 1575 2400 lib.
1604 2362 1642 2411 I,
1661 2361 1779 2416 cap.
1797 2345 1889 2412 25;

300 2449 673 2511 Sozomenus,
703 2446 798 2499 lib.
846 2461 910 2508 ιι,
947 2459 1065 2512 cap.
1099 2443 1197 2504 28;
1232 2448 1287 2494 et
1339 2439 1722 2495 Theodoretus
1775 2437 1892 2508 ipse

300 2541 447 2594 libro
478 2556 491 2591 ι
528 2537 666 2591 Hist.
711 2536 915 2599 eccles.,
950 2534 1044 2588 ubi
1089 2548 1248 2587 suum
1308 2531 1537 2601 hujusce
1573 2527 1678 2582 loci
1731 2543 1892 2581 erro-

303 2644 421 2683 rem
447 2628 630 2682 allatis
666 2625 950 2681 Athanasii
984 2639 1096 2676 rem
1149 2630 1320 2675 totam
1356 2617 1635 2672 narrantis
1690 2615 1891 2670 litteris

301 2720 373 2774 ad
398 2719 671 2789 Apionem
703 2717 866 2772 tacite
894 2722 1132 2770 revocat.
1157 2713 1356 2767 Mirum
1398 2710 1644 2782 profecto
1680 2717 1893 2763 tantum

302 2808 646 2864 Theodoreti
691 2822 938 2862 errorem
969 2822 1079 2860 non
1135 2804 1302 2858 fuisse
1341 2801 1695 2857 observatum
1719 2816 1749 2854 a
1787 2799 1892 2852 Ba-

303 2901 485 2965 ronio,
514 2901 634 2954 viro
672 2909 781 2954 tam
813 2897 1114 2969 perspicaci
1149 2914 1160 2948 :
1195 2895 1394 2948 mirum
1429 2909 1648 2964 quoque
1683 2907 1780 2961 per
1812 2890 1894 2943 in-

302 2995 663 3065 cogitantiam
689 3009 718 3047 a
743 2993 975 3056 Valesio,
993 2990 1186 3044 Latino
1212 2989 1532 3057 interprete,
1549 2985 1692 3040 etab
1717 2985 1892 3038 inter-

305 3095 460 3157 prete
487 3084 724 3147 Gallico,
757 3082 1038 3138 Valesium
1070 3088 1282 3144 secuto,
1320 3079 1375 3132 in
1428 3094 1487 3132 re
1547 3088 1655 3130 tam
1704 3083 1892 3146 aperta

306 3187 594 3248 peccatum
614 3192 756 3231 esse.
788 3176 1076 3229 Historiam
1107 3172 1253 3227 enim
1303 3169 1714 3225 ecclesiasticam
1765 3182 1890 3221 cum

307 3272 578 3342 Religiosa
640 3269 1010 3325 confuderunt
1043 3283 1055 3318 :
1085 3265 1140 3320 in
1167 3266 1269 3320 hac
1305 3262 1577 3333 siquidem
1607 3267 1690 3314 est
1713 3273 1890 3324 error,

308 3380 474 3433 quem
510 3363 588 3417 illi
620 3362 956 3425 tribuerunt,
988 3361 1045 3412 in
1079 3373 1187 3428 qua
1246 3366 1429 3410 tamen
1457 3353 1524 3407 de
1566 3350 1682 3406 Arii
1718 3358 1894 3404 morte

307 3457 470 3521 nihil,
505 3456 613 3510 nisi
661 3452 947 3508 Athanasii
1003 3450 1208 3514 verbis,
1250 3455 1438 3503 exacte
1483 3444 1552 3499 ad
1601 3442 1894 3497 veritatem

307 3551 568 3603 refertur.

381 3638 802 3696 Observandum
839 3635 1083 3692 secundo
1121 3635 1332 3704 lapsum
1369 3646 1588 3701 quoque
1633 3626 1894 3682 memoria

312 3731 724 3786 'l'beodoretum
769 3729 824 3784 in
865 3727 1180 3782 narratione
1208 3723 1511 3779 obsidionis
1561 3720 1836 3776 Nisibena:
1865 3734 1898 3772 a

312 3824 515 3879 Persis.
553 3823 693 3878 Cum
738 3821 886 3875 enim
916 3828 1028 3875 tres
1079 3818 1398 3873 obsidiones
1455 3814 1678 3878 fuerint,
1721 3811 1897 3881 prima

309 3932 457 3970 anno
490 3916 617 3980 558,
648 3916 821 3968 altera
853 3929 997 3966 anno
1025 3912 1150 3974 550,
1175 3916 1452 3979 postrema
1480 3921 1624 3959 anno
1663 3903 1788 3968 559,
1842 3901 1896 3954 in

313 4025 480 4064 unam
510 4010 727 4079 priores
747 4008 887 4062 duas
915 4004 1183 4070 confudit,
1209 4003 1278 4057 de
1309 3999 1472 4056 tertia
1493 3998 1664 4062 siluit,
1694 3996 1896 4066 quippe

311 4121 433 4174 qna:
453 4113 578 4175 post
602 4104 812 4157 obitum
842 4098 1031 4155 Jacobi
1051 4096 1298 4166 contigit.
1330 4091 1614 4150 Videndus
1643 4089 1899 4145 Petavius

315 4199 372 4251 in
403 4195 549 4250 notis
577 4194 645 4248 ad
669 4194 937 4247 rationem
967 4191 1000 4244 4
1026 4186 1229 4244 Juliani
1264 4180 1632 4254 imperatoris.

385 4287 806 4344 Observandum
857 4283 1041 4346 tertio,
1079 4281 1146 4336 de
1197 4277 1450 4334 doctrina
1483 4274 1748 4343 librisque
1805 4273 1898 4328 Ja-

315 4383 439 4438 cobi
460 4383 504 4412 ³⁵
537 4379 784 4434 Nisibeni
818 4376 956 4431 nihil
985 4392 1016 4429 a
1053 4371 1404 4428 Theodoreto
1432 4368 1700 4437 scriptum
1745 4379 1897 4429 esse,

2064 1896 2127 1950 Il.
2160 1896 2320 1950 Circa
2355 1894 2659 1950 secundum
2691 1903 2878 1963 caput,
2911 1893 3058 1963 quod
3108 1894 3176 1949 de
3202 1895 3440 1958 Iuliano,
3470 1895 3570 1949 ob-

1993 1984 2322 2040 servandum
2347 1983 2544 2052 primo,
2572 1982 2843 2038 celebrem
2865 1983 3016 2036 illum
3034 1983 3238 2038 Beroeaa
3251 1984 3568 2052 episcopum

1992 2077 2251 2131 Acacium
2281 2076 2383 2130 sub
2411 2075 2625 2129 Asterie
2645 2074 2847 2129 Juliani
2886 2074 3156 2143 discipulo
3177 2115 3191 2138 ,
3219 2075 3387 2128 vitam
3415 2090 3572 2129 asce-

1993 2170 2155 2223 ticam
2214 2167 2391 2239 egisse
2445 2166 2500 2220 in
2558 2165 2892 2220 monasterio
2951 2166 3110 2235 297
3165 2165 3425 2228 Gandari,
3464 2168 3571 2222 vici

1993 2278 2164 2333 prope
2217 2260 2565 2316 Antiochiam
2631 2258 2844 2328 positi;
2893 2273 3071 2326 neque
3128 2258 3270 2312 hanc
3310 2259 3475 2312 vitam
3518 2261 3573 2313 in

1991 2350 2312 2419 episcopatu
2346 2348 2696 2412 deseruisse;
2749 2347 2990 2401 tenuisse
3015 2362 3146 2401 vero
3195 2349 3573 2418 episcopatum

1993 2450 2118 2494 octo
2142 2447 2199 2492 et
2256 2437 2654 2508 quinquaginta
2684 2452 2860 2490 annos
2884 2439 2930 2468 “
2969 2454 2982 2489 :
3025 2437 3172 2491 unde
3201 2445 3417 2492 constat
3462 2437 3578 2493 fato

1992 2529 2243 2584 functum
2295 2544 2414 2583 esse
2461 2543 2608 2582 anno
2640 2528 2764 2592 456,
2815 2543 2941 2581 nam
2974 2529 3262 2583 ordinatus
3304 2538 3387 2584 est
3431 2545 3576 2584 anno

1993 2621 2116 2676 378.
2139 2621 2335 2675 Mirum
2371 2637 2524 2685 vero,
2562 2621 2842 2675 hominem
2877 2621 3002 2675 vitzn
3033 2629 3141 2674 tam
3170 2631 3372 2676 sancta:
3397 2629 3580 2677 tantos

1994 2713 2050 2768 in
2080 2714 2324 2768 Ecclesia
2372 2714 2663 2777 tumultus,
2695 2723 2791 2768 aut
2828 2713 3156 2776 concitasse,
3204 2723 3298 2768 aut
3339 2713 3572 2779 fovisse;

1995 2805 2090 2860 sed
2121 2814 2313 2860 notum
2339 2806 2423 2860 vel
2447 2806 2564 2875 ipso
2593 2808 2606 2824 ¹
2636 2803 2968 2859 Theodoreti
2996 2805 3264 2875 exemplo,
3291 2805 3422 2874 quid
3453 2822 3579 2875 pos-

1995 2895 2066 2950 sit
2091 2897 2284 2966 religio
2317 2897 2495 2952 illusa.

2064 2986 2482 3042 Observandum
2515 2989 2780 3052 secundo,
2811 2989 3145 3044 mentionem
3182 2989 3299 3044 ﬁeri
3335 2989 3580 3059 praJecti

1996 3079 2280 3149 cujusdam
2308 3082 2568 3149 praetorio
2619 3081 2948 3136 Orientis".
2980 3081 3105 3137 Fuit
3156 3081 3245 3136 hic
3270 3082 3572 3147 Modestus,

1995 3185 2160 3240 quem
2191 3171 2248 3224 in
2285 3171 2490 3226 codicis
2525 3173 2570 3202 ’⁸
2597 3171 3068 3241 Prosopographia
3108 3171 3342 3241 legimus
3376 3172 3578 3242 praefe-

1997 3270 2210 3316 cturam
2240 3262 2471 3332 gessisse
2503 3262 2607 3317 sub
2641 3263 2886 3327 Valente,
2926 3278 3072 3317 anno
3115 3262 3242 3328 570,
3269 3280 3380 3333 quo
3434 3279 3580 3318 anno

1997 3349 2211 3405 scilicet
2255 3350 2579 3420 Aphraates,
2622 3350 2966 3406 admirabilis
2992 3351 3081 3406 ille
3114 3353 3436 3416 monachus,
3470 3353 3588 3408 du-.

1997 3443 2156 3500 cibus
2180 3442 2381 3498 Acacio
2408 3452 2537 3498 tunc
2566 3443 2914 3515 presbytero,
2946 3453 3003 3520 et
3017 3445 3236 3500 Juliano
3276 3445 3576 3502 monacho-

1998 3549 2118 3588 rum
2159 3544 2333 3604 patre,
2364 3533 2710 3588 Antiochiam
2760 3533 2933 3600 venit,
2967 3535 3291 3604 Valentiqne
3329 3534 3578 3590 Catholi-

1999 3641 2188 3682 corum
2216 3625 2635 3682 insectationem
2653 3626 2875 3697 objecit.

2069 3719 2486 3776 Observandum
2523 3720 2709 3782 tertio,
2751 3728 2877 3774 ante
2915 3719 3206 3785 lsidorum,
3262 3721 3354 3790 qui
3395 3721 3578 3776 Theo—

1999 3811 2253 3871 doretum
2311 3811 2630 3882 praecessit,
2688 3811 2945 3866 Ecclesia:
3013 3810 3238 3881 Cyrensi
3299 3810 3578 3880 prmfuisse

1999 3904 2302 3968 Asterium,
2333 3906 2594 3960 Arianum
2623 3889 2846 3975 quidem
2898 3903 3234 3973 sophistam;
3275 3920 3385 3958 non
3422 3903 3576 3958 illum

2000 4006 2184 4053 tamen
2238 3997 2615 4068 Cappadocem
2637 4038 2653 4062 ,
2687 3997 2789 4066 qui
2816 4004 2873 4050 et
2911 3996 3027 4065 ipse
3067 3995 3311 4065 sophista
3342 3995 3578 4055 Arianus

1999 4088 2105 4144 fuit
2130 4106 2143 4142 :
2176 4104 2358 4158 neque
2388 4087 2536 4142 enim
2563 4087 2630 4142 ad
2668 4087 2782 4143 Ilth
2813 4094 3062 4157 tempora
3087 4090 3406 4157 pervenisse
3465 4092 3577 4147 dici

1999 4186 2202 4246 potest,
2259 4178 2367 4232 nisi
2417 4177 2770 4232 centenarius
2817 4185 2911 4231 aut
2939 4179 3254 4236 centenario
3295 4183 3581 4250 proximus

2000 4271 2231 4340 periisse
2263 4269 2600 4334 atlirmctur;
2639 4268 2910 4338 siquidem
2969 4268 3023 4322 in
3051 4273 3432 4340 persecutione
3464 4274 3578 4328 Ma-

2002 4362 2228 4416 ximiani
2276 4361 2520 4416 Herculii
2586 4369 2752 4430 atque
2799 4361 3145 4429 Diocletiani,
3185 4379 3306 4433 quae
3349 4367 3578 4436 conligit

316 4489 440 4528 cum
472 4483 657 4526 tamen
685 4470 752 4524 ad
775 4465 1308 4524 commendationem
1335 4459 1630 4532 plurimum
1657 4459 1894 4513 faceret:
1931 4459 1975 4514 D
1999 4469 2144 4507 anno
2177 4454 2301 4516 505,
2335 4452 2652 4507 immolavit.
2687 4451 2819 4517 Quis
2845 4462 3027 4508 autem
3050 4456 3238 4510 credat
3276 4473 3400 4510 eum
3428 4467 3574 4518 tunc,

316 4564 455 4618 nihil
489 4563 558 4616 ab
586 4562 940 4632 Hieronymo,
969 4559 1083 4613 sive
1119 4558 1173 4610 in
1204 4555 1478 4616 Chronico,
1505 4553 1619 4607 sive
1655 4551 1709 4605 in
1735 4550 1900 4606 Cata-

320 4655 435 4723 logo
497 4653 813 4721 scriptorum
893 4649 1362 4702 ecclesiasticarum
1417 4660 1437 4698 .'
1498 4643 1634 4696 nihil
1690 4640 1898 4710 pariter

317 4745 388 4798 ab
453 4743 828 4802 llebed-Jesu,
878 4741 1140 4811 diligente
1221 4735 1557 4804 caeteroquin
1629 4733 1898 4786 librorum

319 4840 583 4908 Syrorum
613 4836 938 4905 inquisitore
967 4832 1142 4887 :nihil
1163 4831 1231 4884 ab
1259 4830 1368 4882 ullo
1398 4837 1668 4892 veterum,
1703 4832 1901 4895 prater

321 4946 495 4984 unum
527 4928 896 4989 Gennadium,
943 4926 1036 4994 qui
1075 4921 1267 4993 viginti
1315 4927 1552 4988 quatuor
1586 4917 1758 4970 libros
1810 4930 1902 4970 re-

321 5031 532 5077 censet.
596 5023 797 5076 Verum
849 5017 1118 5073 Gennadii
1177 5013 1479 5068 auctoritas
1526 5026 1636 5064 non
1685 5008 1904 5063 videtur

323 5115 458 5170 mihi
498 5123 668 5177 tanta,
711 5123 771 5166 ut
829 5127 1049 5166 onmem
1106 5106 1429 5176 scrupulum
1481 5103 1696 5157 evellat.
1749 5099 1903 5157 Unde

321 5207 471 5260 enim
497 5205 652 5259 novit
706 5203 932 5273 Syriaca
973 5215 1162 5270 opera,
1191 5197 1284 5266 qui
1331 5196 1417 5248 vix
1475 5193 1629 5247 novit
1660 5191 1845 5248 Grazca
1879 5190 1903 5241 ?

323 5298 480 5355 Unde
503 5297 693 5352 scitab
716 5297 1048 5365 Hieronymo
1085 5289 1387 5362 praeterita,
1424 5295 1712 5356 propterea
1756 5284 1903 5354 quod

324 5390 573 5444 nonduin
625 5389 680 5442 in
730 5387 974 5441 Graecam
1035 5384 1276 5452 linguam
1330 5394 1496 5432 versa.
1545 5385 1756 5437 essent,
1801 5390 1906 5429 nec

2002 4541 2222 4614 quando
2261 4535 2586 4606 immolavit,
2640 4541 2910 4596 minorem
2947 4544 3170 4614 triginta
3214 4546 3374 4599 annis
3408 4549 3578 4600 exsti-

2004 4636 2158 4699 tisse,
2187 4651 2313 4689 eum
2340 4650 2450 4689 non
2475 4633 2628 4704 parvi
2652 4633 2892 4688 nominis
2911 4635 3021 4704 jam
3047 4637 3227 4690 esset?

2076 4727 2346 4783 Assentiri
2401 4743 2533 4797 ergo
2565 4741 2673 4781 non
2707 4741 2931 4796 possum
2982 4727 3234 4792 Baronio,
3288 4739 3581 4800 utrumque

2007 4820 2284 4874 Asterium
2315 4816 2672 4872 confundenti
2700 4834 2712 4869 :
2741 4827 2796 4872 et
2820 4834 2949 4872 vero
2981 4819 3267 4889 Cappadox
3301 4837 3580 4890 nunquam

2009 4911 2267 4982 Cyrensis
2312 4911 2604 4980 episcopus
2654 4909 2777 4972 fuit,
2844 4909 2953 4964 imo
2997 4927 3098 4965 nec
3161 4913 3463 4983 presbyter,
3535 4915 3580 4968 si

2011 5003 2312 5059 Athanasio
2363 5002 2661 5060 credimus.
2705 5003 2829 5056 Fuit
2881 5020 3013 5058 vero
3063 5004 3174 5066 ille,
3222 5005 3289 5058 de
3336 5021 3446 5074 quo
3493 5006 3580 5060 hic

2004 5111 2188 5151 sermo
2207 5105 2324 5162 est;
2353 5095 2498 5150 unde
2521 5095 2724 5149 dicitur
2754 5111 2784 5147 a
2809 5095 3154 5149 Theodoreto
3196 5097 3370 5166 Cyrus
3410 5099 3582 5154 bene-

2007 5189 2191 5245 lieium
2243 5187 2521 5256 accepisse
2556 5202 2653 5254 per
2690 5185 3142 5240 intercessionem
3178 5187 3379 5242 Juliani
3405 5193 3470 5254 ",
3521 5200 3580 5244 ut

2007 5297 2128 5350 quae
2154 5281 2382 5334 liberata
2405 5288 2550 5333 esset
2571 5277 2639 5332 ab
2661 5277 2864 5332 Ariano
2909 5287 3150 5345 pastore.
3184 5281 3380 5335 Mansit
3416 5298 3582 5352 porro

2006 5374 2169 5426 vidua
2195 5381 2318 5424 octo
2352 5371 2460 5421 fere
2491 5384 2682 5430 annos,
2746 5368 2920 5422 donec
2962 5369 3030 5423 ab
3065 5370 3302 5426 Eusebio
3331 5373 3579 5427 Samosa-

1697 5479 2014 5572 scnuLzu
2056 5511 2284 5586 NQTtE.

400 5673 447 5704 ’³
487 5672 623 5726 Ibid.
665 5689 714 5726 c.
749 5673 837 5724 ‘28.
917 5671 961 5700 "
989 5668 1111 5724 Vid.
1147 5675 1276 5720 tom.
1308 5664 1396 5726 lll,
1433 5679 1486 5730 p.
1529 5659 1677 5713 1114.

325 5744 632 5797 Camenius
683 5743 902 5796 fatetur.

979 5722 1024 5770 ’δ
1053 5740 1248 5806 Supra,
1301 5751 1352 5802 p.
1389 5722 1533 5792 2'89,
1570 5747 1696 5806 ann.
1732 5729 1964 5806 -i?i'_i__:itit
1996 5722 2117 5788 458,
2150 5723 2352 5780 nbiissc
2386 5722 2612 5781 dii-itur—

1765 5659 1810 5687 ¹⁵
1836 5655 2101 5725 Librisquc
2135 5653 2256 5726 Jac.
2305 5650 2726 5726 Scd__o_bscuram
2750 5668 2869 5726 esse
2898 5668 3087 5726 eorum
3124 5653 3442 5726 memoriam
3465 5653 3576 5726 ipse

2685 5725 2725 5755 ’⁷
2759 5725 2874 5779 Vid.
2915 5723 3063 5785 t.lll,
3108 5740 3159 5792 p.
3205 5722 3359 5777 1151.
3403 5723 3445 5752 ³⁸
3475 5721 3575 5779 Co-

328 5817 478 5881 ram,
521 5799 882 5869 Thcodosiani
915 5799 1194 5864 nimirum.
1270 5799 1314 5836 ιε
1347 5803 1466 5858 vm.
1503 5801 1631 5856 una.
1673 5817 1722 5868 [ι.
1767 5799 1895 5852 nos;
1927 5814 2039 5866 seq.
