4048 6174
435 307 538 371 247
1561 302 1936 363 GARNERII
1978 303 2033 364 Df

2094 302 2473 366 iSERTATIO
2509 306 2591 368 II.
3586 301 3692 366 248

441 418 580 474 tensi
610 413 874 479 lsidorus,
900 412 1092 485 synodi
1145 411 1504 466 Antiochentc
1536 411 1886 477 auctoritate,
1918 426 2012 467 or-
2041 416 2089 474 Α
2116 411 2184 468 de
2233 412 2577 482 simplicibus
2605 412 2958 485 presbyteris,
3008 413 3104 468 sed
3137 413 3205 469 de
3257 411 3689 482 chorepiscopis.

436 509 659 565 dinatus
685 514 787 562 est.
2113 501 2214 557 Hic
2261 502 2417 557 locus
2443 503 2589 557 valet
2621 502 2689 557 ad
2722 502 3161 559 conﬁrmandum
3203 502 3352 573 quod
3401 508 3562 556 antea
3601 501 3689 557 di-

502 600 594 655 lll.
625 599 787 654 Circa
815 596 1036 651 tertium
1081 599 1267 664 caput,
1294 593 1441 663 quod
1484 593 1551 648 de
1596 593 1871 648 Marciano
1903 601 2007 658 est,
2112 591 2294 646 ximus
2322 591 2391 646 de
2422 591 2644 647 Meletio
2673 592 3093 664 chorepiscopo.

437 689 576 744 nihil
631 685 1037 743 observandum
1110 683 1355 738 occurrit
1425 690 1624 755 praeter
1677 689 2010 738 conventum
2183 684 2391 749 Tertio,
2417 683 2744 754 stupendam
2769 683 3063 754 Aphraatis
3100 684 3451 753 aliorumque
3483 698 3690 752 [mece—

439 781 683 851 quinque
713 778 1099 847 episcoporum
1156 775 1491 831 Marcianum
1544 775 1919 840 invisentium,
1953 773 2009 829 id
2113 778 2364 834 dentium
2413 779 2881 852 θαυματουργιαν.
2926 781 3093 835 etiam
3150 781 3296 836 circa
3335 780 3530 835 brutas
3574 780 3692 834 ani-

434 882 539 938 est,
565 871 810 927 Flaviani
852 869 1178 934 Antiochim,
1208 868 1387 923 Acacii
1422 869 1646 933 Berteae,
1688 868 1881 923 lsidori
1909 868 2013 938 Cy-
2118 880 2352 926 mantes.

438 966 506 1029 ri,
538 962 764 1017 Eusebii
786 959 1084 1025 Chalcidis,
1132 958 1402 1015 Theodoti
1447 957 1803 1029 Hierapoleos
1830 976 1842 1012 :
1875 973 2009 1013 con-
2183 962 2409 1029 Quarto,
2452 963 2652 1019 vixisse
2680 963 2773 1018 diu
2804 972 3051 1019 sanctum
3081 974 3359 1030 ascetam;
3390 972 3511 1021 erat
3540 966 3690 1023 enim

436 1054 557 1124 tigit
587 1053 733 1107 enim
767 1060 1042 1121 proccrte
1096 1060 1220 1119 post
1245 1064 1450 1104 annum
1499 1047 1624 1115 381,
1658 1064 1768 1118 quo
1801 1048 2012 1103 Flavia~
2109 1056 2221 1126 jam
2279 1054 2486 1118 senior,
2523 1069 2649 1110 cum
2689 1055 2977 1111 Valentem
3028 1056 3208 1127 arguit
3254 1071 3399 1111 anno
3453 1058 3578 1123 576,
3635 1067 3695 1114 et

433 1160 538 1199 nus
569 1143 854 1199 ordinatus
894 1148 980 1197 est
1012 1141 1068 1195 in
1096 1139 1336 1196 secunda
1364 1139 1574 1210 synodo
1602 1138 1871 1210 generali;
1900 1153 2011 1192 non
2115 1144 2296 1200 adhuc
2318 1145 2514 1214 agebat
2539 1144 2708 1199 vitam
2741 1160 2886 1199 anno
2918 1145 3044 1211 593,
3071 1161 3196 1200 cum
3221 1162 3348 1200 eum
3377 1146 3695 1205 Theodore-

435 1246 620 1292 tamen
660 1235 753 1290 diu
779 1242 932 1306 post,
969 1234 1228 1304 quoniam
1275 1231 1593 1288 Theodotus
1644 1231 2010 1301 Hierapolita-
2116 1246 2206 1293 tus
2228 1238 2512 1307 puerulus,
2538 1245 2713 1291 matre
2739 1237 3056 1303 comitante,
3086 1238 3298 1294 invisit.

434 1340 541 1381 nus
564 1326 764 1396 exiguo
782 1331 909 1394 post
946 1332 1195 1391 tempore
1252 1320 1506 1376 decessit.
1556 1321 1738 1387 Quare
1790 1320 2013 1376 videtur
2186 1327 2320 1383 Vill.
2372 1327 2433 1382 In
2480 1328 2660 1397 elogio
2698 1327 2848 1383 Petri
2882 1327 2952 1395 ³⁸,
3017 1336 3217 1398 praeter
3277 1330 3693 1386 conversionem

435 1432 503 1472 eo
539 1417 659 1487 ipso
703 1430 848 1470 anno
891 1412 990 1469 581
1038 1410 1326 1477 accidisse.
1356 1424 1467 1481 quo
1516 1426 1723 1502 ‘nempe
1748 1425 1896 1466 anno
1928 1426 2014 1465 re-
2113 1418 2565 1489 curationcmque
2597 1420 2791 1473 matris
2820 1417 3177 1483 Theodoreti,
3211 1420 3493 1490 ipsiusque
3516 1420 3696 1476 Theo-

435 1508 606 1563 duces
646 1507 727 1561 illi
773 1505 1034 1577 praesules
1076 1519 1105 1558 a
1150 1519 1187 1557 ll
1226 1502 1464 1575 synodo,
1509 1501 1688 1556 virum
1723 1502 2012 1556 sanctitate
2114 1504 2291 1559 doreti
2346 1505 2688 1560 sanationem
2742 1520 2846 1575 ope
2898 1521 3048 1561 zonae
3094 1507 3266 1573 Petri,
3318 1509 3556 1564 notanda
3607 1518 3695 1565 est

435 1599 710 1655 celebrem
736 1613 907 1669 prope
939 1596 1283 1653 Antiochiam
1312 1595 1571 1666 positum,
1597 1591 1821 1663 pietatis
1838 1592 2013 1664 gratia
2113 1596 2323 1652 mentio
2370 1597 2639 1668 Pergamii
2688 1598 2936 1668 praefecti
3001 1599 3258 1669 prtetorio
3304 1599 3566 1667 Orientis,
3595 1601 3692 1672 qui

434 1692 748 1748 visitarunt.
2114 1690 2260 1742 anno
2287 1686 2392 1742 564
2412 1688 2451 1753 ⁸,
2488 1695 2581 1741 aut
2610 1686 2735 1753 $65,
2795 1697 2890 1743 aut
2942 1689 3064 1755 366,
3094 1689 3473 1761 magistratum
3525 1692 3694 1762 gessit

510 1784 599 1838 IV.
625 1783 686 1837 In
712 1788 930 1852 quarto,
969 1780 1115 1851 quod
1142 1779 1368 1835 Eusebii
1411 1779 1515 1835 viri
1566 1778 1897 1835 sanctissimi
1931 1778 2014 1833 di-
2041 1765 2084 1821 Β
2113 1778 2217 1834 sub
2240 1778 2467 1834 Valente
2499 1795 2512 1831 :
2547 1793 2725 1833 annus
2742 1794 2877 1833 vero
2895 1780 3244 1850 magistratus
3268 1780 3342 1834 ita
3374 1780 3689 1836 invenitur:

435 1874 777 1945 scipulorum
806 1873 998 1929 laudes
1024 1871 1302 1937 continet,
1334 1870 1395 1925 ﬁt
1417 1871 1627 1927 mentio
1657 1871 1832 1926 sancti
1866 1870 2013 1927 illius
2111 1872 2285 1927 Natus
2338 1879 2423 1925 est
2477 1870 2856 1926 Theodoretus
2906 1886 3050 1926 anno
3100 1872 3224 1936 586,
3282 1878 3489 1941 septem
3537 1872 3694 1929 annis

436 1967 493 2020 in
515 1982 627 2035 quo
654 1964 931 2030 vivebant,
968 1963 1197 2034 tugurii,
1228 1963 1434 2018 visitati
1461 1979 1492 2017 a
1553 1961 1905 2018 Theodoreto
1955 1968 2011 2017 et
2112 1973 2294 2029 antea,
2325 1963 2431 2018 hoc
2450 1973 2554 2030 est,
2590 1978 2735 2018 anno
2787 1963 2910 2019 379.
2955 1963 3150 2017 Petrus
3178 1971 3410 2018 matrem
3436 1963 3693 2018 Theodo-

435 2055 599 2110 sociis
635 2055 880 2126 ejusdem
913 2054 1170 2111 instituti.
1195 2053 1314 2120 Quo
1343 2063 1589 2124 tempore
1613 2061 1797 2109 autem
1826 2053 2011 2110 Theo-
2113 2057 2218 2112 reti
2273 2056 2532 2110 liberavit
2574 2057 2861 2111 oculorum
2915 2055 3141 2120 morbo;
3212 2055 3549 2109 liberaverat
3600 2053 3692 2110 ille

436 2147 665 2201 doretus
703 2145 916 2205 Abham
968 2145 1178 2210 invisit,
1226 2144 1392 2217 298
1454 2144 1777 2199 vicesimum
1836 2144 2014 2199 aetatis
2113 2148 2325 2218 aliquot
2348 2146 2508 2201 annis
2537 2146 2703 2216 299
2723 2156 2884 2201 antea
2923 2146 3196 2216 Pcrgamii
3242 2146 3408 2200 tiliam
3439 2145 3509 2199 ab
3538 2144 3695 2217 aagri-

436 2250 640 2290 annum
668 2236 941 2306 attigerat,
978 2243 1127 2291 certe
1153 2252 1264 2290 non
1288 2236 1524 2291 multum
1558 2245 1868 2291 excesserat
1899 2253 1911 2289 :
1955 2235 2012 2290 id
2115 2238 2306 2294 tudine
2336 2254 2350 2291 :
2384 2253 2514 2308 ergo
2539 2236 2622 2291 vel
2674 2252 2818 2292 anno
2848 2237 2974 2300 574,
3026 2237 3113 2293 vel
3152 2237 3282 2303 ’575,
3322 2237 3409 2291 vel
3451 2236 3576 2301 576,
3606 2235 3694 2292 vel

437 2341 566 2397 ergo
590 2326 819 2397 contigit
846 2342 995 2383 anno
1024 2326 1148 2382 406.
1192 2327 1329 2394 Nam
1354 2327 1557 2393 Abbas,
1614 2326 2014 2397 discipulorum
2113 2326 2239 2384 577.
2292 2327 2363 2383 At
2409 2327 2693 2383 Modestus
2744 2325 3130 2397 praefecturam
3162 2326 3329 2397 gessit
3389 2340 3536 2379 anno
3567 2324 3691 2380 577.

438 2434 602 2482 unus,
633 2427 760 2473 octo
777 2426 834 2473 et
864 2418 1090 2488 triginta
1117 2418 1367 2473 asceticaa
1389 2417 1516 2473 vitae
1534 2433 1710 2474 annos
1732 2427 2010 2488 exegerat,
2114 2420 2305 2474 Restat
2337 2418 2504 2488 igitur
2536 2423 2599 2471 ut
2622 2415 2942 2487 Pergamius
2973 2414 3168 2471 eadem
3190 2413 3422 2486 gesserit
3462 2429 3573 2469 uno
3624 2411 3694 2467 de

437 2524 564 2563 cum
615 2509 819 2578 Scripta
866 2515 951 2562 est
1000 2507 1236 2562 Historia
1285 2507 1564 2580 religiosa;
1597 2507 1856 2578 scriptam
1882 2520 2015 2561 vero
2116 2509 2294 2565 tribus
2319 2509 2475 2576 aliis;
2501 2508 2845 2578 probabilius
2875 2507 3023 2577 quod
3045 2505 3167 2560 576.

437 2599 940 2655 demonstravimus
960 2614 1106 2654 anno
1141 2600 1265 2656 Ml.
2187 2601 2279 2656 IX.
2334 2601 2395 2654 In
2448 2600 2630 2671 elogio
2683 2597 2984 2654 Theodosii
3027 2598 3069 2630 ³⁸
3137 2597 3547 2652 observandum
3611 2604 3696 2655 est

508 2691 571 2744 V.
607 2690 666 2745 In
694 2691 948 2745 encomio
994 2691 1196 2757 Publii,
1227 2690 1373 2760 quod
1411 2698 1577 2760 caput
1616 2690 1874 2760 quintum
1899 2697 2004 2756 est,
2115 2693 2319 2767 primo,
2367 2692 2546 2762 ipsum
2579 2689 2785 2746 obiisse
2835 2690 3001 2761 paulo
3047 2698 3339 2761 postquam
3384 2704 3443 2745 se
3487 2688 3696 2759 recepit

437 2782 846 2838 observandum
867 2783 1069 2854 primo.
1096 2783 1243 2838 unde
1289 2781 1423 2837 urbs
1473 2782 1787 2853 Zeugmatis
1811 2794 2015 2837 nomen
2114 2786 2480 2849 Antiochiam,
2503 2792 2653 2839 metu
2676 2783 3128 2854 depopulantium
3150 2782 3334 2837 omnia
3355 2782 3693 2845 Isaurorum,

438 2875 733 2944 acceperit,
757 2889 952 2944 nempe
995 2890 1025 2929 a
1068 2875 1327 2945 iunctura
1376 2874 1587 2945 pontis,
1607 2888 1771 2944 quem
1803 2873 2016 2933 Xerxes
2116 2878 2222 2933 hoc
2249 2885 2353 2942 est,
2381 2891 2526 2931 anno
2560 2873 2696 2939 405;
2733 2872 3079 2944 praecedente
3100 2872 3246 2928 enim
3282 2887 3426 2927 anno
3472 2886 3693 2943 grassa~

438 2965 707 3035 Euphrati
746 2966 1028 3037 imposuit.
2116 2970 2317 3025 bantur
2348 2966 2538 3023 Isauri.

511 3055 786 3121 Secundo,
813 3058 870 3111 in
895 3056 1167 3112 asccterio
1192 3056 1370 3112 Publii
1404 3056 1595 3111 laudes
1624 3057 1737 3111 Deo
1762 3055 1938 3111 dictas
1983 3070 2014 3109 a
2044 3104 2084 3125 η
2188 3059 2467 3125 Secundo,
2499 3058 2693 3114 eadem
2740 3071 2865 3112 arca
2902 3054 3208 3120 conditum,
3245 3069 3353 3124 qua
3408 3050 3698 3108 mirandus

512 3104 786 3121 “ﬂ---”
895 3104 1163 3112 ---μνη
1193 3104 1215 3112 -
1241 3104 1370 3111 _---.
1405 3104 1594 3111 ηπ--
1625 3104 1732 3111 _--
1766 3104 1935 3111 ---Ἦ
1985 3104 2014 3109 _
2190 3104 2467 3125 “ww”,
2502 3104 2693 3114 cu-..
2740 3104 2865 3112 --η
2907 3104 3208 3120 --_________,
3249 3104 3353 3124 1"
3408 3104 3611 3108 πη---
3639 3104 3692 3107 η

438 3147 727 3202 monachis
741 3147 927 3203 (ἔωθε
957 3148 1120 3204 simul
1148 3155 1204 3202 et
1227 3146 1362 3220 Syra
1390 3148 1596 3219 lingua,
1621 3147 1850 3203 alternis
1878 3147 2015 3202 cho-
2041 3104 2086 3164 C
2119 3153 2444 3225 Apul-ames,
2474 3167 2569 3208 sex
2612 3158 2708 3205 aut
2766 3158 2975 3220 septem
3006 3152 3167 3205 annis
3201 3149 3357 3219 prius
3398 3146 3510 3203 vita
3567 3145 3697 3200 fun-

438 3237 537 3299 ris,
566 3236 732 3306 idque
762 3245 1038 3291 servatum
1075 3235 1272 3301 etiam,
1317 3252 1429 3307 quo
1477 3246 1721 3306 tempore
1758 3237 2015 3293 Theodo-

2118 3254 2259 3301 ctus.
2283 3245 2408 3300 Haec
2431 3244 2670 3315 sepulcri
2706 3242 3022 3300 communio
3069 3241 3174 3296 fuit
3219 3241 3308 3295 his
3356 3238 3697 3309 temporibus

439 3338 596 3384 fetus
616 3329 951 3384 Philotimum
982 3328 1278 3385 scribebat.
2118 3334 2376 3391 amicitiae
2400 3343 2457 3389 et
2482 3333 2810 3388 reverentiae
2832 3332 3068 3403 signum.
3131 3331 3273 3385 Hinc
3304 3328 3539 3385 Iacobus
3580 3328 3696 3393 ille,

509 3421 719 3486 Tertio,
746 3421 1129 3490 Aphthonium
1149 3418 1329 3473 Publii
1350 3419 1702 3490 discipulum,
1724 3425 2016 3489 postquam
2118 3427 2187 3480 de
2224 3440 2334 3495 quo
2360 3424 2564 3478 dicitur
2586 3422 2766 3493 capite
2785 3422 2875 3488 2|,
2910 3437 3035 3476 cum
3063 3420 3472 3476 Theodoretum
3503 3417 3699 3489 dilige-

439 3527 616 3567 annos
661 3510 1027 3581 quadraginta
1069 3506 1303 3563 rexisset
1355 3509 1709 3572 asceterium,
1753 3507 2020 3578 Zeugma—
2117 3524 2221 3590 περι,
2253 3515 2445 3570 eadem
2477 3514 2686 3583 optavit
2716 3529 2844 3567 arca
2876 3512 3063 3568 condi.

440 3604 582 3659 tensi
612 3602 870 3657 Ecclesiae
916 3602 1219 3670 praefuisse.
1258 3600 1555 3656 Ordinatus
1590 3614 1721 3671 ergo
1755 3608 1841 3654 est
1889 3615 2017 3669 εει)-
2189 3603 2407 3668 Tertio,
2441 3603 2747 3659 Helladium
2791 3603 3143 3668 Tarsensem,
3172 3603 3269 3673 qui
3310 3601 3414 3657 fuit
3439 3614 3584 3654 unus
3628 3598 3697 3653 de

442 3695 767 3764 tuagenario
795 3694 1011 3763 major:
1048 3694 1175 3763 quis
1222 3693 1371 3748 enim
1417 3693 1605 3748 credat
1644 3702 1769 3748 ante
1799 3692 2016 3748 tricesi-
2119 3693 2502 3759 Schismaticis,
2530 3694 2752 3764 rejectis
2791 3707 2821 3746 a
2848 3693 3263 3748 conditionibus
3314 3692 3517 3763 quibus
3559 3690 3697 3743 inita

443 3799 593 3841 mum
626 3800 832 3839 annum
872 3799 1031 3841 sacro
1066 3784 1234 3841 canui
1270 3784 1587 3854 praefectum
1632 3786 1791 3841 esse?
1815 3784 2016 3841 Felicia
2118 3804 2222 3860 pax
2247 3785 2640 3851 Ecclesiarum,
2662 3785 2766 3840 sub
2787 3785 3101 3839 Theodosio
3131 3785 3329 3854 partim
3350 3797 3506 3839 sacro
3528 3781 3697 3837 coetui

440 3877 726 3932 enimvero
756 3883 1002 3945 tempora
1031 3877 1045 3930 l
2119 3879 2436 3951 przefectus,
2475 3878 2756 3948 sexaginta
2773 3890 2947 3932 annos
2999 3877 3290 3931 asceticam
3326 3874 3494 3929 vitam
3527 3872 3699 3927 mira-

512 3969 600 4024 Vl.
636 3969 696 4024 ln
750 3977 904 4023 sexto
931 3968 1134 4039 capite,
1181 3968 1331 4039 quod
1376 3967 1656 4024 Simeonis
1687 3968 1865 4025 Prisci
1903 3968 2020 4024 clo—
2120 3970 2311 4027 biliter
2343 3968 2587 4034 duxisse,
2618 3983 2721 4023 nec
2744 3982 2864 4022 eam
2920 3965 2978 4020 in
3011 3966 3331 4037 episcopatu
3375 3963 3698 4029 demisisse;

441 4063 591 4133 gium
635 4068 741 4123 est,
776 4059 1008 4117 observa
1069 4058 1390 4133 religiosum
1445 4060 1612 4132 huius
1656 4060 1834 4117 aetatis
1895 4043 2033 4115 mo;
2120 4080 2293 4137 quare
2321 4078 2445 4118 cum
2477 4061 2729 4133 dejectus
2754 4069 2837 4116 est
2859 4061 3012 4125 sede,
3040 4075 3151 4114 non
3191 4057 3486 4114 admodum
3546 4064 3704 4111 octo-

442 4166 562 4208 rem
594 4150 865 4207 invisendi
890 4150 1094 4209 montis
1125 4150 1275 4217 Sina,
1302 4151 1399 4208 ubi
1440 4152 1617 4224 legem
1654 4152 1831 4208 Moses
1857 4166 2023 4208 acce-
2119 4155 2342 4228 genario
2371 4154 2551 4209 minor
2573 4153 2802 4208 exstitit.
2842 4151 2978 4219 Quis
3002 4167 3135 4207 vero
3177 4167 3288 4206 non
3343 4150 3575 4205 miretur
3603 4156 3703 4202 aut

442 4243 544 4312 Ρίῑο
2118 4261 2231 4304 non
2267 4254 2486 4317 stupeat
2513 4246 2706 4317 magis,
2744 4244 2881 4299 tanti
2903 4244 3009 4299 viri
3037 4244 3368 4308 caecitatem,
3399 4242 3484 4298 vel
3515 4239 3700 4311 potius

511 4333 624 4390 νη.
657 4334 717 4388 In
757 4334 939 4405 elogio
989 4332 1301 4404 Aphraatis,
1353 4333 1498 4403 quod
1525 4344 1780 4390 octavum
1828 4326 2015 4405 caput,
2119 4347 2505 4410 praesumptam
2529 4337 2597 4392 de
2623 4336 2880 4391 Nestorio
2915 4334 3277 4405 Opinionem?

442 4423 854 4479 observandum
908 4424 1109 4494 primo,
1163 4423 1311 4493 quod
1337 4423 1577 4479 refertur
1618 4425 1689 4481 de
1741 4425 2015 4495 legatione
2047 4451 2091 4508 ο
2188 4431 2259 4486 X.
2287 4430 2478 4500 Operae
2503 4429 2744 4501 pretium
2792 4437 2898 4494 est,
2956 4428 3025 4484 ad
3072 4427 3339 4503 rationem
3386 4434 3699 4496 temporum

442 4515 662 4570 Persica
675 4514 977 4579 Anthemii,
1000 4514 1096 4584 qui
1124 4514 1697 4585 magisterolliciorum
1723 4528 1869 4570 anno
1888 4515 2015 4582 404,
2118 4522 2555 4586 subducendam,
2586 4521 2826 4592 elogium
2857 4520 3096 4576 Zenonis
3127 4522 3171 4553 ³¹
3196 4520 3251 4575 in
3306 4516 3699 4587 compendium

332 4662 343 4669 _
441 4607 633 4661 consul
686 4621 832 4660 anno
863 4605 989 4671 405,
1023 4605 1319 4676 praefectus
1362 4607 1623 4677 pratorio
1652 4606 1896 4663 Orientis
1925 4631 1930 4655 ‹

2118 4613 2466 4671 contrahere.
2498 4613 2805 4683 Antequam
2823 4613 3128 4668 monachus
3155 4611 3333 4672 ﬁeret,
3376 4609 3523 4664 inter
3540 4622 3701 4663 vere-

441 4697 568 4752 dem
609 4712 774 4763 anno.
809 4706 867 4752 et
916 4697 1391 4767 consequentibus
1416 4698 1627 4764 decem.
1666 4714 1779 4754 uno
1806 4706 2021 4754 tantum
2118 4705 2304 4763 darios
2326 4704 2603 4763 militavit.
2656 4712 2896 4774 tuncque
2949 4703 3219 4773 temporis
3252 4702 3322 4757 de
3367 4701 3536 4757 rebus
3568 4698 3699 4754 ﬁdei

440 4799 692 4860 excepto-
725 4790 997 4844 Functum
1028 4804 1154 4845 eum
1202 4790 1308 4846 hac
1355 4791 1625 4860 legatione
1675 4792 1807 4847 alibi
1840 4791 2025 4863 legere
2120 4800 2408 4855 institutus
2425 4806 2510 4853 est
2535 4813 2564 4853 a
2598 4797 2799 4853 Basilio
2826 4810 3048 4867 magno,
3084 4796 3179 4866 qui
3202 4810 3346 4851 anno
3373 4793 3479 4849 378
3504 4805 3698 4848 exces-

442 4892 661 4933 menon
690 4876 913 4935 memini
938 4893 953 4943 ;
974 4877 1174 4948 legatio
1206 4894 1340 4934 VGI'O
1367 4878 1484 4933 1120
1507 4878 1612 4932 8th
1626 4878 1862 4936 Arcadio
1889 4896 2022 4937 οοιι·
2126 4892 2253 4947 site
2277 4891 2389 4946 vita
2420 4908 2433 4944 :
2464 4889 2664 4945 deinde
2696 4889 2974 4960 cingulum
3023 4886 3229 4958 posuit,
3270 4886 3454 4941 statim
3512 4883 3702 4940 occiso

445 4968 588 5039 tigit,
611 4984 735 5024 cum
758 4968 937 5026 ftedus
951 4969 1148 5026 Persas
1162 4969 1306 5024 inter
1323 4975 1381 5024 et
1396 4968 1674 5026 Romanos
1696 4969 2017 5028 innovatum

2124 4982 2371 5046 Valente,
2396 4981 2448 5035 id
2476 4993 2580 5047 est,
2610 4996 2755 5038 anno
2770 4980 2895 5046 378,
2917 4988 2980 5034 ut
3003 4995 3061 5035 se
3084 4979 3243 5035 daret
3267 4976 3538 5033 asceticaa.
3556 4974 3701 5031 Con-

443 5072 549 5119 θει·
2124 5082 2324 5128 ventus
2343 5083 2479 5128 esta
2509 5072 3023 5142 Theodoreto-pene
3064 5070 3286 5135 iuvesti,
3345 5068 3441 5124 sed
3465 5068 3577 5139 jam
3618 5066 3700 5121 le-

516 5153 791 5220 Secundo,
815 5154 1134 5209 Flavianum
1173 5163 1230 5210 et
1255 5154 1557 5209 Diodorum
1601 5154 1711 5209 dici
1748 5157 2016 5226 tempori-

2123 5175 2295 5231 etore,
2324 5163 2433 5217 hoc
2492 5172 2596 5229 est,
2648 5170 2781 5218 nato
2826 5162 2899 5217 23
2952 5176 3126 5218 annos
3182 5160 3425 5216 circiter.
3449 5157 3697 5226 Denique

443 5245 550 5299 bus
575 5253 738 5300 motae
769 5261 801 5300 a
821 5246 1049 5302 Valente
1076 5248 1481 5318 persecutionis
1511 5248 1721 5304 honore
1759 5249 2016 5305 secundae
2125 5253 2290 5323 paulo
2318 5260 2446 5307 ante
2470 5261 2702 5308 mortem
2729 5250 3015 5321 pecunias,
3033 5266 3099 5306 ex
3122 5249 3454 5321 patrimonio
3473 5245 3701 5302 vendito

442 5335 720 5392 cathedra:
759 5336 985 5393 allectos
1025 5338 1214 5405 fuisse,
1249 5341 1349 5411 τῆς
1387 5341 1644 5412 δευτέρας
1684 5339 2018 5412 ἠξιωμένους

2125 5350 2453 5406 contractas,
2484 5339 2709 5398 tradidit
2739 5340 3051 5397 Alexandro
3076 5338 3388 5397 Antiochiae
3410 5336 3697 5411 episeopo,

444 5428 733 5501 καθέδρας.
756 5428 814 5486 ld
835 5429 983 5483 enim
1005 5429 1224 5487 videtur
1244 5432 1378 5491 mihi
1394 5433 1889 5504 interpretandum,
1906 5450 2017 5491 non
2125 5434 2536 5492 distribuendos
2568 5433 2923 5506 pauperibus.

1672 5664 1679 5669 _
1757 5593 2074 5654 SCHULZII
2109 5594 2342 5657 Nam.

522 5727 566 5768 ιο
595 5724 824 5789 Philam.
855 5743 903 5782 ς.
935 5728 986 5783 9.
1065 5726 1476 5784 "ihid.c.l0.
1557 5729 1963 5813 “ibid.c.12.
