4048 6174
344 282 458 347 24’.)

1520 281 1617 342 DE
1657 283 1910 342 LIBRIS
1947 281 2452 344 THEODORETI.

3494 280 3602 344 250

421 398 507 452 Ex
537 395 625 452 his
651 395 984 468 colliguntur
1013 396 1142 452 duo.
1175 396 1418 453 Primum
1441 439 1454 464 ,
1485 415 1520 452 a
1581 399 1930 454 Theodoreto
1961 404 2003 460 Α
2035 400 2130 453 tim
2185 400 2363 470 capite
2389 402 2405 419 ‘
2429 400 2606 468 primo
2655 397 2883 467 hujusce
2945 394 3345 453 dissertationis
3367 393 3416 425 ³⁸
3458 410 3472 447 :
3509 397 3604 451 vix

346 496 690 546 conventum
721 504 867 542 anno
894 488 1018 543 408.
1050 489 1175 543 Fuit
1201 489 1350 543 enim
1403 505 1583 544 annus
1612 490 1704 544 ille
1735 490 1934 545 vicesi-

348 598 479 636 mus
502 580 781 635 secuudus
833 579 1188 645 Theodoreti,
1233 582 1434 650 quippe
1465 581 1579 634 nati
1621 596 1767 635 anno
1803 581 1926 635 386.

348 670 692 733 Secundum,
725 669 1110 739 corrigendum
1137 685 1256 724 esse
1291 678 1520 734 textum,
1572 671 1666 724 ubi
1730 670 1932 724 dicitur

346 761 503 816 Zeno
516 761 766 830 exegisse
787 768 902 813 tum
927 760 1175 815 ascetica:
1195 761 1316 816 vita:
1347 761 1707 831 quadraginta
1736 777 1927 826 annos,

346 866 476 905 cum
507 867 539 904 a
573 850 920 903 Theodoreto
941 849 1272 903 iuviserctnr
1310 868 1322 902 :
1354 867 1477 904 nam
1511 866 1612 919 pro
1663 851 1930 921 τεσσαρά-

346 959 514 994 κοντα.
544 941 926 1010 reponendum
962 950 1048 995 est
1102 940 1435 1010 τριάκοντα;
1472 942 1716 1012 alioquin
1751 957 1928 996 annus

345 1033 806 1102 quadragesimus
839 1031 1247 1086 aconversione
1283 1030 1521 1085 Zenonis
1569 1031 1837 1085 incideret
1872 1033 1927 1086 in

345 1139 554 1177 annum
618 1123 823 1177 Christi
866 1123 1000 1185 M8;
1060 1137 1169 1190 quo
1224 1137 1367 1176 anno
1409 1121 1519 1176 dici
1568 1137 1680 1175 non
1749 1131 1928 1190 potest

346 1215 737 1269 Theodoretus
775 1214 955 1282 prima
1012 1213 1269 1283 lanugine
1329 1213 1420 1266 vix
1466 1228 1631 1283 genas
1658 1213 1922 1278 induisse,

342 1305 620 1375 siquidem
663 1320 808 1359 anno
845 1303 950 1357 420
993 1292 1287 1373 episcopus
1347 1304 1633 1358 ordinatus
1662 1313 1780 1369 est;
1809 1292 1923 1358 titi-

341 1411 457 1466 que
495 1411 738 1467 congrua
783 1405 965 1460 aetate,
1028 1395 1082 1450 id
1125 1405 1211 1450 est
1249 1395 1473 1466 triginta
1515 1396 1707 1450 saltem
1745 1411 1924 1450 anno-

344 1506 490 1544 YUHL

414 1577 508 1630 XI.
544 1577 845 1631 Macedonii
878 1577 1117 1646 elogium
1168 1578 1246 1642 ⁸⁸,
1297 1578 1453 1647 quasi
1497 1579 1918 1644 eucharisticon,

341 1668 571 1736 scripsit
595 1668 1210 1739 Theodoretuszipsius
1237 1669 1386 1723 enim
1436 1671 1693 1739 precibus
1737 1671 1921 1725 editus

2033 490 2183 543 enim
2219 491 2366 544 ullus
2394 496 2480 544 est
2509 487 2764 558 pluribus
2788 495 3096 555 temporum
3117 484 3264 540 notis
3289 483 3503 554 plenior
3525 484 3606 538 lo~

2033 594 2151 633 ους.

2101 670 2515 725 Observandum
2535 685 2666 725 vero
2688 667 3116 730 Theodoretum,
3134 667 3296 735 paulo
3310 675 3604 734 antequam

2031 761 2331 826 laberetur,
2366 772 2460 816 aut
2492 772 2622 816 tunc
2645 776 2769 816 cum
2799 760 2906 814 labi
2937 759 3222 826 inciperet,
3259 757 3459 812 adiisse
3509 757 3602 811 Ja-

2031 854 2230 906 cobum
2256 854 2594 908 laborantem
2621 854 2834 908 morbo.

2100 944 2236 998 XVI.
2258 945 2448 1014 Capite
2483 946 2744 999 vicesimo
2771 943 3013 999 secundo
3046 945 3113 998 de
3143 943 3382 996 Limnzeo
3421 955 3601 994 sermo

2029 1033 2108 1098 ﬁt,
2134 1034 2250 1102 qui,
2289 1050 2411 1088 cum
2435 1035 2638 1088 dicitur
2663 1035 2854 1088 eodem
2889 1042 3155 1102 tempore,
3204 1047 3312 1099 quo
3339 1030 3596 1092 Iacobus,

2027 1126 2319 1180 asceticam
2372 1126 2541 1178 vitam
2576 1125 2884 1187 inchoasse,
2919 1132 2974 1178 et
3018 1140 3126 1192 quo
3171 1131 3414 1190 tempore
3459 1119 3598 1172 scri-

2027 1215 2190 1269 bebat
2251 1216 2632 1270 Theodoretus
2679 1215 3018 1287 trigesimum
3048 1223 3102 1267 et
3138 1223 3387 1266 octavum
3440 1226 3598 1264 exer-

2027 1305 2307 1359 citationis
2359 1321 2563 1358 annum
2616 1303 2958 1373 explevisse,
3005 1302 3244 1356 ostendit
3289 1299 3590 1361 manifeste,

2025 1413 2137 1466 quo
2192 1404 2438 1465 tempore
2503 1394 2735 1449 historia
2793 1393 3046 1462 religiosa
3109 1391 3417 1459 conscripta
3481 1390 3590 1452 sit,

2023 1491 2468 1563 quandoquidem
2492 1491 2734 1545 exerceri
2763 1490 2929 1558 coepit
2991 1488 3228 1544 Iacobus
3279 1502 3424 1540 anno
3457 1483 3584 1540 405;

2023 1584 2111 1637 cui
2138 1584 2183 1637 si
2208 1583 2575 1652 adjungantur
2604 1581 2732 1634 anni
2753 1581 2821 1635 58
2837 1582 2948 1651 jam
2966 1580 3190 1649 expleti,
3209 1578 3434 1632 exsistet
3462 1576 3594 1635 anni

2023 1677 2127 1730 4-H
2167 1674 2404 1728 initium.

339 1764 430 1809 est
461 1757 516 1810 in
568 1757 748 1811 lucem
787 1774 818 1811 a
849 1731 1380 1828 mana-postquam
1425 1731 1700 1814 sexdecim
1748 1777 1920 1816 annos
1955 1731 1995 1788 Β
2091 1765 2254 1820 XVII.
2279 1763 2470 1832 Capite
2492 1762 2756 1817 vicesimo
2785 1761 2946 1816 tertio
2975 1761 3174 1815 dicitur
3219 1760 3458 1814 Joannes
3480 1759 3593 1828 jam

340 1845 561 1899 steriles
587 1845 640 1898 in
662 1846 1015 1898 matrimonio
1033 1846 1351 1916 peregisset.
1369 1846 1809 1916 Thaumaturgus
1831 1847 1920 1902 ille

337 1951 484 2004 pene
511 1938 860 1991 centenarius
892 1936 1126 1990 excessit
1152 1953 1181 1991 e
1212 1938 1340 2000 vita,
1390 1952 1514 1990 cum
1536 1937 1761 1991 vixisset
1785 1953 1919 2006 qua-

337 2028 594 2099 draginta
624 2030 786 2098 300
806 2030 1048 2099 quinque
1071 2045 1243 2084 annos
1266 2031 1381 2084 sine
1401 2029 1640 2100 tugurio,
1671 2029 1923 2099 viginti“

336 2122 590 2190 quinque
621 2122 724 2175 sub
753 2123 1051 2191 tuguriolo,
1087 2122 1309 2192 triginta
1347 2121 1566 2176 circiter
1598 2137 1722 2176 cum
1762 2137 1920 2175 exer-

335 2210 454 2264 ceri
486 2211 764 2279 cmpisset.
800 2211 960 2264 Anno
987 2210 1091 2266 582
1120 2226 1150 2264 a
1179 2211 1436 2264 Flaviano
1467 2210 1810 2266 Antiocheno
1829 2227 1919 2266 or-

336 2301 566 2355 dinatus
586 2310 672 2355 est
691 2301 999 2373 presbyter,
1032 2302 1285 2356 nesciens
1309 2301 1440 2370 quid
1482 2301 1662 2368 ﬁeret;
1693 2305 1920 2360 retinuit

335 2409 486 2447 anno
532 2392 637 2446 388
663 2395 953 2464 magistros
978 2394 1214 2448 militum
1245 2409 1276 2448 a
1319 2392 1630 2448 Theodosio
1682 2395 1919 2464 impera-

336 2496 459 2540 tore
499 2488 719 2549 missos,
749 2487 818 2541 ad
849 2487 1113 2542 ultionem
1161 2501 1478 2541 eversarum
1510 2494 1814 2541 statuarum
1849 2489 1916 2542 de

333 2575 702 2630 Antiochenis
730 2577 1073 2630 sumendam.
1109 2577 1313 2631 Mouita
1338 2575 1467 2632 vita
1487 2578 1732 2632 sanctius
1755 2578 1916 2632 insti-

336 2667 562 2722 tuenda:
586 2667 931 2722 Theodoreto
960 2671 1211 2737 septenni
1263 2670 1430 2725 dabat
1479 2684 1624 2722 anno
1651 2669 1779 2731 595,
1816 2669 1914 2722 de-

335 2758 564 2813 functus
585 2758 808 2812 circiter
829 2775 972 2813 anno
998 2759 1122 2823 395,
1143 2760 1210 2814 ad
1233 2761 1512 2825 eumdem,
1536 2776 1660 2815 cum
1671 2759 1916 2828 Apbraa-

337 2859 391 2904 te
412 2859 470 2904 et
491 2850 804 2905 Theodosio
831 2851 1044 2920 pridem
1066 2852 1134 2906 ad
1165 2867 1394 2921 superos
1439 2855 1616 2919 elatis,
1643 2853 1912 2908 tumulum

336 2941 589 2995 humeris
616 2949 930 3012 magnatum
967 2943 1171 2998 illatus.

2022 1857 2285 1927 attigisse,
2334 1864 2430 1908 aut
2466 1855 2632 1908 etiam
2672 1853 2975 1923 explevisse
3039 1853 3361 1907 vicesimum
3431 1850 3593 1918 quin—

2022 1953 2136 1996 tum
2161 1943 2569 1998 exercitationis
2598 1958 2800 1997 annum
2842 1961 2854 1994 :
2881 1942 3047 2011 cmpit
3099 1941 3264 2010 igitur
3289 1954 3432 1992 anno
3464 1938 3590 1992 419.

2089 2035 2244 2104 301
2274 2036 2362 2090 Fit
2391 2035 2446 2089 in
2502 2035 2694 2089 eodem
2742 2034 2918 2102 capite
2958 2032 3163 2086 mentio
3190 2031 3421 2084 aliorum
3455 2027 3590 2082 insi-

2018 2128 2207 2196 gnium
2232 2130 2397 2181 trium
2421 2134 2752 2188 ascetarnm,
2791 2124 2979 2186 Mosis,
3011 2121 3289 2184 Antiochi,
3339 2127 3395 2173 et
3419 2119 3590 2173 Anto-

2017 2221 2154 2286 nini,
2187 2223 2554 2290 continuoque
2584 2220 2737 2274 addit
2763 2218 3145 2272 Theodoretus
3173 2233 3186 2268 :
3219 2235 3235 2265 ι
3272 2215 3421 2268 Alios
3448 2229 3586 2282 ιιι-ωε

2019 2318 2166 2366 terea
2196 2312 2510 2380 complures
2540 2312 2596 2364 in
2623 2309 2827 2363 ﬁnibus
2847 2308 3070 2370 nostris,
3098 2305 3485 2372 montibusque
3533 2309 3590 2356 et

2017 2406 2226 2474 campis
2275 2405 2508 2458 athletas
2564 2402 2731 2457 habet
2784 2399 3006 2454 virtutis
3063 2399 3391 2468 agonotheta
3421 2396 3590 2458 Deus,
3623 2433 3639 2448 .

2017 2509 2158 2562 quos
2204 2495 2288 2548 vel
2320 2507 2646 2548 enumerare
2684 2489 2902 2544 difﬁcile
2943 2488 3035 2553 sit,
3080 2487 3283 2541 nedum
3344 2485 3593 2553 singulo-

2015 2601 2135 2639 rum
2168 2587 2336 2640 vitam
2387 2584 2757 2639 conscribere.
2790 2601 2804 2633 ι
2839 2581 2970 2636 Inde
3017 2581 3371 2633 vehementer
3420 2576 3590 2629 miror

2014 2677 2290 2732 hominem
2324 2686 2403 2732 tot
2439 2677 2573 2732 viris
2605 2673 2888 2744 stupenda:
2921 2671 3227 2726 sanctitatis
3277 2668 3448 2723 veluti
3477 2667 3588 2720 eir-

2012 2771 2330 2826 cumdatum
2363 2779 2418 2824 et
2450 2769 2710 2837 stipatum
2753 2767 3010 2820 aberrare
3059 2764 3302 2834 potuisse
3353 2777 3383 2814 a
3429 2770 3581 2814 recta

2016 2861 2137 2918 ﬁdei
2166 2862 2271 2915 via.
2303 2860 2348 2916 Ο
2377 2859 2773 2930 investigabilia
2809 2858 2903 2912 Dei
2929 2857 3160 2928 judicia!

2111 2949 2296 3003 XVIII.
2346 2948 2537 3016 Capite
2591 2947 2857 3001 vicesimo
2918 2953 3156 3014 quarto,
3227 2940 3323 2994 ubi
3385 2939 3589 2992 texitur

406 3033 521 3087 XII.
549 3033 610 3086 In
640 3034 817 3102 capite
849 3033 1063 3088 decimo
1090 3042 1286 3104 quarto
1312 3035 1449 3088 nihil
1502 3034 1908 3089 observandum
1936 3059 1978 3117 ο
2011 3041 2248 3110 elogium
2291 3038 2662 3109 Polychronii,
2713 3037 2853 3090 nihil
2885 3034 3289 3090 observandum
3339 3031 3588 3093 videtur,

334 3125 600 3187 occurrit,
624 3124 1084 3194 quemadmodum
1107 3141 1208 3180 nec
1224 3126 1278 3180 in
1300 3127 1656 3196 sequentibus
1671 3126 1906 3192 duobus,

335 3216 442 3269 nisi
464 3215 616 3284 quod
645 3215 942 3286 Cyrcnsem
975 3216 1257 3287 regionem
1286 3218 1613 3272 illustrarint
1632 3258 1647 3282 ,
1673 3217 1767 3287 qui
1798 3224 1911 3272 tres

335 3307 669 3372 laudantur;
728 3308 1032 3370 Maisimas,
1061 3297 1462 3378 Acepsimas‘et
1515 3311 1662 3364 Maro
1694 3328 1706 3363 :
1738 3309 1912 3380 quod-

332 3413 443 3470 que
473 3400 796 3468 Acepsimas
824 3399 892 3454 ab
939 3399 1149 3456 Isidoro
1187 3400 1518 3456 Theodoreti
1579 3415 1909 3469 praecessore

334 3491 623 3545 ordinatus
655 3491 726 3545 sit
752 3491 808 3544 in
841 3492 1245 3562 presbyterum,
1280 3508 1404 3547 cum
1433 3492 1603 3562 probe
1626 3492 1844 3546 abesset
1879 3507 1909 3546 a

337 3591 551 3648 morte;
577 3591 636 3638 et
666 3583 814 3652 quod
851 3584 1089 3654 denique
1112 3584 1262 3638 Maro
1296 3584 1463 3640 fuerit
1493 3593 1686 3638 auctor
1707 3591 1910 3638 exacta:

338 3674 483 3728 illius
508 3675 780 3736 asceticze,
824 3689 988 3742 quam
1048 3673 1104 3727 in
1135 3673 1411 3745 Cyrestica
1440 3674 1662 3744 regione
1713 3689 1910 3729 conse-

334 3775 568 3835 quentes
601 3764 695 3818 alii
724 3764 923 3818 imitati
953 3772 1106 3820 sunt.

405 3856 545 3910 XIII.
578 3855 771 3925 Capite
798 3855 1014 3912 decimo
1050 3858 1284 3927 septimo
1325 3858 1640 3914 continetur
1670 3859 1907 3930 elogium

333 3948 641 4011 Abraamis,
698 3948 791 4017 qui
825 3964 893 4003 ex
925 3949 1192 4006 monacho
1235 3950 1416 4004 factus
1467 3949 1760 4005 Carrarum
1793 3949 1911 4020 epi-

335 4054 565 4108 scopus,
609 4038 876 4093 asceticos
923 4039 1140 4094 labores
1181 4055 1290 4094 non
1337 4040 1631 4104 imminuit,
1673 4041 1770 4096 sed
1809 4041 1907 4096 ad-

334 4133 487 4187 auxit
523 4151 537 4185 :
579 4148 744 4202 quam
776 4133 900 4187 vitae
943 4132 1211 4188 rationem
1248 4134 1478 4188 laudans
1531 4133 1909 4192 Theodoretus

335 4222 576 4278 ostendit
596 4223 730 4276 satis
761 4237 820 4277 se
849 4238 960 4276 non
989 4223 1296 4278 absimilem
1325 4223 1582 4278 Abraami
1609 4225 1903 4280 exstitisse.

336 4312 636 4390 Defunctus
678 4324 760 4367 est
818 4313 1321 4384 Constantinopoli,
1381 4331 1492 4385 quo
1541 4331 1667 4370 eum
1725 4316 1906 4370 Theo-

2012 3140 2372 3202 praaterquam
2421 3129 2570 3199 quod
2634 3128 2702 3182 de
2759 3127 3047 3182 sacerdote
3105 3125 3202 3193 τῆς
3269 3122 3586 3191 Ἀντιοχέων

2011 3221 2192 3293 χώρας
2243 3219 2434 3290 κώμας
2469 3218 2667 3281 πολλὰς
2709 3217 3020 3287 ποιμαίνειν
3067 3214 3406 3282 τεταγμένῳ.
3433 3211 3588 3267 Unde

2012 3314 2316 3368 illustratur
2339 3312 2494 3366 locus
2512 3310 2849 3378 alter,'cujus
2875 3307 3184 3362 obscuritas
3207 3304 3438 3358 Baronio
3458 3301 3589 3356 fecit

2010 3404 2357 3459 occasionem
2392 3401 2741 3456 incredibilia
2799 3401 2866 3454 de
2928 3399 3183 3454 Simeone
3219 3397 3413 3466 Stylita
3451 3396 3588 3450 scri-

2018 3495 2188 3550 bendi
2210 3495 2275 3548 ³⁸.

2079 3585 2221 3640 XIX.
2253 3585 2443 3654 Capite
2470 3583 2734 3640 vicesimo
2753 3583 2968 3652 quinto,
2995 3581 3141 3650 quod
3168 3587 3253 3634 est
3272 3579 3585 3633 encomium

2008 3677 2265 3746 Asclepii,
2315 3675 2370 3729 id
2414 3692 2586 3729 unum
2616 3673 3041 3738 observandum,
3098 3670 3215 3724 ﬁeri
3253 3671 3586 3724 mentionem

2007 3769 2197 3824 Jacobi
2213 3775 2409 3822 asceta:
2437 3766 2800 3828 admirabilis,
2828 3765 2924 3835 qui
2950 3764 3281 3818 domuncula
3339 3762 3587 3816 inclusus

2008 3862 2188 3916 adhuc
2215 3861 2424 3914 viveret
2454 3859 2825 3930 nonagenario
2857 3858 3049 3926 major,
3092 3856 3336 3925 alterque
3382 3853 3524 3907 foret
3552 3867 3584 3908 a

2007 3956 2226 4012 Iacobo.
2257 3955 2684 4024 Thaumaturgo,
2747 3953 2816 4006 de
2849 3965 2960 4019 quo
3005 3965 3125 4018 cap.
3173 3949 3263 4002 21.
3316 3947 3586 4002 Thauma-

2013 4056 2205 4116 turgus
2233 4045 2381 4100 enim
2409 4045 2527 4100 sine
2555 4043 2798 4115 tugurio,
2830 4042 2923 4096 hic
2975 4041 3034 4094 in
3061 4038 3394 4094 domuncula
3423 4037 3582 4092 habi-

2011 4139 2183 4192 tabat.

2072 4227 2190 4282 XX.
2222 4227 2412 4296 Capite
2477 4224 2744 4280 vicesimo
2799 4233 2957 4280 sexto
3001 4231 3263 4278 narratur
3313 4220 3582 4290 stupenda

2010 4318 2277 4373 Simeonis
2301 4317 2508 4388 Stylitae
2529 4317 2664 4370 vita.
2700 4318 2904 4372 Praeter
2921 4326 3078 4371 notas
3106 4325 3434 4384 temporum,
3457 4313 3582 4382 qui-

340 4403 544 4468 dosius,
574 4414 668 4458 aut
696 4404 982 4459 Pulcheria
1019 4405 1203 4473 potius
1222 4421 1346 4460 eum
1381 4407 1663 4461 sororibus
1706 4407 1908 4478 reginis
1940 4389 1981 4443 D
2012 4409 2115 4464 bus
2139 4410 2220 4463 nsi
2250 4424 2462 4471 sumus,
2488 4407 2832 4461 observanda
2871 4416 3107 4474 quatuor
3145 4423 3158 4457 :

338 4503 616 4550 evocarat.

403 4583 540 4639 XIV.
578 4584 984 4640 Posterioribus
1013 4586 1192 4640 tribus
1225 4587 1497 4656 capitibus
1527 4587 1592 4651 ",
1615 4588 1817 4657 quibus
1839 4587 1909 4642 de

336 4675 596 4739 Eusebio,
633 4675 917 4730 Salamane
957 4686 1013 4730 et
1075 4677 1221 4739 Mare
1283 4679 1525 4733 narratio
1577 4679 1904 4741 instituitur,

333 4782 438 4821 nec
478 4765 688 4837 aliquid
735 4767 943 4836 pariter
1010 4767 1416 4820 observandum
1469 4775 1667 4836 praeter
1720 4768 1909 4822 insoli-

337 4867 444 4913 tam
469 4858 621 4911 illam
642 4857 878 4927 liturgiaa
899 4858 1192 4923 rationem,
1240 4874 1346 4928 qua
1388 4859 1793 4924 Theodoretus,
1846 4869 1904 4915 ut

333 4949 501 5003 Maris
528 4948 716 5017 pietati
736 4948 991 5011 serviret,
1011 4948 1264 5003 manibus
1286 4947 1643 5003 diaconorum
1670 4965 1802 5004 usus
1822 4957 1906 5004 est

332 5054 432 5108 pro
459 5039 640 5092 altari.
1357 5092 1362 5096 .

403 5129 515 5185 XV.
539 5129 729 5199 Capite
759 5129 1022 5184 vicesimo
1049 5131 1227 5199 primo
1280 5129 1474 5198 incipit
1526 5131 1904 5187 Theodoretus

333 5229 519 5277 texere
571 5222 859 5276 historiam
897 5230 1239 5284 sanctorum,
1276 5223 1369 5292 qui
1415 5222 1599 5277 adhuc
1648 5224 1704 5278 in
1764 5224 1903 5279 vivis

329 5320 509 5376 erant,
533 5327 660 5366 eum
690 5312 987 5378 scriberet;
1015 5320 1072 5367 et
1100 5328 1130 5366 a
1186 5312 1389 5367 Iacobo
1419 5313 1640 5382 quidem
1685 5315 1900 5370 initium

330 5401 504 5468 ducit,
543 5400 612 5456 de
640 5417 752 5470 quo
805 5401 1266 5467 diximusmulta,
1297 5403 1493 5471 partim
1523 5404 1577 5457 in
1605 5402 1745 5467 Vita,
1777 5421 1900 5474 par-

2081 4501 2131 4554 1.
2159 4498 2316 4565 Quod
2350 4497 2420 4554 de
2449 4498 2617 4552 Basso
2637 4509 2894 4551 narratur
2921 4513 2934 4550 :
2962 4496 3088 4549 inde
3133 4496 3278 4549 enim
3328 4493 3583 4563 intelligi-

2008 4606 2098 4649 tur
2119 4595 2187 4656 ³⁷,
2240 4592 2388 4661 quod
2418 4591 2486 4645 de
2519 4591 2736 4644 Meletio
2759 4591 2978 4644 dicetur
3006 4597 3194 4658 postea
3226 4605 3238 4640 :
3273 4587 3455 4640 Πείθει
3492 4587 3582 4639 τὸν

2009 4685 2313 4756 θαυμάσιον
2341 4684 2567 4748 Βάσσον,
2593 4683 2652 4747 ὃς
2676 4680 2976 4752 τηνικαῦτα
3005 4680 3203 4743 πολλὰς
3251 4677 3581 4748 περιώδευσε

2009 4775 2222 4846 κώμας,
2257 4778 2370 4838 τοῖς
2404 4775 2547 4829 κατὰ
2575 4775 2767 4846 κώμην
2807 4773 3044 4843 ἱερεῦσιν
3074 4771 3402 4826 ἐπιστατῶν.

2073 4869 2130 4922 2.
2156 4868 2383 4923 Bassum
2407 4867 2673 4930 Simeoni,
2712 4875 2938 4937 propter
2964 4865 3321 4936 quadraginta
3365 4863 3580 4918 dierum

2011 4957 2333 5011 continuum
2361 4956 2630 5026 jejunium
2657 4955 2988 5019 semianimi,
3015 4953 3327 5008 divinorum
3376 4959 3580 5022 myste-

2011 5049 2221 5103 riorum
2243 5049 2510 5120 symbols,
2537 5048 2620 5102 ori
2645 5047 2866 5116 quidem
2895 5045 3196 5100 madefacta
3237 5045 3391 5114 prius
3412 5057 3580 5113 span-

2007 5136 2093 5207 gia
2122 5138 2457 5201 humectato,
2486 5136 2582 5192 sed
2617 5136 2935 5204 priusquam
2963 5133 3090 5188 cibo
3108 5132 3448 5197 reﬁceretur,
3490 5133 3583 5186 in-

2007 5230 2209 5284 didisse
2242 5248 2256 5282 :
2295 5229 2440 5282 unde
2480 5228 2755 5297 colligitur
2798 5242 2862 5280 ea
2898 5225 3063 5280 etiam
3123 5233 3442 5294 tempestate
3470 5224 3580 5278 Eu-

2013 5315 2332 5369 charistiam
2368 5323 2423 5368 et
2446 5313 2791 5368 moribundis
2811 5323 2865 5368 et
2890 5314 3093 5385 jejunis
3120 5314 3423 5384 praebitam.

2078 5410 2130 5462 5.
2183 5407 2504 5462 Columnam
2559 5416 2911 5478 postremam,
2969 5421 3092 5460 cum
3148 5421 3178 5460 a
3218 5407 3335 5461 solo
3359 5403 3576 5473 triginta

1659 5517 1973 5574 SCIIULZII
2014 5518 2244 5574 NOTAE.

401 5630 445 5661 ³³
480 5630 641 5691 lbid.,
676 5647 724 5686 (ν.
768 5632 846 5684 15.

331 5699 373 5734 ³⁸
413 5699 534 5754 Vid.
566 5717 747 5772 supra,
776 5717 824 5771 p.
849 5702 1018 5773 29‘2,§
1054 5704 1131 5757 11.
1212 5703 1252 5734 ³⁷
1288 5705 1405 5760 Vid.
1435 5705 1566 5759 ibid.
1599 5705 1625 5777 §
1660 5699 1738 5759 l3.

963 5632 1013 5707 3’:
1036 5633 1237 5707 Pastor:
1277 5634 1503 5707 Scilicet
1530 5636 1670 5707 libri
1707 5636 1890 5704 primi.
1930 5637 2050 5695 V'id.
2083 5653 2266 5707 supra,
2309 5653 2361 5707 p.
2403 5637 2526 5704 293,
2555 5635 2579 5707 ᾗ
2611 5637 2691 5692 18.

2797 5639 2839 5670 ³⁵
2874 5637 2992 5692 Vid.
3035 5650 3218 5705 supra,
3246 5650 3298 5704 p.
3323 5632 3447 5701 290,
3473 5631 3568 5705 ﬁt}.
