4040 6172
414 303 514 367 251

1539 290 1918 354 GARNERII
1957 286 2456 350 DISSERTATIO
2493 287 2575 348 II.

3568 278 3679 343 2ἱὲ

418 426 519 470 sex
536 410 755 469 cubitos
769 412 1136 475 attolleretur,
1159 410 1264 465 hoc
1284 417 1389 473 est,
1410 407 1806 478 quinquaginta
1829 419 1995 475 quam
2028 411 2070 466 Α
2103 400 2330 458 solitum
2354 403 2551 467 sciret;
2583 397 2729 455 unde
2761 395 3095 454 Theodoreti
3128 392 3459 451 abstinentia
3524 392 3680 449 miri-

420 505 709 561 minimum
744 507 999 577 pedibus,
1053 520 1166 559 non
1193 502 1363 557 fuisse
1382 501 1452 556 ab
1487 501 1680 556 infimo
1730 499 1800 555 ad
1842 512 1997 553 sum-

419 612 573 651 mum
593 587 940 663 uniusmod'i;
968 596 1066 651 sed
1095 611 1223 651 suos
1242 593 1504 649 habuisse
1526 593 1681 663 quasi
1696 590 1919 662 gradus,
1942 595 2001 643 et

401 686 651 757 'proinde
680 688 922 741 minones
956 686 1130 741 moles
1160 684 1464 755 majoribus
1502 681 1805 752 impositas,
1834 678 1910 733 ita
1941 685 2001 732 ut

422 775 490 829 ad
520 774 831 830 Simeonem
863 785 1069 844 posset,
1123 774 1342 829 admota
1370 770 1643 841 superiori
1672 769 1802 824 moli
1831 767 1997 831 scala,

422 865 600 921 facilis
629 881 749 921 esse
771 881 1034 922 ascensus
1060 866 1174 922 :sic
1199 867 1349 922 enim
1374 862 1804 932 alloquentibus,
1839 874 1904 914 ac
1931 858 2000 914 de

424 956 688 1026 religione
732 956 1149 1011 consulentibus
1207 952 1540 1025 respondere
1588 957 1824 1021 poterat,
1874 962 2001 1003 cum

423 1057 567 1103 esset
588 1047 719 1103 exili
748 1063 906 1113 voce,
958 1056 1019 1102 ut
1064 1048 1159 1118 qui
1213 1046 1531 1102 comederet
1577 1052 1809 1108 tantum,
1842 1041 2003 1096 initio

424 1138 668 1207 quidem,
718 1140 1139 1211 quadragesimo
1188 1154 1410 1212 quoque
1437 1137 1528 1193 die
1562 1153 1577 1190 :
1627 1143 1817 1205 postea
1847 1147 2000 1197 vero,

426 1237 639 1282 octavo.

498 1317 552 1371 4.
587 1318 730 1373 Fieri
766 1320 990 1390 quidem
1013 1320 1347 1376 mentionem
1373 1334 1404 1373 a
1426 1318 1771 1375 Theodoreto
1799 1315 2008 1369 littera-

428 1421 551 1461 rum
575 1424 605 1462 a
630 1408 887 1465 Simeone
909 1411 973 1467 ad
1001 1412 1392 1482 imperatorem
1416 1407 1787 1464 Theodosium
1804 1404 2003 1461 Junio-

429 1512 546 1553 rem
581 1498 648 1554 de
677 1502 939 1574 religione
958 1504 1291 1573 scriptarum
1316 1518 1332 1568 ;
1364 1516 1475 1556 non
1497 1510 1680 1555 tamen
1712 1499 2008 1556 missarum

428 1588 498 1643 ab
534 1588 867 1660 imperatore
894 1596 963 1647 ad
991 1593 1302 1648 Simeonem
1333 1590 1402 1645 de
1429 1605 1564 1661 pace
1611 1587 2005 1650 Eeelesiarum,

429 1686 554 1748 post
581 1680 875 1736 concilium
907 1682 1245 1752 Ephesinum
1287 1698 1300 1733 :
1338 1696 1403 1734 ea
1447 1679 1595 1734 enim
1622 1692 1728 1748 pax
1755 1675 2011 1731 Theodo-

2099 493 2202 548 Iice
2233 502 2480 563 apparet.

2172 584 2287 640 Sub
2319 582 2487 639 finem
2537 583 2710 640 totius
2756 582 2944 655 operis
2992 578 3376 637 Theodoretus
3421 590 3486 631 ea
3520 574 3676 641 dicit,

2100 679 2303 750 quibus
2327 679 2527 749 prodat
2561 678 2787 734 insitum
2811 677 2999 732 animo
3025 690 3129 730 suo
3179 669 3401 744 pietatis
3434 683 3677 735 sensum,

2100 784 2427 839 oppressum
2456 768 2682 839 quidem
2716 778 2774 825 et
2813 783 2955 839 pene
2989 765 3345 836 prrefocatum
3375 759 3683 832 impatienti

2102 860 2343 931 quadam
2384 861 2637 925 caecitate
2664 862 2729 926 ³⁸,
2761 876 2867 930 qua
2891 859 3054 913 fidem
3100 857 3196 912 ubi
3240 864 3361 911 erat
3386 854 3454 918 ³⁹,
3483 860 3541 907 et
3571 850 3681 905 bae-

2103 953 2256 1008 rcsin
2284 952 2380 1008 ubi
2409 968 2521 1008 non
2547 957 2688 1017 erat,
2737 951 2928 1006 videre
2962 949 3066 1004 sibi
3099 947 3410 1009 videbatur,
3458 942 3555 998 sed
3589 956 3686 995 ex—

2104 1059 2289 1099 serere
2326 1059 2385 1100 se
2407 1052 2720 1109 conantem,
2770 1043 2816 1098 si
2841 1040 3065 1112 quando
3097 1055 3227 1094 vera
3257 1038 3350 1092 lux
3384 1034 3690 1106 prtestigias

2104 1137 2331 1207 superbi
2398 1135 2685 1204 cujusdam
2715 1134 2912 1190 fascini
2938 1133 3261 1204 depelleret.
3324 1148 3343 1182 ί
3388 1128 3533 1193 Illos,
3598 1127 3689 1181 in-

2106 1229 2246 1299 quit,
2272 1243 2507 1298 quorum
2545 1227 2715 1282 vitam
2754 1226 3037 1289 contexui,
3073 1239 3144 1279 ne
3182 1237 3267 1277 me
3292 1219 3483 1292 procul
3513 1235 3543 1273 a
3570 1218 3690 1287 spi-

2107 1303 2294 1370 rituali
2329 1331 2524 1371 eorum
2556 1316 2729 1371 choro
2761 1315 3002 1385 positum
3033 1313 3382 1384 despiciant;
3414 1309 3509 1366 sed
3544 1308 3690 1363 infra

2103 1409 2379 1479 jacentem
2411 1409 2653 1472 trahant,
2701 1416 2759 1464 et
2774 1407 2843 1462 ad
2876 1408 3096 1462 culmen
3134 1405 3358 1462 virtutis
3386 1401 3694 1474 perducant

2109 1514 2321 1570 suoque
2343 1499 2510 1555 coetui
2539 1499 2857 1569 adjungant,
2884 1506 2945 1559 ut
2971 1514 3082 1552 non
3111 1497 3321 1552 alienas
3343 1493 3535 1549 laudes
3571 1501 3685 1547 tan-

2112 1599 2228 1646 tum
2252 1591 2510 1658 laudent;
2535 1590 2632 1646 sed
2667 1604 2771 1660 ego
2793 1589 2958 1644 etiam
2989 1589 3170 1644 laudis
3220 1587 3464 1657 aliquam
3521 1591 3697 1637 mate-

2110 1682 2249 1738 riem
2276 1698 2603 1752 consequar,
2628 1695 2796 1769 opere
2818 1719 2834 1744 ,
2866 1680 3070 1744 verbis,
3095 1689 3152 1735 et
3172 1686 3358 1734 mente
3380 1673 3697 1746 gloriﬁcans

429 1777 549 1826 reto
593 1774 683 1827 vix
725 1789 967 1844 unquam
1016 1773 1245 1843 probata
1289 1781 1392 1827 est.
1451 1772 1607 1826 Tunc
1646 1769 1808 1840 302
1857 1775 2007 1823 certe
2039 1783 2081 1838 ις
2110 1773 2497 1830 universorum
2539 1768 2889 1829 Servatorem
2940 1770 3223 1827 Christum
3267 1768 3559 1825 Dominum
3593 1778 3699 1819 no-

431 1863 694 1930 temporis
747 1879 856 1917 non
903 1863 1173 1933 placebat,
1232 1878 1358 1917 cum
1410 1861 1702 1917 historiam
1747 1867 2003 1915 texeret:

427 1967 743 2023 quanquam
769 1956 1019 2025 epistola,
1053 1972 1175 2025 qua:
1202 1956 1445 2012 Simeoni
1502 1954 1826 2010 inscribitur
1868 1953 1924 2007 in
1950 1966 2007 2006 Ill

427 2051 583 2112 parte
611 2047 834 2101 concilii
870 2047 1158 2117 Ephesini,
1190 2048 1416 2103 videtur
1431 2047 1500 2102 ad
1532 2046 1791 2101 Acacium
1837 2044 2010 2116 perti-

426 2148 593 2201 nere;
619 2151 742 2205 quae
786 2152 920 2191 vero
948 2140 1219 2208 sequitur,
1251 2140 1443 2194 mutila
1471 2147 1576 2204 est,
1611 2147 1666 2195 et
1698 2139 1766 2194 ad
1792 2137 2007 2194 Simeo-

426 2242 554 2281 nem
584 2243 696 2282 non
718 2229 1077 2300 singulariter
1102 2232 1248 2286 data.

498 2315 579 2369 Ad
624 2316 741 2371 haec
802 2317 963 2384 addo,
1019 2320 1258 2375 Leonem
1307 2320 1721 2391 imperatorem,
1766 2335 1893 2375 cum
1940 2319 2008 2375 de

386 2440 399 2451 ο
427 2407 663 2462 concilio
683 2407 1120 2466 Chalcedonensi
1143 2413 1211 2467 ad
1242 2414 1537 2483 episcopos
1586 2415 1800 2468 litteras
1825 2412 2004 2476 daret,

427 2497 716 2567 scripsisse
742 2514 963 2571 quoque
986 2501 1055 2556 ad
1076 2504 1321 2559 illustres
1347 2505 1668 2567 monachos,
1714 2514 1770 2558 et
1819 2505 1872 2559 in
1900 2504 2012 2574 pri-

417 2591 536 2664 mis
560 2591 627 2645 ad
652 2594 1030 2650 sanctissimos
1059 2604 1190 2661 tres,
1225 2597 1562 2662 Simeonem,
1606 2597 1895 2661 Iacobum,
1954 2605 2012 2651 et

428 2682 792 2751 Baradatum,
832 2686 901 2741 de
948 2702 1062 2757 quo
1112 2696 1198 2744 est
1242 2678 1409 2761 caput
1480 2692 1573 2756 27,
1625 2689 1772 2762 quod
1827 2689 2013 2759 sequi-

431 2785 539 2831 tur.

500 2868 641 2924 XXI.
669 2869 846 2940 Caput
876 2871 1201 2928 vicesimum
1251 2874 1550 2944 septimum
1577 2873 1829 2930 continet
1894 2873 2013 2928 lau-

429 2957 528 3039 des
560 2960 839 3029 Baradati,
882 2965 976 3035 qui
1011 2964 1117 3021 fuit
1139 2982 1283 3021 unus
1313 2966 1381 3021 de
1426 2967 1605 3022 tribus
1656 2965 2014 3021 sanctissimis

429 3052 648 3115 ascetis,
705 3052 774 3107 ad
828 3070 968 3125 quos
1028 3057 1359 3118 nominatim
1418 3066 1689 3112 memorat
1745 3056 2014 3128 Evagrius

430 3144 716 3214 scripsisse
761 3144 999 3204 Leonem
1050 3149 1469 3220 imperatorem,
1514 3149 1584 3205 de
1630 3164 1793 3205 causa
1829 3148 2013 3204 Timo—
2039 3128 2081 3187 θ

434 3234 548 3288 thei
579 3235 934 3294 Alexandrini
958 3248 1015 3295 et
1039 3241 1262 3296 concilii
1295 3240 1779 3297 Chalcedonensis.

502 3326 692 3384 Exstat
744 3329 801 3385 in
846 3331 990 3387 libro
1022 3333 1305 3404 encyclico
1358 3333 1613 3388 Baradati
1662 3331 2018 3388 rescribentis

431 3418 685 3488 cpistola,
717 3436 945 3493 magnae,
990 3423 1088 3478 sed
1123 3432 1328 3479 sancta:
1381 3424 1752 3494 simplicitatis
1808 3424 2014 3494 plena:

431 3509 669 3565 aliorum
699 3510 935 3566 duorum
965 3510 1165 3576 littera:
1190 3513 1494 3583 perierunt.
1533 3512 1852 3583 Quanquam
1871 3512 2017 3583 apud

433 3597 727 3668 Evagrium
766 3607 851 3653 est
872 3599 1148 3655 Simeonis
1177 3601 1411 3671 epistola
1442 3600 1511 3656 ad
1537 3601 1796 3656 Basilium
1826 3601 2020 3656 Antio-

434 3688 694 3754 chenum,
749 3689 966 3743 Maximi
1018 3692 1090 3745 ob
1138 3690 1561 3745 fornicationem
1607 3690 1844 3761 depositi
1891 3707 2017 3747 suc-

434 3792 732 3846 cessorem,
763 3779 818 3834 in
851 3795 959 3851 qua
991 3780 1052 3836 fit
1088 3781 1299 3838 mentio
1338 3781 1520 3837 missae
1543 3782 1773 3837 alterius
1811 3781 1879 3838 ad
1913 3783 2017 3838 im-

433 3874 747 3934 peratorem
758 3909 770 3922 .

508 3957 675 4014 XXII.
700 3962 777 4016 De
822 3962 1120 4029 Thalelteo,
1161 3964 1320 4035 cujus
1348 3963 1664 4019 encomium
1716 3965 1898 4036 capite
1947 3966 2019 4021 28

435 4051 692 4117 habetur,
740 4055 891 4109 nihil“
908 4056 1316 4111 observandum
1359 4056 1602 4123 videtur,
1653 4057 1762 4114 nisi
1796 4059 1917 4115 leve
1947 4060 2017 4115 il-

434 4143 551 4210 lud,
603 4145 889 4203 inclusisse
914 4163 973 4204 se
1008 4165 1204 4219 nempe
1253 4150 1565 4205 admirabili
1618 4151 1710 4206 illa
1762 4154 2018 4209 machina

434 4235 773 4293 clathrorum
806 4239 862 4293 iu
887 4255 1095 4296 morem
1129 4241 1292 4307 facta,
1328 4258 1474 4298 anno
1491 4242 1616 4297 455.
1671 4243 1730 4298 In
1782 4259 1847 4300 ea
1866 4246 2018 4301 enim

433 4337 692 4400 exegerat
744 4333 763 4353 '
794 4333 908 4404 jam
961 4333 1153 4390 decem
1209 4350 1405 4401 annos,
1456 4351 1581 4391 cum
1632 4336 2017 4394 Theodoretus

434 4422 727 4477 scriberet.

504 4512 692 4569 XXIII.
722 4515 952 4587 Reliqua
981 4517 1095 4574 duo
1135 4520 1315 4591 capita
1343 4518 1672 4575 feminarum
1698 4521 1887 4586 trium,
1905 4522 2019 4576 Ma-

432 4618 600 4669 ranaz,
621 4605 795 4677 Cyrae,
820 4615 876 4663 et
902 4609 1186 4667 Domninae
1210 4612 1537 4682 stupendam
1565 4612 2014 4669 exercitationem

433 4692 776 4750 describunt.
812 4696 1148 4753 Habitabant
1171 4699 1334 4754 simul
1359 4701 1574 4770 priores
1612 4700 1757 4765 dum,
1785 4711 1842 4756 et
1859 4717 2019 4757 exer-

434 4784 550 4840 ceri
603 4795 887 4857 cmperant
928 4788 1039 4859 jam
1077 4788 1206 4843 inde
1256 4790 1326 4844 ab
1364 4806 1510 4847 anno
1538 4790 1662 4846 402.
1710 4792 1840 4846 Erat
1867 4790 2016 4847 enim

433 4877 888 4949 quadragesimus
919 4879 1198 4935 secundus
1219 4881 1634 4936 exercitationis
1662 4897 1862 4948 annus,
1888 4898 2015 4939 cum

435 4969 707 5025 scriberet
726 4970 1130 5026 Theodoretus.

508 5061 776 5118 Domnina
793 5078 918 5119 cum
939 5062 1381 5119 soleretadvenis
1398 5063 1708 5119 necessaria
1723 5064 1791 5118 ad
1810 5065 2017 5120 victum

438 5152 710 5219 sullicerc,
745 5155 1093 5212 Theodoreto
1119 5156 1186 5212 ad
1212 5171 1335 5211 eam
1366 5165 1579 5226 partem
1607 5156 1872 5221 venienti,
1897 5172 2018 5226 quae

439 5243 733 5314 Cyrcstica':
766 5248 977 5317 regioni
1008 5248 1076 5303 ad
1120 5258 1369 5303 austrum
1403 5247 1506 5302 sita
1537 5255 1642 5311 est,
1678 5265 1697 5298 ‹
1731 5256 1789 5301 et
1823 5262 2014 5317 panes,

441 5346 497 5391 et
531 5337 763 5400 fructus,
788 5347 843 5393 et
870 5340 1073 5395 lentem
1112 5340 1471 5397 madefactam
1517 5340 1790 5395 mittebat.
1833 5357 1852 5391 ι
1895 5340 2012 5395 Non

442 5428 548 5483 alia
584 5429 774 5492 procul
809 5428 980 5484 dubio
1027 5431 1094 5487 de
1147 5448 1333 5498 causa,
1371 5447 1536 5503 quam
1575 5432 1704 5502 quia
1750 5431 1838 5486 bis
1872 5433 2017 5490 vesci

2110 1874 2307 1921 strum.
2341 1885 2361 1917 ι

2426 2007 2585 2079 303
2609 2009 2637 2081 §
2662 2009 2751 2064 IV.
2779 2008 2961 2066 Oratio
2985 2007 3048 2060 de
3077 2005 3353 2060 charitale.

2182 2143 2223 2198 I.
2288 2143 2450 2198 Ducit
2523 2144 2814 2199 exordium
2861 2151 3058 2198 auctor
3113 2140 3182 2194 ab
3219 2138 3370 2192 hisce
3437 2133 3623 2189 verbis
3676 2146 3696 2185 ;

2119 2251 2138 2285 ι
2166 2233 2368 2300 Quanti
2397 2233 2508 2289 sint
2536 2234 2760 2290 virtutis
2780 2234 3020 2299 athletae,
3048 2240 3283 2302 etquam
3316 2225 3526 2291 multis,
3553 2240 3694 2295 qua-

2111 2325 2366 2396 libusque
2402 2326 2630 2383 coronis
2662 2325 2928 2398 fulgeant,
2965 2324 3259 2397 perspicue
3290 2320 3360 2375 de
3393 2318 3501 2373 illis
3529 2331 3560 2371 ι
3591 2330 3698 2370 no-

2111 2416 2200 2473 bis
2220 2418 2550 2488 conscriptm
2586 2419 2939 2474 narrationes
2971 2417 3195 2472 docent.
3234 2432 3251 2465 ι
3286 2413 3352 2467 Et
3379 2409 3544 2481 paulo
3564 2416 3698 2463 ante

2112 2509 2280 2565 ﬁnem
2310 2527 2323 2564 :
2362 2530 2380 2561 ι
2410 2511 2585 2582 Hujus
2601 2510 3035 2581 pulchritudinis
3063 2523 3253 2564 amore
3270 2504 3418 2575 capti
3441 2511 3700 2558 recentes

2111 2604 2334 2659 virtutis
2378 2604 2618 2671 athleue,
2656 2619 2895 2675 quorum
2936 2620 2969 2659 a
3022 2603 3182 2658 nobis
3211 2597 3541 2670 compendio
3568 2595 3695 2652 Vita

2113 2694 2394 2766 descripta
2419 2705 2524 2760 est,
2563 2696 2632 2751 ad
2650 2711 2845 2768 magna
2873 2697 2964 2750 illa
2995 2704 3246 2751 naturam
3274 2693 3568 2747 humanam
3592 2703 3695 2742 ex-

2114 2787 2367 2842 cedentia
2412 2786 2669 2857 prodiere
2710 2785 3034 2843 certamina.
3064 2804 3083 2837 ι
3117 2784 3234 2840 Sub
3280 2781 3523 2837 medium
3552 2780 3697 2833 allu-

2114 2880 2252 2935 dens
2289 2878 2357 2933 ad
2387 2894 2588 2935 nomen
2611 2920 2626 2945 ,
2666 2894 2779 2950 quo
2826 2877 3150 2950 Religiosum
3199 2877 3476 2931 historiam
3503 2873 3702 2928 inscri-

2114 2980 2345 3043 pserat:
2388 2990 2407 3022 ι
2457 2970 2561 3038 Qui
2594 2971 2763 3042 igitur
2800 2987 2932 3027 vere
2985 2980 3070 3025 est
3118 2969 3513 3039 philosophus,
3556 2966 3605 3019 is
3643 2974 3701 3019 et

2116 3061 2434 3132 philotbeus
2455 3062 2579 3132 jure
2604 3061 2915 3131 appelletur
2948 3060 3014 3114 ⁸ο.
3045 3080 3063 3111 ι

2184 3154 2250 3209 Il.
2280 3153 2413 3208 Inde
2456 3162 2674 3208 constat
2716 3153 2975 3209 eumdem
3015 3167 3138 3208 esse
3185 3162 3471 3207 auctorem
3516 3147 3703 3204 Phito-

2118 3247 2221 3300 thei
2246 3262 2312 3301 ac
2329 3244 2598 3301 Sermonis
2628 3248 2691 3299 de
2726 3248 3006 3309 charitate,
3033 3259 3235 3315 nempe
3263 3242 3699 3298 Thcodoretum.

2113 3336 2343 3393 Constat
2372 3346 2429 3392 et
2458 3336 2762 3392 Sermonem
2802 3346 2927 3408 post
2954 3336 3290 3392 Philotimum
3325 3333 3702 3403 conscriptum

2114 3443 2257 3492 esse,
2290 3436 2456 3498 atque
2497 3429 2572 3484 ita
2596 3428 2699 3498 ipsi
2725 3443 2837 3483 non
2866 3428 2966 3484 abs
2992 3444 3051 3483 re
3075 3427 3131 3481 in
3154 3425 3486 3497 quibusdam
3509 3438 3701 3478 exem-

2114 3520 2364 3590 plaribus
2386 3520 2584 3591 subjici
2613 3520 2656 3553 “
2695 3539 2709 3576 :
2743 3520 3015 3591 siquidem
3048 3533 3268 3575 causam
3303 3516 3703 3585 ostendat,qua

2116 3610 2340 3681 impulsi
2361 3612 2721 3668 admirabiles
2752 3613 2831 3667 illi
2862 3612 2967 3667 viri
2993 3610 3062 3665 ad
3081 3609 3384 3666 certamina
3403 3608 3705 3663 humanam

2114 3710 2373 3757 naturam
2389 3702 2713 3759 excedentia
2749 3703 3078 3774 prodierint.

2187 3794 2278 3850 Ill.
2308 3794 2437 3849 Fuit
2463 3803 2649 3851 tamen
2684 3795 2859 3851 altera
2900 3795 3066 3850 etiam
3106 3791 3383 3850 scribendi
3418 3805 3608 3856 causa,
3642 3798 3707 3845 ut

2114 3885 2482 3940 constantiam
2514 3885 2684 3940 animi
2715 3886 2824 3951 sui,
2869 3885 3001 3941 dum
3033 3884 3408 3941 calamitatum
3437 3882 3582 3938 mole
3605 3881 3709 3937 ob-

2114 3983 2391 4041 rueretur,
2408 3992 2518 4032 non
2533 3984 2841 4032 ascetarum
2857 3978 3043 4043 modo,
3065 3977 3162 4032 sed
3179 3985 3493 4033 sanctorum
3509 3974 3702 4037 etiam,

2115 4084 2353 4140 quorum
2412 4068 2702 4141 Scriptura
2777 4070 3043 4135 meminit,
3131 4069 3422 4138 ipsiusque
3486 4066 3702 4121 Christi

2114 4160 2384 4230 exemplis
2399 4167 2760 4216 sustentaret.
2780 4160 2921 4215 Hinc
2936 4158 3197 4214 laudibus
3213 4157 3428 4214 extollit
3452 4157 3704 4226 ipsorum

2115 4250 2647 4322 magnanimitatem,
2676 4251 2731 4306 in
2760 4251 3113 4317 carceribus,
3146 4250 3365 4315 exsilio,
3386 4248 3702 4310 calumniis,

2116 4343 2640 4413 direptionibusque
2687 4343 2962 4398 bonorum
3008 4341 3386 4413 perpetiendis
3421 4339 3703 4410 alacriter.

2120 4445 2348 4507 propter
2403 4436 2693 4491 charitatis
2738 4437 3034 4501 ardorem,
3104 4450 3216 4506 quo
3274 4433 3596 4489 ferebantur
3647 4431 3705 4485 in

2122 4527 2316 4581 Deum.
2355 4524 2494 4580 Hinc
2531 4534 2588 4581 et
2629 4526 2831 4596 seipse,
2877 4528 3127 4604 aliosque
3177 4532 3465 4580 consortes
3493 4522 3599 4577 sub
3638 4521 3706 4575 fio

2122 4632 2249 4671 nem
2296 4617 2572 4681 hortatur,
2606 4636 2624 4667 ι
2661 4625 2723 4670 ut
2778 4617 2929 4671 hunc
2986 4616 3390 4686 amplectantur
3434 4626 3705 4672 amorem,

2122 4706 2423 4777 sponsique
2457 4706 2872 4776 pulchritudine
2917 4704 3124 4770 illecti,
3187 4712 3244 4759 et
3300 4700 3709 4773 promissorum

2122 4798 2395 4853 bonorum
2447 4798 2726 4854 desiderio
2755 4798 2923 4868 capti,
2969 4796 3475 4864 beneficiorumque
3520 4792 3711 4848 multi-

2124 4888 2372 4944 tudinem
2424 4898 2765 4951 reverentcs,
2817 4896 2872 4942 et
2906 4887 3323 4958 ingratitudinis
3352 4901 3546 4956 pcenas
3587 4901 3709 4939 me-

2123 4987 2364 5043 tuentes,
2397 4988 2645 5035 amantes
2677 4979 2771 5034 Dei
2812 4980 3106 5050 legumque
3147 4979 3322 5050 ipsius
3358 4977 3619 5033 custodes
3648 4992 3710 5032 se

2121 5067 2421 5138 praebeant.
2451 5086 2470 5119 ι

2195 5158 2283 5214 IV.
2317 5160 2397 5213 Ex
2416 5159 2506 5214 his
2540 5166 2789 5230 apparet,
2813 5158 2963 5230 quod
2993 5167 3049 5215 et
3077 5158 3302 5214 aliunde
3326 5165 3562 5221 constat,
3583 5171 3715 5210 ora-

2123 5251 2331 5307 tionem
2389 5252 2548 5307 istam
2596 5251 2956 5322 compositam
3004 5267 3125 5307 esse
3174 5260 3301 5321 post
3353 5248 3712 5305 latrocinium

2124 5342 2486 5413 Ephesinum,
2508 5343 2614 5397 hoc
2635 5351 2741 5407 est,
2766 5342 2872 5398 sub
2915 5342 3079 5397 finem
3101 5340 3232 5397 anni
3257 5340 3383 5403 με),
3418 5346 3515 5394 aut
3546 5338 3711 5392 initio

2126 5434 2427 5503 sequentis.
2467 5433 2683 5488 Missam
2708 5433 2908 5502 opinor
2936 5432 3003 5487 ad
3032 5432 3260 5493 amicos,
3293 5444 3433 5499 quos
3473 5444 3587 5484 sum
3621 5442 3719 5482 so-

1773 5550 2095 5607 SCHULZII
2137 5550 2369 5607 NOTAE.

518 5657 671 5738 ᾼά
718 5660 856 5738 ll.__l.
888 5661 996 5717 vid.
1034 5662 1534 5738 ptipiniiﬁibfioth.
1570 5673 1709 5716 αιιςι.
1743 5664 2021 5738 ardeant
2052 5665 2140 5731 IV,
2170 5682 2223 5736 p.
2260 5666 2378 5723 IOO.
2441 5668 2484 5699 ³⁰
2515 5667 2892 5738 Supplendum
2934 5682 3052 5723 csse
3083 5666 3299 5721 videtur
3338 5681 3438 5718 non
3480 5660 3714 5718 ridebat.

447 5728 638 5787 “Vid.
685 5739 723 5784 t.
772 5731 860 5798 Ill,
904 5748 957 5802 pr.
1008 5728 1159 5789 1511.
1235 5732 1276 5763 δ’
1306 5734 1425 5790 Vid.
1469 5749 1653 5805 supra,
1696 5750 1747 5805 p.
1790 5728 2042 5808 259,§/I.
