4024 6152
245 309 362 374 ’253

1437 311 1534 373 DE
1563 314 1821 375 LIBRIS
1860 314 2363 377 THEODORETI.
2529 352 2561 371 ο

3437 312 3542 376 254

253 422 432 477 cietas
485 425 649 473 SOl'llS
697 424 753 472 et
798 413 1207 472 commiseratio
1265 418 1554 488 tangebat,
1602 427 1663 472 ut
1709 419 1844 489 ipsis
1873 436 1914 489 Α
1944 425 2133 479 codice
2174 426 2363 479 Graeco
2389 437 2574 477 versas
2601 421 2893 476 Annalibus
2934 421 3188 489 inseruit,
3232 422 3409 478 sicubi
3448 427 3544 480 lux

252 509 914 568 eonstantiamsuaderet
947 551 961 577 ,
1011 511 1101 566 vel.
1130 527 1188 567 se
1220 511 1379 566 malis
1407 511 1673 566 invictum
1717 527 1844 582 pro-

249 603 435 658 hare‘t.

325 692 393 747 Ἴ.
431 692 591 746 Edita
619 700 706 746 est
732 691 970 762 primum
999 692 1185 746 Romae
1210 707 1354 746 anno
1389 691 1524 746 1580
1550 707 1580 746 a
1601 689 1848 746 Gerardo

253 783 459 838 Vossio
485 781 671 837 Graece
704 792 758 836 et
787 782 997 847 Latine,
1022 783 1116 852 qui
1140 790 1196 837 et
1225 782 1504 837 variantes
1522 782 1696 837 Graeci
1730 789 1849 835 tex-

258 884 356 930 tus
397 875 689 939 lectiones,
724 875 1042 944 scholiaque
1068 875 1337 946 adiunxit.
1371 874 1692 930 Versionem
1717 874 1852 928 Vos—

258 968 330 1022 sii
366 968 637 1037 expolivit
677 967 1027 1031 Sirmondus,
1068 967 1261 1036 paucis
1301 966 1597 1021 admodum
1624 1005 1637 1029 ,
1673 965 1850 1021 sicubi

261 1063 498 1118 Vossius
526 1081 557 1118 a
588 1064 776 1119 Grzeco
808 1063 1125 1129 deﬂexerat,
1152 1063 1398 1120 mutatis.

336 1156 429 1209 Vl.
490 1156 550 1210 In
599 1155 706 1210 hoc
753 1172 942 1226 opere,
1001 1156 1149 1225 quod
1200 1157 1532 1227 eloquentim
1567 1157 1848 1228 specimen

263 1247 549 1318 quoddam
587 1257 700 1312 est,
756 1249 893 1302 nihil
938 1249 1161 1319 quidem
1211 1249 1460 1305 historiae
1511 1250 1849 1315 continetur,

263 1341 419 1412 quod
449 1341 711 1395 lectorem
743 1341 982 1405 erudiat,
1013 1343 1110 1397 sed
1150 1350 1350 1412 praeter
1403 1343 1682 1397 incentiva
1738 1343 1856 1413 pie-

266 1434 422 1496 tatis,
463 1432 668 1502 quibus
717 1433 980 1487 refertum
1031 1442 1136 1498 est,
1172 1433 1225 1488 id
1255 1433 1421 1488 habet
1468 1434 1740 1505 dogmatis
1788 1433 1856 1488 de

265 1523 460 1585 Petro,
496 1523 587 1578 cui
632 1522 866 1591 loquens
889 1522 1142 1576 Christus
1167 1522 1449 1578 inducitur
1468 1522 1512 1556 ¹⁵²
1548 1540 1561 1576 :
1603 1542 1620 1574 ς
1649 1521 1854 1588 Quem-

262 1613 569 1668 admodum
607 1629 708 1684 ego
732 1621 782 1668 te
812 1613 1163 1669 fluctuantem
1200 1630 1309 1668 non
1343 1614 1589 1684 despexi,
1623 1615 1698 1668 ita
1720 1622 1775 1668 et
1799 1623 1856 1668 tu

262 1704 707 1759 sustentaculum
760 1713 881 1759 esto
916 1704 1181 1762 fratribus
1235 1705 1614 1772 conturbatis;
1664 1714 1720 1759 et
1749 1720 1858 1776 quo

1957 514 2084 569 inde
2140 515 2381 569 historiae
2434 513 2712 566 afferenda
2769 511 2890 565 fuit.
2928 512 3162 566 Metiana
3217 513 3401 567 versio
3431 529 3542 567 non

1956 612 2176 668 exstat,
2220 605 2416 658 melior
2463 603 2749 658 successit.
2799 603 2936 657 Nam
2987 601 3313 658 Sirmondus
3367 604 3541 658 altera

1956 705 2110 766 parte
2141 696 2270 749 tomi
2300 696 2444 750 tertii
2471 705 2692 750 centum
2723 695 3083 766 quadraginta
3111 704 3322 764 septem
3344 695 3539 760 edidit,

1959 799 2095 853 quas
2142 799 2209 838 ex
2254 784 2563 854 copiosiore
2618 785 2724 840 alio
2776 785 2965 840 codice
3015 786 3279 841 Vaticano
3313 785 3545 842 Latinas

1959 876 2106 931 fecit.

2029 967 2120 1020 111.
2167 967 2386 1022 Addere
2420 969 2600 1039 potuit
2634 969 2702 1023 ad
2735 983 2894 1023 suum
2932 986 3224 1024 numerum
3251 970 3384 1025 alias
3411 980 3543 1039 tres,

1961 1077 2099 1130 quas
2141 1061 2334 1130 rejecit
2363 1061 2417 1114 in
2450 1061 2809 1130 appendicem
2837 1061 2968 1116 tomi
2992 1062 3079 1126 IV;
3108 1079 3271 1116 unam
3296 1063 3361 1116 ad
3405 1061 3545 1133 Spo-

1961 1151 2256 1206 raciumde
2279 1151 2536 1206 Nestorio
2565 1151 2643 1217 "';
2679 1152 2906 1205 alteram
2936 1151 3002 1205 ad
3026 1152 3290 1207 Joannem
3317 1152 3545 1208 Germa-

1962 1241 2122 1296 nicite
2143 1242 2462 1311 episcopum
2487 1243 2568 1307 “;
2608 1242 2826 1295 tertiam
2854 1241 2920 1296 ad
2950 1243 3214 1298 Joannem
3245 1244 3546 1300 Antioche-

1962 1346 2095 1385 num
2123 1332 2188 1396 ‘7,
2218 1348 2338 1401 qum
2358 1331 2888 1401 reprehensionibus
2921 1333 3164 1402 capitum
3193 1332 3383 1404 Cyrilli
3412 1350 3549 1404 pras-

1963 1423 2209 1493 ponitur,
2229 1437 2536 1492 quanquam
2563 1423 2741 1491 prima
2760 1423 3109 1493 supposititia
3136 1431 3238 1478 est.

2037 1512 2122 1566 lV.
2155 1511 2418 1567 Omisisse
2451 1512 2693 1577 videtur,
2749 1522 2865 1567 tum
2913 1529 3050 1585 quas
3080 1513 3306 1569 Latinas
3335 1523 3548 1568 tantum

1967 1603 2194 1672 reperit,
2222 1603 2492 1673 siquidem
2521 1605 2815 1658 accurabat
2839 1605 3140 1660 editionem
3172 1604 3547 1661 Graeco-Lati-

1966 1709 2130 1759 nam;
2167 1702 2281 1748 tum
2328 1711 2464 1764 quas
2508 1695 2689 1750 alieno
2740 1695 2963 1750 nomine
2994 1696 3377 1751 Theodoretus
3409 1696 3549 1751 scri-

261 1803 524 1850 servatus
557 1809 616 1848 es
648 1794 880 1858 auxilio,
924 1795 1029 1850 hoc
1062 1795 1178 1865 ipse
1230 1796 1353 1851 aliis
1384 1796 1711 1866 impertire;
1762 1811 1858 1850 ne-

1981 1783 2116 1854 )sit,
2184 1786 2490 1856 cuiusmodi
2549 1795 2634 1841 est
2702 1786 2770 1841 ad
2824 1786 3028 1841 Rufum
3091 1787 3550 1843 Thessalonicen-

259 1898 372 1952 que
405 1883 754 1938 labascentes
806 1883 1072 1954 impellas,
1109 1885 1206 1940 sed
1237 1886 1387 1957 erige
1437 1886 1810 1956 periclitantes
1839 1903 1852 1940 :

261 1973 478 2029 idcirco
503 1976 652 2029 enim
681 1985 738 2030 et
765 1985 816 2031 te
843 1977 1028 2034 labare
1053 1977 1194 2043 sino,
1225 1987 1281 2033 et
1335 1978 1535 2034 cadere
1583 1995 1695 2033 non
1725 1993 1854 2049 per-

261 2067 452 2130 mitto,
482 2067 647 2139 304
688 2068 1042 2123 stabilitatem
1075 2085 1172 2139 per
1212 2078 1264 2124 te
1303 2069 1700 2125 fluctuantibus
1726 2086 1857 2140 pro-

260 2172 490 2211 curans.
525 2156 615 2212 Sic
667 2157 856 2212 orbem
893 2167 1164 2213 terrarum
1214 2159 1536 2213 universum
1584 2158 1856 2214 ﬂuctuan-

261 2256 403 2310 tem,
439 2256 604 2315 atque
632 2247 910 2301 labantem
955 2232 1150 2319 magna
1206 2250 1322 2303 htec
1355 2248 1607 2303 columna
1652 2246 1858 2302 confir-

261 2337 460 2400 mavit,
497 2345 554 2392 et
593 2346 653 2391 ut
679 2345 966 2393 corrueret
1003 2338 1249 2408 omnino,
1275 2353 1386 2392 non
1427 2337 1718 2408 permisit;
1761 2336 1857 2391 sed

260 2428 479 2493 erexit,
531 2428 892 2499 stabilemque
925 2428 1192 2495 reddidit;
1225 2443 1358 2483 oves
1387 2427 1604 2482 divinas
1633 2442 1858 2497 pascere

255 2518 471 2587 jussus,
504 2536 523 2567 ι
556 2525 662 2571 etc.

340 2607 451 2662 VII.
493 2607 619 2661 Ilzec
664 2605 732 2660 de
780 2605 944 2661 Petro
991 2605 1285 2669 sententia,
1321 2613 1380 2660 ut
1426 2613 1511 2661 est
1553 2605 1729 2662 aﬂinis
1767 2606 1854 2672 iis,

265 2714 390 2767 qua:
425 2698 480 2751 in
516 2697 749 2767 epistola
794 2699 896 2753 113
939 2699 1297 2769 appellatoria
1331 2697 1399 2752 ad
1429 2708 1680 2753 sanctum
1714 2698 1857 2753 Leo-

265 2805 395 2846 nem
447 2789 743 2854 habentur,
786 2790 860 2844 ita
921 2807 1032 2844 non
1085 2790 1320 2845 obscure
1370 2789 1615 2844 ostendit
1661 2789 1857 2844 eodem

265 2883 385 2938 fere
432 2891 681 2953 tempore
725 2893 782 2939 et
815 2884 1123 2939 orationem
1165 2893 1220 2940 et
1262 2883 1552 2953 epistolam
1595 2881 1858 2954 scriptam

266 2993 391 3033 esse
399 3019 411 3030 .

337 3069 480 3122 Vill.
517 3067 640 3123 Non
669 3076 753 3123 est
789 3067 1232 3138 praztereundum
1284 3065 1524 3132 silentio,
1581 3065 1729 3136 quod
1781 3073 1860 3120 ta-

1963 1891 2099 1940 sem,
2128 1884 2236 1932 etc.

2035 1968 2195 2038 303
2220 1971 2278 2025 V.
2301 1968 2504 2024 Omnes
2532 1986 2632 2041 ego
2656 1971 3128 2041 repraesentandas
3149 1972 3334 2037 credo,
3352 1972 3549 2042 partim

1963 2076 2032 2114 ne
2056 2059 2187 2129 quid
2219 2061 2430 2115 auctori
2461 2076 2562 2116 suo
2590 2061 2933 2128 detrahatur;
2967 2063 3189 2132 partim,
3237 2073 3292 2118 et
3333 2079 3400 2118 eo
3431 2065 3554 2134 qui-

1965 2153 2089 2207 dem
2121 2153 2376 2217 maxime,
2404 2153 2552 2222 quod
2583 2153 2848 2220 addenda:
2871 2155 2982 2208 sint
3011 2155 3222 2224 plures,
3254 2157 3369 2211 sive
3415 2172 3554 2227 quas

1964 2243 2236 2300 Mercator
2267 2244 2503 2299 inseruit
2525 2246 2640 2300 suis
2675 2246 3049 2311 collectancis,
3088 2247 3203 2302 sive
3228 2264 3348 2318 quae
3371 2248 3424 2304 in
3451 2255 3555 2303 ter.

1967 2335 2054 2390 tim
2073 2345 2129 2388 et
2157 2334 2364 2404 quinta:
2399 2333 2591 2405 synodi
2618 2334 2770 2388 Actis
2799 2336 3173 2405 reperiuntur.

2037 2425 2124 2481 Vl.
2155 2426 2344 2481 Visum
2374 2440 2595 2496 quoque
2622 2424 2707 2480 est
2739 2425 2792 2479 id
2839 2435 3122 2496 praestare,
3157 2427 3303 2497 quod
3361 2428 3453 2482 alii
3497 2428 3552 2482 in

1967 2514 2294 2586 colligendis
2320 2515 2554 2569 aliorum
2591 2515 2924 2584 scriptorum
2954 2516 3203 2585 epistolis
3233 2517 3431 2582 solent,
3454 2517 3552 2571 da-

1966 2615 2051 2662 tas
2101 2609 2313 2664 scilicet
2349 2609 2418 2663 ad
2481 2607 2890 2662 Theodoretum
2938 2608 3183 2664 inserere
3235 2627 3248 2662 :
3291 2609 3344 2663 id
3402 2609 3554 2664 enim

1966 2700 2212 2756 historia:
2258 2717 2372 2756 non
2408 2700 2761 2756 mediocriter
2791 2700 3050 2772 prodest;
3081 2717 3396 2771 quanquam
3424 2701 3554 2757 inde

1965 2809 2076 2849 non
2107 2793 2398 2864 augebitur
2419 2793 2715 2848 admodum
2738 2793 3108 2863 Epistolarum
3132 2794 3291 2859 liber,
3317 2809 3444 2848 cum
3465 2794 3556 2848 vix

1967 2893 2082 2940 tres
2109 2892 2204 2939 aut
2232 2893 2470 2954 quatuor
2494 2887 2741 2955 reperire
2763 2887 3061 2956 potuerim.

2040 2979 2149 3034 Vll.
2175 2979 2291 3034 Etsi
2315 2994 2481 3048 porro
2502 2977 2754 3033 ordinem
2781 2995 3186 3049 numerumque
3212 2996 3242 3034 a
3263 2979 3557 3036 Sirmondo

1968 3069 2331 3124 constitutum
2348 3068 2601 3137 religiose
2632 3069 2982 3123 retinendum
3019 3078 3173 3138 puto,
3203 3071 3402 3140 partim
3430 3085 3558 3140 pro-

270 3178 398 3216 men
450 3177 618 3216 nemo
652 3177 762 3215 non
814 3168 994 3231 potest
1032 3161 1176 3214 inter
1209 3157 1501 3230 legendum
1541 3158 1856 3223 observare,
1887 3160 1930 3219 C
1964 3171 2088 3232 pter
2122 3160 2328 3216 citandi
2364 3176 2522 3215 usum
2574 3161 2643 3216 ab
2689 3162 2927 3218 eruditis
2969 3173 3288 3232 receptum:
3322 3164 3556 3218 alterum

271 3254 328 3307 in
383 3253 490 3308 hac
537 3252 786 3308 oratione
841 3252 1122 3306 charitatis
1152 3259 1431 3314 naturam,
1464 3250 1858 3321 praestantiam,

271 3341 494 3407 eﬂ'ecta,
519 3352 576 3397 et
594 3343 819 3396 causas‘
845 3341 1064 3411 copiose
1080 3339 1313 3409 eXponi;
1344 3340 1552 3394 nullam
1575 3348 1756 3394 tamen
1778 3339 1863 3392 in-

275 3446 362 3490 ter
405 3450 604 3489 causas
645 3433 982 3488 mentionem
1023 3432 1140 3487 fieri
1183 3431 1372 3502 gratiae
1413 3431 1716 3495 interioris,
1755 3445 1862 3500 qua

274 3524 613 3581 dill‘unditnr
646 3523 887 3578 cbaritas
921 3522 977 3576 in
1020 3522 1281 3577 cordibus
1327 3522 1532 3576 nostris
1579 3538 1609 3590 ᾳ
1652 3521 1863 3591 Spiritu

277 3627 493 3679 sancto,
529 3615 624 3670 sed
650 3615 969 3670 memoriam
985 3614 1253 3668 duntaxat
1280 3620 1630 3683 acceptorum
1657 3612 1866 3667 benefi-

279 3713 518 3773 ciorum,
543 3708 920 3778 exemplorum
945 3706 1150 3761 Christi
1175 3714 1231 3760 et
1259 3715 1599 3770 sanctorum,
1629 3706 1866 3774 promis-

277 3806 502 3858 sionum
539 3810 594 3856 et
625 3801 827 3870 legum,
857 3816 976 3869 qum
997 3798 1276 3869 pertinent
1304 3797 1488 3852 omnia
1523 3797 1593 3852 ad
1636 3798 1865 3868 gratiam

278 3895 453 3949 solam
485 3893 622 3963 legis
659 3900 716 3947 et
741 3891 1025 3946 doctrinae.
1052 3890 1253 3944 Verum
1284 3889 1353 3944 de
1388 3889 1493 3944 hoc
1522 3888 1863 3961 diligentius,

278 4001 405 4042 eum
433 3985 507 4040 de
546 3983 653 4039 fide
693 3981 1025 4039 Theodoreti
1061 3982 1298 4037 dicetur.

697 4119 725 4191 §
759 4121 821 4175 V.
849 4117 1103 4190 Epistola:
1123 4117 1450 4173 Theodoreti.

349 4255 394 4310 l.
419 4251 768 4323 Nicephorns
799 4250 1056 4307 Callistus
1094 4249 1287 4306 scribit
1309 4265 1368 4305 se
1390 4249 1653 4320 epistolas
1684 4249 1868 4306 Theo-

284 4345 468 4402 doreti
514 4360 678 4414 supra
721 4343 1049 4414 quingentas
1100 4349 1321 4396 nactum
1363 4356 1505 4406 esse,
1559 4356 1763 4411 easque
1814 4347 1870 4394 et

283 4439 496 4508 optime
524 4444 580 4491 et
609 4435 676 4490 ad
709 4434 884 4490 Graeci
931 4432 1205 4489 sermonis
1229 4433 1469 4487 nitorem
1513 4433 1865 4502 compositas.

1966 3261 2148 3308 tamen
2191 3252 2579 3326 chronologica
2623 3253 2846 3324 synopsi
2890 3253 3266 3310 exhibendum
3315 3272 3461 3322 reor,
3497 3267 3558 3312 ut

1966 3344 2093 3399 inde
2119 3345 2294 3415 majus
2319 3345 2506 3400 lumen
2529 3345 2776 3400 historiae
2796 3346 3134 3402 all‘undatur.
3164 3349 3375 3419 Aliqua:
3402 3359 3553 3414 sunt,

1964 3435 2162 3503 fateor,
2197 3436 2265 3492 de
2300 3437 2503 3506 quibus
2525 3439 2692 3493 statui
2712 3439 2803 3493 vix
2832 3440 3062 3509 aliquid,
3103 3449 3198 3494 aut
3230 3441 3421 3506 refert,
3463 3450 3560 3496 aut

1965 3529 2131 3583 etiam
2158 3537 2356 3599 potest.
2387 3529 2522 3584 Tres
2549 3538 2732 3585 autem
2762 3532 3109 3587 characteres
3128 3533 3184 3586 in
3207 3533 3438 3604 singulis
3461 3535 3562 3589 ob-

1967 3618 2266 3674 servandos
2295 3618 2484 3684 credo,
2507 3620 2660 3686 anni,
2689 3620 2819 3676 festi
2856 3630 2912 3676 et
2938 3639 3206 3692 personze.
3245 3623 3391 3679 Festi
3421 3624 3557 3688 dixi,

1967 3720 2193 3782 propter
2222 3712 2588 3768 heortasticas
2607 3754 2621 3779 ,
2655 3730 2793 3784 quas
2817 3715 3085 3786 plurimas
3107 3717 3331 3788 scripsit
3366 3718 3562 3772 amicis

1969 3805 2037 3860 de
2060 3821 2232 3867 more,
2259 3811 2319 3859 ut
2342 3813 2595 3874 peractos
2625 3804 2745 3861 dies
2768 3806 2939 3862 festos
2955 3808 3348 3877 gratularetur.

2039 3896 2174 3950 Vill.
2229 3895 2495 3950 Distribui
2540 3898 2828 3953 commode
2872 3910 3105 3969 possunt
3136 3917 3349 3966 omnes,
3377 3904 3559 3972 quoad

1969 3998 2222 4043 nostrum
2250 3988 2556 4058 negotium,
2583 3989 2720 4044 duas
2745 3989 2799 4043 in
2827 3999 3010 4059 partes
3040 3991 3104 4055 ⁵⁸,
3141 3992 3555 4059 bistoricarum,

1971 4089 2028 4135 et
2075 4079 2636 4135 non-historicarum.
2682 4081 2980 4137 Historicas
3036 4083 3179 4148 dico,
3235 4100 3377 4154 quae,
3434 4101 3561 4140 cum

1971 4170 2211 4226 habeant
2268 4173 2532 4242 temporis
2574 4181 2668 4227 aut
2692 4189 2941 4243 personae
2990 4184 3212 4241 notam,
3251 4177 3561 4232 conducere

1971 4271 2204 4330 possunt
2231 4263 2301 4315 ad
2337 4261 2671 4317 Theodoreti
2724 4264 3129 4320 ecclesiasticas
3180 4266 3559 4321 illustrandas.

1972 4349 2088 4405 Hoc
2121 4367 2320 4420 genere
2345 4352 2682 4422 dogmaticas
2716 4370 2937 4424 (tuoque
2969 4357 3326 4425 complector.

2044 4440 2135 4494 IX.
2167 4441 2226 4495 In
2255 4442 2466 4508 codice,
2491 4458 2602 4512 quo
2633 4460 2768 4499 usus
2808 4453 2894 4498 est
2924 4446 3212 4511 Batonius,
3259 4456 3315 4500 et
3345 4447 3400 4500 in
3441 4447 3565 4501 aliis

286 4529 528 4584 Dubium
551 4569 566 4592 ,
597 4542 665 4581 an
694 4535 907 4581 certum
940 4541 1232 4580 numerum
1276 4525 1564 4595 designare
1609 4524 1868 4590 voluerit.
1899 4502 1948 4561 Β
1975 4548 2115 4602 quos
2131 4533 2265 4596 vidi,
2294 4535 2526 4603 epistola
2548 4535 2615 4589 ad
2643 4535 2967 4605 Sporacium
3008 4537 3077 4590 de
3105 4537 3362 4591 Nestorio
3383 4538 3561 4592 omni-

287 4629 384 4675 aut
406 4619 735 4690 quingentas
756 4617 978 4682 dixerit,
1007 4633 1118 4687 quo
1151 4632 1302 4672 more
1329 4616 1510 4672 Latini
1542 4617 1720 4672 solent
1747 4633 1873 4672 sex-

289 4722 485 4768 centas
529 4726 628 4781 pro
660 4709 933 4780 plurimis,
975 4722 1210 4780 quarum
1235 4723 1505 4763 numerus
1540 4709 1631 4762 vix
1655 4707 1875 4763 deliniri

290 4813 482 4873 queat.
526 4803 784 4866 Ututest,
827 4802 1029 4857 multas
1072 4809 1288 4856 constat
1340 4801 1593 4871 periisse,
1638 4817 1872 4870 quarum

291 4896 677 4952 Theodoretus
725 4897 842 4966 ipse
875 4896 1150 4951 meminit.
1204 4896 1496 4951 Perierunt
1533 4903 1705 4960 certe,
1737 4912 1875 4966 quas

292 4988 582 5057 scripsisse
615 5004 674 5042 se
724 4987 890 5042 tradit
939 4995 994 5040 et
1024 4986 1092 5040 ad
1140 4984 1425 5057 Cyrillum,
1460 4994 1516 5041 et
1561 4985 1631 5040 ad
1672 5001 1874 5057 anony-

297 5095 447 5134 mum
479 5079 545 5144 ⁸³,
577 5079 665 5133 cui
687 5078 948 5149 legendos
973 5075 1414 5133 Commentarios
1432 5076 1487 5130 in
1515 5078 1744 5132 Paulum
1771 5078 1873 5131 mi-

295 5179 444 5224 serat
466 5171 531 5233 “,
567 5179 622 5223 et
646 5169 714 5224 ad
741 5169 1112 5240 Eugraphiam
1173 5176 1231 5223 et
1278 5167 1346 5224 ad
1365 5169 1700 5225 'Dioscorum
1726 5170 1869 5236 duae,

291 5271 402 5318 etc.

368 5353 433 5408 ll.
462 5353 656 5407 Plures
678 5352 946 5408 Baronius
973 5367 1006 5406 a
1029 5349 1294 5406 Federico
1325 5349 1488 5408 Metio
1517 5369 1586 5408 ex
1611 5355 1874 5410 Vaticano

1979 4625 2083 4680 bus
2117 4625 2488 4695 praeponitur;
2519 4627 2616 4683 sed
2642 4644 2672 4683 a
2702 4627 3001 4684 Sirmondo
3033 4629 3236 4699 rejecta
3265 4640 3350 4683 est
3376 4630 3428 4683 in
3466 4646 3566 4699 ap-

1978 4715 2291 4786 pendicem,
2325 4724 2383 4770 et
2417 4717 2642 4787 quidem
2679 4717 2901 4785 merito,
2927 4734 3056 4775 cum
3092 4719 3443 4790 supposititia
3472 4720 3562 4786 sit,

1984 4815 2042 4861 ut
2069 4822 2169 4861 suo
2193 4807 2313 4861 loco
2338 4806 2749 4863 demonstratur
2770 4810 2835 4862 δν.

2055 4896 2124 4952 Χ.
2161 4897 2309 4952 Nihil
2335 4897 2515 4952 hocin
2545 4913 2748 4969 genere
2777 4898 3054 4954 scribendi
3080 4899 3415 4969 perfectius:
3439 4911 3566 4951 nam

1980 5006 2102 5060 quzc
2125 4999 2257 5044 sunt
2283 4990 2639 5060 epistolarum
2665 4991 2914 5055 virtutes,
2957 4991 3218 5054 brevitas,
3265 4990 3570 5061 perspicui-

1982 5095 2082 5145 tas,
2125 5082 2414 5152 elegantia,
2436 5083 2739 5145 urbanitas,
2774 5081 3060 5147 modestia,
3095 5081 3442 5135 observantia
3467 5080 3569 5135 de~

1979 5174 2116 5237 cori,
2143 5181 2198 5227 et
2238 5173 2516 5244 ingeniosa
2555 5173 2905 5244 prudensque
2954 5188 3018 5227 ac
3046 5173 3265 5228 erudita
3304 5173 3567 5243 simplici--

1983 5277 2084 5329 tas,
2115 5266 2168 5320 in
2192 5267 2438 5336 epistolis
2456 5265 2786 5321 Theodoreti
2809 5265 3206 5322 admirabiliter
3226 5268 3298 5322 ita
3323 5267 3564 5333 elucent,

1982 5366 2044 5411 ut
2077 5357 2446 5412 scribentibus
2469 5357 2719 5427 exemplo
2747 5373 2867 5414 esse
2889 5359 3121 5428 possint.

1685 5489 2003 5546 SCIIULZII
2046 5490 2276 5547 NOTAE.

369 5628 413 5718 εἰ
583 5637 622 5681 t.
655 5629 822 5718 lll‘,“p..
1060 5632 1106 5666 ⁸³
1277 5637 1438 5704 epist.
1464 5633 1568 5718 85:.
1665 5629 1786 5686 Vid.
1831 5647 1859 5712 ς

1981 5674 2003 5718 ,ι
2155 5630 2198 5662 ⁵⁵
2236 5631 2560 5718 dispereo.
2591 5635 2944 5718 V'lg.“Sllpl‘fl,
2985 5646 3022 5690 t.
3047 5637 3136 5718 IV,
3164 5636 3390 5718 1);}931
3417 5654 3570 5718 seqq.

301 5697 453 5774 tua
488 5699 686 5774 .loanu.
715 5697 834 5753 \‘i‘d.
863 5703 995 5774 ibid.
1035 5721 1086 5773 ρ.
1125 5706 1258 5759 H75
1296 5697 1447 5774 3'ch-

302 5766 544 5823 Biblioth.
588 5780 730 5824 (met.
771 5771 949 5827 ccclcs.
986 5766 1152 5831 ι.“ιγ.
1185 5792 1236 5847 p.
1287 5766 1388 5830 ll-l'
1413 5766 1533 5845 seq.

1524 5706 1568 5734 ⁵⁷
1601 5701 1927 5776 llancvidc
1969 5703 2128 5766 ibid..
2159 5701 2554 5776 p.1288'scqq.

1615 5774 1656 5804 δί’
1685 5774 1805 5832 Vid.
1845 5773 2004 5840 infra,
2050 5791 2168 5848 cap.
2197 5774 2250 5842 8,
2279 5775 2378 5848 §2.

2634 5706 2680 5740 ³⁸
2703 5706 2849 5764 Duas
2887 5709 2939 5762 in
2969 5717 3163 5778 partes.
3202 5707 3326 5764 V'id.
3354 5706 3576 5780 Dupiiiii
