  <div class='ocr_page' id='page_1' title='image "/cluster/home/n/w/nwhite01/storage/ocr_20150623/84/hvd.32044073502213/137.png"; bbox 0 0 4048 6174; ppageno 0'>
   <div class='ocr_carea' id='block_1_1' title="bbox 479 298 585 365">
    <p class='ocr_par' dir='ltr' id='par_1_1' title="bbox 479 298 585 365">
     <span class='ocr_line' id='line_1_1' title="bbox 479 298 585 365; baseline 0.038 -4"><span class='ocrx_word' id='word_1_1' title='bbox 479 298 585 365; x_wconf 62' lang='grc'><strong>255</strong></span> 
     </span>
    </p>
   </div>
   <div class='ocr_carea' id='block_1_2' title="bbox 688 372 1799 481">
    <p class='ocr_par' dir='ltr' id='par_1_2' title="bbox 688 372 1799 481">
     <span class='ocr_line' id='line_1_2' title="bbox 688 372 1799 481; baseline 0.002 -19"><span class='ocrx_word' id='word_1_2' title='bbox 688 407 940 480; x_wconf 77' lang='lat' dir='ltr'><strong>Epistula:</strong></span> <span class='ocrx_word' id='word_1_3' title='bbox 968 411 1171 481; x_wconf 81' lang='lat' dir='ltr'><strong>priores</strong></span> <span class='ocrx_word' id='word_1_4' title='bbox 1206 410 1325 463; x_wconf 66' lang='lat' dir='ltr'><strong>duo!</strong></span> <span class='ocrx_word' id='word_1_5' title='bbox 1355 410 1425 463; x_wconf 85' lang='lat' dir='ltr'><strong>ad</strong></span> <span class='ocrx_word' id='word_1_6' title='bbox 1448 372 1799 481; x_wconf 43' lang='lat' dir='ltr'><strong>.anonymum.</strong></span> 
     </span>
    </p>
   </div>
   <div class='ocr_carea' id='block_1_3' title="bbox 549 499 2054 591">
    <p class='ocr_par' dir='ltr' id='par_1_3' title="bbox 549 499 2054 591">
     <span class='ocr_line' id='line_1_3' title="bbox 549 499 2054 591; baseline 0.001 -16"><span class='ocrx_word' id='word_1_7' title='bbox 549 520 590 575; x_wconf 99' lang='grc'><strong>1.</strong></span> <span class='ocrx_word' id='word_1_8' title='bbox 621 520 702 576; x_wconf 76' lang='lat' dir='ltr'><strong>Ad</strong></span> <span class='ocrx_word' id='word_1_9' title='bbox 733 522 969 578; x_wconf 89' lang='lat' dir='ltr'><strong>amicum</strong></span> <span class='ocrx_word' id='word_1_10' title='bbox 988 522 1225 591; x_wconf 84' lang='lat' dir='ltr'><strong>aliquem</strong></span> <span class='ocrx_word' id='word_1_11' title='bbox 1250 521 1474 577; x_wconf 84' lang='lat' dir='ltr'><strong>miserat</strong></span> <span class='ocrx_word' id='word_1_12' title='bbox 1496 499 1877 578; x_wconf 76' lang='lat' dir='ltr'><strong>Theodoretus</strong></span> <span class='ocrx_word' id='word_1_13' title='bbox 1892 520 2054 576; x_wconf 86' lang='lat' dir='ltr'><strong>Com-</strong></span> 
     </span>
    </p>
   </div>
   <div class='ocr_carea' id='block_1_4' title="bbox 390 612 2057 686">
    <p class='ocr_par' dir='ltr' id='par_1_4' title="bbox 390 612 2057 686">
     <span class='ocr_line' id='line_1_4' title="bbox 390 612 2057 686; baseline 0.004 -21"><span class='ocrx_word' id='word_1_14' title='bbox 390 615 397 622; x_wconf 88' lang='lat'>&#39;</span> <span class='ocrx_word' id='word_1_15' title='bbox 481 612 779 667; x_wconf 88' lang='lat' dir='ltr'><strong>mentarios</strong></span> <span class='ocrx_word' id='word_1_16' title='bbox 806 613 1034 679; x_wconf 76' lang='lat' dir='ltr'><strong>suosin</strong></span> <span class='ocrx_word' id='word_1_17' title='bbox 1062 613 1404 682; x_wconf 85' lang='lat' dir='ltr'><strong>Apostolum,</strong></span> <span class='ocrx_word' id='word_1_18' title='bbox 1446 614 1647 671; x_wconf 91' lang='lat' dir='ltr'><strong>litteris</strong></span> <span class='ocrx_word' id='word_1_19' title='bbox 1688 623 1964 686; x_wconf 81' lang='lat' dir='ltr'><strong>precatus,</strong></span> <span class='ocrx_word' id='word_1_20' title='bbox 1992 624 2057 672; x_wconf 88' lang='lat' dir='ltr'><strong>ut</strong></span> 
     </span>
    </p>
   </div>
   <div class='ocr_carea' id='block_1_5' title="bbox 481 700 2055 777">
    <p class='ocr_par' dir='ltr' id='par_1_5' title="bbox 481 700 2055 777">
     <span class='ocr_line' id='line_1_5' title="bbox 481 700 2055 777; baseline 0.004 -22"><span class='ocrx_word' id='word_1_21' title='bbox 481 700 967 770; x_wconf 86' lang='lat' dir='ltr'><strong>ferretjudicium;</strong></span> <span class='ocrx_word' id='word_1_22' title='bbox 990 703 1202 758; x_wconf 78' lang='lat' dir='ltr'><strong>remisit</strong></span> <span class='ocrx_word' id='word_1_23' title='bbox 1230 703 1320 758; x_wconf 90' lang='lat' dir='ltr'><strong>ille</strong></span> <span class='ocrx_word' id='word_1_24' title='bbox 1345 704 1637 774; x_wconf 91' lang='lat' dir='ltr'><strong>perlectos,</strong></span> <span class='ocrx_word' id='word_1_25' title='bbox 1667 706 2055 777; x_wconf 81' lang='lat' dir='ltr'><strong>necjudicium</strong></span> 
     </span>
    </p>
   </div>
   <div class='ocr_carea' id='block_1_6' title="bbox 482 789 2055 865">
    <p class='ocr_par' dir='ltr' id='par_1_6' title="bbox 482 789 2055 865">
     <span class='ocr_line' id='line_1_6' title="bbox 482 789 2055 865; baseline 0.004 -21"><span class='ocrx_word' id='word_1_26' title='bbox 482 789 825 861; x_wconf 83' lang='lat' dir='ltr'><strong>signiﬁcavit.</strong></span> <span class='ocrx_word' id='word_1_27' title='bbox 878 791 1168 848; x_wconf 84' lang='lat' dir='ltr'><strong>Silentium</strong></span> <span class='ocrx_word' id='word_1_28' title='bbox 1198 792 1592 865; x_wconf 84' lang='lat' dir='ltr'><strong>interpretatus</strong></span> <span class='ocrx_word' id='word_1_29' title='bbox 1622 805 1708 851; x_wconf 84' lang='lat' dir='ltr'><strong>est</strong></span> <span class='ocrx_word' id='word_1_30' title='bbox 1737 796 2055 851; x_wconf 86' lang='lat' dir='ltr'><strong>Theodore-</strong></span> 
     </span>
    </p>
   </div>
   <div class='ocr_carea' id='block_1_7' title="bbox 487 880 2056 955">
    <p class='ocr_par' dir='ltr' id='par_1_7' title="bbox 487 880 2056 955">
     <span class='ocr_line' id='line_1_7' title="bbox 487 880 2056 955; baseline 0.004 -22"><span class='ocrx_word' id='word_1_31' title='bbox 487 890 573 934; x_wconf 89' lang='lat' dir='ltr'><strong>tus</strong></span> <span class='ocrx_word' id='word_1_32' title='bbox 614 880 764 934; x_wconf 89' lang='lat' dir='ltr'><strong>velut</strong></span> <span class='ocrx_word' id='word_1_33' title='bbox 804 880 1089 936; x_wconf 89' lang='lat' dir='ltr'><strong>honestam</strong></span> <span class='ocrx_word' id='word_1_34' title='bbox 1138 883 1624 953; x_wconf 90' lang='lat' dir='ltr'><strong>improbationem;</strong></span> <span class='ocrx_word' id='word_1_35' title='bbox 1684 886 1823 955; x_wconf 91' lang='lat' dir='ltr'><strong>petit</strong></span> <span class='ocrx_word' id='word_1_36' title='bbox 1866 887 2056 942; x_wconf 82' lang='lat' dir='ltr'><strong>alteris</strong></span> 
     </span>
    </p>
   </div>
   <div class='ocr_carea' id='block_1_8' title="bbox 486 968 2055 1043">
    <p class='ocr_par' dir='ltr' id='par_1_8' title="bbox 486 968 2055 1043">
     <span class='ocr_line' id='line_1_8' title="bbox 486 968 2055 1043; baseline 0.008 -24"><span class='ocrx_word' id='word_1_37' title='bbox 486 968 682 1023; x_wconf 81' lang='lat' dir='ltr'><strong>litteris</strong></span> <span class='ocrx_word' id='word_1_38' title='bbox 708 969 997 1039; x_wconf 87' lang='lat' dir='ltr'><strong>judicium,</strong></span> <span class='ocrx_word' id='word_1_39' title='bbox 1045 973 1419 1043; x_wconf 85' lang='lat' dir='ltr'><strong>cujuscunque</strong></span> <span class='ocrx_word' id='word_1_40' title='bbox 1458 974 1607 1030; x_wconf 89' lang='lat' dir='ltr'><strong>modi</strong></span> <span class='ocrx_word' id='word_1_41' title='bbox 1646 974 1834 1040; x_wconf 88' lang='lat' dir='ltr'><strong>fuerit,</strong></span> <span class='ocrx_word' id='word_1_42' title='bbox 1880 974 1949 1031; x_wconf 88' lang='lat' dir='ltr'><strong>ad</strong></span> <span class='ocrx_word' id='word_1_43' title='bbox 1996 992 2055 1031; x_wconf 90' lang='lat' dir='ltr'><strong>se</strong></span> 
     </span>
    </p>
   </div>
   <div class='ocr_carea' id='block_1_9' title="bbox 486 1058 2053 1137">
    <p class='ocr_par' dir='ltr' id='par_1_9' title="bbox 486 1058 2053 1137">
     <span class='ocr_line' id='line_1_9' title="bbox 486 1058 2053 1137; baseline 0.008 -29"><span class='ocrx_word' id='word_1_44' title='bbox 486 1058 648 1112; x_wconf 84' lang='lat' dir='ltr'><strong>mitti.</strong></span> <span class='ocrx_word' id='word_1_45' title='bbox 677 1058 976 1130; x_wconf 81' lang='lat' dir='ltr'><strong>Rescripsit</strong></span> <span class='ocrx_word' id='word_1_46' title='bbox 1006 1062 1216 1118; x_wconf 88' lang='lat' dir='ltr'><strong>amicus</strong></span> <span class='ocrx_word' id='word_1_47' title='bbox 1262 1061 1559 1121; x_wconf 88' lang='lat' dir='ltr'><strong>immensas</strong></span> <span class='ocrx_word' id='word_1_48' title='bbox 1597 1066 1779 1137; x_wconf 88' lang='lat' dir='ltr'><strong>operis</strong></span> <span class='ocrx_word' id='word_1_49' title='bbox 1823 1065 2053 1133; x_wconf 84' lang='lat' dir='ltr'><strong>laudes;</strong></span> 
     </span>
    </p>
   </div>
   <div class='ocr_carea' id='block_1_10' title="bbox 486 1147 2056 1220">
    <p class='ocr_par' dir='ltr' id='par_1_10' title="bbox 486 1147 2056 1220">
     <span class='ocr_line' id='line_1_10' title="bbox 486 1147 2056 1220; baseline 0.006 -19"><span class='ocrx_word' id='word_1_50' title='bbox 486 1147 584 1202; x_wconf 85' lang='lat' dir='ltr'><strong>has</strong></span> <span class='ocrx_word' id='word_1_51' title='bbox 635 1148 833 1203; x_wconf 91' lang='lat' dir='ltr'><strong>minuit</strong></span> <span class='ocrx_word' id='word_1_52' title='bbox 876 1150 1051 1206; x_wconf 86' lang='lat' dir='ltr'><strong>tertiis</strong></span> <span class='ocrx_word' id='word_1_53' title='bbox 1094 1151 1292 1207; x_wconf 88' lang='lat' dir='ltr'><strong>litteris</strong></span> <span class='ocrx_word' id='word_1_54' title='bbox 1318 1152 1715 1220; x_wconf 89' lang='lat' dir='ltr'><strong>Theodoretus,</strong></span> <span class='ocrx_word' id='word_1_55' title='bbox 1759 1171 1826 1211; x_wconf 80' lang='lat' dir='ltr'><strong>ex</strong></span> <span class='ocrx_word' id='word_1_56' title='bbox 1855 1156 2056 1211; x_wconf 80' lang='lat' dir='ltr'><strong>aﬂ‘ectu</strong></span> 
     </span>
    </p>
   </div>
   <div class='ocr_carea' id='block_1_11' title="bbox 486 1238 2056 1315">
    <p class='ocr_par' dir='ltr' id='par_1_11' title="bbox 486 1238 2056 1315">
     <span class='ocr_line' id='line_1_11' title="bbox 486 1238 2056 1315; baseline 0.006 -24"><span class='ocrx_word' id='word_1_57' title='bbox 486 1238 654 1292; x_wconf 84' lang='lat' dir='ltr'><strong>animi</strong></span> <span class='ocrx_word' id='word_1_58' title='bbox 696 1238 971 1297; x_wconf 81' lang='lat' dir='ltr'><strong>laudantis</strong></span> <span class='ocrx_word' id='word_1_59' title='bbox 1010 1243 1193 1311; x_wconf 88' lang='lat' dir='ltr'><strong>potius</strong></span> <span class='ocrx_word' id='word_1_60' title='bbox 1242 1258 1406 1313; x_wconf 90' lang='lat' dir='ltr'><strong>quam</strong></span> <span class='ocrx_word' id='word_1_61' title='bbox 1448 1259 1516 1298; x_wconf 82' lang='lat' dir='ltr'><strong>ex</strong></span> <span class='ocrx_word' id='word_1_62' title='bbox 1562 1245 1746 1314; x_wconf 90' lang='lat' dir='ltr'><strong>operis</strong></span> <span class='ocrx_word' id='word_1_63' title='bbox 1794 1244 2056 1315; x_wconf 81' lang='lat' dir='ltr'><strong>dignitate</strong></span> 
     </span>
    </p>
   </div>
   <div class='ocr_carea' id='block_1_12' title="bbox 484 1327 2056 1404">
    <p class='ocr_par' dir='ltr' id='par_1_12' title="bbox 484 1327 2056 1404">
     <span class='ocr_line' id='line_1_12' title="bbox 484 1327 2056 1404; baseline 0.006 -25"><span class='ocrx_word' id='word_1_64' title='bbox 484 1327 754 1397; x_wconf 86' lang='lat' dir='ltr'><strong>profectas</strong></span> <span class='ocrx_word' id='word_1_65' title='bbox 787 1342 1061 1386; x_wconf 85' lang='lat' dir='ltr'><strong>causatus.</strong></span> <span class='ocrx_word' id='word_1_66' title='bbox 1105 1332 1437 1387; x_wconf 90' lang='lat' dir='ltr'><strong>lnterierunt</strong></span> <span class='ocrx_word' id='word_1_67' title='bbox 1469 1334 1661 1404; x_wconf 65' lang='lat' dir='ltr'><strong>primae</strong></span> <span class='ocrx_word' id='word_1_68' title='bbox 1694 1351 1708 1387; x_wconf 87' lang='lat'><strong>:</strong></span> <span class='ocrx_word' id='word_1_69' title='bbox 1750 1333 1874 1389; x_wconf 85' lang='lat' dir='ltr'><strong>aliis</strong></span> <span class='ocrx_word' id='word_1_70' title='bbox 1917 1333 2056 1389; x_wconf 84' lang='lat' dir='ltr'><strong>dua-</strong></span> 
     </span>
    </p>
   </div>
   <div class='ocr_carea' id='block_1_13' title="bbox 487 1417 2059 1496">
    <p class='ocr_par' dir='ltr' id='par_1_13' title="bbox 487 1417 2059 1496">
     <span class='ocr_line' id='line_1_13' title="bbox 487 1417 2059 1496; baseline 0.006 -26"><span class='ocrx_word' id='word_1_71' title='bbox 487 1418 609 1482; x_wconf 86' lang='lat' dir='ltr'><strong>bus,</strong></span> <span class='ocrx_word' id='word_1_72' title='bbox 639 1417 802 1490; x_wconf 78' lang='lat'><strong>306</strong></span> <span class='ocrx_word' id='word_1_73' title='bbox 824 1421 1123 1490; x_wconf 80' lang='lat' dir='ltr'><strong>praesertim</strong></span> <span class='ocrx_word' id='word_1_74' title='bbox 1146 1424 1564 1494; x_wconf 87' lang='lat' dir='ltr'><strong>posterioribus,</strong></span> <span class='ocrx_word' id='word_1_75' title='bbox 1595 1424 1735 1479; x_wconf 90' lang='lat' dir='ltr'><strong>nihil</strong></span> <span class='ocrx_word' id='word_1_76' title='bbox 1755 1423 2059 1496; x_wconf 84' lang='lat' dir='ltr'><strong>elegantius</strong></span> 
     </span>
    </p>
   </div>
   <div class='ocr_carea' id='block_1_14' title="bbox 485 1510 931 1581">
    <p class='ocr_par' dir='ltr' id='par_1_14' title="bbox 485 1510 931 1581">
     <span class='ocr_line' id='line_1_14' title="bbox 485 1510 931 1581; baseline 0.009 -17"><span class='ocrx_word' id='word_1_77' title='bbox 485 1520 541 1564; x_wconf 87' lang='lat' dir='ltr'><strong>et</strong></span> <span class='ocrx_word' id='word_1_78' title='bbox 574 1510 931 1581; x_wconf 79' lang='lat' dir='ltr'><strong>ingeniosius.</strong></span> 
     </span>
    </p>
   </div>
   <div class='ocr_carea' id='block_1_15' title="bbox 556 1600 2059 1678">
    <p class='ocr_par' dir='ltr' id='par_1_15' title="bbox 556 1600 2059 1678">
     <span class='ocr_line' id='line_1_15' title="bbox 556 1600 2059 1678; baseline 0.007 -24"><span class='ocrx_word' id='word_1_79' title='bbox 556 1600 621 1656; x_wconf 89' lang='grc'><strong>11.</strong></span> <span class='ocrx_word' id='word_1_80' title='bbox 657 1600 873 1657; x_wconf 90' lang='lat' dir='ltr'><strong>Certam</strong></span> <span class='ocrx_word' id='word_1_81' title='bbox 919 1604 1124 1663; x_wconf 86' lang='lat' dir='ltr'><strong>habent</strong></span> <span class='ocrx_word' id='word_1_82' title='bbox 1150 1604 1301 1672; x_wconf 89' lang='lat' dir='ltr'><strong>anni,</strong></span> <span class='ocrx_word' id='word_1_83' title='bbox 1354 1605 1450 1661; x_wconf 91' lang='lat' dir='ltr'><strong>sed</strong></span> <span class='ocrx_word' id='word_1_84' title='bbox 1506 1606 1729 1662; x_wconf 88' lang='lat' dir='ltr'><strong>dubiam</strong></span> <span class='ocrx_word' id='word_1_85' title='bbox 1756 1610 1772 1628; x_wconf 83' lang='lat'><strong><em>°</em></strong></span> <span class='ocrx_word' id='word_1_86' title='bbox 1811 1622 2059 1678; x_wconf 61' lang='lat' dir='ltr'><strong>personae</strong></span> 
     </span>
    </p>
   </div>
   <div class='ocr_carea' id='block_1_16' title="bbox 486 1690 2057 1764">
    <p class='ocr_par' dir='ltr' id='par_1_16' title="bbox 486 1690 2057 1764">
     <span class='ocr_line' id='line_1_16' title="bbox 486 1690 2057 1764; baseline 0.006 -25"><span class='ocrx_word' id='word_1_87' title='bbox 486 1695 670 1743; x_wconf 88' lang='lat' dir='ltr'><strong>notam</strong></span> <span class='ocrx_word' id='word_1_88' title='bbox 708 1708 720 1743; x_wconf 91' lang='lat'>:</span> <span class='ocrx_word' id='word_1_89' title='bbox 767 1690 905 1747; x_wconf 73' lang='lat' dir='ltr'><strong>datm</strong></span> <span class='ocrx_word' id='word_1_90' title='bbox 950 1702 1078 1747; x_wconf 91' lang='lat' dir='ltr'><strong>sunt</strong></span> <span class='ocrx_word' id='word_1_91' title='bbox 1116 1693 1265 1747; x_wconf 90' lang='lat' dir='ltr'><strong>enim</strong></span> <span class='ocrx_word' id='word_1_92' title='bbox 1317 1694 1482 1764; x_wconf 88' lang='lat' dir='ltr'><strong>paulo</strong></span> <span class='ocrx_word' id='word_1_93' title='bbox 1525 1702 1649 1764; x_wconf 90' lang='lat' dir='ltr'><strong>post</strong></span> <span class='ocrx_word' id='word_1_94' title='bbox 1680 1695 1961 1752; x_wconf 89' lang='lat' dir='ltr'><strong>absolutos</strong></span> <span class='ocrx_word' id='word_1_95' title='bbox 2001 1694 2057 1749; x_wconf 89' lang='lat' dir='ltr'><strong>in</strong></span> 
     </span>
    </p>
   </div>
   <div class='ocr_carea' id='block_1_17' title="bbox 488 1779 2056 1850">
    <p class='ocr_par' dir='ltr' id='par_1_17' title="bbox 488 1779 2056 1850">
     <span class='ocr_line' id='line_1_17' title="bbox 488 1779 2056 1850; baseline 0.005 -17"><span class='ocrx_word' id='word_1_96' title='bbox 488 1779 804 1849; x_wconf 84' lang='lat' dir='ltr'><strong>Apostolum</strong></span> <span class='ocrx_word' id='word_1_97' title='bbox 837 1783 1296 1848; x_wconf 88' lang='lat' dir='ltr'><strong>Commentarios,</strong></span> <span class='ocrx_word' id='word_1_98' title='bbox 1342 1784 1396 1838; x_wconf 94' lang='lat' dir='ltr'><strong>id</strong></span> <span class='ocrx_word' id='word_1_99' title='bbox 1424 1792 1546 1850; x_wconf 91' lang='lat' dir='ltr'><strong>est,</strong></span> <span class='ocrx_word' id='word_1_100' title='bbox 1580 1785 1801 1840; x_wconf 88' lang='lat' dir='ltr'><strong>circiter</strong></span> <span class='ocrx_word' id='word_1_101' title='bbox 1851 1801 2056 1841; x_wconf 88' lang='lat' dir='ltr'><strong>annum</strong></span> 
     </span>
    </p>
   </div>
   <div class='ocr_carea' id='block_1_18' title="bbox 487 1867 2058 1943">
    <p class='ocr_par' dir='ltr' id='par_1_18' title="bbox 487 1867 2058 1943">
     <span class='ocr_line' id='line_1_18' title="bbox 487 1867 2058 1943; baseline 0.005 -21"><span class='ocrx_word' id='word_1_102' title='bbox 487 1867 609 1924; x_wconf 67' lang='grc'><strong>655.</strong></span> <span class='ocrx_word' id='word_1_103' title='bbox 639 1871 770 1926; x_wconf 84' lang='lat' dir='ltr'><strong>Nam</strong></span> <span class='ocrx_word' id='word_1_104' title='bbox 802 1873 1188 1927; x_wconf 88' lang='lat' dir='ltr'><strong>Commentarii</strong></span> <span class='ocrx_word' id='word_1_105' title='bbox 1219 1874 1498 1943; x_wconf 90' lang='lat' dir='ltr'><strong>pertinent</strong></span> <span class='ocrx_word' id='word_1_106' title='bbox 1528 1876 1597 1930; x_wconf 90' lang='lat' dir='ltr'><strong>ad</strong></span> <span class='ocrx_word' id='word_1_107' title='bbox 1635 1876 1784 1930; x_wconf 86' lang='lat' dir='ltr'><strong>hunc</strong></span> <span class='ocrx_word' id='word_1_108' title='bbox 1830 1890 2058 1942; x_wconf 87' lang='lat' dir='ltr'><strong>annum,</strong></span> 
     </span>
    </p>
   </div>
   <div class='ocr_carea' id='block_1_19' title="bbox 490 1959 1359 2015">
    <p class='ocr_par' dir='ltr' id='par_1_19' title="bbox 490 1959 1359 2015">
     <span class='ocr_line' id='line_1_19' title="bbox 490 1959 1359 2015; baseline 0.008 -8"><span class='ocrx_word' id='word_1_109' title='bbox 490 1964 550 2009; x_wconf 84' lang='lat' dir='ltr'><strong>ut</strong></span> <span class='ocrx_word' id='word_1_110' title='bbox 570 1972 669 2011; x_wconf 90' lang='lat' dir='ltr'><strong>suo</strong></span> <span class='ocrx_word' id='word_1_111' title='bbox 696 1959 817 2013; x_wconf 90' lang='lat' dir='ltr'><strong>loco</strong></span> <span class='ocrx_word' id='word_1_112' title='bbox 844 1959 1151 2015; x_wconf 89' lang='lat' dir='ltr'><strong>confectum</strong></span> <span class='ocrx_word' id='word_1_113' title='bbox 1182 1970 1266 2015; x_wconf 89' lang='lat' dir='ltr'><strong>est</strong></span> <span class='ocrx_word' id='word_1_114' title='bbox 1293 1962 1359 2014; x_wconf 77' lang='grc' dir='ltr'><strong>⁸ο.</strong></span> 
     </span>
    </p>
   </div>
   <div class='ocr_carea' id='block_1_20' title="bbox 560 2050 2059 2123">
    <p class='ocr_par' dir='ltr' id='par_1_20' title="bbox 560 2050 2059 2123">
     <span class='ocr_line' id='line_1_20' title="bbox 560 2050 2059 2123; baseline 0.003 -20"><span class='ocrx_word' id='word_1_115' title='bbox 560 2050 646 2103; x_wconf 90' lang='grc'><strong>111.</strong></span> <span class='ocrx_word' id='word_1_116' title='bbox 678 2051 932 2107; x_wconf 82' lang='lat' dir='ltr'><strong>Divinare</strong></span> <span class='ocrx_word' id='word_1_117' title='bbox 967 2053 1056 2106; x_wconf 91' lang='lat' dir='ltr'><strong>vix</strong></span> <span class='ocrx_word' id='word_1_118' title='bbox 1084 2053 1214 2107; x_wconf 88' lang='lat' dir='ltr'><strong>licet</strong></span> <span class='ocrx_word' id='word_1_119' title='bbox 1246 2054 1314 2107; x_wconf 89' lang='lat' dir='ltr'><strong>ad</strong></span> <span class='ocrx_word' id='word_1_120' title='bbox 1338 2068 1503 2123; x_wconf 89' lang='lat' dir='ltr'><strong>quem</strong></span> <span class='ocrx_word' id='word_1_121' title='bbox 1548 2054 1729 2109; x_wconf 73' lang='lat' dir='ltr'><strong>missa:</strong></span> <span class='ocrx_word' id='word_1_122' title='bbox 1756 2052 1865 2107; x_wconf 87' lang='lat' dir='ltr'><strong>sint</strong></span> <span class='ocrx_word' id='word_1_123' title='bbox 1895 2069 1907 2105; x_wconf 93' lang='lat'><strong>:</strong></span> <span class='ocrx_word' id='word_1_124' title='bbox 1938 2066 2059 2107; x_wconf 88' lang='lat' dir='ltr'><strong>cre-</strong></span> 
     </span>
    </p>
   </div>
   <div class='ocr_carea' id='block_1_21' title="bbox 418 2142 2060 2219">
    <p class='ocr_par' dir='ltr' id='par_1_21' title="bbox 418 2142 2060 2219">
     <span class='ocr_line' id='line_1_21' title="bbox 418 2142 2060 2219; baseline -0.001 -25"><span class='ocrx_word' id='word_1_125' title='bbox 418 2214 425 2219; x_wconf 24' lang='lat'>.</span> <span class='ocrx_word' id='word_1_126' title='bbox 490 2142 655 2196; x_wconf 82' lang='lat' dir='ltr'><strong>dibile</strong></span> <span class='ocrx_word' id='word_1_127' title='bbox 695 2149 906 2197; x_wconf 90' lang='lat' dir='ltr'><strong>tantum</strong></span> <span class='ocrx_word' id='word_1_128' title='bbox 942 2152 1025 2198; x_wconf 89' lang='lat' dir='ltr'><strong>est</strong></span> <span class='ocrx_word' id='word_1_129' title='bbox 1077 2142 1243 2198; x_wconf 89' lang='lat' dir='ltr'><strong>fuisse</strong></span> <span class='ocrx_word' id='word_1_130' title='bbox 1274 2144 1612 2214; x_wconf 90' lang='lat' dir='ltr'><strong>episcopum,</strong></span> <span class='ocrx_word' id='word_1_131' title='bbox 1654 2144 1855 2213; x_wconf 89' lang='lat' dir='ltr'><strong>quippe</strong></span> <span class='ocrx_word' id='word_1_132' title='bbox 1896 2156 2060 2211; x_wconf 91' lang='lat' dir='ltr'><strong>quem</strong></span> 
     </span>
    </p>
   </div>
   <div class='ocr_carea' id='block_1_22' title="bbox 490 2232 2061 2303">
    <p class='ocr_par' dir='ltr' id='par_1_22' title="bbox 490 2232 2061 2303">
     <span class='ocr_line' id='line_1_22' title="bbox 490 2232 2061 2303; baseline 0.002 -18"><span class='ocrx_word' id='word_1_133' title='bbox 490 2233 792 2287; x_wconf 84' lang='lat' dir='ltr'><strong>sanctitatis</strong></span> <span class='ocrx_word' id='word_1_134' title='bbox 815 2233 1035 2288; x_wconf 86' lang='lat' dir='ltr'><strong>nomine</strong></span> <span class='ocrx_word' id='word_1_135' title='bbox 1059 2234 1366 2303; x_wconf 88' lang='lat' dir='ltr'><strong>compellat.</strong></span> <span class='ocrx_word' id='word_1_136' title='bbox 1395 2234 1560 2300; x_wconf 84' lang='lat' dir='ltr'><strong>Quid,</strong></span> <span class='ocrx_word' id='word_1_137' title='bbox 1585 2234 1630 2288; x_wconf 88' lang='lat' dir='ltr'><strong>si</strong></span> <span class='ocrx_word' id='word_1_138' title='bbox 1659 2232 1826 2287; x_wconf 90' lang='lat' dir='ltr'><strong>fuerit</strong></span> <span class='ocrx_word' id='word_1_139' title='bbox 1850 2233 2061 2288; x_wconf 88' lang='lat' dir='ltr'><strong>Euthe-</strong></span> 
     </span>
    </p>
   </div>
   <div class='ocr_carea' id='block_1_23' title="bbox 491 2318 2063 2391">
    <p class='ocr_par' dir='ltr' id='par_1_23' title="bbox 491 2318 2063 2391">
     <span class='ocr_line' id='line_1_23' title="bbox 491 2318 2063 2391; baseline 0.003 -21"><span class='ocrx_word' id='word_1_140' title='bbox 491 2318 606 2371; x_wconf 83' lang='lat' dir='ltr'><strong>rius</strong></span> <span class='ocrx_word' id='word_1_141' title='bbox 660 2318 993 2389; x_wconf 87' lang='lat' dir='ltr'><strong>Tyanensis,</strong></span> <span class='ocrx_word' id='word_1_142' title='bbox 1038 2335 1277 2390; x_wconf 89' lang='lat' dir='ltr'><strong>quocum</strong></span> <span class='ocrx_word' id='word_1_143' title='bbox 1328 2335 1520 2391; x_wconf 89' lang='lat' dir='ltr'><strong>magna</strong></span> <span class='ocrx_word' id='word_1_144' title='bbox 1573 2320 1675 2374; x_wconf 90' lang='lat' dir='ltr'><strong>fuit</strong></span> <span class='ocrx_word' id='word_1_145' title='bbox 1714 2318 2063 2374; x_wconf 90' lang='lat' dir='ltr'><strong>Theodoreto</strong></span> 
     </span>
    </p>
   </div>
   <div class='ocr_carea' id='block_1_24' title="bbox 493 2407 1854 2473">
    <p class='ocr_par' dir='ltr' id='par_1_24' title="bbox 493 2407 1854 2473">
     <span class='ocr_line' id='line_1_24' title="bbox 493 2407 1854 2473; baseline 0.001 -13"><span class='ocrx_word' id='word_1_146' title='bbox 493 2407 802 2465; x_wconf 87' lang='lat' dir='ltr'><strong>studiorum</strong></span> <span class='ocrx_word' id='word_1_147' title='bbox 832 2409 1087 2473; x_wconf 85' lang='lat' dir='ltr'><strong>societas,</strong></span> <span class='ocrx_word' id='word_1_148' title='bbox 1112 2416 1168 2462; x_wconf 89' lang='lat' dir='ltr'><strong>et</strong></span> <span class='ocrx_word' id='word_1_149' title='bbox 1189 2408 1443 2463; x_wconf 63' lang='lat' dir='ltr'><strong>amicitiae</strong></span> <span class='ocrx_word' id='word_1_150' title='bbox 1470 2408 1854 2465; x_wconf 83' lang='lat' dir='ltr'><strong>necessitudo?</strong></span> 
     </span>
    </p>
   </div>
   <div class='ocr_carea' id='block_1_25' title="bbox 759 2521 1802 2593">
    <p class='ocr_par' dir='ltr' id='par_1_25' title="bbox 759 2521 1802 2593">
     <span class='ocr_line' id='line_1_25' title="bbox 759 2521 1802 2593; baseline -0.001 -17"><span class='ocrx_word' id='word_1_151' title='bbox 759 2521 1000 2593; x_wconf 80' lang='lat' dir='ltr'><strong>Epistola</strong></span> <span class='ocrx_word' id='word_1_152' title='bbox 1031 2523 1065 2577; x_wconf 77' lang='lat'><strong>3</strong></span> <span class='ocrx_word' id='word_1_153' title='bbox 1093 2522 1163 2576; x_wconf 80' lang='lat' dir='ltr'><strong>ad</strong></span> <span class='ocrx_word' id='word_1_154' title='bbox 1199 2521 1462 2577; x_wconf 74' lang='lat' dir='ltr'><strong>Irenwum</strong></span> <span class='ocrx_word' id='word_1_155' title='bbox 1484 2522 1802 2593; x_wconf 78' lang='lat' dir='ltr'><strong>episcopum.</strong></span> 
     </span>
    </p>
   </div>
   <div class='ocr_carea' id='block_1_26' title="bbox 562 2655 2062 2728">
    <p class='ocr_par' dir='ltr' id='par_1_26' title="bbox 562 2655 2062 2728">
     <span class='ocr_line' id='line_1_26' title="bbox 562 2655 2062 2728; baseline -0.001 -16"><span class='ocrx_word' id='word_1_156' title='bbox 562 2658 602 2712; x_wconf 91' lang='lat' dir='ltr'><strong>l.</strong></span> <span class='ocrx_word' id='word_1_157' title='bbox 636 2657 773 2713; x_wconf 85' lang='lat' dir='ltr'><strong>Nota</strong></span> <span class='ocrx_word' id='word_1_158' title='bbox 798 2673 1045 2728; x_wconf 68' lang='lat' dir='ltr'><strong>persona:</strong></span> <span class='ocrx_word' id='word_1_159' title='bbox 1072 2658 1219 2712; x_wconf 82' lang='lat' dir='ltr'><strong>clara</strong></span> <span class='ocrx_word' id='word_1_160' title='bbox 1241 2665 1325 2712; x_wconf 89' lang='lat' dir='ltr'><strong>est</strong></span> <span class='ocrx_word' id='word_1_161' title='bbox 1357 2675 1370 2710; x_wconf 88' lang='lat'><strong>:</strong></span> <span class='ocrx_word' id='word_1_162' title='bbox 1398 2672 1523 2711; x_wconf 89' lang='lat' dir='ltr'><strong>nam</strong></span> <span class='ocrx_word' id='word_1_163' title='bbox 1581 2656 1906 2712; x_wconf 87' lang='lat' dir='ltr'><strong>inscribitur</strong></span> <span class='ocrx_word' id='word_1_164' title='bbox 1945 2655 2062 2711; x_wconf 82' lang='lat' dir='ltr'><strong>Ire-</strong></span> 
     </span>
    </p>
   </div>
   <div class='ocr_carea' id='block_1_27' title="bbox 494 2749 2065 2820">
    <p class='ocr_par' dir='ltr' id='par_1_27' title="bbox 494 2749 2065 2820">
     <span class='ocr_line' id='line_1_27' title="bbox 494 2749 2065 2820; baseline 0.001 -18"><span class='ocrx_word' id='word_1_165' title='bbox 494 2766 607 2803; x_wconf 70' lang='lat' dir='ltr'><strong>meo</strong></span> <span class='ocrx_word' id='word_1_166' title='bbox 637 2751 891 2820; x_wconf 81' lang='lat' dir='ltr'><strong>episcopo.</strong></span> <span class='ocrx_word' id='word_1_167' title='bbox 924 2750 1049 2805; x_wconf 86' lang='lat' dir='ltr'><strong>Fuit</strong></span> <span class='ocrx_word' id='word_1_168' title='bbox 1081 2750 1172 2805; x_wconf 89' lang='lat' dir='ltr'><strong>ille</strong></span> <span class='ocrx_word' id='word_1_169' title='bbox 1212 2749 1450 2819; x_wconf 89' lang='lat' dir='ltr'><strong>primum</strong></span> <span class='ocrx_word' id='word_1_170' title='bbox 1479 2763 1684 2813; x_wconf 88' lang='lat' dir='ltr'><strong>comes,</strong></span> <span class='ocrx_word' id='word_1_171' title='bbox 1716 2755 1830 2801; x_wconf 91' lang='lat' dir='ltr'><strong>tum</strong></span> <span class='ocrx_word' id='word_1_172' title='bbox 1862 2763 1930 2803; x_wconf 77' lang='lat' dir='ltr'><strong>ex</strong></span> <span class='ocrx_word' id='word_1_173' title='bbox 1968 2762 2065 2803; x_wconf 87' lang='lat' dir='ltr'><strong>co—</strong></span> 
     </span>
    </p>
   </div>
   <div class='ocr_carea' id='block_1_28' title="bbox 494 2840 2066 2913">
    <p class='ocr_par' dir='ltr' id='par_1_28' title="bbox 494 2840 2066 2913">
     <span class='ocr_line' id='line_1_28' title="bbox 494 2840 2066 2913; baseline 0.003 -21"><span class='ocrx_word' id='word_1_174' title='bbox 494 2844 627 2896; x_wconf 85' lang='lat' dir='ltr'><strong>mite</strong></span> <span class='ocrx_word' id='word_1_175' title='bbox 655 2843 947 2912; x_wconf 85' lang='lat' dir='ltr'><strong>episcopus</strong></span> <span class='ocrx_word' id='word_1_176' title='bbox 991 2842 1208 2913; x_wconf 88' lang='lat' dir='ltr'><strong>Tyrius.</strong></span> <span class='ocrx_word' id='word_1_177' title='bbox 1260 2841 1438 2911; x_wconf 90' lang='lat' dir='ltr'><strong>Ipsius</strong></span> <span class='ocrx_word' id='word_1_178' title='bbox 1469 2842 1677 2897; x_wconf 85' lang='lat' dir='ltr'><strong>mentio</strong></span> <span class='ocrx_word' id='word_1_179' title='bbox 1724 2841 1786 2895; x_wconf 81' lang='lat' dir='ltr'><strong>fit</strong></span> <span class='ocrx_word' id='word_1_180' title='bbox 1827 2840 1882 2895; x_wconf 91' lang='lat' dir='ltr'><strong>in</strong></span> <span class='ocrx_word' id='word_1_181' title='bbox 1915 2840 2066 2896; x_wconf 81' lang='lat' dir='ltr'><strong>Actis</strong></span> 
     </span>
    </p>
   </div>
   <div class='ocr_carea' id='block_1_29' title="bbox 494 2931 2065 3000">
    <p class='ocr_par' dir='ltr' id='par_1_29' title="bbox 494 2931 2065 3000">
     <span class='ocr_line' id='line_1_29' title="bbox 494 2931 2065 3000; baseline 0.003 -17"><span class='ocrx_word' id='word_1_182' title='bbox 494 2931 712 2986; x_wconf 79' lang='lat' dir='ltr'><strong>concilii</strong></span> <span class='ocrx_word' id='word_1_183' title='bbox 735 2931 1017 3000; x_wconf 86' lang='lat' dir='ltr'><strong>Ephesini,</strong></span> <span class='ocrx_word' id='word_1_184' title='bbox 1048 2932 1116 2986; x_wconf 87' lang='lat' dir='ltr'><strong>ad</strong></span> <span class='ocrx_word' id='word_1_185' title='bbox 1160 2931 1307 3000; x_wconf 84' lang='lat' dir='ltr'><strong>quod</strong></span> <span class='ocrx_word' id='word_1_186' title='bbox 1335 2946 1462 2986; x_wconf 89' lang='lat' dir='ltr'><strong>cum</strong></span> <span class='ocrx_word' id='word_1_187' title='bbox 1489 2932 1662 2987; x_wconf 89' lang='lat' dir='ltr'><strong>altero</strong></span> <span class='ocrx_word' id='word_1_188' title='bbox 1689 2932 1889 2987; x_wconf 90' lang='lat' dir='ltr'><strong>comite</strong></span> <span class='ocrx_word' id='word_1_189' title='bbox 1921 2932 2065 2987; x_wconf 85' lang='lat' dir='ltr'><strong>Can—</strong></span> 
     </span>
    </p>
   </div>
   <div class='ocr_carea' id='block_1_30' title="bbox 491 3020 2064 3092">
    <p class='ocr_par' dir='ltr' id='par_1_30' title="bbox 491 3020 2064 3092">
     <span class='ocr_line' id='line_1_30' title="bbox 491 3020 2064 3092; baseline 0.001 -17"><span class='ocrx_word' id='word_1_190' title='bbox 491 3020 719 3076; x_wconf 84' lang='lat' dir='ltr'><strong>didiano</strong></span> <span class='ocrx_word' id='word_1_191' title='bbox 748 3022 932 3086; x_wconf 82' lang='lat' dir='ltr'><strong>venit,</strong></span> <span class='ocrx_word' id='word_1_192' title='bbox 965 3022 1079 3092; x_wconf 91' lang='lat' dir='ltr'><strong>ipse</strong></span> <span class='ocrx_word' id='word_1_193' title='bbox 1112 3021 1333 3092; x_wconf 86' lang='lat' dir='ltr'><strong>quidem</strong></span> <span class='ocrx_word' id='word_1_194' title='bbox 1383 3022 1533 3077; x_wconf 88' lang='lat' dir='ltr'><strong>velut</strong></span> <span class='ocrx_word' id='word_1_195' title='bbox 1561 3023 1771 3078; x_wconf 86' lang='lat' dir='ltr'><strong>amicus</strong></span> <span class='ocrx_word' id='word_1_196' title='bbox 1806 3022 2064 3088; x_wconf 86' lang='lat' dir='ltr'><strong>Nestorii,</strong></span> 
     </span>
    </p>
   </div>
   <div class='ocr_carea' id='block_1_31' title="bbox 491 3114 2069 3187">
    <p class='ocr_par' dir='ltr' id='par_1_31' title="bbox 491 3114 2069 3187">
     <span class='ocr_line' id='line_1_31' title="bbox 491 3114 2069 3187; baseline 0.001 -20"><span class='ocrx_word' id='word_1_197' title='bbox 491 3114 862 3171; x_wconf 76' lang='lat' dir='ltr'><strong>Candidianus</strong></span> <span class='ocrx_word' id='word_1_198' title='bbox 890 3131 1020 3170; x_wconf 88' lang='lat' dir='ltr'><strong>vero</strong></span> <span class='ocrx_word' id='word_1_199' title='bbox 1050 3131 1174 3171; x_wconf 90' lang='lat' dir='ltr'><strong>cum</strong></span> <span class='ocrx_word' id='word_1_200' title='bbox 1205 3124 1474 3187; x_wconf 84' lang='lat' dir='ltr'><strong>potestate</strong></span> <span class='ocrx_word' id='word_1_201' title='bbox 1517 3115 1835 3187; x_wconf 89' lang='lat' dir='ltr'><strong>cognitoris.</strong></span> <span class='ocrx_word' id='word_1_202' title='bbox 1880 3115 2069 3169; x_wconf 80' lang='lat' dir='ltr'><strong>Partes</strong></span> 
     </span>
    </p>
   </div>
   <div class='ocr_carea' id='block_1_32' title="bbox 495 3204 2067 3277">
    <p class='ocr_par' dir='ltr' id='par_1_32' title="bbox 495 3204 2067 3277">
     <span class='ocr_line' id='line_1_32' title="bbox 495 3204 2067 3277; baseline 0.002 -20"><span class='ocrx_word' id='word_1_203' title='bbox 495 3205 660 3274; x_wconf 76' lang='lat' dir='ltr'><strong>igitur</strong></span> <span class='ocrx_word' id='word_1_204' title='bbox 700 3204 937 3259; x_wconf 85' lang='lat' dir='ltr'><strong>Nestorii</strong></span> <span class='ocrx_word' id='word_1_205' title='bbox 982 3206 1234 3269; x_wconf 87' lang='lat' dir='ltr'><strong>consilio,</strong></span> <span class='ocrx_word' id='word_1_206' title='bbox 1266 3205 1560 3271; x_wconf 87' lang='lat' dir='ltr'><strong>industria,</strong></span> <span class='ocrx_word' id='word_1_207' title='bbox 1585 3214 1642 3261; x_wconf 93' lang='lat' dir='ltr'><strong>et</strong></span> <span class='ocrx_word' id='word_1_208' title='bbox 1666 3206 1931 3277; x_wconf 80' lang='lat' dir='ltr'><strong>dignitate</strong></span> <span class='ocrx_word' id='word_1_209' title='bbox 1964 3220 2067 3260; x_wconf 58' lang='lat' dir='ltr'><strong>no-</strong></span> 
     </span>
    </p>
   </div>
   <div class='ocr_carea' id='block_1_33' title="bbox 496 3295 2067 3368">
    <p class='ocr_par' dir='ltr' id='par_1_33' title="bbox 496 3295 2067 3368">
     <span class='ocr_line' id='line_1_33' title="bbox 496 3295 2067 3368; baseline 0.002 -20"><span class='ocrx_word' id='word_1_210' title='bbox 496 3296 659 3350; x_wconf 83' lang='lat' dir='ltr'><strong>minis</strong></span> <span class='ocrx_word' id='word_1_211' title='bbox 676 3295 934 3352; x_wconf 89' lang='lat' dir='ltr'><strong>ardenter</strong></span> <span class='ocrx_word' id='word_1_212' title='bbox 961 3296 1122 3364; x_wconf 87' lang='lat' dir='ltr'><strong>fovit;</strong></span> <span class='ocrx_word' id='word_1_213' title='bbox 1156 3310 1265 3352; x_wconf 88' lang='lat' dir='ltr'><strong>non</strong></span> <span class='ocrx_word' id='word_1_214' title='bbox 1291 3297 1490 3368; x_wconf 81' lang='lat' dir='ltr'><strong>Ephesi</strong></span> <span class='ocrx_word' id='word_1_215' title='bbox 1519 3304 1752 3363; x_wconf 88' lang='lat' dir='ltr'><strong>tantum,</strong></span> <span class='ocrx_word' id='word_1_216' title='bbox 1776 3298 1871 3353; x_wconf 92' lang='lat' dir='ltr'><strong>sed</strong></span> <span class='ocrx_word' id='word_1_217' title='bbox 1901 3296 2067 3352; x_wconf 85' lang='lat' dir='ltr'><strong>etiam</strong></span> 
     </span>
    </p>
   </div>
   <div class='ocr_carea' id='block_1_34' title="bbox 493 3385 2067 3457">
    <p class='ocr_par' dir='ltr' id='par_1_34' title="bbox 493 3385 2067 3457">
     <span class='ocr_line' id='line_1_34' title="bbox 493 3385 2067 3457; baseline 0.001 -16"><span class='ocrx_word' id='word_1_218' title='bbox 493 3385 985 3457; x_wconf 83' lang='lat' dir='ltr'><strong>Constantinopoli,</strong></span> <span class='ocrx_word' id='word_1_219' title='bbox 1016 3404 1126 3457; x_wconf 90' lang='lat' dir='ltr'><strong>quo</strong></span> <span class='ocrx_word' id='word_1_220' title='bbox 1168 3389 1370 3443; x_wconf 87' lang='lat' dir='ltr'><strong>missus</strong></span> <span class='ocrx_word' id='word_1_221' title='bbox 1402 3396 1486 3443; x_wconf 84' lang='lat' dir='ltr'><strong>est</strong></span> <span class='ocrx_word' id='word_1_222' title='bbox 1516 3404 1545 3442; x_wconf 84' lang='lat' dir='ltr'><strong>a</strong></span> <span class='ocrx_word' id='word_1_223' title='bbox 1578 3388 1974 3451; x_wconf 86' lang='lat' dir='ltr'><strong>schismaticis,</strong></span> <span class='ocrx_word' id='word_1_224' title='bbox 1998 3387 2067 3442; x_wconf 87' lang='lat' dir='ltr'><strong>ad</strong></span> 
     </span>
    </p>
   </div>
   <div class='ocr_carea' id='block_1_35' title="bbox 495 3475 2068 3551">
    <p class='ocr_par' dir='ltr' id='par_1_35' title="bbox 495 3475 2068 3551">
     <span class='ocr_line' id='line_1_35' title="bbox 495 3475 2068 3551; baseline 0.003 -22"><span class='ocrx_word' id='word_1_225' title='bbox 495 3475 865 3530; x_wconf 79' lang='lat' dir='ltr'><strong>deiudeudum</strong></span> <span class='ocrx_word' id='word_1_226' title='bbox 909 3476 1294 3546; x_wconf 81' lang='lat' dir='ltr'><strong>imperatorem</strong></span> <span class='ocrx_word' id='word_1_227' title='bbox 1315 3516 1330 3541; x_wconf 94' lang='lat'><strong>,</strong></span> <span class='ocrx_word' id='word_1_228' title='bbox 1358 3476 1488 3530; x_wconf 90' lang='lat' dir='ltr'><strong>dum</strong></span> <span class='ocrx_word' id='word_1_229' title='bbox 1526 3478 1729 3547; x_wconf 83' lang='lat' dir='ltr'><strong>Ephesi</strong></span> <span class='ocrx_word' id='word_1_230' title='bbox 1761 3493 1849 3533; x_wconf 89' lang='lat' dir='ltr'><strong>res</strong></span> <span class='ocrx_word' id='word_1_231' title='bbox 1876 3494 2068 3551; x_wconf 87' lang='lat' dir='ltr'><strong>agere-</strong></span> 
     </span>
    </p>
   </div>
   <div class='ocr_carea' id='block_1_36' title="bbox 499 3576 606 3620">
    <p class='ocr_par' dir='ltr' id='par_1_36' title="bbox 499 3576 606 3620">
     <span class='ocr_line' id='line_1_36' title="bbox 499 3576 606 3620; baseline 0 0"><span class='ocrx_word' id='word_1_232' title='bbox 499 3576 606 3620; x_wconf 90' lang='lat' dir='ltr'><strong>tur.</strong></span> 
     </span>
    </p>
   </div>
   <div class='ocr_carea' id='block_1_37' title="bbox 566 3654 2070 3727">
    <p class='ocr_par' dir='ltr' id='par_1_37' title="bbox 566 3654 2070 3727">
     <span class='ocr_line' id='line_1_37' title="bbox 566 3654 2070 3727; baseline 0.003 -20"><span class='ocrx_word' id='word_1_233' title='bbox 566 3654 631 3708; x_wconf 90' lang='lat' dir='ltr'><strong>II.</strong></span> <span class='ocrx_word' id='word_1_234' title='bbox 661 3655 918 3709; x_wconf 83' lang='lat' dir='ltr'><strong>Eamdem</strong></span> <span class='ocrx_word' id='word_1_235' title='bbox 951 3654 1244 3710; x_wconf 79' lang='lat' dir='ltr'><strong>factionem</strong></span> <span class='ocrx_word' id='word_1_236' title='bbox 1268 3671 1379 3710; x_wconf 91' lang='lat' dir='ltr'><strong>non</strong></span> <span class='ocrx_word' id='word_1_237' title='bbox 1404 3657 1588 3711; x_wconf 89' lang='lat' dir='ltr'><strong>minus</strong></span> <span class='ocrx_word' id='word_1_238' title='bbox 1608 3656 1749 3727; x_wconf 85' lang='lat' dir='ltr'><strong>juvit</strong></span> <span class='ocrx_word' id='word_1_239' title='bbox 1766 3655 2070 3712; x_wconf 66' lang='lat' dir='ltr'><strong>Antiochiae</strong></span> 
     </span>
    </p>
   </div>
   <div class='ocr_carea' id='block_1_38' title="bbox 498 3747 2066 3818">
    <p class='ocr_par' dir='ltr' id='par_1_38' title="bbox 498 3747 2066 3818">
     <span class='ocr_line' id='line_1_38' title="bbox 498 3747 2066 3818; baseline 0.001 -18"><span class='ocrx_word' id='word_1_240' title='bbox 498 3754 707 3816; x_wconf 87' lang='lat' dir='ltr'><strong>postea,</strong></span> <span class='ocrx_word' id='word_1_241' title='bbox 739 3762 848 3815; x_wconf 90' lang='lat' dir='ltr'><strong>quo</strong></span> <span class='ocrx_word' id='word_1_242' title='bbox 874 3754 1119 3816; x_wconf 89' lang='lat' dir='ltr'><strong>tempore</strong></span> <span class='ocrx_word' id='word_1_243' title='bbox 1154 3747 1412 3802; x_wconf 85' lang='lat' dir='ltr'><strong>infandus</strong></span> <span class='ocrx_word' id='word_1_244' title='bbox 1438 3749 1529 3802; x_wconf 91' lang='lat' dir='ltr'><strong>ille</strong></span> <span class='ocrx_word' id='word_1_245' title='bbox 1555 3749 1801 3818; x_wconf 64' lang='lat' dir='ltr'><strong>Deiparas</strong></span> <span class='ocrx_word' id='word_1_246' title='bbox 1826 3747 2066 3803; x_wconf 83' lang='lat' dir='ltr'><strong>Christi-</strong></span> 
     </span>
    </p>
   </div>
   <div class='ocr_carea' id='block_1_39' title="bbox 499 3834 2066 3907">
    <p class='ocr_par' dir='ltr' id='par_1_39' title="bbox 499 3834 2066 3907">
     <span class='ocr_line' id='line_1_39' title="bbox 499 3834 2066 3907; baseline 0.002 -19"><span class='ocrx_word' id='word_1_247' title='bbox 499 3850 607 3904; x_wconf 89' lang='lat' dir='ltr'><strong>que</strong></span> <span class='ocrx_word' id='word_1_248' title='bbox 635 3835 808 3891; x_wconf 86' lang='lat' dir='ltr'><strong>hostis</strong></span> <span class='ocrx_word' id='word_1_249' title='bbox 835 3834 1118 3891; x_wconf 88' lang='lat' dir='ltr'><strong>Nestorius</strong></span> <span class='ocrx_word' id='word_1_250' title='bbox 1141 3852 1172 3891; x_wconf 89' lang='lat' dir='ltr'><strong>e</strong></span> <span class='ocrx_word' id='word_1_251' title='bbox 1209 3852 1312 3892; x_wconf 89' lang='lat' dir='ltr'><strong>suo</strong></span> <span class='ocrx_word' id='word_1_252' title='bbox 1339 3837 1516 3892; x_wconf 89' lang='lat' dir='ltr'><strong>sancti</strong></span> <span class='ocrx_word' id='word_1_253' title='bbox 1554 3837 1817 3907; x_wconf 84' lang='lat' dir='ltr'><strong>Euprepii</strong></span> <span class='ocrx_word' id='word_1_254' title='bbox 1845 3852 2066 3892; x_wconf 85' lang='lat' dir='ltr'><strong>secessu</strong></span> 
     </span>
    </p>
   </div>
   <div class='ocr_carea' id='block_1_40' title="bbox 502 3924 2071 3998">
    <p class='ocr_par' dir='ltr' id='par_1_40' title="bbox 502 3924 2071 3998">
     <span class='ocr_line' id='line_1_40' title="bbox 502 3924 2071 3998; baseline 0.002 -19"><span class='ocrx_word' id='word_1_255' title='bbox 502 3924 689 3980; x_wconf 90' lang='lat' dir='ltr'><strong>turbas</strong></span> <span class='ocrx_word' id='word_1_256' title='bbox 709 3926 854 3981; x_wconf 87' lang='lat' dir='ltr'><strong>ciere</strong></span> <span class='ocrx_word' id='word_1_257' title='bbox 883 3927 1161 3996; x_wconf 74' lang='lat' dir='ltr'><strong>pergebat.</strong></span> <span class='ocrx_word' id='word_1_258' title='bbox 1183 3926 1265 3983; x_wconf 87' lang='lat' dir='ltr'><strong>Oh</strong></span> <span class='ocrx_word' id='word_1_259' title='bbox 1291 3927 1439 3982; x_wconf 89' lang='lat' dir='ltr'><strong>hunc</strong></span> <span class='ocrx_word' id='word_1_260' title='bbox 1465 3928 1694 3998; x_wconf 87' lang='lat' dir='ltr'><strong>impium</strong></span> <span class='ocrx_word' id='word_1_261' title='bbox 1716 3928 1958 3983; x_wconf 81' lang='lat' dir='ltr'><strong>favorem</strong></span> <span class='ocrx_word' id='word_1_262' title='bbox 1989 3928 2071 3982; x_wconf 87' lang='lat' dir='ltr'><strong>of-</strong></span> 
     </span>
    </p>
   </div>
   <div class='ocr_carea' id='block_1_41' title="bbox 497 4015 2068 4089">
    <p class='ocr_par' dir='ltr' id='par_1_41' title="bbox 497 4015 2068 4089">
     <span class='ocr_line' id='line_1_41' title="bbox 497 4015 2068 4089; baseline 0.001 -17"><span class='ocrx_word' id='word_1_263' title='bbox 497 4015 673 4072; x_wconf 89' lang='lat' dir='ltr'><strong>fendit</strong></span> <span class='ocrx_word' id='word_1_264' title='bbox 715 4017 1063 4087; x_wconf 86' lang='lat' dir='ltr'><strong>imperatoris</strong></span> <span class='ocrx_word' id='word_1_265' title='bbox 1113 4017 1397 4085; x_wconf 81' lang='lat' dir='ltr'><strong>animum;</strong></span> <span class='ocrx_word' id='word_1_266' title='bbox 1448 4018 1682 4089; x_wconf 87' lang='lat' dir='ltr'><strong>ideoque</strong></span> <span class='ocrx_word' id='word_1_267' title='bbox 1720 4019 1976 4073; x_wconf 80' lang='lat' dir='ltr'><strong>redactus</strong></span> <span class='ocrx_word' id='word_1_268' title='bbox 2012 4020 2068 4074; x_wconf 86' lang='lat' dir='ltr'><strong>in</strong></span> 
     </span>
    </p>
   </div>
   <div class='ocr_carea' id='block_1_42' title="bbox 499 4105 2067 4180">
    <p class='ocr_par' dir='ltr' id='par_1_42' title="bbox 499 4105 2067 4180">
     <span class='ocr_line' id='line_1_42' title="bbox 499 4105 2067 4180; baseline 0.003 -19"><span class='ocrx_word' id='word_1_269' title='bbox 499 4105 773 4168; x_wconf 89' lang='lat' dir='ltr'><strong>ordinem.</strong></span> <span class='ocrx_word' id='word_1_270' title='bbox 820 4116 876 4162; x_wconf 90' lang='lat' dir='ltr'><strong>et</strong></span> <span class='ocrx_word' id='word_1_271' title='bbox 918 4108 1126 4178; x_wconf 85' lang='lat' dir='ltr'><strong>cjectus</strong></span> <span class='ocrx_word' id='word_1_272' title='bbox 1154 4109 1300 4173; x_wconf 82' lang='lat' dir='ltr'><strong>aula,</strong></span> <span class='ocrx_word' id='word_1_273' title='bbox 1340 4109 1397 4163; x_wconf 91' lang='lat' dir='ltr'><strong>in</strong></span> <span class='ocrx_word' id='word_1_274' title='bbox 1429 4107 1641 4180; x_wconf 87' lang='lat' dir='ltr'><strong>Syriam</strong></span> <span class='ocrx_word' id='word_1_275' title='bbox 1698 4110 1944 4175; x_wconf 89' lang='lat' dir='ltr'><strong>secessit,</strong></span> <span class='ocrx_word' id='word_1_276' title='bbox 1973 4110 2067 4166; x_wconf 91' lang='lat' dir='ltr'><strong>ubi</strong></span> 
     </span>
    </p>
   </div>
   <div class='ocr_carea' id='block_1_43' title="bbox 501 4196 2071 4269">
    <p class='ocr_par' dir='ltr' id='par_1_43' title="bbox 501 4196 2071 4269">
     <span class='ocr_line' id='line_1_43' title="bbox 501 4196 2071 4269; baseline 0.002 -16"><span class='ocrx_word' id='word_1_277' title='bbox 501 4196 792 4254; x_wconf 71' lang='lat' dir='ltr'><strong>Phtenicite</strong></span> <span class='ocrx_word' id='word_1_278' title='bbox 814 4199 1195 4269; x_wconf 86' lang='lat' dir='ltr'><strong>episcoporum</strong></span> <span class='ocrx_word' id='word_1_279' title='bbox 1223 4199 1467 4266; x_wconf 87' lang='lat' dir='ltr'><strong>decreto,</strong></span> <span class='ocrx_word' id='word_1_280' title='bbox 1501 4201 1791 4257; x_wconf 89' lang='lat' dir='ltr'><strong>ordinante</strong></span> <span class='ocrx_word' id='word_1_281' title='bbox 1820 4201 2071 4257; x_wconf 87' lang='lat' dir='ltr'><strong>Theodo-</strong></span> 
     </span>
    </p>
   </div>
   <div class='ocr_carea' id='block_1_44' title="bbox 500 4289 1834 4363">
    <p class='ocr_par' dir='ltr' id='par_1_44' title="bbox 500 4289 1834 4363">
     <span class='ocr_line' id='line_1_44' title="bbox 500 4289 1834 4363; baseline 0.004 -20"><span class='ocrx_word' id='word_1_282' title='bbox 500 4299 640 4354; x_wconf 90' lang='lat' dir='ltr'><strong>rcto,</strong></span> <span class='ocrx_word' id='word_1_283' title='bbox 665 4289 842 4360; x_wconf 65' lang='lat' dir='ltr'><strong>Tyriae</strong></span> <span class='ocrx_word' id='word_1_284' title='bbox 868 4290 1106 4347; x_wconf 85' lang='lat' dir='ltr'><strong>civitatis</strong></span> <span class='ocrx_word' id='word_1_285' title='bbox 1124 4292 1500 4362; x_wconf 85' lang='lat' dir='ltr'><strong>episcopatum</strong></span> <span class='ocrx_word' id='word_1_286' title='bbox 1522 4294 1834 4363; x_wconf 85' lang='lat' dir='ltr'><strong>capessivit.</strong></span> 
     </span>
    </p>
   </div>
   <div class='ocr_carea' id='block_1_45' title="bbox 570 4383 2146 4458">
    <p class='ocr_par' dir='ltr' id='par_1_45' title="bbox 570 4383 2146 4458">
     <span class='ocr_line' id='line_1_45' title="bbox 570 4383 2146 4458; baseline 0.003 -22"><span class='ocrx_word' id='word_1_287' title='bbox 570 4383 657 4437; x_wconf 91' lang='lat' dir='ltr'><strong>III.</strong></span> <span class='ocrx_word' id='word_1_288' title='bbox 688 4383 865 4452; x_wconf 87' lang='lat' dir='ltr'><strong>Ipsum</strong></span> <span class='ocrx_word' id='word_1_289' title='bbox 889 4391 1069 4438; x_wconf 87' lang='lat' dir='ltr'><strong>tamen</strong></span> <span class='ocrx_word' id='word_1_290' title='bbox 1095 4399 1205 4440; x_wconf 90' lang='lat' dir='ltr'><strong>non</strong></span> <span class='ocrx_word' id='word_1_291' title='bbox 1239 4384 1331 4439; x_wconf 91' lang='lat' dir='ltr'><strong>diu</strong></span> <span class='ocrx_word' id='word_1_292' title='bbox 1366 4385 1577 4440; x_wconf 90' lang='lat' dir='ltr'><strong>tenuit:</strong></span> <span class='ocrx_word' id='word_1_293' title='bbox 1604 4400 1730 4440; x_wconf 88' lang='lat' dir='ltr'><strong>nam</strong></span> <span class='ocrx_word' id='word_1_294' title='bbox 1771 4384 2070 4457; x_wconf 89' lang='lat' dir='ltr'><strong>imperator</strong></span> <span class='ocrx_word' id='word_1_295' title='bbox 2104 4403 2146 4458; x_wconf 74' lang='grc' dir='ltr'><strong>ι)</strong></span> 
     </span>
    </p>
   </div>
   <div class='ocr_carea' id='block_1_46' title="bbox 496 4472 2071 4548">
    <p class='ocr_par' dir='ltr' id='par_1_46' title="bbox 496 4472 2071 4548">
     <span class='ocr_line' id='line_1_46' title="bbox 496 4472 2071 4548; baseline 0 -18"><span class='ocrx_word' id='word_1_296' title='bbox 496 4489 638 4545; x_wconf 77' lang='lat' dir='ltr'><strong>:egre</strong></span> <span class='ocrx_word' id='word_1_297' title='bbox 662 4472 846 4529; x_wconf 87' lang='lat' dir='ltr'><strong>ferens</strong></span> <span class='ocrx_word' id='word_1_298' title='bbox 864 4475 1185 4530; x_wconf 60' lang='lat' dir='ltr'><strong>Phoenicum</strong></span> <span class='ocrx_word' id='word_1_299' title='bbox 1211 4484 1269 4531; x_wconf 91' lang='lat' dir='ltr'><strong>et</strong></span> <span class='ocrx_word' id='word_1_300' title='bbox 1295 4475 1628 4531; x_wconf 87' lang='lat' dir='ltr'><strong>Theodoreti</strong></span> <span class='ocrx_word' id='word_1_301' title='bbox 1657 4478 1884 4543; x_wconf 84' lang='lat' dir='ltr'><strong>factum,</strong></span> <span class='ocrx_word' id='word_1_302' title='bbox 1908 4477 2071 4548; x_wconf 74' lang='lat' dir='ltr'><strong>jussit</strong></span> 
     </span>
    </p>
   </div>
   <div class='ocr_carea' id='block_1_47' title="bbox 496 4564 2069 4637">
    <p class='ocr_par' dir='ltr' id='par_1_47' title="bbox 496 4564 2069 4637">
     <span class='ocr_line' id='line_1_47' title="bbox 496 4564 2069 4637; baseline 0.002 -18"><span class='ocrx_word' id='word_1_303' title='bbox 496 4564 760 4623; x_wconf 67' lang='lat' dir='ltr'><strong>Irenaeum</strong></span> <span class='ocrx_word' id='word_1_304' title='bbox 786 4564 985 4635; x_wconf 85' lang='lat' dir='ltr'><strong>deponi</strong></span> <span class='ocrx_word' id='word_1_305' title='bbox 1009 4582 1025 4630; x_wconf 93' lang='lat'><strong>;</strong></span> <span class='ocrx_word' id='word_1_306' title='bbox 1054 4566 1316 4636; x_wconf 88' lang='lat' dir='ltr'><strong>primum,</strong></span> <span class='ocrx_word' id='word_1_307' title='bbox 1348 4567 1498 4637; x_wconf 89' lang='lat' dir='ltr'><strong>quod</strong></span> <span class='ocrx_word' id='word_1_308' title='bbox 1529 4567 1875 4636; x_wconf 89' lang='lat' dir='ltr'><strong>imperatori,</strong></span> <span class='ocrx_word' id='word_1_309' title='bbox 1903 4583 2069 4637; x_wconf 84' lang='lat' dir='ltr'><strong>quem</strong></span> 
     </span>
    </p>
   </div>
   <div class='ocr_carea' id='block_1_48' title="bbox 496 4653 2072 4726">
    <p class='ocr_par' dir='ltr' id='par_1_48' title="bbox 496 4653 2072 4726">
     <span class='ocr_line' id='line_1_48' title="bbox 496 4653 2072 4726; baseline 0.003 -18"><span class='ocrx_word' id='word_1_310' title='bbox 496 4653 821 4720; x_wconf 80' lang='lat' dir='ltr'><strong>otfenderat,</strong></span> <span class='ocrx_word' id='word_1_311' title='bbox 845 4670 1046 4711; x_wconf 81' lang='lat' dir='ltr'><strong>exosus</strong></span> <span class='ocrx_word' id='word_1_312' title='bbox 1074 4666 1257 4721; x_wconf 87' lang='lat' dir='ltr'><strong>esset;</strong></span> <span class='ocrx_word' id='word_1_313' title='bbox 1297 4656 1517 4719; x_wconf 84' lang='lat' dir='ltr'><strong>deinde,</strong></span> <span class='ocrx_word' id='word_1_314' title='bbox 1543 4655 1692 4726; x_wconf 85' lang='lat' dir='ltr'><strong>quod</strong></span> <span class='ocrx_word' id='word_1_315' title='bbox 1714 4657 1939 4713; x_wconf 67' lang='lat' dir='ltr'><strong>haeresis</strong></span> <span class='ocrx_word' id='word_1_316' title='bbox 1962 4657 2072 4712; x_wconf 86' lang='lat' dir='ltr'><strong>Ne-</strong></span> 
     </span>
    </p>
   </div>
   <div class='ocr_carea' id='block_1_49' title="bbox 497 4746 2072 4821">
    <p class='ocr_par' dir='ltr' id='par_1_49' title="bbox 497 4746 2072 4821">
     <span class='ocr_line' id='line_1_49' title="bbox 497 4746 2072 4821; baseline 0 -20"><span class='ocrx_word' id='word_1_317' title='bbox 497 4746 754 4802; x_wconf 75' lang='lat' dir='ltr'><strong>storiante</strong></span> <span class='ocrx_word' id='word_1_318' title='bbox 796 4747 1017 4803; x_wconf 88' lang='lat' dir='ltr'><strong>nomine</strong></span> <span class='ocrx_word' id='word_1_319' title='bbox 1063 4757 1383 4817; x_wconf 84' lang='lat' dir='ltr'><strong>suspectus;</strong></span> <span class='ocrx_word' id='word_1_320' title='bbox 1434 4748 1696 4819; x_wconf 87' lang='lat' dir='ltr'><strong>denique,</strong></span> <span class='ocrx_word' id='word_1_321' title='bbox 1724 4748 1871 4821; x_wconf 89' lang='lat' dir='ltr'><strong>quod</strong></span> <span class='ocrx_word' id='word_1_322' title='bbox 1917 4748 2072 4819; x_wconf 87' lang='lat' dir='ltr'><strong>diga-</strong></span> 
     </span>
    </p>
   </div>
   <div class='ocr_carea' id='block_1_50' title="bbox 499 4854 638 4893">
    <p class='ocr_par' dir='ltr' id='par_1_50' title="bbox 499 4854 638 4893">
     <span class='ocr_line' id='line_1_50' title="bbox 499 4854 638 4893; baseline -0.014 0"><span class='ocrx_word' id='word_1_323' title='bbox 499 4854 638 4893; x_wconf 79' lang='lat' dir='ltr'><strong>ntus.</strong></span> 
     </span>
    </p>
   </div>
   <div class='ocr_carea' id='block_1_51' title="bbox 567 4928 2069 5001">
    <p class='ocr_par' dir='ltr' id='par_1_51' title="bbox 567 4928 2069 5001">
     <span class='ocr_line' id='line_1_51' title="bbox 567 4928 2069 5001; baseline -0.001 -15"><span class='ocrx_word' id='word_1_324' title='bbox 567 4932 654 4985; x_wconf 77' lang='grc' dir='ltr'><strong>Ν.</strong></span> <span class='ocrx_word' id='word_1_325' title='bbox 688 4928 1039 5001; x_wconf 89' lang='lat' dir='ltr'><strong>Imperatoris</strong></span> <span class='ocrx_word' id='word_1_326' title='bbox 1078 4928 1159 4983; x_wconf 89' lang='lat' dir='ltr'><strong>ira</strong></span> <span class='ocrx_word' id='word_1_327' title='bbox 1189 4928 1246 4983; x_wconf 90' lang='lat' dir='ltr'><strong>in</strong></span> <span class='ocrx_word' id='word_1_328' title='bbox 1287 4928 1492 4984; x_wconf 76' lang='lat' dir='ltr'><strong>irenteo</strong></span> <span class='ocrx_word' id='word_1_329' title='bbox 1528 4944 1639 4983; x_wconf 92' lang='lat' dir='ltr'><strong>non</strong></span> <span class='ocrx_word' id='word_1_330' title='bbox 1670 4930 1841 4994; x_wconf 87' lang='lat' dir='ltr'><strong>stetit,</strong></span> <span class='ocrx_word' id='word_1_331' title='bbox 1874 4930 1970 4986; x_wconf 90' lang='lat' dir='ltr'><strong>sed</strong></span> <span class='ocrx_word' id='word_1_332' title='bbox 1999 4931 2069 4986; x_wconf 93' lang='lat' dir='ltr'><strong>ad</strong></span> 
     </span>
    </p>
   </div>
   <div class='ocr_carea' id='block_1_52' title="bbox 497 5020 2065 5093">
    <p class='ocr_par' dir='ltr' id='par_1_52' title="bbox 497 5020 2065 5093">
     <span class='ocr_line' id='line_1_52' title="bbox 497 5020 2065 5093; baseline -0.001 -16"><span class='ocrx_word' id='word_1_333' title='bbox 497 5023 785 5078; x_wconf 63' lang='lat' dir='ltr'><strong>Phoenices</strong></span> <span class='ocrx_word' id='word_1_334' title='bbox 829 5022 1119 5093; x_wconf 87' lang='lat' dir='ltr'><strong>episcopos</strong></span> <span class='ocrx_word' id='word_1_335' title='bbox 1177 5028 1237 5075; x_wconf 89' lang='lat' dir='ltr'><strong>et</strong></span> <span class='ocrx_word' id='word_1_336' title='bbox 1278 5020 1695 5075; x_wconf 84' lang='lat' dir='ltr'><strong>Theodoretnm</strong></span> <span class='ocrx_word' id='word_1_337' title='bbox 1749 5021 2065 5091; x_wconf 84' lang='lat' dir='ltr'><strong>pertinuit:</strong></span> 
     </span>
    </p>
   </div>
   <div class='ocr_carea' id='block_1_53' title="bbox 499 5111 2069 5184">
    <p class='ocr_par' dir='ltr' id='par_1_53' title="bbox 499 5111 2069 5184">
     <span class='ocr_line' id='line_1_53' title="bbox 499 5111 2069 5184; baseline 0 -17"><span class='ocrx_word' id='word_1_338' title='bbox 499 5112 621 5167; x_wconf 90' lang='lat' dir='ltr'><strong>illos</strong></span> <span class='ocrx_word' id='word_1_339' title='bbox 638 5114 783 5167; x_wconf 91' lang='lat' dir='ltr'><strong>enim</strong></span> <span class='ocrx_word' id='word_1_340' title='bbox 811 5111 1057 5184; x_wconf 81' lang='lat' dir='ltr'><strong>jnssitde</strong></span> <span class='ocrx_word' id='word_1_341' title='bbox 1084 5111 1191 5167; x_wconf 81' lang='lat' dir='ltr'><strong>fide</strong></span> <span class='ocrx_word' id='word_1_342' title='bbox 1217 5112 1421 5167; x_wconf 89' lang='lat' dir='ltr'><strong>sentire</strong></span> <span class='ocrx_word' id='word_1_343' title='bbox 1450 5119 1661 5180; x_wconf 88' lang='lat' dir='ltr'><strong>aperte,</strong></span> <span class='ocrx_word' id='word_1_344' title='bbox 1685 5111 1832 5181; x_wconf 86' lang='lat' dir='ltr'><strong>quod</strong></span> <span class='ocrx_word' id='word_1_345' title='bbox 1861 5111 1917 5165; x_wconf 88' lang='lat' dir='ltr'><strong>in</strong></span> <span class='ocrx_word' id='word_1_346' title='bbox 1944 5128 2069 5167; x_wconf 87' lang='lat' dir='ltr'><strong>san-</strong></span> 
     </span>
    </p>
   </div>
   <div class='ocr_carea' id='block_1_54' title="bbox 497 5200 2067 5272">
    <p class='ocr_par' dir='ltr' id='par_1_54' title="bbox 497 5200 2067 5272">
     <span class='ocr_line' id='line_1_54' title="bbox 497 5200 2067 5272; baseline 0.002 -18"><span class='ocrx_word' id='word_1_347' title='bbox 497 5200 691 5255; x_wconf 80' lang='lat' dir='ltr'><strong>cienda</strong></span> <span class='ocrx_word' id='word_1_348' title='bbox 715 5218 848 5271; x_wconf 89' lang='lat' dir='ltr'><strong>pace</strong></span> <span class='ocrx_word' id='word_1_349' title='bbox 869 5211 1134 5259; x_wconf 83' lang='lat' dir='ltr'><strong>statutum</strong></span> <span class='ocrx_word' id='word_1_350' title='bbox 1150 5209 1287 5258; x_wconf 87' lang='lat' dir='ltr'><strong>erat.</strong></span> <span class='ocrx_word' id='word_1_351' title='bbox 1320 5201 1490 5256; x_wconf 89' lang='lat' dir='ltr'><strong>Istum</strong></span> <span class='ocrx_word' id='word_1_352' title='bbox 1523 5202 1696 5256; x_wconf 89' lang='lat' dir='ltr'><strong>vetuit</strong></span> <span class='ocrx_word' id='word_1_353' title='bbox 1719 5200 1905 5272; x_wconf 79' lang='lat' dir='ltr'><strong>egredi</strong></span> <span class='ocrx_word' id='word_1_354' title='bbox 1931 5201 2067 5257; x_wconf 85' lang='lat' dir='ltr'><strong>lines</strong></span> 
     </span>
    </p>
   </div>
   <div class='ocr_carea' id='block_1_55' title="bbox 495 5292 2069 5365">
    <p class='ocr_par' dir='ltr' id='par_1_55' title="bbox 495 5292 2069 5365">
     <span class='ocr_line' id='line_1_55' title="bbox 495 5292 2069 5365; baseline 0 -18"><span class='ocrx_word' id='word_1_355' title='bbox 495 5292 641 5362; x_wconf 83' lang='lat' dir='ltr'><strong>Cyri,</strong></span> <span class='ocrx_word' id='word_1_356' title='bbox 676 5307 799 5361; x_wconf 62' lang='lat' dir='ltr'><strong>quae</strong></span> <span class='ocrx_word' id='word_1_357' title='bbox 829 5294 1013 5350; x_wconf 89' lang='lat' dir='ltr'><strong>omnia</strong></span> <span class='ocrx_word' id='word_1_358' title='bbox 1054 5293 1438 5365; x_wconf 83' lang='lat' dir='ltr'><strong>intelliguntur</strong></span> <span class='ocrx_word' id='word_1_359' title='bbox 1484 5308 1553 5348; x_wconf 82' lang='lat' dir='ltr'><strong>ex</strong></span> <span class='ocrx_word' id='word_1_360' title='bbox 1592 5293 1824 5364; x_wconf 84' lang='lat' dir='ltr'><strong>epistola</strong></span> <span class='ocrx_word' id='word_1_361' title='bbox 1861 5293 1961 5348; x_wconf 81' lang='lat' dir='ltr'><strong>uo</strong></span> <span class='ocrx_word' id='word_1_362' title='bbox 2010 5302 2069 5348; x_wconf 89' lang='lat' dir='ltr'><strong>et</strong></span> 
     </span>
    </p>
   </div>
   <div class='ocr_carea' id='block_1_56' title="bbox 496 5383 638 5438">
    <p class='ocr_par' dir='ltr' id='par_1_56' title="bbox 496 5383 638 5438">
     <span class='ocr_line' id='line_1_56' title="bbox 496 5383 638 5438; baseline -0.007 0"><span class='ocrx_word' id='word_1_363' title='bbox 496 5383 638 5438; x_wconf 86' lang='lat' dir='ltr'><strong>aliis.</strong></span> 
     </span>
    </p>
   </div>
   <div class='ocr_carea' id='block_1_57' title="bbox 572 5471 2067 5543">
    <p class='ocr_par' dir='ltr' id='par_1_57' title="bbox 572 5471 2067 5543">
     <span class='ocr_line' id='line_1_57' title="bbox 572 5471 2067 5543; baseline 0.003 -14"><span class='ocrx_word' id='word_1_364' title='bbox 572 5472 633 5529; x_wconf 76' lang='grc' dir='ltr'><strong>ν.</strong></span> <span class='ocrx_word' id='word_1_365' title='bbox 658 5471 900 5543; x_wconf 76' lang='lat' dir='ltr'><strong>Contigit</strong></span> <span class='ocrx_word' id='word_1_366' title='bbox 933 5474 1122 5529; x_wconf 73' lang='lat' dir='ltr'><strong>Irentei</strong></span> <span class='ocrx_word' id='word_1_367' title='bbox 1166 5476 1441 5534; x_wconf 89' lang='lat' dir='ltr'><strong>ordinatio</strong></span> <span class='ocrx_word' id='word_1_368' title='bbox 1492 5493 1638 5533; x_wconf 89' lang='lat' dir='ltr'><strong>anno</strong></span> <span class='ocrx_word' id='word_1_369' title='bbox 1677 5477 1899 5534; x_wconf 89' lang='lat' dir='ltr'><strong>circiter</strong></span> <span class='ocrx_word' id='word_1_370' title='bbox 1938 5477 2067 5543; x_wconf 72' lang='lat' dir='ltr'><strong>4M,</strong></span> 
     </span>
    </p>
   </div>
   <div class='ocr_carea' id='block_1_58' title="bbox 1610 291 2633 362">
    <p class='ocr_par' dir='ltr' id='par_1_58' title="bbox 1610 291 2633 362">
     <span class='ocr_line' id='line_1_58' title="bbox 1610 291 2633 362; baseline -0.002 0"><span class='ocrx_word' id='word_1_371' title='bbox 1610 301 1985 362; x_wconf 76' lang='lat' dir='ltr'><strong>GARNERII</strong></span> <span class='ocrx_word' id='word_1_372' title='bbox 2025 291 2519 362; x_wconf 81' lang='lat' dir='ltr'><strong>DISSERTATIO</strong></span> <span class='ocrx_word' id='word_1_373' title='bbox 2550 299 2633 362; x_wconf 90' lang='lat' dir='ltr'><strong>II.</strong></span> 
     </span>
    </p>
   </div>
   <div class='ocr_carea' id='block_1_59' title="bbox 2078 405 3731 481">
    <p class='ocr_par' dir='ltr' id='par_1_59' title="bbox 2078 405 3731 481">
     <span class='ocr_line' id='line_1_59' title="bbox 2078 405 3731 481; baseline 0.005 -20"><span class='ocrx_word' id='word_1_374' title='bbox 2078 410 2123 467; x_wconf 76' lang='grc' dir='ltr'>Α</span> <span class='ocrx_word' id='word_1_375' title='bbox 2149 405 2419 477; x_wconf 90' lang='lat' dir='ltr'><strong>depositio</strong></span> <span class='ocrx_word' id='word_1_376' title='bbox 2460 415 2584 477; x_wconf 87' lang='lat' dir='ltr'><strong>post</strong></span> <span class='ocrx_word' id='word_1_377' title='bbox 2630 406 3089 478; x_wconf 88' lang='lat' dir='ltr'><strong>quadriennium;</strong></span> <span class='ocrx_word' id='word_1_378' title='bbox 3116 406 3478 479; x_wconf 83' lang='lat' dir='ltr'><strong>depositionis</strong></span> <span class='ocrx_word' id='word_1_379' title='bbox 3509 417 3731 481; x_wconf 82' lang='lat' dir='ltr'><strong>tempus</strong></span> 
     </span>
    </p>
   </div>
   <div class='ocr_carea' id='block_1_60' title="bbox 3620 302 3730 367">
    <p class='ocr_par' dir='ltr' id='par_1_60' title="bbox 3620 302 3730 367">
     <span class='ocr_line' id='line_1_60' title="bbox 3620 302 3730 367; baseline 0 0"><span class='ocrx_word' id='word_1_380' title='bbox 3620 302 3730 367; x_wconf 61' lang='grc' dir='ltr'><strong>Ἄξιῦ</strong></span> 
     </span>
    </p>
   </div>
   <div class='ocr_carea' id='block_1_61' title="bbox 2154 497 3728 569">
    <p class='ocr_par' dir='ltr' id='par_1_61' title="bbox 2154 497 3728 569">
     <span class='ocr_line' id='line_1_61' title="bbox 2154 497 3728 569; baseline 0.003 -18"><span class='ocrx_word' id='word_1_381' title='bbox 2154 497 2507 568; x_wconf 77' lang='lat' dir='ltr'><strong>consignatur</strong></span> <span class='ocrx_word' id='word_1_382' title='bbox 2535 498 2717 554; x_wconf 90' lang='lat' dir='ltr'><strong>edicto</strong></span> <span class='ocrx_word' id='word_1_383' title='bbox 2754 506 3070 569; x_wconf 72' lang='lat' dir='ltr'><strong>praetorum,</strong></span> <span class='ocrx_word' id='word_1_384' title='bbox 3120 497 3312 553; x_wconf 88' lang='lat' dir='ltr'><strong>indict.</strong></span> <span class='ocrx_word' id='word_1_385' title='bbox 3352 499 3401 564; x_wconf 85' lang='lat' dir='ltr'><strong>I,</strong></span> <span class='ocrx_word' id='word_1_386' title='bbox 3432 515 3577 555; x_wconf 83' lang='lat' dir='ltr'><strong>anno</strong></span> <span class='ocrx_word' id='word_1_387' title='bbox 3595 499 3728 557; x_wconf 90' lang='lat' dir='ltr'><strong>Dio-</strong></span> 
     </span>
    </p>
   </div>
   <div class='ocr_carea' id='block_1_62' title="bbox 2154 588 3731 662">
    <p class='ocr_par' dir='ltr' id='par_1_62' title="bbox 2154 588 3731 662">
     <span class='ocr_line' id='line_1_62' title="bbox 2154 588 3731 662; baseline 0.004 -20"><span class='ocrx_word' id='word_1_388' title='bbox 2154 588 2374 643; x_wconf 90' lang='lat' dir='ltr'><strong>cletiani</strong></span> <span class='ocrx_word' id='word_1_389' title='bbox 2408 590 2526 656; x_wconf 71' lang='grc'><strong>164,</strong></span> <span class='ocrx_word' id='word_1_390' title='bbox 2563 591 2657 661; x_wconf 90' lang='lat' dir='ltr'><strong>qui</strong></span> <span class='ocrx_word' id='word_1_391' title='bbox 2687 598 2771 646; x_wconf 90' lang='lat' dir='ltr'><strong>est</strong></span> <span class='ocrx_word' id='word_1_392' title='bbox 2796 590 3001 646; x_wconf 90' lang='lat' dir='ltr'><strong>Christi</strong></span> <span class='ocrx_word' id='word_1_393' title='bbox 3028 590 3153 644; x_wconf 75' lang='grc'><strong>448.</strong></span> <span class='ocrx_word' id='word_1_394' title='bbox 3178 589 3465 645; x_wconf 90' lang='lat' dir='ltr'><strong>Ordinatio</strong></span> <span class='ocrx_word' id='word_1_395' title='bbox 3507 601 3731 662; x_wconf 88' lang='lat' dir='ltr'><strong>peracta</strong></span> 
     </span>
    </p>
   </div>
   <div class='ocr_carea' id='block_1_63' title="bbox 2154 680 3729 753">
    <p class='ocr_par' dir='ltr' id='par_1_63' title="bbox 2154 680 3729 753">
     <span class='ocr_line' id='line_1_63' title="bbox 2154 680 3729 753; baseline 0.003 -20"><span class='ocrx_word' id='word_1_396' title='bbox 2154 689 2239 733; x_wconf 90' lang='lat' dir='ltr'><strong>est</strong></span> <span class='ocrx_word' id='word_1_397' title='bbox 2264 689 2391 736; x_wconf 84' lang='lat' dir='ltr'><strong>ante</strong></span> <span class='ocrx_word' id='word_1_398' title='bbox 2422 681 2636 737; x_wconf 89' lang='lat' dir='ltr'><strong>obitum</strong></span> <span class='ocrx_word' id='word_1_399' title='bbox 2671 682 2873 747; x_wconf 80' lang='lat' dir='ltr'><strong>Procli,</strong></span> <span class='ocrx_word' id='word_1_400' title='bbox 2908 681 3004 753; x_wconf 90' lang='lat' dir='ltr'><strong>qui</strong></span> <span class='ocrx_word' id='word_1_401' title='bbox 3032 680 3268 736; x_wconf 89' lang='lat' dir='ltr'><strong>decessit</strong></span> <span class='ocrx_word' id='word_1_402' title='bbox 3313 696 3459 737; x_wconf 90' lang='lat' dir='ltr'><strong>anno</strong></span> <span class='ocrx_word' id='word_1_403' title='bbox 3491 682 3613 747; x_wconf 70' lang='lat' dir='ltr'><strong>M7,</strong></span> <span class='ocrx_word' id='word_1_404' title='bbox 3639 682 3729 738; x_wconf 84' lang='lat' dir='ltr'><strong>die</strong></span> 
     </span>
    </p>
   </div>
   <div class='ocr_carea' id='block_1_64' title="bbox 2153 768 3735 842">
    <p class='ocr_par' dir='ltr' id='par_1_64' title="bbox 2153 768 3735 842">
     <span class='ocr_line' id='line_1_64' title="bbox 2153 768 3735 842; baseline 0.004 -20"><span class='ocrx_word' id='word_1_405' title='bbox 2153 768 2224 827; x_wconf 70' lang='grc'><strong>24</strong></span> <span class='ocrx_word' id='word_1_406' title='bbox 2254 771 2545 842; x_wconf 84' lang='lat' dir='ltr'><strong>Octobris;</strong></span> <span class='ocrx_word' id='word_1_407' title='bbox 2582 772 2693 826; x_wconf 90' lang='lat' dir='ltr'><strong>imo</strong></span> <span class='ocrx_word' id='word_1_408' title='bbox 2738 780 2864 827; x_wconf 88' lang='lat' dir='ltr'><strong>ante</strong></span> <span class='ocrx_word' id='word_1_409' title='bbox 2903 772 3264 836; x_wconf 87' lang='lat' dir='ltr'><strong>sanctionem,</strong></span> <span class='ocrx_word' id='word_1_410' title='bbox 3318 788 3428 841; x_wconf 89' lang='lat' dir='ltr'><strong>qua</strong></span> <span class='ocrx_word' id='word_1_411' title='bbox 3479 772 3735 828; x_wconf 83' lang='lat' dir='ltr'><strong>Theodo-</strong></span> 
     </span>
    </p>
   </div>
   <div class='ocr_carea' id='block_1_65' title="bbox 2155 863 3734 936">
    <p class='ocr_par' dir='ltr' id='par_1_65' title="bbox 2155 863 3734 936">
     <span class='ocr_line' id='line_1_65' title="bbox 2155 863 3734 936; baseline 0.001 -17"><span class='ocrx_word' id='word_1_412' title='bbox 2155 872 2307 919; x_wconf 88' lang='lat' dir='ltr'><strong>retus</strong></span> <span class='ocrx_word' id='word_1_413' title='bbox 2350 863 2494 936; x_wconf 86' lang='lat' dir='ltr'><strong>Cyro</strong></span> <span class='ocrx_word' id='word_1_414' title='bbox 2547 863 3015 929; x_wconf 88' lang='lat' dir='ltr'><strong>concludebatur;</strong></span> <span class='ocrx_word' id='word_1_415' title='bbox 3066 863 3192 918; x_wconf 92' lang='lat' dir='ltr'><strong>data</strong></span> <span class='ocrx_word' id='word_1_416' title='bbox 3231 879 3365 920; x_wconf 92' lang='lat' dir='ltr'><strong>vero</strong></span> <span class='ocrx_word' id='word_1_417' title='bbox 3396 873 3480 919; x_wconf 90' lang='lat' dir='ltr'><strong>est</strong></span> <span class='ocrx_word' id='word_1_418' title='bbox 3520 864 3734 920; x_wconf 90' lang='lat' dir='ltr'><strong>sanctio</strong></span> 
     </span>
    </p>
   </div>
   <div class='ocr_carea' id='block_1_66' title="bbox 2157 952 3733 1020">
    <p class='ocr_par' dir='ltr' id='par_1_66' title="bbox 2157 952 3733 1020">
     <span class='ocr_line' id='line_1_66' title="bbox 2157 952 3733 1020; baseline 0.002 -10"><span class='ocrx_word' id='word_1_419' title='bbox 2157 969 2302 1010; x_wconf 84' lang='lat' dir='ltr'><strong>anno</strong></span> <span class='ocrx_word' id='word_1_420' title='bbox 2343 956 2469 1020; x_wconf 63' lang='lat'><strong>445,</strong></span> <span class='ocrx_word' id='word_1_421' title='bbox 2524 954 2628 1010; x_wconf 91' lang='lat' dir='ltr'><strong>sub</strong></span> <span class='ocrx_word' id='word_1_422' title='bbox 2676 952 2860 1008; x_wconf 83' lang='lat' dir='ltr'><strong>ﬁnem.</strong></span> <span class='ocrx_word' id='word_1_423' title='bbox 2887 954 3023 1009; x_wconf 83' lang='lat' dir='ltr'><strong>Nam</strong></span> <span class='ocrx_word' id='word_1_424' title='bbox 3051 953 3279 1009; x_wconf 88' lang='lat' dir='ltr'><strong>Proclus</strong></span> <span class='ocrx_word' id='word_1_425' title='bbox 3323 955 3733 1014; x_wconf 85' lang='lat' dir='ltr'><strong>ordinationem</strong></span> 
     </span>
    </p>
   </div>
   <div class='ocr_carea' id='block_1_67' title="bbox 2156 1042 3736 1113">
    <p class='ocr_par' dir='ltr' id='par_1_67' title="bbox 2156 1042 3736 1113">
     <span class='ocr_line' id='line_1_67' title="bbox 2156 1042 3736 1113; baseline 0.003 -17"><span class='ocrx_word' id='word_1_426' title='bbox 2156 1043 2427 1113; x_wconf 88' lang='lat' dir='ltr'><strong>probavit,</strong></span> <span class='ocrx_word' id='word_1_427' title='bbox 2452 1053 2507 1099; x_wconf 92' lang='lat' dir='ltr'><strong>et</strong></span> <span class='ocrx_word' id='word_1_428' title='bbox 2537 1042 2919 1098; x_wconf 85' lang='lat' dir='ltr'><strong>Theodoretus</strong></span> <span class='ocrx_word' id='word_1_429' title='bbox 2944 1050 3067 1112; x_wconf 89' lang='lat' dir='ltr'><strong>post</strong></span> <span class='ocrx_word' id='word_1_430' title='bbox 3103 1043 3439 1099; x_wconf 90' lang='lat' dir='ltr'><strong>sanctionem</strong></span> <span class='ocrx_word' id='word_1_431' title='bbox 3466 1060 3525 1100; x_wconf 90' lang='lat' dir='ltr'><strong>se</strong></span> <span class='ocrx_word' id='word_1_432' title='bbox 3554 1048 3736 1101; x_wconf 81' lang='lat' dir='ltr'><strong>conti-</strong></span> 
     </span>
    </p>
   </div>
   <div class='ocr_carea' id='block_1_68' title="bbox 2156 1132 3504 1205">
    <p class='ocr_par' dir='ltr' id='par_1_68' title="bbox 2156 1132 3504 1205">
     <span class='ocr_line' id='line_1_68' title="bbox 2156 1132 3504 1205; baseline 0.001 -17"><span class='ocrx_word' id='word_1_433' title='bbox 2156 1135 2278 1188; x_wconf 91' lang='lat' dir='ltr'><strong>nuit</strong></span> <span class='ocrx_word' id='word_1_434' title='bbox 2302 1132 2462 1205; x_wconf 88' lang='lat' dir='ltr'><strong>Cyro,</strong></span> <span class='ocrx_word' id='word_1_435' title='bbox 2490 1149 2593 1188; x_wconf 90' lang='lat' dir='ltr'><strong>nec</strong></span> <span class='ocrx_word' id='word_1_436' title='bbox 2611 1132 2843 1203; x_wconf 90' lang='lat' dir='ltr'><strong>proinde</strong></span> <span class='ocrx_word' id='word_1_437' title='bbox 2877 1132 3076 1203; x_wconf 84' lang='lat' dir='ltr'><strong>Tyrum</strong></span> <span class='ocrx_word' id='word_1_438' title='bbox 3107 1134 3385 1202; x_wconf 86' lang='lat' dir='ltr'><strong>profectus</strong></span> <span class='ocrx_word' id='word_1_439' title='bbox 3403 1144 3504 1190; x_wconf 88' lang='lat' dir='ltr'><strong>est.</strong></span> 
     </span>
    </p>
   </div>
   <div class='ocr_carea' id='block_1_69' title="bbox 2228 1218 3733 1297">
    <p class='ocr_par' dir='ltr' id='par_1_69' title="bbox 2228 1218 3733 1297">
     <span class='ocr_line' id='line_1_69' title="bbox 2228 1218 3733 1297; baseline 0.005 -21"><span class='ocrx_word' id='word_1_440' title='bbox 2228 1218 2315 1276; x_wconf 81' lang='lat' dir='ltr'><strong>VI.</strong></span> <span class='ocrx_word' id='word_1_441' title='bbox 2348 1222 2427 1277; x_wconf 88' lang='lat' dir='ltr'><strong>Ex</strong></span> <span class='ocrx_word' id='word_1_442' title='bbox 2446 1223 2549 1277; x_wconf 89' lang='lat' dir='ltr'><strong>hac</strong></span> <span class='ocrx_word' id='word_1_443' title='bbox 2567 1223 2819 1287; x_wconf 87' lang='lat' dir='ltr'><strong>historia,</strong></span> <span class='ocrx_word' id='word_1_444' title='bbox 2847 1224 3076 1294; x_wconf 88' lang='lat' dir='ltr'><strong>ipsoque</strong></span> <span class='ocrx_word' id='word_1_445' title='bbox 3105 1224 3349 1294; x_wconf 72' lang='lat' dir='ltr'><strong>epistola:</strong></span> <span class='ocrx_word' id='word_1_446' title='bbox 3386 1236 3733 1297; x_wconf 88' lang='lat' dir='ltr'><strong>argumento,</strong></span> 
     </span>
    </p>
   </div>
   <div class='ocr_carea' id='block_1_70' title="bbox 2158 1311 3736 1384">
    <p class='ocr_par' dir='ltr' id='par_1_70' title="bbox 2158 1311 3736 1384">
     <span class='ocr_line' id='line_1_70' title="bbox 2158 1311 3736 1384; baseline 0.004 -19"><span class='ocrx_word' id='word_1_447' title='bbox 2158 1311 2632 1383; x_wconf 81' lang='lat' dir='ltr'><strong>innotescit307</strong></span> <span class='ocrx_word' id='word_1_448' title='bbox 2660 1322 2894 1383; x_wconf 88' lang='lat' dir='ltr'><strong>tempus,</strong></span> <span class='ocrx_word' id='word_1_449' title='bbox 2942 1329 3053 1384; x_wconf 90' lang='lat' dir='ltr'><strong>quo</strong></span> <span class='ocrx_word' id='word_1_450' title='bbox 3103 1313 3229 1370; x_wconf 90' lang='lat' dir='ltr'><strong>data</strong></span> <span class='ocrx_word' id='word_1_451' title='bbox 3256 1322 3342 1369; x_wconf 91' lang='lat' dir='ltr'><strong>est</strong></span> <span class='ocrx_word' id='word_1_452' title='bbox 3391 1332 3405 1367; x_wconf 91' lang='lat'><strong>:</strong></span> <span class='ocrx_word' id='word_1_453' title='bbox 3447 1332 3571 1369; x_wconf 89' lang='lat' dir='ltr'><strong>nam</strong></span> <span class='ocrx_word' id='word_1_454' title='bbox 3606 1332 3736 1382; x_wconf 81' lang='lat' dir='ltr'><strong>cum</strong></span> 
     </span>
    </p>
   </div>
   <div class='ocr_carea' id='block_1_71' title="bbox 2158 1402 3737 1474">
    <p class='ocr_par' dir='ltr' id='par_1_71' title="bbox 2158 1402 3737 1474">
     <span class='ocr_line' id='line_1_71' title="bbox 2158 1402 3737 1474; baseline 0.003 -19"><span class='ocrx_word' id='word_1_455' title='bbox 2158 1402 2513 1473; x_wconf 65' lang='lat' dir='ltr'><strong>quaestionem</strong></span> <span class='ocrx_word' id='word_1_456' title='bbox 2542 1403 2683 1458; x_wconf 89' lang='lat' dir='ltr'><strong>hanc</strong></span> <span class='ocrx_word' id='word_1_457' title='bbox 2703 1403 3099 1474; x_wconf 81' lang='lat' dir='ltr'><strong>amigmaticam</strong></span> <span class='ocrx_word' id='word_1_458' title='bbox 3122 1403 3362 1458; x_wconf 76' lang='lat' dir='ltr'><strong>Irenmus</strong></span> <span class='ocrx_word' id='word_1_459' title='bbox 3383 1403 3737 1459; x_wconf 88' lang='lat' dir='ltr'><strong>Theodoreto</strong></span> 
     </span>
    </p>
   </div>
   <div class='ocr_carea' id='block_1_72' title="bbox 2158 1491 3739 1564">
    <p class='ocr_par' dir='ltr' id='par_1_72' title="bbox 2158 1491 3739 1564">
     <span class='ocr_line' id='line_1_72' title="bbox 2158 1491 3739 1564; baseline 0.004 -19"><span class='ocrx_word' id='word_1_460' title='bbox 2158 1493 2581 1562; x_wconf 89' lang='lat' dir='ltr'><strong>proposuisset:</strong></span> <span class='ocrx_word' id='word_1_461' title='bbox 2620 1511 2638 1544; x_wconf 75' lang='grc' dir='ltr'>ι</span> <span class='ocrx_word' id='word_1_462' title='bbox 2692 1492 2747 1548; x_wconf 90' lang='lat' dir='ltr'><strong>Si</strong></span> <span class='ocrx_word' id='word_1_463' title='bbox 2783 1494 2951 1564; x_wconf 81' lang='lat' dir='ltr'><strong>judex</strong></span> <span class='ocrx_word' id='word_1_464' title='bbox 2994 1491 3196 1564; x_wconf 89' lang='lat' dir='ltr'><strong>impius</strong></span> <span class='ocrx_word' id='word_1_465' title='bbox 3253 1493 3470 1548; x_wconf 91' lang='lat' dir='ltr'><strong>duobus</strong></span> <span class='ocrx_word' id='word_1_466' title='bbox 3515 1494 3739 1564; x_wconf 85' lang='lat' dir='ltr'><strong>pietatis</strong></span> 
     </span>
    </p>
   </div>
   <div class='ocr_carea' id='block_1_73' title="bbox 2158 1582 3737 1653">
    <p class='ocr_par' dir='ltr' id='par_1_73' title="bbox 2158 1582 3737 1653">
     <span class='ocr_line' id='line_1_73' title="bbox 2158 1582 3737 1653; baseline 0.001 -16"><span class='ocrx_word' id='word_1_467' title='bbox 2158 1582 2381 1638; x_wconf 89' lang='lat' dir='ltr'><strong>athletis</strong></span> <span class='ocrx_word' id='word_1_468' title='bbox 2403 1583 2683 1653; x_wconf 87' lang='lat' dir='ltr'><strong>optionem</strong></span> <span class='ocrx_word' id='word_1_469' title='bbox 2725 1582 2976 1648; x_wconf 92' lang='lat' dir='ltr'><strong>dederit,</strong></span> <span class='ocrx_word' id='word_1_470' title='bbox 3029 1593 3091 1638; x_wconf 92' lang='lat' dir='ltr'><strong>ut</strong></span> <span class='ocrx_word' id='word_1_471' title='bbox 3119 1583 3353 1639; x_wconf 90' lang='lat' dir='ltr'><strong>duorum</strong></span> <span class='ocrx_word' id='word_1_472' title='bbox 3382 1584 3614 1639; x_wconf 88' lang='lat' dir='ltr'><strong>alterum</strong></span> <span class='ocrx_word' id='word_1_473' title='bbox 3657 1585 3737 1640; x_wconf 89' lang='lat' dir='ltr'><strong>fa-</strong></span> 
     </span>
    </p>
   </div>
   <div class='ocr_carea' id='block_1_74' title="bbox 2159 1672 3737 1737">
    <p class='ocr_par' dir='ltr' id='par_1_74' title="bbox 2159 1672 3737 1737">
     <span class='ocr_line' id='line_1_74' title="bbox 2159 1672 3737 1737; baseline 0.002 -9"><span class='ocrx_word' id='word_1_474' title='bbox 2159 1672 2326 1737; x_wconf 90' lang='lat' dir='ltr'><strong>ciant,</strong></span> <span class='ocrx_word' id='word_1_475' title='bbox 2353 1683 2447 1729; x_wconf 92' lang='lat' dir='ltr'><strong>aut</strong></span> <span class='ocrx_word' id='word_1_476' title='bbox 2485 1672 2794 1730; x_wconf 83' lang='lat' dir='ltr'><strong>sacrificent</strong></span> <span class='ocrx_word' id='word_1_477' title='bbox 2815 1673 3177 1737; x_wconf 70' lang='lat' dir='ltr'><strong>daemonibus,</strong></span> <span class='ocrx_word' id='word_1_478' title='bbox 3206 1683 3303 1728; x_wconf 92' lang='lat' dir='ltr'><strong>aut</strong></span> <span class='ocrx_word' id='word_1_479' title='bbox 3340 1689 3459 1729; x_wconf 85' lang='lat' dir='ltr'><strong>sese</strong></span> <span class='ocrx_word' id='word_1_480' title='bbox 3488 1673 3542 1727; x_wconf 90' lang='lat' dir='ltr'><strong>in</strong></span> <span class='ocrx_word' id='word_1_481' title='bbox 3584 1690 3737 1731; x_wconf 90' lang='lat' dir='ltr'><strong>mare</strong></span> 
     </span>
    </p>
   </div>
   <div class='ocr_carea' id='block_1_75' title="bbox 2093 1747 3741 1836">
    <p class='ocr_par' dir='ltr' id='par_1_75' title="bbox 2093 1747 3741 1836">
     <span class='ocr_line' id='line_1_75' title="bbox 2093 1747 3741 1836; baseline 0.002 -17"><span class='ocrx_word' id='word_1_482' title='bbox 2093 1747 2131 1799; x_wconf 78' lang='grc' dir='ltr'><strong>Β</strong></span> <span class='ocrx_word' id='word_1_483' title='bbox 2160 1763 2293 1819; x_wconf 91' lang='lat' dir='ltr'><strong>dent</strong></span> <span class='ocrx_word' id='word_1_484' title='bbox 2316 1765 2622 1834; x_wconf 67' lang='lat' dir='ltr'><strong>praecipites</strong></span> <span class='ocrx_word' id='word_1_485' title='bbox 2649 1782 2662 1818; x_wconf 92' lang='lat'><strong>:</strong></span> <span class='ocrx_word' id='word_1_486' title='bbox 2698 1773 2862 1835; x_wconf 87' lang='lat' dir='ltr'><strong>atque</strong></span> <span class='ocrx_word' id='word_1_487' title='bbox 2894 1764 3091 1821; x_wconf 91' lang='lat' dir='ltr'><strong>horum</strong></span> <span class='ocrx_word' id='word_1_488' title='bbox 3124 1781 3268 1820; x_wconf 90' lang='lat' dir='ltr'><strong>unus</strong></span> <span class='ocrx_word' id='word_1_489' title='bbox 3299 1767 3576 1836; x_wconf 90' lang='lat' dir='ltr'><strong>posterius</strong></span> <span class='ocrx_word' id='word_1_490' title='bbox 3599 1768 3741 1822; x_wconf 87' lang='lat' dir='ltr'><strong>arri-</strong></span> 
     </span>
    </p>
   </div>
   <div class='ocr_carea' id='block_1_76' title="bbox 2162 1852 3738 1923">
    <p class='ocr_par' dir='ltr' id='par_1_76' title="bbox 2162 1852 3738 1923">
     <span class='ocr_line' id='line_1_76' title="bbox 2162 1852 3738 1923; baseline 0.001 -17"><span class='ocrx_word' id='word_1_491' title='bbox 2162 1852 2368 1922; x_wconf 91' lang='lat' dir='ltr'><strong>puerit,</strong></span> <span class='ocrx_word' id='word_1_492' title='bbox 2394 1852 2763 1922; x_wconf 89' lang='lat' dir='ltr'><strong>alaeriterque</strong></span> <span class='ocrx_word' id='word_1_493' title='bbox 2797 1854 2854 1907; x_wconf 91' lang='lat' dir='ltr'><strong>in</strong></span> <span class='ocrx_word' id='word_1_494' title='bbox 2882 1852 3219 1923; x_wconf 88' lang='lat' dir='ltr'><strong>profundum</strong></span> <span class='ocrx_word' id='word_1_495' title='bbox 3259 1852 3560 1921; x_wconf 90' lang='lat' dir='ltr'><strong>dcsilierit;</strong></span> <span class='ocrx_word' id='word_1_496' title='bbox 3596 1855 3738 1907; x_wconf 88' lang='lat' dir='ltr'><strong>alter</strong></span> 
     </span>
    </p>
   </div>
   <div class='ocr_carea' id='block_1_77' title="bbox 2161 1941 3737 2012">
    <p class='ocr_par' dir='ltr' id='par_1_77' title="bbox 2161 1941 3737 2012">
     <span class='ocr_line' id='line_1_77' title="bbox 2161 1941 3737 2012; baseline 0.001 -17"><span class='ocrx_word' id='word_1_497' title='bbox 2161 1956 2295 1996; x_wconf 87' lang='lat' dir='ltr'><strong>vero</strong></span> <span class='ocrx_word' id='word_1_498' title='bbox 2313 1952 2569 1996; x_wconf 88' lang='lat' dir='ltr'><strong>neutrum</strong></span> <span class='ocrx_word' id='word_1_499' title='bbox 2592 1941 2840 2012; x_wconf 81' lang='lat' dir='ltr'><strong>elegerit,</strong></span> <span class='ocrx_word' id='word_1_500' title='bbox 2865 1942 2959 1997; x_wconf 89' lang='lat' dir='ltr'><strong>sed</strong></span> <span class='ocrx_word' id='word_1_501' title='bbox 2991 1941 3261 1997; x_wconf 89' lang='lat' dir='ltr'><strong>idolorum</strong></span> <span class='ocrx_word' id='word_1_502' title='bbox 3279 1941 3502 2012; x_wconf 86' lang='lat' dir='ltr'><strong>quidem</strong></span> <span class='ocrx_word' id='word_1_503' title='bbox 3525 1942 3737 1997; x_wconf 88' lang='lat' dir='ltr'><strong>cultum</strong></span> 
     </span>
    </p>
   </div>
   <div class='ocr_carea' id='block_1_78' title="bbox 2160 2031 3737 2104">
    <p class='ocr_par' dir='ltr' id='par_1_78' title="bbox 2160 2031 3737 2104">
     <span class='ocr_line' id='line_1_78' title="bbox 2160 2031 3737 2104; baseline 0.004 -21"><span class='ocrx_word' id='word_1_504' title='bbox 2160 2031 2368 2101; x_wconf 88' lang='lat' dir='ltr'><strong>prioris</strong></span> <span class='ocrx_word' id='word_1_505' title='bbox 2386 2032 2636 2103; x_wconf 85' lang='lat' dir='ltr'><strong>exemplo</strong></span> <span class='ocrx_word' id='word_1_506' title='bbox 2661 2033 2957 2102; x_wconf 89' lang='lat' dir='ltr'><strong>respuerit,</strong></span> <span class='ocrx_word' id='word_1_507' title='bbox 2981 2033 3219 2104; x_wconf 86' lang='lat' dir='ltr'><strong>seipsum</strong></span> <span class='ocrx_word' id='word_1_508' title='bbox 3250 2044 3432 2089; x_wconf 90' lang='lat' dir='ltr'><strong>tamen</strong></span> <span class='ocrx_word' id='word_1_509' title='bbox 3477 2033 3737 2090; x_wconf 83' lang='lat' dir='ltr'><strong>ﬂuctibus</strong></span> 
     </span>
    </p>
   </div>
   <div class='ocr_carea' id='block_1_79' title="bbox 2162 2124 3736 2195">
    <p class='ocr_par' dir='ltr' id='par_1_79' title="bbox 2162 2124 3736 2195">
     <span class='ocr_line' id='line_1_79' title="bbox 2162 2124 3736 2195; baseline 0.001 -16"><span class='ocrx_word' id='word_1_510' title='bbox 2162 2139 2275 2179; x_wconf 92' lang='lat' dir='ltr'><strong>non</strong></span> <span class='ocrx_word' id='word_1_511' title='bbox 2317 2124 2616 2195; x_wconf 89' lang='lat' dir='ltr'><strong>objecerit,</strong></span> <span class='ocrx_word' id='word_1_512' title='bbox 2664 2125 2762 2180; x_wconf 93' lang='lat' dir='ltr'><strong>sed</strong></span> <span class='ocrx_word' id='word_1_513' title='bbox 2802 2126 3223 2195; x_wconf 86' lang='lat' dir='ltr'><strong>exspectaverit,</strong></span> <span class='ocrx_word' id='word_1_514' title='bbox 3285 2135 3345 2179; x_wconf 91' lang='lat' dir='ltr'><strong>ut</strong></span> <span class='ocrx_word' id='word_1_515' title='bbox 3389 2141 3487 2195; x_wconf 92' lang='lat' dir='ltr'><strong>per</strong></span> <span class='ocrx_word' id='word_1_516' title='bbox 3526 2127 3634 2179; x_wconf 86' lang='lat' dir='ltr'><strong>vim</strong></span> <span class='ocrx_word' id='word_1_517' title='bbox 3663 2127 3736 2180; x_wconf 90' lang='lat' dir='ltr'><strong>ab</strong></span> 
     </span>
    </p>
   </div>
   <div class='ocr_carea' id='block_1_80' title="bbox 2164 2215 3739 2288">
    <p class='ocr_par' dir='ltr' id='par_1_80' title="bbox 2164 2215 3739 2288">
     <span class='ocr_line' id='line_1_80' title="bbox 2164 2215 3739 2288; baseline 0.002 -19"><span class='ocrx_word' id='word_1_518' title='bbox 2164 2216 2271 2271; x_wconf 84' lang='lat' dir='ltr'><strong>alio</strong></span> <span class='ocrx_word' id='word_1_519' title='bbox 2294 2227 2656 2288; x_wconf 85' lang='lat' dir='ltr'><strong>mergeretur,</strong></span> <span class='ocrx_word' id='word_1_520' title='bbox 2690 2225 2813 2272; x_wconf 90' lang='lat' dir='ltr'><strong>uter</strong></span> <span class='ocrx_word' id='word_1_521' title='bbox 2844 2217 3064 2271; x_wconf 90' lang='lat' dir='ltr'><strong>illorum</strong></span> <span class='ocrx_word' id='word_1_522' title='bbox 3094 2215 3299 2272; x_wconf 89' lang='lat' dir='ltr'><strong>rectius</strong></span> <span class='ocrx_word' id='word_1_523' title='bbox 3326 2216 3522 2272; x_wconf 89' lang='lat' dir='ltr'><strong>fecisse</strong></span> <span class='ocrx_word' id='word_1_524' title='bbox 3550 2217 3739 2272; x_wconf 87' lang='lat' dir='ltr'><strong>vidca-</strong></span> 
     </span>
    </p>
   </div>
   <div class='ocr_carea' id='block_1_81' title="bbox 2165 2306 3737 2380">
    <p class='ocr_par' dir='ltr' id='par_1_81' title="bbox 2165 2306 3737 2380">
     <span class='ocr_line' id='line_1_81' title="bbox 2165 2306 3737 2380; baseline 0.003 -20"><span class='ocrx_word' id='word_1_525' title='bbox 2165 2314 2289 2372; x_wconf 91' lang='lat' dir='ltr'><strong>tur;</strong></span> <span class='ocrx_word' id='word_1_526' title='bbox 2353 2325 2371 2359; x_wconf 79' lang='grc' dir='ltr'><strong><em>ι</em></strong></span> <span class='ocrx_word' id='word_1_527' title='bbox 2436 2307 2732 2378; x_wconf 88' lang='lat' dir='ltr'><strong>respondet</strong></span> <span class='ocrx_word' id='word_1_528' title='bbox 2782 2306 3165 2365; x_wconf 85' lang='lat' dir='ltr'><strong>Theodoretus</strong></span> <span class='ocrx_word' id='word_1_529' title='bbox 3229 2308 3450 2363; x_wconf 89' lang='lat' dir='ltr'><strong>laudata</strong></span> <span class='ocrx_word' id='word_1_530' title='bbox 3511 2309 3737 2380; x_wconf 87' lang='lat' dir='ltr'><strong>quidem</strong></span> 
     </span>
    </p>
   </div>
   <div class='ocr_carea' id='block_1_82' title="bbox 2163 2394 3742 2469">
    <p class='ocr_par' dir='ltr' id='par_1_82' title="bbox 2163 2394 3742 2469">
     <span class='ocr_line' id='line_1_82' title="bbox 2163 2394 3742 2469; baseline 0.003 -21"><span class='ocrx_word' id='word_1_531' title='bbox 2163 2394 2367 2464; x_wconf 89' lang='lat' dir='ltr'><strong>prioris</strong></span> <span class='ocrx_word' id='word_1_532' title='bbox 2429 2396 2746 2462; x_wconf 88' lang='lat' dir='ltr'><strong>alacritate,</strong></span> <span class='ocrx_word' id='word_1_533' title='bbox 2807 2396 2904 2453; x_wconf 89' lang='lat' dir='ltr'><strong>sed</strong></span> <span class='ocrx_word' id='word_1_534' title='bbox 2955 2397 3279 2467; x_wconf 90' lang='lat' dir='ltr'><strong>posterioris</strong></span> <span class='ocrx_word' id='word_1_535' title='bbox 3344 2399 3569 2469; x_wconf 66' lang='lat' dir='ltr'><strong>praelata</strong></span> <span class='ocrx_word' id='word_1_536' title='bbox 3627 2399 3742 2452; x_wconf 86' lang='lat' dir='ltr'><strong>vir-</strong></span> 
     </span>
    </p>
   </div>
   <div class='ocr_carea' id='block_1_83' title="bbox 2166 2487 3744 2560">
    <p class='ocr_par' dir='ltr' id='par_1_83' title="bbox 2166 2487 3744 2560">
     <span class='ocr_line' id='line_1_83' title="bbox 2166 2487 3744 2560; baseline 0.004 -20"><span class='ocrx_word' id='word_1_537' title='bbox 2166 2493 2300 2550; x_wconf 90' lang='lat' dir='ltr'><strong>tute,</strong></span> <span class='ocrx_word' id='word_1_538' title='bbox 2342 2502 2507 2557; x_wconf 90' lang='lat' dir='ltr'><strong>quam</strong></span> <span class='ocrx_word' id='word_1_539' title='bbox 2544 2487 2811 2559; x_wconf 88' lang='lat' dir='ltr'><strong>exemplis</strong></span> <span class='ocrx_word' id='word_1_540' title='bbox 2856 2496 3170 2544; x_wconf 88' lang='lat' dir='ltr'><strong>sanctorum</strong></span> <span class='ocrx_word' id='word_1_541' title='bbox 3199 2487 3515 2560; x_wconf 88' lang='lat' dir='ltr'><strong>Christique</strong></span> <span class='ocrx_word' id='word_1_542' title='bbox 3565 2490 3744 2560; x_wconf 86' lang='lat' dir='ltr'><strong>ipsius</strong></span> 
     </span>
    </p>
   </div>
   <div class='ocr_carea' id='block_1_84' title="bbox 2162 2578 2501 2646">
    <p class='ocr_par' dir='ltr' id='par_1_84' title="bbox 2162 2578 2501 2646">
     <span class='ocr_line' id='line_1_84' title="bbox 2162 2578 2501 2646; baseline 0.009 -17"><span class='ocrx_word' id='word_1_543' title='bbox 2162 2578 2501 2646; x_wconf 86' lang='lat' dir='ltr'><strong>comprobat.</strong></span> 
     </span>
    </p>
   </div>
   <div class='ocr_carea' id='block_1_85' title="bbox 2235 2691 3744 2763">
    <p class='ocr_par' dir='ltr' id='par_1_85' title="bbox 2235 2691 3744 2763">
     <span class='ocr_line' id='line_1_85' title="bbox 2235 2691 3744 2763; baseline 0.005 -18"><span class='ocrx_word' id='word_1_544' title='bbox 2235 2691 2346 2746; x_wconf 82' lang='lat' dir='ltr'><strong>VII.</strong></span> <span class='ocrx_word' id='word_1_545' title='bbox 2395 2691 2547 2747; x_wconf 86' lang='lat' dir='ltr'><strong>Hanc</strong></span> <span class='ocrx_word' id='word_1_546' title='bbox 2607 2693 3028 2763; x_wconf 87' lang='lat' dir='ltr'><strong>responsionem</strong></span> <span class='ocrx_word' id='word_1_547' title='bbox 3083 2701 3311 2749; x_wconf 89' lang='lat' dir='ltr'><strong>secutus</strong></span> <span class='ocrx_word' id='word_1_548' title='bbox 3351 2695 3590 2750; x_wconf 81' lang='lat' dir='ltr'><strong>Irenaeus</strong></span> <span class='ocrx_word' id='word_1_549' title='bbox 3625 2712 3744 2753; x_wconf 82' lang='lat' dir='ltr'><strong>non</strong></span> 
     </span>
    </p>
   </div>
   <div class='ocr_carea' id='block_1_86' title="bbox 2165 2784 3742 2856">
    <p class='ocr_par' dir='ltr' id='par_1_86' title="bbox 2165 2784 3742 2856">
     <span class='ocr_line' id='line_1_86' title="bbox 2165 2784 3742 2856; baseline 0.001 -18"><span class='ocrx_word' id='word_1_550' title='bbox 2165 2792 2361 2852; x_wconf 86' lang='lat' dir='ltr'><strong>sponte</strong></span> <span class='ocrx_word' id='word_1_551' title='bbox 2404 2784 2628 2839; x_wconf 86' lang='lat' dir='ltr'><strong>recessit</strong></span> <span class='ocrx_word' id='word_1_552' title='bbox 2654 2800 2685 2838; x_wconf 89' lang='lat' dir='ltr'><strong>a</strong></span> <span class='ocrx_word' id='word_1_553' title='bbox 2715 2785 2865 2850; x_wconf 91' lang='lat' dir='ltr'><strong>sede,</strong></span> <span class='ocrx_word' id='word_1_554' title='bbox 2918 2785 3015 2841; x_wconf 90' lang='lat' dir='ltr'><strong>sed</strong></span> <span class='ocrx_word' id='word_1_555' title='bbox 3047 2787 3402 2856; x_wconf 83' lang='lat' dir='ltr'><strong>exspectavit,</strong></span> <span class='ocrx_word' id='word_1_556' title='bbox 3442 2787 3615 2841; x_wconf 87' lang='lat' dir='ltr'><strong>donec</strong></span> <span class='ocrx_word' id='word_1_557' title='bbox 3640 2802 3742 2856; x_wconf 84' lang='lat' dir='ltr'><strong>per</strong></span> 
     </span>
    </p>
   </div>
   <div class='ocr_carea' id='block_1_87' title="bbox 2164 2873 3745 2946">
    <p class='ocr_par' dir='ltr' id='par_1_87' title="bbox 2164 2873 3745 2946">
     <span class='ocr_line' id='line_1_87' title="bbox 2164 2873 3745 2946; baseline 0.004 -20"><span class='ocrx_word' id='word_1_558' title='bbox 2164 2873 2280 2928; x_wconf 87' lang='lat' dir='ltr'><strong>vim</strong></span> <span class='ocrx_word' id='word_1_559' title='bbox 2308 2873 2620 2943; x_wconf 82' lang='lat' dir='ltr'><strong>ejiceretur.</strong></span> <span class='ocrx_word' id='word_1_560' title='bbox 2653 2874 2885 2946; x_wconf 87' lang='lat' dir='ltr'><strong>Urgente</strong></span> <span class='ocrx_word' id='word_1_561' title='bbox 2912 2876 3061 2930; x_wconf 91' lang='lat' dir='ltr'><strong>enim</strong></span> <span class='ocrx_word' id='word_1_562' title='bbox 3103 2875 3453 2945; x_wconf 88' lang='lat' dir='ltr'><strong>imperatoris</strong></span> <span class='ocrx_word' id='word_1_563' title='bbox 3484 2876 3745 2933; x_wconf 88' lang='lat' dir='ltr'><strong>mandato</strong></span> 
     </span>
    </p>
   </div>
   <div class='ocr_carea' id='block_1_88' title="bbox 2170 2962 3744 3036">
    <p class='ocr_par' dir='ltr' id='par_1_88' title="bbox 2170 2962 3744 3036">
     <span class='ocr_line' id='line_1_88' title="bbox 2170 2962 3744 3036; baseline 0.003 -21"><span class='ocrx_word' id='word_1_564' title='bbox 2170 2970 2232 3016; x_wconf 92' lang='lat' dir='ltr'><strong>ut</strong></span> <span class='ocrx_word' id='word_1_565' title='bbox 2260 2963 2345 3016; x_wconf 86' lang='lat' dir='ltr'><strong>vel</strong></span> <span class='ocrx_word' id='word_1_566' title='bbox 2371 2962 2595 3017; x_wconf 78' lang='lat' dir='ltr'><strong>Mariam</strong></span> <span class='ocrx_word' id='word_1_567' title='bbox 2630 2964 2898 3034; x_wconf 81' lang='lat' dir='ltr'><strong>virginem</strong></span> <span class='ocrx_word' id='word_1_568' title='bbox 2930 2964 3256 3036; x_wconf 89' lang='lat' dir='ltr'><strong>simpliciter</strong></span> <span class='ocrx_word' id='word_1_569' title='bbox 3289 2982 3353 3021; x_wconf 90' lang='lat' dir='ltr'><strong>ac</strong></span> <span class='ocrx_word' id='word_1_570' title='bbox 3399 2966 3517 3020; x_wconf 88' lang='lat' dir='ltr'><strong>sine</strong></span> <span class='ocrx_word' id='word_1_571' title='bbox 3547 2966 3744 3021; x_wconf 84' lang='lat' dir='ltr'><strong>restri-</strong></span> 
     </span>
    </p>
   </div>
   <div class='ocr_carea' id='block_1_89' title="bbox 2095 3053 3746 3129">
    <p class='ocr_par' dir='ltr' id='par_1_89' title="bbox 2095 3053 3746 3129">
     <span class='ocr_line' id='line_1_89' title="bbox 2095 3053 3746 3129; baseline 0.002 -21"><span class='ocrx_word' id='word_1_572' title='bbox 2095 3069 2137 3128; x_wconf 75' lang='lat' dir='ltr'><strong>c</strong></span> <span class='ocrx_word' id='word_1_573' title='bbox 2168 3053 2349 3109; x_wconf 90' lang='lat' dir='ltr'><strong>ctione</strong></span> <span class='ocrx_word' id='word_1_574' title='bbox 2406 3053 2691 3123; x_wconf 89' lang='lat' dir='ltr'><strong>Deiparam</strong></span> <span class='ocrx_word' id='word_1_575' title='bbox 2750 3054 2980 3122; x_wconf 91' lang='lat' dir='ltr'><strong>diceret,</strong></span> <span class='ocrx_word' id='word_1_576' title='bbox 3029 3057 3116 3112; x_wconf 77' lang='lat' dir='ltr'><strong>vel</strong></span> <span class='ocrx_word' id='word_1_577' title='bbox 3166 3057 3296 3113; x_wconf 88' lang='lat' dir='ltr'><strong>sede</strong></span> <span class='ocrx_word' id='word_1_578' title='bbox 3352 3064 3585 3123; x_wconf 87' lang='lat' dir='ltr'><strong>careret,</strong></span> <span class='ocrx_word' id='word_1_579' title='bbox 3643 3071 3746 3129; x_wconf 83' lang='lat' dir='ltr'><strong>per</strong></span> 
     </span>
    </p>
   </div>
   <div class='ocr_carea' id='block_1_90' title="bbox 2167 3147 3747 3220">
    <p class='ocr_par' dir='ltr' id='par_1_90' title="bbox 2167 3147 3747 3220">
     <span class='ocr_line' id='line_1_90' title="bbox 2167 3147 3747 3220; baseline 0 -16"><span class='ocrx_word' id='word_1_580' title='bbox 2167 3147 2561 3220; x_wconf 72' lang='lat' dir='ltr'><strong>tenigmaticam</strong></span> <span class='ocrx_word' id='word_1_581' title='bbox 2601 3148 2959 3217; x_wconf 67' lang='lat' dir='ltr'><strong>quaestionem</strong></span> <span class='ocrx_word' id='word_1_582' title='bbox 3000 3165 3030 3203; x_wconf 91' lang='lat' dir='ltr'><strong>a</strong></span> <span class='ocrx_word' id='word_1_583' title='bbox 3071 3149 3421 3205; x_wconf 84' lang='lat' dir='ltr'><strong>Theodoreto</strong></span> <span class='ocrx_word' id='word_1_584' title='bbox 3450 3149 3747 3205; x_wconf 86' lang='lat' dir='ltr'><strong>consilium</strong></span> 
     </span>
    </p>
   </div>
   <div class='ocr_carea' id='block_1_91' title="bbox 2168 3238 3743 3309">
    <p class='ocr_par' dir='ltr' id='par_1_91' title="bbox 2168 3238 3743 3309">
     <span class='ocr_line' id='line_1_91' title="bbox 2168 3238 3743 3309; baseline -0.001 -17"><span class='ocrx_word' id='word_1_585' title='bbox 2168 3238 2439 3309; x_wconf 90' lang='lat' dir='ltr'><strong>petierat;</strong></span> <span class='ocrx_word' id='word_1_586' title='bbox 2475 3238 2632 3309; x_wconf 91' lang='lat' dir='ltr'><strong>petiit</strong></span> <span class='ocrx_word' id='word_1_587' title='bbox 2656 3238 2823 3309; x_wconf 76' lang='lat' dir='ltr'><strong>igitur</strong></span> <span class='ocrx_word' id='word_1_588' title='bbox 2858 3238 3079 3295; x_wconf 90' lang='lat' dir='ltr'><strong>circiter</strong></span> <span class='ocrx_word' id='word_1_589' title='bbox 3106 3256 3309 3295; x_wconf 90' lang='lat' dir='ltr'><strong>annum</strong></span> <span class='ocrx_word' id='word_1_590' title='bbox 3341 3240 3461 3303; x_wconf 66' lang='grc'><strong>446,</strong></span> <span class='ocrx_word' id='word_1_591' title='bbox 3496 3249 3589 3293; x_wconf 88' lang='lat' dir='ltr'><strong>aut</strong></span> <span class='ocrx_word' id='word_1_592' title='bbox 3613 3240 3743 3295; x_wconf 70' lang='lat' dir='ltr'><strong>H7.</strong></span> 
     </span>
    </p>
   </div>
   <div class='ocr_carea' id='block_1_92' title="bbox 2168 3327 3745 3401">
    <p class='ocr_par' dir='ltr' id='par_1_92' title="bbox 2168 3327 3745 3401">
     <span class='ocr_line' id='line_1_92' title="bbox 2168 3327 3745 3401; baseline 0.001 -16"><span class='ocrx_word' id='word_1_593' title='bbox 2168 3327 2436 3393; x_wconf 85' lang='lat' dir='ltr'><strong>Pependit</strong></span> <span class='ocrx_word' id='word_1_594' title='bbox 2476 3329 2625 3384; x_wconf 91' lang='lat' dir='ltr'><strong>enim</strong></span> <span class='ocrx_word' id='word_1_595' title='bbox 2657 3329 2753 3384; x_wconf 91' lang='lat' dir='ltr'><strong>diu</strong></span> <span class='ocrx_word' id='word_1_596' title='bbox 2786 3328 2980 3386; x_wconf 72' lang='lat' dir='ltr'><strong>Irenzei</strong></span> <span class='ocrx_word' id='word_1_597' title='bbox 3025 3346 3211 3397; x_wconf 85' lang='lat' dir='ltr'><strong>causa,</strong></span> <span class='ocrx_word' id='word_1_598' title='bbox 3271 3341 3333 3386; x_wconf 92' lang='lat' dir='ltr'><strong>ut</strong></span> <span class='ocrx_word' id='word_1_599' title='bbox 3365 3332 3641 3401; x_wconf 82' lang='lat' dir='ltr'><strong>colligitur</strong></span> <span class='ocrx_word' id='word_1_600' title='bbox 3671 3347 3745 3386; x_wconf 87' lang='lat' dir='ltr'><strong>ex</strong></span> 
     </span>
    </p>
   </div>
   <div class='ocr_carea' id='block_1_93' title="bbox 2168 3422 2504 3494">
    <p class='ocr_par' dir='ltr' id='par_1_93' title="bbox 2168 3422 2504 3494">
     <span class='ocr_line' id='line_1_93' title="bbox 2168 3422 2504 3494; baseline -0.006 -15"><span class='ocrx_word' id='word_1_601' title='bbox 2168 3422 2398 3494; x_wconf 87' lang='lat' dir='ltr'><strong>epistola</strong></span> <span class='ocrx_word' id='word_1_602' title='bbox 2422 3422 2504 3477; x_wconf 78' lang='grc'><strong>16.</strong></span> 
     </span>
    </p>
   </div>
   <div class='ocr_carea' id='block_1_94' title="bbox 2238 3514 3745 3585">
    <p class='ocr_par' dir='ltr' id='par_1_94' title="bbox 2238 3514 3745 3585">
     <span class='ocr_line' id='line_1_94' title="bbox 2238 3514 3745 3585; baseline -0.001 -14"><span class='ocrx_word' id='word_1_603' title='bbox 2238 3516 2373 3571; x_wconf 73' lang='lat' dir='ltr'><strong>VIII.</strong></span> <span class='ocrx_word' id='word_1_604' title='bbox 2407 3516 2578 3571; x_wconf 89' lang='lat' dir='ltr'><strong>Porro</strong></span> <span class='ocrx_word' id='word_1_605' title='bbox 2605 3524 2789 3572; x_wconf 87' lang='lat' dir='ltr'><strong>autem</strong></span> <span class='ocrx_word' id='word_1_606' title='bbox 2815 3516 2873 3571; x_wconf 91' lang='lat' dir='ltr'><strong>in</strong></span> <span class='ocrx_word' id='word_1_607' title='bbox 2910 3515 3169 3584; x_wconf 85' lang='lat' dir='ltr'><strong>Catalogo</strong></span> <span class='ocrx_word' id='word_1_608' title='bbox 3210 3514 3475 3568; x_wconf 90' lang='lat' dir='ltr'><strong>librorum</strong></span> <span class='ocrx_word' id='word_1_609' title='bbox 3522 3514 3745 3585; x_wconf 79' lang='lat' dir='ltr'><strong>Syriaca</strong></span> 
     </span>
    </p>
   </div>
   <div class='ocr_carea' id='block_1_95' title="bbox 2168 3605 3741 3678">
    <p class='ocr_par' dir='ltr' id='par_1_95' title="bbox 2168 3605 3741 3678">
     <span class='ocr_line' id='line_1_95' title="bbox 2168 3605 3741 3678; baseline -0.002 -17"><span class='ocrx_word' id='word_1_610' title='bbox 2168 3606 2353 3678; x_wconf 88' lang='lat' dir='ltr'><strong>lingua</strong></span> <span class='ocrx_word' id='word_1_611' title='bbox 2397 3607 2834 3677; x_wconf 88' lang='lat' dir='ltr'><strong>conscriptorum</strong></span> <span class='ocrx_word' id='word_1_612' title='bbox 2861 3607 3083 3678; x_wconf 86' lang='lat' dir='ltr'><strong>legitur,</strong></span> <span class='ocrx_word' id='word_1_613' title='bbox 3119 3605 3264 3676; x_wconf 90' lang='lat' dir='ltr'><strong>apud</strong></span> <span class='ocrx_word' id='word_1_614' title='bbox 3292 3605 3690 3660; x_wconf 83' lang='lat' dir='ltr'><strong>Ilebed-Jcsum</strong></span> <span class='ocrx_word' id='word_1_615' title='bbox 3726 3624 3741 3658; x_wconf 88' lang='lat'><strong>:</strong></span> 
     </span>
    </p>
   </div>
   <div class='ocr_carea' id='block_1_96' title="bbox 2176 3695 3743 3769">
    <p class='ocr_par' dir='ltr' id='par_1_96' title="bbox 2176 3695 3743 3769">
     <span class='ocr_line' id='line_1_96' title="bbox 2176 3695 3743 3769; baseline -0.001 -18"><span class='ocrx_word' id='word_1_616' title='bbox 2176 3716 2195 3751; x_wconf 74' lang='grc' dir='ltr'>ι</span> <span class='ocrx_word' id='word_1_617' title='bbox 2230 3699 2468 3755; x_wconf 64' lang='lat' dir='ltr'><strong>Irenatus</strong></span> <span class='ocrx_word' id='word_1_618' title='bbox 2499 3697 2697 3769; x_wconf 83' lang='lat' dir='ltr'><strong>Tyrius</strong></span> <span class='ocrx_word' id='word_1_619' title='bbox 2726 3699 3030 3769; x_wconf 88' lang='lat' dir='ltr'><strong>composuit</strong></span> <span class='ocrx_word' id='word_1_620' title='bbox 3050 3697 3542 3752; x_wconf 76' lang='lat' dir='ltr'><strong>ecclesiasticarum</strong></span> <span class='ocrx_word' id='word_1_621' title='bbox 3569 3695 3743 3751; x_wconf 84' lang='lat' dir='ltr'><strong>histo—</strong></span> 
     </span>
    </p>
   </div>
   <div class='ocr_carea' id='block_1_97' title="bbox 2168 3789 3742 3863">
    <p class='ocr_par' dir='ltr' id='par_1_97' title="bbox 2168 3789 3742 3863">
     <span class='ocr_line' id='line_1_97' title="bbox 2168 3789 3742 3863; baseline -0.003 -17"><span class='ocrx_word' id='word_1_622' title='bbox 2168 3789 2373 3846; x_wconf 89' lang='lat' dir='ltr'><strong>riarum</strong></span> <span class='ocrx_word' id='word_1_623' title='bbox 2405 3789 2574 3846; x_wconf 87' lang='lat' dir='ltr'><strong>libros</strong></span> <span class='ocrx_word' id='word_1_624' title='bbox 2605 3791 2849 3863; x_wconf 87' lang='lat' dir='ltr'><strong>quinque</strong></span> <span class='ocrx_word' id='word_1_625' title='bbox 2875 3790 2943 3845; x_wconf 89' lang='lat' dir='ltr'><strong>de</strong></span> <span class='ocrx_word' id='word_1_626' title='bbox 2979 3789 3250 3861; x_wconf 88' lang='lat' dir='ltr'><strong>ejectione</strong></span> <span class='ocrx_word' id='word_1_627' title='bbox 3298 3789 3575 3854; x_wconf 81' lang='lat' dir='ltr'><strong>Nestorii;</strong></span> <span class='ocrx_word' id='word_1_628' title='bbox 3607 3803 3742 3842; x_wconf 83' lang='lat' dir='ltr'><strong>nec-</strong></span> 
     </span>
    </p>
   </div>
   <div class='ocr_carea' id='block_1_98' title="bbox 2168 3879 3743 3952">
    <p class='ocr_par' dir='ltr' id='par_1_98' title="bbox 2168 3879 3743 3952">
     <span class='ocr_line' id='line_1_98' title="bbox 2168 3879 3743 3952; baseline -0.001 -16"><span class='ocrx_word' id='word_1_629' title='bbox 2168 3898 2278 3937; x_wconf 90' lang='lat' dir='ltr'><strong>non</strong></span> <span class='ocrx_word' id='word_1_630' title='bbox 2310 3881 2378 3938; x_wconf 91' lang='lat' dir='ltr'><strong>de</strong></span> <span class='ocrx_word' id='word_1_631' title='bbox 2410 3882 2664 3938; x_wconf 87' lang='lat' dir='ltr'><strong>omnibus</strong></span> <span class='ocrx_word' id='word_1_632' title='bbox 2710 3883 2779 3937; x_wconf 89' lang='lat' dir='ltr'><strong>iis</strong></span> <span class='ocrx_word' id='word_1_633' title='bbox 2821 3897 2944 3952; x_wconf 62' lang='lat' dir='ltr'><strong>quae</strong></span> <span class='ocrx_word' id='word_1_634' title='bbox 2975 3881 3033 3936; x_wconf 91' lang='lat' dir='ltr'><strong>in</strong></span> <span class='ocrx_word' id='word_1_635' title='bbox 3083 3879 3190 3935; x_wconf 88' lang='lat' dir='ltr'><strong>illis</strong></span> <span class='ocrx_word' id='word_1_636' title='bbox 3227 3879 3545 3949; x_wconf 79' lang='lat' dir='ltr'><strong>regionibus</strong></span> <span class='ocrx_word' id='word_1_637' title='bbox 3585 3887 3743 3950; x_wconf 84' lang='lat' dir='ltr'><strong>gesta</strong></span> 
     </span>
    </p>
   </div>
   <div class='ocr_carea' id='block_1_99' title="bbox 2169 3970 3741 4037">
    <p class='ocr_par' dir='ltr' id='par_1_99' title="bbox 2169 3970 3741 4037">
     <span class='ocr_line' id='line_1_99' title="bbox 2169 3970 3741 4037; baseline -0.002 -9"><span class='ocrx_word' id='word_1_638' title='bbox 2169 3982 2314 4029; x_wconf 89' lang='lat' dir='ltr'><strong>sunt.</strong></span> <span class='ocrx_word' id='word_1_639' title='bbox 2357 3991 2375 4024; x_wconf 76' lang='grc' dir='ltr'><strong><em>ι</em></strong></span> <span class='ocrx_word' id='word_1_640' title='bbox 2416 3974 2651 4029; x_wconf 87' lang='lat' dir='ltr'><strong>Dubium</strong></span> <span class='ocrx_word' id='word_1_641' title='bbox 2692 3973 2931 4037; x_wconf 88' lang='lat' dir='ltr'><strong>videtur,</strong></span> <span class='ocrx_word' id='word_1_642' title='bbox 2987 3987 3169 4026; x_wconf 87' lang='lat' dir='ltr'><strong>annon</strong></span> <span class='ocrx_word' id='word_1_643' title='bbox 3225 3971 3329 4027; x_wconf 87' lang='lat' dir='ltr'><strong>iste</strong></span> <span class='ocrx_word' id='word_1_644' title='bbox 3385 3970 3741 4026; x_wconf 87' lang='lat' dir='ltr'><strong>historiarum</strong></span> 
     </span>
    </p>
   </div>
   <div class='ocr_carea' id='block_1_100' title="bbox 2169 4063 3744 4135">
    <p class='ocr_par' dir='ltr' id='par_1_100' title="bbox 2169 4063 3744 4135">
     <span class='ocr_line' id='line_1_100' title="bbox 2169 4063 3744 4135; baseline -0.004 -15"><span class='ocrx_word' id='word_1_645' title='bbox 2169 4064 2405 4135; x_wconf 89' lang='lat' dir='ltr'><strong>scriptor</strong></span> <span class='ocrx_word' id='word_1_646' title='bbox 2429 4066 2501 4120; x_wconf 91' lang='lat' dir='ltr'><strong>sit</strong></span> <span class='ocrx_word' id='word_1_647' title='bbox 2525 4064 2763 4119; x_wconf 68' lang='lat' dir='ltr'><strong>Irenaeus</strong></span> <span class='ocrx_word' id='word_1_648' title='bbox 2815 4065 2927 4126; x_wconf 91' lang='lat' dir='ltr'><strong>ille,</strong></span> <span class='ocrx_word' id='word_1_649' title='bbox 2973 4063 3043 4119; x_wconf 86' lang='lat' dir='ltr'><strong>de</strong></span> <span class='ocrx_word' id='word_1_650' title='bbox 3088 4079 3199 4133; x_wconf 88' lang='lat' dir='ltr'><strong>quo</strong></span> <span class='ocrx_word' id='word_1_651' title='bbox 3231 4077 3414 4117; x_wconf 89' lang='lat' dir='ltr'><strong>sermo</strong></span> <span class='ocrx_word' id='word_1_652' title='bbox 3433 4069 3517 4115; x_wconf 91' lang='lat' dir='ltr'><strong>est</strong></span> <span class='ocrx_word' id='word_1_653' title='bbox 3548 4078 3561 4113; x_wconf 88' lang='lat'><strong>:</strong></span> <span class='ocrx_word' id='word_1_654' title='bbox 3589 4069 3744 4115; x_wconf 88' lang='lat' dir='ltr'><strong>certe</strong></span> 
     </span>
    </p>
   </div>
   <div class='ocr_carea' id='block_1_101' title="bbox 2169 4149 3742 4225">
    <p class='ocr_par' dir='ltr' id='par_1_101' title="bbox 2169 4149 3742 4225">
     <span class='ocr_line' id='line_1_101' title="bbox 2169 4149 3742 4225; baseline -0.006 -13"><span class='ocrx_word' id='word_1_655' title='bbox 2169 4170 2294 4212; x_wconf 90' lang='lat' dir='ltr'><strong>cum</strong></span> <span class='ocrx_word' id='word_1_656' title='bbox 2326 4155 2672 4211; x_wconf 82' lang='lat' dir='ltr'><strong>Theodorcto</strong></span> <span class='ocrx_word' id='word_1_657' title='bbox 2694 4155 2845 4210; x_wconf 86' lang='lat' dir='ltr'><strong>velut</strong></span> <span class='ocrx_word' id='word_1_658' title='bbox 2883 4154 3077 4225; x_wconf 70' lang='lat' dir='ltr'><strong>mquali</strong></span> <span class='ocrx_word' id='word_1_659' title='bbox 3115 4153 3383 4225; x_wconf 80' lang='lat' dir='ltr'><strong>jungitur,</strong></span> <span class='ocrx_word' id='word_1_660' title='bbox 3419 4168 3540 4222; x_wconf 68' lang='lat' dir='ltr'><strong>qua:</strong></span> <span class='ocrx_word' id='word_1_661' title='bbox 3568 4149 3742 4204; x_wconf 86' lang='lat' dir='ltr'><strong>videri</strong></span> 
     </span>
    </p>
   </div>
   <div class='ocr_carea' id='block_1_102' title="bbox 2167 4242 3745 4318">
    <p class='ocr_par' dir='ltr' id='par_1_102' title="bbox 2167 4242 3745 4318">
     <span class='ocr_line' id='line_1_102' title="bbox 2167 4242 3745 4318; baseline -0.004 -16"><span class='ocrx_word' id='word_1_662' title='bbox 2167 4255 2348 4318; x_wconf 81' lang='lat' dir='ltr'><strong>potest</strong></span> <span class='ocrx_word' id='word_1_663' title='bbox 2373 4246 2675 4302; x_wconf 77' lang='lat' dir='ltr'><strong>aﬂirmandi</strong></span> <span class='ocrx_word' id='word_1_664' title='bbox 2714 4247 2856 4300; x_wconf 88' lang='lat' dir='ltr'><strong>ratio</strong></span> <span class='ocrx_word' id='word_1_665' title='bbox 2885 4264 2898 4299; x_wconf 89' lang='lat'>:</span> <span class='ocrx_word' id='word_1_666' title='bbox 2935 4261 3074 4317; x_wconf 86' lang='lat' dir='ltr'><strong>opus</strong></span> <span class='ocrx_word' id='word_1_667' title='bbox 3114 4246 3221 4300; x_wconf 90' lang='lat' dir='ltr'><strong>hoc</strong></span> <span class='ocrx_word' id='word_1_668' title='bbox 3250 4243 3494 4299; x_wconf 88' lang='lat' dir='ltr'><strong>nondum</strong></span> <span class='ocrx_word' id='word_1_669' title='bbox 3522 4243 3578 4297; x_wconf 91' lang='lat' dir='ltr'><strong>in</strong></span> <span class='ocrx_word' id='word_1_670' title='bbox 3628 4242 3745 4296; x_wconf 80' lang='lat' dir='ltr'><strong>Eu-</strong></span> 
     </span>
    </p>
   </div>
   <div class='ocr_carea' id='block_1_103' title="bbox 2170 4337 3307 4410">
    <p class='ocr_par' dir='ltr' id='par_1_103' title="bbox 2170 4337 3307 4410">
     <span class='ocr_line' id='line_1_103' title="bbox 2170 4337 3307 4410; baseline -0.003 -15"><span class='ocrx_word' id='word_1_671' title='bbox 2170 4355 2305 4410; x_wconf 91' lang='lat' dir='ltr'><strong>ropa</strong></span> <span class='ocrx_word' id='word_1_672' title='bbox 2332 4338 2511 4395; x_wconf 80' lang='lat' dir='ltr'><strong>visure</strong></span> <span class='ocrx_word' id='word_1_673' title='bbox 2540 4348 2646 4402; x_wconf 92' lang='lat' dir='ltr'><strong>est,</strong></span> <span class='ocrx_word' id='word_1_674' title='bbox 2681 4338 2828 4410; x_wconf 87' lang='lat' dir='ltr'><strong>quod</strong></span> <span class='ocrx_word' id='word_1_675' title='bbox 2864 4338 3088 4409; x_wconf 89' lang='lat' dir='ltr'><strong>quidem</strong></span> <span class='ocrx_word' id='word_1_676' title='bbox 3117 4337 3307 4394; x_wconf 88' lang='lat' dir='ltr'><strong>sciam.</strong></span> 
     </span>
    </p>
   </div>
   <div class='ocr_carea' id='block_1_104' title="bbox 2624 4449 3289 4520">
    <p class='ocr_par' dir='ltr' id='par_1_104' title="bbox 2624 4449 3289 4520">
     <span class='ocr_line' id='line_1_104' title="bbox 2624 4449 3289 4520; baseline -0.002 -15"><span class='ocrx_word' id='word_1_677' title='bbox 2624 4449 2868 4520; x_wconf 75' lang='lat' dir='ltr'><strong>Epistula</strong></span> <span class='ocrx_word' id='word_1_678' title='bbox 2889 4450 2924 4504; x_wconf 72' lang='grc'>4</span> <span class='ocrx_word' id='word_1_679' title='bbox 2947 4451 3289 4505; x_wconf 76' lang='lat' dir='ltr'><strong>heartastica.</strong></span> 
     </span>
    </p>
   </div>
   <div class='ocr_carea' id='block_1_105' title="bbox 2237 4562 3747 4632">
    <p class='ocr_par' dir='ltr' id='par_1_105' title="bbox 2237 4562 3747 4632">
     <span class='ocr_line' id='line_1_105' title="bbox 2237 4562 3747 4632; baseline -0.001 -15"><span class='ocrx_word' id='word_1_680' title='bbox 2237 4562 2278 4617; x_wconf 92' lang='lat' dir='ltr'><strong>I.</strong></span> <span class='ocrx_word' id='word_1_681' title='bbox 2308 4562 2529 4617; x_wconf 87' lang='lat' dir='ltr'><strong>Nullum</strong></span> <span class='ocrx_word' id='word_1_682' title='bbox 2557 4562 2723 4618; x_wconf 84' lang='lat' dir='ltr'><strong>habet</strong></span> <span class='ocrx_word' id='word_1_683' title='bbox 2753 4562 3125 4618; x_wconf 83' lang='lat' dir='ltr'><strong>characterem</strong></span> <span class='ocrx_word' id='word_1_684' title='bbox 3151 4562 3266 4617; x_wconf 90' lang='lat' dir='ltr'><strong>sive</strong></span> <span class='ocrx_word' id='word_1_685' title='bbox 3292 4562 3441 4627; x_wconf 85' lang='lat' dir='ltr'><strong>anni,</strong></span> <span class='ocrx_word' id='word_1_686' title='bbox 3466 4562 3586 4617; x_wconf 88' lang='lat' dir='ltr'><strong>sive</strong></span> <span class='ocrx_word' id='word_1_687' title='bbox 3610 4577 3747 4632; x_wconf 82' lang='lat' dir='ltr'><strong>per-</strong></span> 
     </span>
    </p>
   </div>
   <div class='ocr_carea' id='block_1_106' title="bbox 2166 4652 3742 4723">
    <p class='ocr_par' dir='ltr' id='par_1_106' title="bbox 2166 4652 3742 4723">
     <span class='ocr_line' id='line_1_106' title="bbox 2166 4652 3742 4723; baseline -0.001 -15"><span class='ocrx_word' id='word_1_688' title='bbox 2166 4668 2335 4717; x_wconf 67' lang='lat' dir='ltr'><strong>sonae,</strong></span> <span class='ocrx_word' id='word_1_689' title='bbox 2371 4654 2535 4709; x_wconf 82' lang='lat' dir='ltr'><strong>habet</strong></span> <span class='ocrx_word' id='word_1_690' title='bbox 2568 4654 2893 4709; x_wconf 88' lang='lat' dir='ltr'><strong>nonnullum</strong></span> <span class='ocrx_word' id='word_1_691' title='bbox 2932 4653 3079 4718; x_wconf 87' lang='lat' dir='ltr'><strong>festi,</strong></span> <span class='ocrx_word' id='word_1_692' title='bbox 3110 4668 3307 4723; x_wconf 87' lang='lat' dir='ltr'><strong>nempe</strong></span> <span class='ocrx_word' id='word_1_693' title='bbox 3339 4652 3742 4707; x_wconf 86' lang='lat' dir='ltr'><strong>Pentecostes:</strong></span> 
     </span>
    </p>
   </div>
   <div class='ocr_carea' id='block_1_107' title="bbox 2170 4743 3744 4816">
    <p class='ocr_par' dir='ltr' id='par_1_107' title="bbox 2170 4743 3744 4816">
     <span class='ocr_line' id='line_1_107' title="bbox 2170 4743 3744 4816; baseline -0.002 -17"><span class='ocrx_word' id='word_1_694' title='bbox 2170 4744 2232 4799; x_wconf 82' lang='lat' dir='ltr'><strong>fit</strong></span> <span class='ocrx_word' id='word_1_695' title='bbox 2259 4745 2407 4801; x_wconf 91' lang='lat' dir='ltr'><strong>enim</strong></span> <span class='ocrx_word' id='word_1_696' title='bbox 2456 4745 2665 4800; x_wconf 87' lang='lat' dir='ltr'><strong>mentio</strong></span> <span class='ocrx_word' id='word_1_697' title='bbox 2693 4746 2893 4816; x_wconf 73' lang='lat' dir='ltr'><strong>pluvia:</strong></span> <span class='ocrx_word' id='word_1_698' title='bbox 2924 4754 3229 4815; x_wconf 75' lang='lat' dir='ltr'><strong>Opportune</strong></span> <span class='ocrx_word' id='word_1_699' title='bbox 3266 4743 3426 4809; x_wconf 70' lang='lat' dir='ltr'><strong>datae,</strong></span> <span class='ocrx_word' id='word_1_700' title='bbox 3455 4758 3582 4797; x_wconf 88' lang='lat' dir='ltr'><strong>cum</strong></span> <span class='ocrx_word' id='word_1_701' title='bbox 3612 4757 3744 4797; x_wconf 61' lang='lat' dir='ltr'><strong>sano</strong></span> 
     </span>
    </p>
   </div>
   <div class='ocr_carea' id='block_1_108' title="bbox 2168 4834 3746 4908">
    <p class='ocr_par' dir='ltr' id='par_1_108' title="bbox 2168 4834 3746 4908">
     <span class='ocr_line' id='line_1_108' title="bbox 2168 4834 3746 4908; baseline -0.003 -15"><span class='ocrx_word' id='word_1_702' title='bbox 2168 4836 2477 4893; x_wconf 85' lang='lat' dir='ltr'><strong>ctissimum</strong></span> <span class='ocrx_word' id='word_1_703' title='bbox 2503 4839 2704 4892; x_wconf 86' lang='lat' dir='ltr'><strong>festum</strong></span> <span class='ocrx_word' id='word_1_704' title='bbox 2728 4845 3002 4908; x_wconf 87' lang='lat' dir='ltr'><strong>ageretur.</strong></span> <span class='ocrx_word' id='word_1_705' title='bbox 3034 4837 3302 4906; x_wconf 81' lang='lat' dir='ltr'><strong>Optabilis</strong></span> <span class='ocrx_word' id='word_1_706' title='bbox 3334 4851 3467 4891; x_wconf 86' lang='lat' dir='ltr'><strong>vero</strong></span> <span class='ocrx_word' id='word_1_707' title='bbox 3494 4834 3746 4905; x_wconf 78' lang='lat' dir='ltr'><strong>frugibus</strong></span> 
     </span>
    </p>
   </div>
   <div class='ocr_carea' id='block_1_109' title="bbox 2170 4927 3354 4997">
    <p class='ocr_par' dir='ltr' id='par_1_109' title="bbox 2170 4927 3354 4997">
     <span class='ocr_line' id='line_1_109' title="bbox 2170 4927 3354 4997; baseline -0.002 -16"><span class='ocrx_word' id='word_1_708' title='bbox 2170 4928 2355 4997; x_wconf 85' lang='lat' dir='ltr'><strong>pluvia</strong></span> <span class='ocrx_word' id='word_1_709' title='bbox 2378 4928 2524 4984; x_wconf 84' lang='lat' dir='ltr'><strong>solet</strong></span> <span class='ocrx_word' id='word_1_710' title='bbox 2553 4942 2673 4983; x_wconf 88' lang='lat' dir='ltr'><strong>esse</strong></span> <span class='ocrx_word' id='word_1_711' title='bbox 2707 4938 2954 4997; x_wconf 88' lang='lat' dir='ltr'><strong>tempore</strong></span> <span class='ocrx_word' id='word_1_712' title='bbox 2986 4927 3354 4982; x_wconf 84' lang='lat' dir='ltr'><strong>Pentecostes.</strong></span> 
     </span>
    </p>
   </div>
   <div class='ocr_carea' id='block_1_110' title="bbox 2239 5013 3748 5089">
    <p class='ocr_par' dir='ltr' id='par_1_110' title="bbox 2239 5013 3748 5089">
     <span class='ocr_line' id='line_1_110' title="bbox 2239 5013 3748 5089; baseline -0.001 -16"><span class='ocrx_word' id='word_1_713' title='bbox 2239 5019 2306 5073; x_wconf 89' lang='grc'><strong>11.</strong></span> <span class='ocrx_word' id='word_1_714' title='bbox 2339 5018 2569 5073; x_wconf 80' lang='lat' dir='ltr'><strong>Fiehant</strong></span> <span class='ocrx_word' id='word_1_715' title='bbox 2606 5034 2774 5089; x_wconf 87' lang='lat' dir='ltr'><strong>porro</strong></span> <span class='ocrx_word' id='word_1_716' title='bbox 2802 5018 3079 5075; x_wconf 83' lang='lat' dir='ltr'><strong>festivales</strong></span> <span class='ocrx_word' id='word_1_717' title='bbox 3121 5017 3480 5073; x_wconf 87' lang='lat' dir='ltr'><strong>salutationes</strong></span> <span class='ocrx_word' id='word_1_718' title='bbox 3510 5017 3564 5070; x_wconf 91' lang='lat' dir='ltr'><strong>in</strong></span> <span class='ocrx_word' id='word_1_719' title='bbox 3589 5013 3748 5071; x_wconf 86' lang='lat' dir='ltr'><strong>festis</strong></span> 
     </span>
    </p>
   </div>
   <div class='ocr_carea' id='block_1_111' title="bbox 2169 5107 3740 5181">
    <p class='ocr_par' dir='ltr' id='par_1_111' title="bbox 2169 5107 3740 5181">
     <span class='ocr_line' id='line_1_111' title="bbox 2169 5107 3740 5181; baseline -0.003 -16"><span class='ocrx_word' id='word_1_720' title='bbox 2169 5110 2507 5166; x_wconf 83' lang='lat' dir='ltr'><strong>solemnibus</strong></span> <span class='ocrx_word' id='word_1_721' title='bbox 2528 5150 2543 5173; x_wconf 94' lang='lat'><strong>,</strong></span> <span class='ocrx_word' id='word_1_722' title='bbox 2590 5125 2727 5180; x_wconf 89' lang='lat' dir='ltr'><strong>quas</strong></span> <span class='ocrx_word' id='word_1_723' title='bbox 2755 5110 2945 5178; x_wconf 66' lang='grc' dir='ltr'><strong>ἑορτὲς</strong></span> <span class='ocrx_word' id='word_1_724' title='bbox 2971 5110 3238 5181; x_wconf 61' lang='lat' dir='ltr'><strong>impacata;</strong></span> <span class='ocrx_word' id='word_1_725' title='bbox 3263 5110 3278 5129; x_wconf 84' lang='lat'><strong>&#39;</strong></span> <span class='ocrx_word' id='word_1_726' title='bbox 3306 5107 3482 5162; x_wconf 67' lang='lat' dir='ltr'><strong>Graeci</strong></span> <span class='ocrx_word' id='word_1_727' title='bbox 3506 5113 3740 5172; x_wconf 83' lang='lat' dir='ltr'><strong>vocant;</strong></span> 
     </span>
    </p>
   </div>
   <div class='ocr_carea' id='block_1_112' title="bbox 2174 5198 3741 5269">
    <p class='ocr_par' dir='ltr' id='par_1_112' title="bbox 2174 5198 3741 5269">
     <span class='ocr_line' id='line_1_112' title="bbox 2174 5198 3741 5269; baseline -0.003 -13"><span class='ocrx_word' id='word_1_728' title='bbox 2174 5216 2282 5256; x_wconf 86' lang='lat' dir='ltr'><strong>non</strong></span> <span class='ocrx_word' id='word_1_729' title='bbox 2310 5207 2491 5255; x_wconf 85' lang='lat' dir='ltr'><strong>tamen</strong></span> <span class='ocrx_word' id='word_1_730' title='bbox 2532 5200 2589 5254; x_wconf 86' lang='lat' dir='ltr'><strong>in</strong></span> <span class='ocrx_word' id='word_1_731' title='bbox 2628 5200 2905 5259; x_wconf 84' lang='lat' dir='ltr'><strong>omnibus.</strong></span> <span class='ocrx_word' id='word_1_732' title='bbox 2944 5199 3040 5255; x_wconf 86' lang='lat' dir='ltr'><strong>sed</strong></span> <span class='ocrx_word' id='word_1_733' title='bbox 3086 5199 3142 5255; x_wconf 86' lang='lat' dir='ltr'><strong>in</strong></span> <span class='ocrx_word' id='word_1_734' title='bbox 3197 5199 3487 5269; x_wconf 55' lang='lat' dir='ltr'><strong>praecipuis</strong></span> <span class='ocrx_word' id='word_1_735' title='bbox 3544 5198 3741 5262; x_wconf 88' lang='lat' dir='ltr'><strong>tribus,</strong></span> 
     </span>
    </p>
   </div>
   <div class='ocr_carea' id='block_1_113' title="bbox 2175 5288 3747 5361">
    <p class='ocr_par' dir='ltr' id='par_1_113' title="bbox 2175 5288 3747 5361">
     <span class='ocr_line' id='line_1_113' title="bbox 2175 5288 3747 5361; baseline -0.001 -16"><span class='ocrx_word' id='word_1_736' title='bbox 2175 5290 2547 5361; x_wconf 89' lang='lat' dir='ltr'><strong>‘I‘heopbania,</strong></span> <span class='ocrx_word' id='word_1_737' title='bbox 2591 5291 2854 5346; x_wconf 85' lang='lat' dir='ltr'><strong>Paschate</strong></span> <span class='ocrx_word' id='word_1_738' title='bbox 2907 5298 2963 5345; x_wconf 92' lang='lat' dir='ltr'><strong>et</strong></span> <span class='ocrx_word' id='word_1_739' title='bbox 2999 5291 3340 5346; x_wconf 85' lang='lat' dir='ltr'><strong>Pentecoste.</strong></span> <span class='ocrx_word' id='word_1_740' title='bbox 3374 5288 3747 5360; x_wconf 72' lang='lat' dir='ltr'><strong>&#39;l‘heophanite</strong></span> 
     </span>
    </p>
   </div>
   <div class='ocr_carea' id='block_1_114' title="bbox 2174 5378 3742 5452">
    <p class='ocr_par' dir='ltr' id='par_1_114' title="bbox 2174 5378 3742 5452">
     <span class='ocr_line' id='line_1_114' title="bbox 2174 5378 3742 5452; baseline -0.003 -15"><span class='ocrx_word' id='word_1_741' title='bbox 2174 5383 2416 5447; x_wconf 89' lang='lat' dir='ltr'><strong>nomine,</strong></span> <span class='ocrx_word' id='word_1_742' title='bbox 2446 5391 2713 5452; x_wconf 84' lang='lat' dir='ltr'><strong>quantum</strong></span> <span class='ocrx_word' id='word_1_743' title='bbox 2738 5382 2849 5436; x_wconf 86' lang='lat' dir='ltr'><strong>huc</strong></span> <span class='ocrx_word' id='word_1_744' title='bbox 2877 5380 3135 5451; x_wconf 84' lang='lat' dir='ltr'><strong>pertinet,</strong></span> <span class='ocrx_word' id='word_1_745' title='bbox 3158 5380 3509 5437; x_wconf 82' lang='lat' dir='ltr'><strong>Nativitatem</strong></span> <span class='ocrx_word' id='word_1_746' title='bbox 3536 5378 3742 5434; x_wconf 87' lang='lat' dir='ltr'><strong>Christi</strong></span> 
     </span>
    </p>
   </div>
   <div class='ocr_carea' id='block_1_115' title="bbox 2174 5471 3752 5547">
    <p class='ocr_par' dir='ltr' id='par_1_115' title="bbox 2174 5471 3752 5547">
     <span class='ocr_line' id='line_1_115' title="bbox 2174 5471 3752 5547; baseline -0.002 -18"><span class='ocrx_word' id='word_1_747' title='bbox 2174 5484 2231 5529; x_wconf 90' lang='lat' dir='ltr'><strong>et</strong></span> <span class='ocrx_word' id='word_1_748' title='bbox 2262 5474 2623 5547; x_wconf 82' lang='lat' dir='ltr'><strong>Epiphaniam</strong></span> <span class='ocrx_word' id='word_1_749' title='bbox 2658 5473 3165 5543; x_wconf 84' lang='lat' dir='ltr'><strong>complectebantur</strong></span> <span class='ocrx_word' id='word_1_750' title='bbox 3217 5491 3228 5527; x_wconf 91' lang='lat'><strong>:</strong></span> <span class='ocrx_word' id='word_1_751' title='bbox 3278 5471 3752 5544; x_wconf 85' lang='lat' dir='ltr'><strong>quemadmodum</strong></span> 
     </span>
    </p>
   </div>
   <div class='ocr_carea' id='block_1_116' title="bbox 1841 5627 2427 5688">
    <p class='ocr_par' dir='ltr' id='par_1_116' title="bbox 1841 5627 2427 5688">
     <span class='ocr_line' id='line_1_116' title="bbox 1841 5627 2427 5688; baseline -0.003 -1"><span class='ocrx_word' id='word_1_752' title='bbox 1841 5628 2159 5688; x_wconf 78' lang='lat' dir='ltr'><strong>SCIIULZII</strong></span> <span class='ocrx_word' id='word_1_753' title='bbox 2196 5627 2427 5685; x_wconf 64' lang='lat' dir='ltr'><strong>NOTIE.</strong></span> 
     </span>
    </p>
   </div>
   <div class='ocr_carea' id='block_1_117' title="bbox 566 5697 1201 5773">
    <p class='ocr_par' dir='ltr' id='par_1_117' title="bbox 566 5697 1201 5773">
     <span class='ocr_line' id='line_1_117' title="bbox 566 5697 1201 5773; baseline -0.002 -18"><span class='ocrx_word' id='word_1_754' title='bbox 566 5698 611 5730; x_wconf 72' lang='grc' dir='ltr'><strong>δ”</strong></span> <span class='ocrx_word' id='word_1_755' title='bbox 642 5697 755 5755; x_wconf 79' lang='lat' dir='ltr'><strong>Vid.</strong></span> <span class='ocrx_word' id='word_1_756' title='bbox 781 5714 964 5773; x_wconf 82' lang='lat' dir='ltr'><strong>supra,</strong></span> <span class='ocrx_word' id='word_1_757' title='bbox 997 5716 1049 5772; x_wconf 66' lang='grc' dir='ltr'><strong>ι).</strong></span> <span class='ocrx_word' id='word_1_758' title='bbox 1079 5700 1201 5755; x_wconf 74' lang='lat'><strong>276.</strong></span> 
     </span>
    </p>
   </div>
  </div>
