4024 6152
219 198 322 262 257

1379 195 1476 255 DE
1517 193 1771 254 LIBRIS
1807 193 2315 255 THEODORETI.

3361 205 3464 267 258

217 315 444 371 nomine
497 311 776 368 Paschalis
843 311 1106 382 prmviam
1161 308 1510 380 passionem;
1567 308 1789 363 nomine

1906 305 2078 360 ςέϐεια
2095 309 2124 360 ὑ
2133 307 2246 378 μῶν
2260 309 2617 380 δυσχεραίνει,
2636 319 2739 366 etc.
2755 313 2903 378 Qum,
2923 312 3137 382 opinor,
3157 315 3292 368 verti
3306 331 3464 385 opor-

217 408 595 470 Pentecostes,
629 401 918 472 ἀνάληψιν,
946 403 1061 457 sive
1086 401 1480 456 ascensionem.

287 496 384 551 lll.
415 496 711 564 Praecipua:
760 509 891 548 vero
934 502 992 547 et
1035 509 1134 562 per
1187 491 1562 546 excellentiam
1615 490 1796 559 ἑορταὶ

215 589 484 659 κυριακαὶ
531 587 876 650 dicebantur,
903 585 987 638 vel
1017 599 1084 638 eo
1121 585 1353 638 maxime
1374 624 1388 647 ,
1425 582 1570 652 quod
1599 581 1797 636 Orien-

217 682 293 736 tis
315 695 470 734 more
524 678 785 732 solemnis
813 676 1119 746 baptismus
1151 677 1206 730 in
1252 677 1385 747 ipsis
1405 675 1794 730 celebraretur.

217 771 360 826 Vide
389 771 690 825 orationem
721 767 1099 837 Cbrysostomi
1135 767 1203 821 de
1236 777 1426 821 sancto
1453 765 1792 836 Philogonio,

219 868 280 912 ct
307 858 528 912 tertiam
553 856 732 910 Procli
765 855 832 910 de
863 855 1262 910 lncarnatione.

667 968 908 1040 Epistula
941 969 973 1024 5
998 970 1336 1023 heortastica.

292 1084 518 1138 Nullum
543 1082 695 1145 anni,
724 1082 962 1151 aliquem
990 1080 1115 1135 festi
1136 1094 1490 1152 personatque
1523 1079 1800 1132 characte-

223 1191 345 1229 rem
393 1175 634 1229 exhibet.
674 1173 903 1227 Videtur
957 1173 1106 1227 enim
1155 1171 1355 1240 scripta
1410 1170 1466 1224 in
1507 1169 1800 1224 Nativitate

218 1267 452 1330 Christi,
483 1281 593 1336 quo
624 1275 870 1334 tempore
898 1283 916 1315 ‹
945 1265 1088 1318 Deus
1122 1263 1268 1318 curis
1293 1263 1457 1331 308
1481 1261 1802 1332 angoribus-

219 1375 329 1428 que
354 1359 558 1412 nostris
578 1354 922 1410 occasionem
944 1353 1335 1409 consolationis
1354 1352 1742 1421 suppeditavit.
1775 1370 1792 1401 ι

219 1444 456 1500 Videtur
505 1444 668 1497 etiam
707 1443 776 1496 ad
829 1443 1095 1496 illustrem
1144 1441 1323 1495 virum
1354 1441 1556 1504 missa,
1602 1441 1802 1510 quippe

218 1551 391 1605 quem
432 1533 848 1602 magniﬁcentia:
892 1532 1112 1586 nomine
1161 1531 1450 1601 compellat
1493 1549 1505 1584 :
1555 1531 1803 1600 suspicor

219 1625 396 1680 fuisse
423 1624 742 1694 praefectum
771 1622 1082 1694 Cyrcsticaz,
1115 1631 1210 1677 aut
1237 1624 1401 1677 etiam
1430 1621 1689 1678 Orientis.

659 1734 902 1805 Epistula
927 1735 958 1789 6
989 1735 1325 1788 heurtastica.

290 1850 532 1905 Videtur
557 1851 724 1903 missa
751 1855 874 1918 post
899 1847 1190 1901 Paschales
1215 1845 1336 1900 dies
1359 1861 1372 1897 :
1407 1844 1486 1898 illi
1515 1844 1663 1898 enim
1699 1842 1807 1898 fre-

217 1943 493 2014 quentius
536 1957 566 1995 a
602 1939 948 1994 Theodoretu
1005 1939 1267 1994 dicuntur
1317 1937 1602 1990 salutares.
1642 1934 1806 1990 Certe

219 2038 400 2092 festos
434 2037 557 2090 dies
584 2034 760 2104 egisse
788 2049 846 2088 se
870 2048 997 2087 cum
1035 2032 1238 2102 populo
1267 2045 1368 2084 suo
1389 2029 1514 2100 Cyri
1534 2028 1732 2082 innuit.

405 2143 652 2216 Epistula
685 2145 716 2198 7
745 2142 1121 2207 consulaturia,
1147 2141 1221 2214 ad
1249 2139 1592 2195 Theonillam.

293 2259 515 2314 Nullam
558 2259 724 2313 habet
761 2257 888 2311 anni
934 2263 1152 2322 notam;
1192 2270 1439 2325 persona:
1477 2270 1606 2309 vero
1658 2253 1805 2308 illam

224 2351 528 2413 duntaxat,
569 2365 674 2419 qua
729 2349 1048 2419 designatur
1084 2347 1311 2401 illustris
1345 2345 1567 2409 femina,
1616 2345 1807 2416 pietati

223 2443 435 2505 dedita,
473 2443 576 2495 viri
625 2441 1151 2512 magniﬁcentissimi
1185 2457 1341 2506 uxor,
1374 2440 1530 2510 cujus
1572 2439 1626 2493 in
1650 2439 1804 2493 obitu

223 2535 625 2590 consolatorias
646 2535 1028 2589 Theodoretus
1058 2533 1151 2589 dat
1173 2533 1403 2588 litteras.

226 2644 472 2715 Epistula
503 2645 536 2700 8
572 2643 930 2699 consolaturia
951 2643 1112 2767 sinitul
1136 2661 1197 2698 ac
1229 2643 1567 2707 heortastica,
1599 2637 1670 2692 ad
1701 2638 1811 2693 Eu-

885 2731 1018 2767 aran
1037 2732 1182 2767 nam.

884 2731 1182 2784 grapmam.

290 2827 338 2881 l.
368 2827 572 2882 Certus
598 2837 682 2882 est
713 2828 975 2898 temporis
993 2829 1280 2884 character
1303 2872 1316 2896 ,
1369 2829 1496 2886 data
1537 2832 1807 2902 siquidem

1901 397 2023 463 tuit,
2046 397 2225 452 Pietas
2253 409 2423 452 ucstra
2444 401 2774 470 indignatur,
2801 413 2906 458 etc.
2937 405 3122 473 Neque
3153 405 3300 458 enim
3331 406 3467 459 solet

1899 487 2278 544 Theodoretus
2329 492 2522 560 plurali
2557 509 2796 547 numero
2842 511 2940 564 pro
2988 496 3254 565 singulari
3303 498 3380 549 uti
3409 498 3466 551 in

1898 579 2210 649 hujusmodi
2254 583 2410 636 locis.
2453 583 2909 652 Suspicoernc,
2949 587 3013 640 ad
3041 603 3202 656 quem
3231 588 3464 653 scribit,

1896 686 2016 724 esse
2068 671 2320 741 Alypium
2373 674 2765 727 monachorum
2799 676 3092 747 Cyrestica:
3131 678 3303 731 totius
3333 693 3465 747 pro-

1897 761 2109 826 vincias,
2132 773 2226 816 aut
2251 773 2399 818 certe
2419 764 2546 834 Cyri
2577 766 2893 822 exarchum.

1900 874 2142 944 Epistula
2174 875 2240 928 10
2269 880 2738 944 commendatitia,
2772 881 2840 934 ad
2871 881 3050 935 Ellam
3083 880 3466 937 scholasticam.

1970 990 2160 1043 Datam
2228 998 2446 1058 oportet
2491 999 2612 1060 post
2658 1008 2860 1046 annum
2901 994 3024 1049 445.
3086 994 3274 1063 Neque
3323 996 3470 1049 enim

1900 1081 2284 1137 Theodoretus
2305 1091 2430 1137 ante
2455 1083 2557 1137 hoc
2580 1093 2794 1153 tempus
2815 1094 2909 1138 aut
2939 1087 2992 1139 in
3009 1088 3100 1156 jus
3135 1103 3165 1140 a
3196 1103 3472 1156 quoquam

1899 1180 2127 1226 vocatus
2165 1181 2268 1236 est,
2314 1183 2410 1226 aut
2442 1173 2697 1243 cuiquam
2734 1176 2971 1230 intendit
2995 1176 3182 1242 litem;
3233 1178 3342 1232 imo
3371 1193 3473 1231 nec

1898 1260 2046 1315 ullus
2068 1261 2320 1332 Cyrensis
2344 1263 2600 1318 Ecclesiae
2631 1265 2884 1329 clericus,
2908 1276 2968 1319 ut
2987 1269 3262 1336 expressis
3289 1268 3475 1323 verbis

1901 1353 2064 1423 309
2091 1354 2339 1408 scribens
2361 1355 2427 1408 ad
2451 1355 2683 1410 Nouium
2707 1358 2985 1412 consulem
3014 1359 3260 1412 tradit”.
3289 1359 3345 1412 In
3373 1360 3476 1414 hac

1905 1453 2084 1498 tamen
2129 1445 2360 1514 epistola
2406 1447 2756 1501 manifestum
2799 1457 2902 1511 est,
2949 1450 3208 1504 Abraami
3253 1452 3470 1506 cuidam

1903 1535 2162 1591 Ecclesia:
2179 1537 2438 1608 Cyrensis
2461 1539 2825 1608 deprmdatori
2860 1541 3011 1594 litem
3036 1541 3153 1596 ﬁeri
3180 1543 3322 1612 apud
3348 1559 3478 1612 prte-

1833 1635 1878 1694 B
1908 1626 2106 1681 fectum
2129 1627 2366 1684 Orientis
2392 1630 2696 1686 Antiochia:
2723 1631 3075 1697 residentem,
3123 1643 3178 1688 et
3221 1633 3474 1688 advocari

1907 1718 2083 1773 Eliam
2129 1721 2536 1784 scholasticum,
2577 1732 2637 1776 ut
2677 1739 2894 1777 causam
2941 1724 3108 1779 dicat.
3152 1724 3285 1790 Quis
3316 1739 3477 1793 porro

1906 1810 2074 1864 fuerit
2109 1811 2425 1874 Abraamcs,
2455 1823 2549 1866 aut
2571 1814 2694 1881 quis
2724 1814 2889 1877 Elias,
2915 1814 3210 1869 obscurum
3233 1823 3338 1878 est,
3369 1814 3476 1868 nisi

1906 1902 2051 1970 quod
2077 1902 2166 1955 ille
2219 1902 2658 1971 improbissimus
2699 1904 2884 1969 fuerit,
2937 1905 3040 1958 iste
3073 1906 3216 1974 juris
3238 1913 3295 1959 et
3342 1904 3478 1959 artis

1907 1994 2162 2047 oratoriae
2183 1993 2410 2063 peritus.

1907 2127 2147 2198 Epistula
2187 2130 2242 2182 Η
2283 2129 2638 2199 gratulatoria
2672 2131 2741 2183 ad
2769 2129 3078 2184 Flavianum
3105 2128 3476 2184 Constantinu-

2361 2200 2661 2268 polilanu‘m
2701 2202 3015 2270 episcopum.

1977 2287 2016 2341 1.
2045 2288 2385 2344 Manifestum
2415 2290 2576 2345 habet
2599 2291 2724 2344 anni
2745 2300 2800 2344 et
2823 2305 3067 2358 persona:
3087 2290 3477 2342 characterem.

1909 2380 2286 2436 Theodoretus
2334 2383 2481 2436 enim
2547 2383 2804 2436 Flaviano
2863 2382 3170 2451 gratulatur
3221 2380 3478 2450 adeptum

1910 2471 2064 2526 urbis
2100 2473 2259 2542 regiae
2284 2473 2680 2542 episcopatum,
2711 2473 2768 2526 in
2797 2475 2813 2491 ¹
2839 2488 3001 2541 quem
3039 2471 3303 2526 successit
3345 2472 3479 2525 Pro-

1907 2563 2014 2625 clo,
2066 2565 2159 2632 qui
2210 2564 2355 2618 diem
2392 2573 2697 2619 extremum
2741 2565 2938 2620 clausit
2969 2581 3113 2618 anno
3141 2565 3264 2629 M7,
3297 2563 3385 2618 die
3411 2565 3481 2620 24

1908 2652 2178 2709 Octobris.

1981 2746 2044 2800 ll.
2097 2747 2174 2800 De
2211 2747 2486 2809 Flaviano,
2536 2748 2628 2816 qui
2683 2757 2806 2816 post
2855 2747 3250 2816 depositionem
3292 2764 3320 2802 a
3353 2747 3482 2802 Dio-

1910 2853 2068 2893 scoro
2109 2839 2163 2892 in
2189 2840 2492 2894 latrocinali
2517 2841 2749 2894 concilio
2777 2839 2992 2903 factam,
3025 2839 3196 2893 nobili
3223 2841 3484 2910 martyrio

217 2928 456 3022 estpost
475 2921 704 3024 alteram
733 2938 745 2972 :
833 2920 1306 3024 :Supervacaneum
1329 2921 1469 2975 duco
1508 2924 1808 2992 spiritualia
1833 2965 1879 3024 ο
1913 2930 2202 2984 defunctus
2248 2940 2350 2996 est,
2380 2932 2592 3001 egimus
2635 2931 2846 3001 prolixe
2883 2930 2940 2983 in
2967 2931 3114 2984 notis
3146 2930 3212 2984 ad
3244 2930 3480 2985 Liberali

224 3012 426 3066 iterum
466 3011 712 3066 remedia
758 3011 936 3066 dolori
976 3011 1258 3066 adhibere.
1305 3031 1323 3063 ι
1373 3013 1500 3068 Haec
1526 3023 1709 3069 autem
1733 3017 1810 3070 al-

226 3112 370 3166 tera,
411 3119 536 3170 quae
563 3103 744 3157 alieno
782 3104 903 3157 loco
934 3104 1133 3173 posita,
1164 3105 1497 3174 sexagesima
1527 3122 1670 3160 nona
1705 3123 1808 3161 nu-

229 3207 497 3258 moratur,
543 3195 747 3263 scripta
797 3204 921 3260 est,
971 3211 1082 3264 quo
1133 3205 1379 3265 tempore
1425 3197 1809 3254 Theodoretus

227 3286 350 3357 Cyri
392 3286 811 3340 detinebantur"
843 3305 855 3339 :
893 3306 910 3338 ‹
941 3287 1053 3341 Nisi
1076 3303 1166 3342 me
1199 3289 1548 3344 necessitatis
1584 3290 1806 3347 vincula

230 3381 614 3443 retinuissent,
639 3381 994 3434 accurrisscm
1019 3395 1050 3434 e
1069 3380 1296 3450 vestigio
1316 3380 1567 3436 simulac
1593 3381 1662 3435 de
1696 3397 1812 3436 ma-

227 3468 413 3538 gniﬁci
447 3482 513 3522 ac
551 3467 774 3538 gloriosi
821 3467 1067 3537 conjugis
1115 3467 1194 3520 tui
1226 3467 1558 3524 dormitione
1607 3485 1812 3540 cogno-

229 3560 304 3622 vi,
334 3579 353 3610 ι
386 3569 502 3614 etc.

299 3652 368 3704 ll.
400 3652 699 3720 Epistulam
734 3651 858 3706 dico
902 3650 1320 3706 consolatoriam
1354 3633 1515 3706 simul
1552 3661 1609 3707 et
1646 3653 1812 3708 heur-

234 3744 485 3798 tasticam
521 3743 726 3797 :missa
773 3743 918 3796 enim
953 3751 1036 3797 est
1074 3753 1198 3812 post
1239 3744 1544 3812 passionem
1569 3744 1798 3799 Christi.

235 3855 256 3886 ι
295 3835 477 3896 Unde,
526 3833 702 3902 inquit
729 3831 796 3898 ⁸⁸,
839 3833 1056 3895 sullicit,
1105 3835 1190 3888 vel
1229 3834 1295 3888 ad
1338 3849 1610 3889 summam
1644 3836 1814 3890 tristi-

234 3927 361 3980 tiam
393 3925 788 3996 prolligandam
835 3925 1158 3979 salutarium
1195 3925 1539 3979 cruciatuum
1575 3927 1689 3981 sola
1721 3943 1814 3981 re—

231 4017 485 4072 cordatio
512 4034 525 4067 :
555 4033 654 4086 pro
676 4025 869 4070 natura
889 4017 1033 4071 enim
1060 4018 1298 4071 humana
1314 4016 1372 4070 hi
1399 4018 1641 4086 suscepti
1659 4028 1812 4076 sunt.

231 4111 464 4164 Mortem
499 4109 645 4163 enim
679 4110 944 4163 Dominus
973 4109 1282 4173 destruxit,
1339 4125 1449 4163 non
1508 4118 1570 4164 ut
1609 4125 1812 4180 corpus

235 4218 401 4256 unum
455 4201 524 4255 de
551 4208 726 4255 morte
765 4201 1133 4270 triumphasse
1191 4200 1543 4263 ostenderet,
1590 4203 1688 4257 sed
1755 4211 1814 4256 ut

1931 3023 2286 3079 Breviarium.

1977 3115 2072 3169 lli.
2101 3115 2259 3169 Nunc
2289 3114 2530 3169 breviter
2562 3113 2793 3166 dicenda
2817 3113 3089 3168 sententia
3125 3113 3192 3168 de
3225 3112 3484 3182 quzestio—

1909 3207 2075 3262 nibus
2111 3206 2346 3271 duabus,
2397 3221 2550 3275 quas,
2577 3205 2780 3259 eruditi
2824 3214 3047 3259 movent
3081 3221 3093 3257 :
3144 3211 3277 3274 quot
3313 3219 3485 3257 annos

1909 3313 2107 3368 nempe
2151 3298 2440 3351 Flavianus
2473 3297 2697 3358 sederit,
2741 3296 2836 3349 ubi
2862 3305 2919 3349 et
2941 3295 3158 3365 quando
3184 3296 3254 3350 sit
3285 3295 3483 3350 defun-

1911 3397 2052 3444 ctus.
2111 3387 2217 3442 Sed
2270 3387 2426 3456 prius
2475 3385 2818 3440 observanda
2876 3387 3018 3448 duo,
3072 3387 3324 3450 alterum,
3379 3401 3486 3455 qua

1912 3479 2292 3534 Theodoretus
2313 3486 2430 3532 arte
2454 3477 2769 3530 Flavianum
2791 3476 2998 3540 laudet;
3027 3477 3104 3530 ait
3127 3477 3271 3531 enim
3291 3515 3305 3538 ,
3345 3495 3362 3526 ε
3384 3477 3484 3531 oh-

1911 3585 2128 3627 scuram
2173 3579 2390 3623 noctem
2434 3568 2488 3621 in
2536 3583 2730 3636 puram
2781 3569 3068 3623 meridiem
3117 3568 3186 3622 ab
3217 3568 3336 3637 ipso
3363 3577 3485 3621 tan-

1911 3675 2074 3730 quam
2121 3659 2426 3713 elarissimo
2464 3658 2616 3711 orbis
2657 3657 2864 3711 lumine
2917 3673 3310 3713 conversam.»
3367 3656 3487 3723 Quo

1912 3749 2060 3803 dicto
2110 3748 2329 3802 videtur
2370 3746 2532 3799 tacite
2570 3745 2824 3798 Proclum
2863 3759 3114 3814 arguere,
3142 3744 3294 3812 quasi
3322 3757 3488 3797 vexa-

1911 3841 2080 3896 tionis
2105 3855 2215 3893 suae
2235 3846 2512 3892 auctorem
2539 3852 2554 3899 ;
2590 3834 2792 3904 quippe
2821 3836 2913 3904 qui
2961 3853 2979 3885 ‹
3011 3834 3250 3887 humano
3279 3841 3488 3886 terrore

1911 3930 2188 3986 cohibitus
2212 3928 2301 3991 sit,
2337 3941 2406 3980 ne
2458 3940 2557 3994 pro
2601 3924 2935 3993 evangelicis
2984 3922 3332 3992 dogmatibus
3377 3923 3490 3976 ala-

1912 4024 2081 4078 criter
2129 4021 2435 4075 dimicaret.
2473 4036 2490 4069 ι
2536 4016 2733 4070 Proclo
2777 4024 2928 4070 certe
2977 4031 3087 4069 non
3141 4013 3490 4082 aequissimus

1914 4114 2294 4169 Theodoretus
2338 4111 2474 4170 fuit,
2533 4107 2900 4177 Mopsuesteni
2956 4105 3231 4160 Theodori
3287 4120 3488 4169 causa,

1913 4221 2076 4275 quem
2107 4212 2162 4258 et
2191 4201 2566 4256 Theodoretus
2598 4198 2904 4267 deperibat,
2929 4204 2986 4251 et
3015 4196 3240 4251 Proclus
3286 4197 3490 4265 scripto

234 4309 582 4350 communem
619 4308 716 4361 per
741 4292 875 4346 illud
897 4292 1353 4348 resurrectionem
1387 4301 1692 4361 prestaret,
1727 4301 1811 4348 at-
1844 4310 1890 4365 ι)
1917 4296 1984 4350 ad
2006 4295 2272 4349 Armenes
2303 4300 2448 4346 tomo
2476 4289 2874 4344 confutaverat.

233 4401 340 4454 que
388 4385 534 4438 hanc
583 4384 743 4438 nobis
783 4398 935 4452 spem
985 4381 1197 4436 firmam
1223 4383 1512 4453 praeberet.
1545 4383 1700 4450 Quod
1739 4385 1806 4450 si,

1985 4384 2068 4438 lV.
2119 4383 2384 4440 Alterum,
2427 4379 2628 4432 mirum
2675 4376 2874 4439 videri,
2927 4390 3026 4430 cur
3072 4375 3322 4444 epistola,
3370 4390 3490 4443 qua:

233 4492 357 4532 cum
383 4477 589 4531 divinae
625 4475 954 4530 festivitates
975 4475 1346 4528 omnimodam
1379 4476 1812 4530 consolationem
1911 4485 2021 4532 tam
2053 4481 2241 4543 aperta
2270 4470 2533 4539 temporis
2557 4475 2684 4520 nota
2712 4466 2942 4535 insignis
2971 4475 3075 4528 est,
3117 4466 3231 4518 visa
3283 4465 3354 4518 sit
3399 4465 3488 4518 ni-

233 4571 433 4624 aﬂerre
470 4569 703 4631 soleant,
758 4567 992 4621 tristitia
1041 4566 1291 4622 dolorem
1337 4581 1447 4620 non
1493 4581 1812 4636 expugnas,

236 4659 470 4721 suadeo,
511 4677 528 4708 ι
575 4665 683 4711 etc.

234 4772 482 4841 Epistula
514 4769 550 4823 9
585 4769 867 4838 familiaris
893 4767 1054 4822 simul
1083 4776 1133 4820 et
1175 4768 1523 4837 apulogetica,
1571 4767 1642 4820 ad
1686 4786 1818 4822 anu-

882 4855 1118 4908 agmum.

307 4933 632 4986 Deditauno
655 4932 778 4995 449,
808 4931 911 4985 sub
944 4932 1128 4992 linem,
1164 4936 1455 4997 postquam
1497 4927 1712 4982 audivit
1746 4930 1815 4985 de

237 5023 512 5079 sententia
550 5023 605 5076 in
639 5023 944 5078 latrocinali
983 5020 1228 5090 concilio
1262 5019 1322 5072 in
1355 5033 1414 5072 se
1443 5017 1568 5072 data
1597 5034 1611 5070 :
1637 5019 1815 5074 amico

241 5115 412 5178 enim,
437 5123 532 5168 aut
553 5116 856 5169 amicorum
883 5113 1050 5168 coetui
1075 5111 1278 5182 potius,
1315 5109 1572 5180 injuriam
1609 5110 1814 5165 illatam

241 5221 384 5274 agre
413 5205 636 5268 ferenti,
656 5203 973 5274 respondet,
1003 5218 1104 5257 sua
1133 5217 1193 5256 se
1217 5199 1531 5256 innocentia
1561 5207 1617 5254 et
1643 5199 1817 5254 divini

241 5296 429 5367 iudicii
452 5312 548 5366 spe
583 5296 890 5350 consolans.
922 5295 1064 5358 Dixi,
1112 5301 1205 5348 aut
1225 5293 1518 5346 amicorum
1541 5293 1694 5345 coetui
1721 5309 1816 5362 po-

245 5389 365 5443 tius.
394 5387 452 5443 ια
475 5387 623 5443 enim
651 5387 950 5443 ostendunt
988 5385 1176 5456 priora
1210 5383 1377 5439 verba
1407 5401 1420 5436 :
1472 5384 1534 5436 Ἦ
1577 5384 1676 5454 μὲν
1705 5384 1820 5437 οεο-

1912 4565 2208 4622 hilominus
2233 4560 2466 4615 Baronio
2509 4558 2711 4627 scripta
2743 4565 2866 4625 post
2893 4555 3236 4610 latrocinium
3264 4555 3492 4624 Ephesi-

1912 4673 2044 4714 num
2070 4661 2162 4722 ;et
2189 4654 2313 4708 ideo
2340 4652 2394 4705 in
2423 4651 2756 4710 columnam,
2793 4647 2941 4701 velut
2972 4645 3336 4715 epitaphium,
3369 4661 3492 4699 san-

1921 4759 2011 4805 cto
2055 4743 2278 4814 martyri
2325 4739 2668 4796 incidendam
2700 4755 2712 4791 :
2741 4738 2945 4807 scripta
2982 4737 3127 4791 enim
3161 4747 3247 4790 est
3276 4735 3492 4790 duobus

1924 4842 2094 4896 ferme
2119 4836 2279 4891 annis
2307 4842 2431 4888 ante
2457 4829 2725 4902 ejusmodi
2754 4828 3070 4883 concilium.

1993 4931 2057 4983 ν.
2108 4928 2184 4981 De
2231 4923 2650 4992 annis-quibus
2681 4919 2972 4974 Flavianus
2999 4918 3158 4983 sedit,
3194 4923 3494 4988 pugnantes

1923 5030 2052 5079 sunt
2075 5026 2358 5074 auctorum
2379 5013 2684 5070 sententiae.
2710 5013 2817 5066 Alii
2841 5011 3125 5066 biennium
3175 5018 3233 5062 et
3276 5023 3495 5063 menses

1917 5108 2106 5163 decem
2129 5104 2334 5159 sedisse
2357 5108 2608 5156 asserunt
2633 5117 2648 5165 ;
2679 5098 2770 5152 alii
2797 5113 3001 5153 annum
3031 5096 3294 5151 duntaxat
3322 5111 3493 5152 unum

1918 5213 2044 5253 cum
2066 5195 2255 5249 decem
2291 5191 2592 5245 mensibus.
2625 5187 2684 5241 in
2705 5188 2891 5257 priore
2921 5187 3181 5258 opinione
3205 5197 3495 5244 versantur

1919 5287 2206 5350 Baronius,
2255 5283 2525 5338 Antonius
2575 5280 2902 5345 Richardus,
2959 5290 3016 5336 et
3064 5280 3376 5336 Bollandus.
3433 5281 3495 5335 ln

1920 5378 2226 5452 posteriore
2257 5376 2458 5430 Menam
2485 5373 2824 5440 Graecorum,
2867 5373 3133 5428 Maximus
3152 5371 3490 5446 Cytherteus,

1571 5524 1890 5582 SCllULle
1926 5519 2159 5580 ΝΟΤΑΞ.

317 5647 359 5680 ⁸⁸
388 5645 561 5717 Epist.
585 5647 676 5703 69.
754 5648 798 5680 “
829 5647 1000 5717 Epist.
1028 5645 1080 5701 8.
1158 5644 1203 5677 "
1230 5644 1402 5714 Epist.
1443 5645 1532 5700 8l.
