4024 6152
580 127 683 188 259

1697 113 2075 172 GARNERII
2114 114 2606 174 DISSEBTATIO
2645 114 2724 173 II.

3715 110 3815 177 200

580 230 921 302 Nicephorus
948 225 1604 296 Constantinopolitanus,
1644 222 1946 288 Cedrenus,
1991 223 2151 276 Peta-
2185 241 2225 292 Α
2257 224 2454 279 illustri
2501 224 2821 296 martyrium
2863 222 3112 294 perfecit,
3139 228 3444 292 pugnantes
3468 220 3670 277 iterum
3692 234 3814 279 sunt

579 338 723 378 νιιιε.

648 411 734 466 Vl.
760 413 834 466 De
855 409 1135 466 mensibus
1168 407 1357 462 decem
1385 420 1530 461 nunc
1553 420 1748 460 omnes
1779 403 2152 465 consentiunt,

581 513 869 573 prepterea
908 500 1052 570 quod
1102 498 1390 552 Flavianus
1436 497 1722 551 ordinatus
1753 503 1838 550 est
1859 495 1960 550 sub
1992 494 2156 548 ﬁnem

582 591 855 654 Octobris,
891 588 1172 658 depositus
1195 587 1284 642 die
1317 587 1529 642 decima
1561 586 1812 656 Augusti.

652 682 763 736 VII.
815 680 1050 746 Quaastio
1092 679 1158 732 de
1186 679 1344 732 annis
1369 678 1573 747 pendet
1608 693 1674 732 ex
1702 688 1947 747 tempore
1976 677 2159 731 obitus

583 773 780 836 Procli,
807 772 895 825 cui
919 771 1211 824 Flavianus
1231 770 1514 824 successit.
1546 768 1651 822 Alii
1681 769 1932 823 Proclum
1957 768 2158 822 obiisse

583 862 737 915 aiunt
769 876 913 914 anno
947 860 1070 925 446,
1108 860 1200 914 alii
1229 875 1374 914 anno
1404 860 1506 914 447
1537 876 1552 925 ;
1588 868 1752 929 prout
1781 874 1976 928 nempe
2003 867 2058 912 et
2082 858 2160 912 illi

582 959 638 1004 et
681 952 770 1006 isti
803 952 1049 1006 sentiunt
1084 951 1150 1006 de
1179 952 1340 1006 terra:
1361 961 1532 1015 motu,
1567 967 1677 1021 quo
1697 951 2160 1018 Constantinopo-

584 1041 652 1096 lis
673 1057 937 1096 concussa
986 1050 1090 1106 est,
1131 1042 1336 1112 quique
1389 1043 1585 1096 Proclo
1638 1041 1859 1095 vivente
1911 1040 2159 1108 contigit.

586 1131 764 1186 Motus
807 1133 897 1186 ille
928 1149 957 1186 a
987 1133 1210 1186 Petavio
1251 1132 1473 1201 ponitur
1493 1147 1635 1185 anno
1657 1133 1781 1193 447,
1803 1131 1858 1184 in
1889 1145 1998 1200 quo
2019 1129 2162 1184 Mar-

585 1224 843 1277 cellinum
873 1232 928 1278 et
956 1223 1384 1278 Alexandrinum
1420 1223 1582 1290 310
1613 1219 1925 1274 Chronicon
1971 1218 2160 1287 sequi-

587 1324 676 1369 tur
707 1332 722 1368 :
752 1317 977 1384 ponitur
1005 1331 1035 1368 a
1062 1309 1296 1368 Baronio
1333 1329 1477 1368 anno
1500 1314 1622 1372 446,
1658 1311 1752 1366 ubi
1777 1327 1876 1382 pro
1899 1326 1978 1375 se,
2015 1309 2162 1380 quod

586 1405 788 1458 mirum
819 1413 924 1466 est,
957 1411 1013 1458 et
1041 1414 1230 1457 contra
1262 1403 1422 1456 fidem
1460 1402 1734 1464 codicum,
1785 1401 2160 1455 Marcellinum

589 1495 796 1547 laudat.
831 1492 1128 1548 Sententia:
1186 1491 1353 1561 priori
1402 1490 1792 1545 adhrerendum
1843 1498 1995 1559 puto,
2046 1495 2162 1541 tum

584 1586 711 1654 quia
738 1585 975 1654 plurium
1010 1592 1095 1638 est
1133 1583 1614 1651 antiquiorumque
1653 1582 2017 1651 scriptorum;
2050 1591 2163 1634 tum
2198 1574 2236 1627 Β

585 1679 732 1748 quod
788 1678 1027 1732 rationes
1079 1691 1180 1744 pro
1230 1674 1520 1743 posteriori
1565 1674 1812 1728 adductae
1855 1675 1944 1727 vix
1997 1673 2160 1743 quid-

584 1781 749 1834 quam
797 1765 1035 1818 habeant
1080 1761 1343 1832 ponderis
1384 1761 1649 1817 adversus
1677 1771 1880 1817 tantam
1915 1771 2159 1815 veterum

584 1857 966 1909 auctoritatem
978 1896 991 1909 .

655 1967 791 2021 VIII.
833 1966 1091 2021 Momenti
1133 1967 1364 2037 alicujus
1416 1965 1471 2020 id
1521 1981 1687 2020 unum
1731 1965 1906 2024 videri
1960 1973 2158 2034 potest,

586 2055 730 2124 quod
782 2055 1060 2124 profertur
1105 2055 1172 2110 de
1231 2056 1389 2109 annis
1439 2055 1729 2109 duodecim
1771 2055 1918 2110 sedis
1957 2056 2157 2118 Procli,

588 2161 750 2213 quem
787 2153 999 2198 constat
1037 2160 1181 2199 anno
1224 2146 1348 2210 454,
1391 2145 1478 2199 die
1514 2145 1578 2198 12
1602 2145 1827 2214 Aprilis,
1874 2146 1927 2198 in
1980 2146 2160 2200 locum

589 2236 897 2291 Maximiani
935 2237 1243 2290 suﬂectum.
1276 2237 1414 2290 Hinc
1460 2236 1606 2290 enim
1644 2236 2012 2301 concluditur,
2065 2238 2164 2292 obo

591 2327 716 2382 iisse
759 2344 904 2381 anno
935 2329 1058 2382 446.
1090 2329 1292 2383 Verum
1323 2327 1377 2381 id
1415 2328 1592 2397 reipsa
1623 2329 1739 2382 leve
1765 2337 1850 2382 est
1882 2345 1895 2381 :
1931 2345 2056 2383 nam
2093 2331 2161 2386 de

588 2417 748 2472 annis
769 2418 945 2472 Procli
971 2435 1079 2472 non
1105 2417 1456 2472 consentiunt
1494 2419 1742 2473 historici
1786 2419 1908 2488 ipsi.
1966 2420 2162 2475 Fateor

587 2525 616 2563 a
636 2509 946 2578 Nicephoro
980 2508 1588 2578 Constantinopolitano
1613 2509 1779 2562 tribui
1827 2525 2000 2564 annos
2020 2510 2161 2565 duo-

587 2601 785 2665 decim,
837 2601 949 2655 sive
997 2601 1053 2654 in
1095 2600 1566 2669 Chronographia,
1615 2599 1729 2654 sive
1775 2600 1829 2653 in
1861 2601 2158 2670 Catalogo:

591 2692 754 2747 tribui
809 2693 1014 2762 pariter
1061 2709 1091 2745 a
1141 2692 1494 2761 Theophane,
1546 2707 1669 2746 cum
1724 2692 1916 2746 scribit
1959 2691 2160 2748 obiisse

590 2801 733 2839 anno
784 2785 851 2838 39
907 2783 1238 2847 Theodosii;
1287 2783 1382 2836 sed
1434 2793 1792 2852 pneterquam
1821 2785 1966 2852 quod
1999 2784 2160 2838 unica

589 2886 673 2932 est
713 2876 1007 2945 Nicephori
1043 2884 1098 2929 et
1133 2875 1484 2944 TheOphanis
1522 2875 1850 2929 Menaeorum
1884 2882 1940 2929 et
1974 2876 2160 2929 Meno-

591 2967 858 3036 logiorum
907 2964 1222 3019 Crtecorum
1263 2962 1600 3018 auctoritas:
1647 2979 1770 3017 nam
1805 2962 2164 3031 Theophanes

589 3058 958 3128 Nicephorum
983 3057 1254 3125 sequitur,
1285 3056 1486 3110 Menaza
1514 3064 1569 3110 et
1590 3055 1969 3126 Martyrologia
1992 3073 2058 3111 ex
2079 3057 2166 3112 his

590 3149 951 3217 scriptoribus
1013 3147 1288 3216 descripta
1346 3154 1519 3210 sunt;
1577 3155 1938 3216 praeterquam
1994 3147 2162 3216 quod,

592 3236 834 3306 inquam,
881 3237 996 3290 haec
1033 3237 1330 3290 auctoritas
1376 3237 1539 3289 unica
1576 3245 1679 3298 est,
1709 3245 1764 3290 et
1785 3237 1949 3290 etiam
1984 3252 2083 3306 per
2107 3253 2166 3292 se

591 3329 742 3382 levis.
769 3329 901 3383 Nam
927 3327 1209 3397 irrepsisse
1232 3341 1479 3380 errorem
1507 3326 1560 3380 in
1579 3343 1872 3382 numerum
1891 3344 2160 3382 annorum

590 3419 734 3488 apud
755 3419 1144 3487 Nicephorum,
1166 3417 1434 3486 legentem
1455 3417 1716 3470 tredecim
1736 3433 1834 3486 pro
1855 3418 2164 3484 duodecim,

590 3527 703 3566 non
761 3521 972 3565 temere
1005 3508 1275 3578 quispiam
1329 3507 1602 3575 opinetur.
1650 3507 1812 3561 Certe
1842 3524 2062 3563 necesse
2083 3519 2165 3563 est

592 3602 750 3656 fateri
791 3611 1071 3670 peccatum
1119 3613 1238 3653 esse
1284 3599 1337 3651 in
1372 3612 1602 3651 numero
1635 3597 1943 3651 mensium:
1985 3615 2163 3669 neque

591 3691 738 3745 enim
785 3701 915 3752 tres,
955 3696 1015 3742 ut
1046 3687 1281 3740 habetur
1324 3686 1466 3755 apud
1492 3702 1585 3740 eos
1607 3687 1699 3756 qui
1729 3688 1983 3755 appellati
2014 3698 2161 3755 sunt,

593 3781 686 3835 sed
721 3797 816 3835 sex
859 3796 981 3833 cum
1029 3778 1318 3832 duodecim
1349 3777 1546 3832 diebus
1578 3777 1687 3832 dici
1721 3779 2048 3834 debuerunt.
2083 3780 2166 3834 Si-

592 3873 814 3942 quidem
855 3889 886 3926 a
940 3872 1029 3926 die
1082 3871 1146 3924 12
1198 3870 1419 3939 Aprilis,
1454 3886 1561 3939 qua
1591 3869 1679 3923 die
1705 3878 1851 3924 certe
1881 3871 2164 3926 ordinatus

591 3973 674 4019 est
709 3965 954 4026 Proclus,
990 3963 1056 4017 ad
1088 3964 1233 4018 diem
1263 3961 1333 4015 ‘24
1360 3960 1636 4023 Octobris,
1665 3977 1772 4031 qua
1803 3971 2016 4016 constat
2041 3979 2162 4019 esse

592 4055 931 4120 defunctum,
985 4070 1200 4108 menses
1243 4068 1380 4122 quos
1434 4051 1568 4116 dixi,
1595 4051 1820 4122 diesque
1855 4053 2166 4109 interfluxe-

592 4146 720 4200 rint.
761 4144 946 4210 Quare
991 4145 1244 4199 Proclum
1274 4143 1475 4198 obiisse
1498 4159 1641 4196 anno
1673 4144 1796 4208 447,
1829 4144 2036 4199 sedisse
2065 4161 2164 4200 an-

2255 314 2582 383 scriptorum
2634 313 2935 369 sententia.
2972 313 3218 367 Tradunt
3258 313 3403 367 enim
3459 311 3548 364 alii
3597 309 3654 365 in
3705 311 3815 381 ipso

2255 403 2445 474 synodi
2469 404 2588 456 loco
2622 402 2968 457 interfectum
3000 417 3120 455 esse
3142 417 3172 454 a
3201 400 3461 455 Barsuma
3485 408 3540 454 et
3568 399 3682 454 suis
3705 415 3815 454 mo-

2256 494 2447 550 nachis
2475 513 2490 561 ;
2517 495 2609 549 alii
2633 502 2755 564 post
2789 493 3030 548 triduum
3069 509 3136 546 ex
3165 491 3403 561 acceptis
3450 491 3623 561 plagis
3661 491 3816 545 inter—

2257 587 2427 653 iisse;
2487 587 2578 642 alii
2637 589 2692 641 in
2753 587 2840 641 via
2897 587 2962 640 ad
3017 586 3351 657 llypxepense
3417 584 3671 638 exsilium
3721 585 3818 639 ob-

2258 679 2385 733 iisse
2417 695 2431 744 ;
2471 679 2584 743 alii,
2619 686 2902 748 postquam
2930 678 3192 748 Hypacpas
3213 677 3513 747 ‘pervenit,
3543 678 3816 732 calamita-

2258 771 2406 824 tibus
2435 779 2491 824 et
2523 770 2760 824 miseriis
2798 771 3044 824 attritum
3083 785 3224 824 esse.
3271 769 3487 824 Veritas
3539 769 3695 824 facile
3741 770 3820 824 di-

2259 862 2431 916 scitur
2475 876 2540 915 cx
2595 859 2769 930 prima
2833 868 2987 930 parte
3047 859 3265 914 concilii
3322 858 3818 924 Chalcedonensis;

2260 968 2385 1006 nam
2421 952 2476 1006 in
2517 952 2744 1021 epistola
2798 951 2962 1006 Galla:
3012 951 3263 1006 Placidia:
3311 951 3378 1005 ad
3435 951 3821 1014 Theodosium,

2259 1044 2443 1098 vivere
2493 1043 2673 1096 adhuc
2717 1042 3033 1096 Flavianum
3080 1041 3236 1111 311
3279 1043 3623 1111 supponitur.
3663 1062 3681 1092 ‹
3715 1041 3826 1097 Hac

2261 1132 2443 1201 itaque
2471 1132 2643 1202 gratia
2669 1132 3032 1187 mansuetudo
3054 1141 3144 1186 tua
3167 1133 3334 1186 tantis
3352 1129 3527 1185 turbis
3543 1133 3822 1196 resistens,

2262 1223 2546 1278 veritatem
2576 1223 2854 1278 catholicae
2886 1223 3166 1292 religionis
3192 1223 3590 1278 immaculatam
3623 1223 3824 1277 servari

2261 1314 2589 1384 praecipiat:
2621 1325 2683 1370 ut
2735 1315 3036 1370 secundum
3070 1315 3299 1370 formam
3345 1326 3402 1371 et
3452 1315 3826 1372 definitionem

2263 1405 2573 1474 apostolicae
2629 1406 2794 1470 sedis,
2845 1415 3083 1476 quamet
3108 1422 3206 1461 nos
3234 1415 3490 1471 tanquam
3512 1408 3826 1477 prazcellen-

2264 1504 2372 1551 tem
2404 1497 2656 1552 similiter
2682 1513 3030 1562 veneramur,
3085 1498 3139 1552 in
3172 1506 3312 1552 statu
3348 1499 3632 1553 sacerdotii
3663 1499 3828 1554 illmso

2267 1601 2519 1646 manente
2557 1607 2654 1661 per
2681 1590 2863 1645 omnia
2898 1590 3174 1655 Flaviano,
3207 1591 3273 1645 ad
3299 1592 3590 1646 concilium
3611 1600 3826 1661 aposto-

2267 1684 2382 1738 licae
2432 1684 2579 1738 sedis
2619 1683 2883 1754 judicium
2917 1683 3333 1738 transmittatur.
3387 1703 3404 1734 ι
3441 1684 3668 1753 Scripsit
3699 1701 3827 1738 vero

2266 1776 2502 1831 Placidia
2543 1786 2668 1846 post
2709 1776 2852 1830 diem
2905 1776 2968 1829 l8
2994 1776 3335 1847 Novembris,
3377 1776 3552 1840 idest,
3577 1785 3700 1846 post
3724 1787 3829 1831 tres

2267 1882 2482 1920 menses
2524 1882 2555 1920 a
2586 1867 2765 1921 soluto
2789 1867 3022 1920 concilio
3053 1866 3328 1936 Ephesino
3351 1867 3652 1920 latrocinali
3684 1881 3829 1936 ;quo

2268 1964 2510 2024 tempore
2547 1955 2868 2010 incredibile
2914 1965 3016 2019 est,
3044 1970 3153 2009 non
3182 1955 3348 2010 fuisse
3376 1955 3554 2009 adhuc
3583 1955 3825 2009 auditum

2268 2047 2321 2100 in
2368 2046 2664 2102 Occidente
2702 2047 2769 2102 de
2805 2047 2950 2102 ca'de
3000 2046 3320 2116 patriarchae
3359 2061 3509 2100 novze
3541 2046 3743 2108 Romae,
3783 2045 3826 2098 si

2269 2155 2455 2194 revera
2482 2139 2820 2210 contigisset.
2857 2138 2988 2204 Quis
3013 2138 3159 2191 enim
3194 2138 3295 2191 sibi
3337 2135 3682 2208 persuadeat,
3707 2151 3826 2189 cum

2266 2228 2333 2282 de
2364 2228 2529 2283 rebus
2553 2228 2842 2298 Ephesinis
2870 2235 3274 2297 perstreperent
3309 2226 3512 2290 omnia,
3563 2225 3629 2279 dc
3682 2233 3828 2278 tanto

2267 2319 2528 2382 facinore,
2586 2328 2851 2388 quantum
2906 2329 2991 2373 est
3041 2319 3201 2388 regiae
3255 2318 3404 2371 urbis
3465 2317 3826 2386 patriarcham

2267 2409 2548 2474 trucidari,
2595 2410 2678 2464 vel
2733 2409 2950 2474 famam,
2996 2425 3100 2479 qua
3130 2409 3265 2464 nihil
3293 2408 3570 2478 pemicius
3597 2408 3650 2461 in
3680 2407 3829 2463 defe-

2266 2501 2454 2556 rendis
2485 2502 2846 2556 insolentibus
2874 2501 3123 2564 nuntiis;
3165 2500 3249 2553 vel
3293 2500 3501 2552 litteras
3557 2498 3700 2551 ultro
3748 2498 3830 2551 ci-

2267 2600 2459 2660 troque
2490 2591 2558 2645 ad
2591 2591 2979 2660 imperatorum
3008 2589 3160 2642 aulas
3185 2595 3548 2658 pcrmeantes,
3577 2586 3825 2647 siluisse;

2264 2683 2350 2738 vel
2381 2685 2698 2752 Augustam,
2733 2696 2855 2735 cum
2880 2681 2944 2734 ad
2980 2679 3346 2733 Theodosium
3381 2685 3662 2746 parentem
3691 2677 3828 2730 scri-

2266 2773 2442 2836 heret,
2473 2773 2766 2826 relaturam
2794 2771 2964 2824 fuisse
2993 2770 3136 2823 solas
3159 2769 3330 2822 sancti
3362 2767 3559 2820 Leonis
3582 2761 3839 2834 querelas

2266 2863 2334 2917 de
2380 2864 2620 2918 Flaviani
2672 2863 3012 2932 expulsione,
3062 2877 3170 2915 non
3218 2861 3345 2914 item
3386 2859 3452 2912 de
3481 2873 3636 2920 nece,
3658 2871 3829 2924 eaque

2267 2963 2374 3008 tam
2402 2954 2619 3008 immani
2647 2964 2702 3008 et
2730 2954 3022 3016 horrenda,
3055 2953 3100 3006 si
3140 2953 3327 3006 Roma:
3354 2960 3481 3004 nota
3508 2950 3694 3003 esset?

2340 3047 2403 3100 X.
2451 3046 2603 3112 Quod
2639 3047 2684 3099 si
2712 3061 2838 3100 vera
2867 3053 2996 3099 sunt
3035 3045 3158 3106 ista,
3188 3052 3246 3097 ut
3273 3051 3420 3096 certe
3450 3048 3598 3103 sunt,
3631 3039 3832 3091 mirum

2266 3144 2531 3208 quantum
2586 3154 2616 3192 a
2676 3137 2886 3190 ratione
2937 3136 3216 3198 abhorret,
3273 3134 3418 3203 quod
3475 3149 3583 3186 non
3625 3131 3831 3186 nemini

2267 3229 2680 3286 contradicendi
2707 3228 2906 3298 cupido
2942 3243 3050 3282 non
3080 3228 3153 3282 ita
3190 3227 3399 3296 pridem
3427 3226 3577 3279 venit
3600 3225 3652 3278 in
3676 3241 3832 3280 men-

2267 3331 2397 3377 tem.
2447 3322 2680 3376 Litteras
2726 3319 3086 3374 Valentiniani
3113 3328 3168 3372 et
3191 3319 3554 3388 Augustarum
3586 3334 3695 3371 non
3728 3317 3832 3371 nisi

2266 3419 2390 3480 post
2435 3410 2632 3464 festum
2681 3409 2855 3464 sancti
2885 3410 3054 3473 Petri,
3088 3409 3139 3462 id
3162 3418 3244 3462 est
3278 3424 3332 3462 ιιι
3365 3407 3480 3462 Kal.
3510 3408 3660 3471 Julii,
3688 3423 3834 3460 anno

2266 3501 2390 3566 450,
2425 3517 2546 3556 esse
2575 3509 2840 3556 cxaratas.
2865 3499 3091 3570 Oportet
3116 3500 3260 3553 enim
3295 3514 3324 3553 e
3354 3497 3568 3552 duobus
3603 3498 3834 3551 alterum

2269 3590 2544 3654 accidere,
2577 3605 2773 3658 nempe
2803 3598 2928 3659 post
2958 3588 3211 3642 undecim
3254 3589 3366 3643 fere
3397 3603 3616 3642 menses
3657 3587 3739 3640 vel
3776 3588 3835 3641 in

2265 3680 2558 3736 Occidente
2598 3679 2666 3733 de
2715 3689 2891 3733 morte
2933 3679 3173 3748 episcopi
3220 3687 3381 3733 tantae
3406 3678 3554 3732 sedis
3575 3677 3837 3732 rescitum

2265 3787 2408 3835 esse,
2469 3771 2557 3824 vel
2611 3770 2791 3824 adhuc
2833 3770 3183 3840 superstitem
3237 3771 3552 3825 Flavianum
3613 3770 3835 3824 vixisse.

2264 3862 2566 3932 Utrumque
2590 3878 2721 3916 vero
2741 3862 2986 3932 prodigio
3013 3862 3187 3917 simile
3215 3869 3318 3916 est.

2335 3955 2427 4008 XI.
2474 3955 2661 4009 Restat
2707 3954 2874 4025 igitur
2899 3964 2960 4009 ut
2999 3955 3286 4008 Flavianus
3317 3953 3586 4024 Hypaepis,
3621 3970 3712 4007 seu
3739 3970 3841 4006 su-

2266 4049 2612 4118 perueniente,
2639 4064 2730 4100 seu
2756 4049 2956 4118 ingesta
2984 4056 3168 4110 morte,
3213 4046 3510 4100 defunctus
3563 4047 3634 4101 sit
3669 4064 3683 4100 :
3733 4047 3838 4102 sed

2265 4156 2375 4210 quo
2399 4155 2607 4203 mense,
2635 4155 2813 4210 quove
2836 4139 2946 4205 die,
2975 4138 3197 4195 deﬁnite
3245 4155 3406 4194 nemo
3453 4140 3620 4194 tradit
3645 4157 3660 4205 ;
3706 4155 3846 4209 pro-

592 4252 692 4291 nos
733 4236 798 4290 15
843 4252 966 4290 cum
1016 4236 1048 4288 6
1101 4234 1381 4288 mensibus
1421 4243 1478 4288 et
1503 4235 1569 4288 ιε
1601 4235 1796 4289 diebus
1825 4235 2022 4289 sentio.
2051 4237 2163 4292 Imo
2197 4243 2239 4297 ι)
2268 4233 2449 4288 habile
2498 4241 2676 4288 tamen
2718 4233 2772 4286 id
2825 4234 3117 4304 contigisse
3164 4233 3253 4287 die
3282 4234 3348 4288 18
3375 4233 3655 4288 Februarii
3687 4249 3848 4290 anno

592 4327 956 4396 Nicephorum
987 4325 1270 4379 Callistum
1300 4323 1702 4378 emendandum
1733 4341 1880 4389 reor,
1902 4343 2024 4382 eum
2047 4328 2159 4382 ait:

591 4417 746 4472 Μετὰ
803 4416 860 4469 δὲ
913 4415 1070 4469 τοῦτο
1113 4415 1354 4486 Πρόκλος
1381 4416 1477 4486 μὲν
1505 4417 1533 4468 ὁ
1573 4416 1844 4479 Θειότατος
1868 4417 1998 4471 δέκα
2027 4419 2162 4487 πρὸς

589 4507 668 4574 τῷ
718 4507 798 4558 ἐνὶ
841 4504 1122 4575 διατρίψας
1165 4506 1257 4575 ἔτη
1300 4505 1378 4575 τῷ
1414 4505 1512 4574 τῆς
1545 4507 2162 4572 Κωνσταντινουπόλεως

592 4595 787 4666 Θρόνῳ,
823 4597 917 4647 καὶ
945 4597 972 4647 ὁ
1009 4595 1110 4663 τῆς
1160 4596 1562 4665 Ἀλεξανδρείας
1589 4597 1868 4661 Θεσπέσιος
1900 4599 2162 4669 Κύριλλος

591 4684 686 4737 δύο
712 4685 847 4754 πρὸς
878 4686 989 4745 τοῖς
1015 4684 1302 4752 τριάκοντα
1328 4686 1466 4738 κατὰ
1489 4687 1698 4747 ταύτὸν,
1726 4689 1818 4740 καὶ
1840 4689 2004 4758 ἄμφω
2029 4691 2163 4760 πρὸς

591 4772 689 4842 τὴν
719 4771 910 4841 ἀγήρω
940 4771 1256 4839 μετέϐαινον
1291 4771 1493 4841 βιοτήν.
1531 4773 1848 4843 Legendum
1878 4778 2024 4830 enim
2078 4788 2162 4833 cst

590 4859 796 4914 δώδεκα
833 4876 846 4911 :
889 4857 1152 4926 alioquin,
1197 4875 1319 4913 cum
1363 4861 1538 4915 tradat
1569 4873 1624 4916 et
1656 4863 1905 4918 Proclum
1938 4866 2160 4920 ordina-

591 4959 705 5006 tum
732 4965 876 5004 anno
906 4951 1029 5014 434,
1059 4950 1147 5005 die
1195 4951 1258 5005 12
1301 4952 1521 5022 Aprilis,
1549 4963 1603 5008 et
1635 4969 1701 5008 eo
1720 4957 1938 5010 vivente
1968 4958 2161 5028 ingen-

592 5049 702 5095 tem
761 5039 910 5093 illum
971 5048 1129 5096 terra:
1179 5050 1386 5096 motum
1445 5043 1768 5113 contigisse,
1809 5045 1864 5099 in
1915 5057 2160 5116 apertam

589 5129 1076 5186 contradictionem
1127 5133 1394 5188 incideret
1423 5151 1434 5186 :
1471 5149 1593 5187 nam
1621 5144 1716 5189 aut
1747 5146 1954 5190 motum
1988 5138 2159 5193 refer-

589 5231 673 5276 ret
702 5221 770 5274 ad
801 5237 1004 5277 annum
1032 5225 1156 5289 445,
1207 5241 1318 5295 quo
1350 5226 1488 5280 nihil
1541 5226 1648 5282 dici
1694 5236 1872 5297 potest
1919 5231 2158 5287 alienum

589 5313 761 5382 magis
797 5329 827 5367 a
881 5329 1052 5378 vero;
1104 5325 1198 5370 aut
1244 5318 1496 5372 Proclum
1544 5333 1652 5372 non
1689 5319 1927 5374 adfuisse
1959 5336 2158 5378 conce-

587 5404 762 5466 deret,
793 5405 938 5473 quod
960 5389 1145 5474 aperte
1177 5406 1390 5462 falsum.

654 5492 742 5545 IX.
775 5495 899 5552 Jam
933 5510 1060 5549 vero
1095 5495 1160 5550 de
1207 5506 1472 5568 tempore,
1509 5516 1617 5570 quo
1654 5501 1941 5558 Flavianus
1984 5514 2158 5560 morte

2263 4327 2387 4390 458,
2420 4341 2530 4395 quo
2559 4325 2647 4379 die
2690 4325 2746 4378 Iit
2773 4325 2944 4379 sancti
2972 4325 3212 4380 Flaviani
3253 4325 3514 4379 memoria
3550 4326 3603 4380 in
3644 4326 3846 4380 Meno-

2263 4416 2408 4485 legio
2432 4415 2742 4469 Gnecorum
2766 4424 2822 4468 et
2853 4415 3234 4486 Martyrologio
3264 4416 3531 4469 Romano.
3565 4416 3697 4470 Nam
3733 4431 3849 4471 cur

2263 4507 2530 4562 Baronius
2572 4507 2859 4561 relatarnm
2902 4505 3428 4576 Constantinopolim
3476 4508 3846 4577 reliquiarum

2264 4599 2582 4652 memoriam
2623 4614 2690 4652 eo
2737 4598 2826 4652 die
2860 4598 3124 4652 celebrari
3167 4599 3482 4660 asseruerit,
3536 4599 3671 4654 nihil
3723 4600 3850 4654 tale

2264 4690 2661 4760 Martyrologiis
2704 4689 3088 4753 referentibus,
3123 4689 3252 4744 fecit
3289 4699 3614 4759 praesumpta
3643 4691 3851 4760 opinio

2262 4781 2330 4834 de
2371 4789 2543 4834 morte
2579 4781 2820 4834 Flaviani
2872 4789 2992 4850 post
3041 4781 3280 4835 triduum
3327 4796 3356 4834 a
3405 4781 3752 4850 depositione
3787 4785 3852 4839 in

2263 4869 2378 4940 ipsa
2414 4871 2550 4925 urbe
2585 4870 2876 4940 Ephesina.

2332 4959 2446 5013 XII.
2489 4960 2657 5014 Porro
2705 4967 2885 5013 autem
2931 4960 3076 5030 quod
3125 4959 3404 5030 probabile
3447 4961 3578 5024 dixi,
3603 4960 3690 5014 his
3717 4961 3854 5018 fere

2262 5051 2599 5120 argumentis
2649 5050 2827 5105 fulciri
2874 5059 3052 5121 potest
3081 5068 3093 5103 :
3124 5051 3387 5114 Primum,
3424 5051 3718 5105 defunctus
3753 5065 3856 5110 est

2262 5141 2552 5196 Flavianus
2604 5141 2854 5212 Hypaepis
2903 5143 2958 5195 in
3006 5143 3226 5197 civitate
3267 5142 3446 5211 Lydia:
3475 5159 3563 5196 seu
3590 5160 3854 5213 superve-

2262 5233 2454 5294 niente,
2517 5248 2607 5285 seu
2660 5233 2862 5303 ingesta
2915 5243 3098 5286 morte.
3152 5233 3208 5286 ld
3263 5248 3395 5286 vero
3443 5233 3690 5288 accidere
3721 5251 3853 5291 non

2261 5323 2461 5393 potuit,
2510 5323 2555 5378 si
2597 5340 2704 5388 res,
2747 5340 2856 5394 quo
2882 5339 3036 5380 more
3062 5324 3218 5388 fiunt,
3249 5325 3608 5388 :estimentur,
3627 5325 3748 5378 nisi
3789 5338 3860 5381 et

2263 5414 2445 5469 itineri
2500 5423 2556 5468 et
2606 5429 2771 5470 mora:
2820 5431 2930 5469 non
2973 5415 3227 5485 exiguum
3283 5424 3497 5484 tempus
3532 5415 3852 5471 tribuatur.

2263 5506 2468 5561 Deinde
2500 5505 2544 5559 si
2572 5521 2718 5560 mors
2745 5507 2983 5561 Flaviani
3012 5507 3327 5579 contigisset
3355 5516 3480 5560 ante
3513 5505 3858 5575 Octobrem,
