4048 6174
263 218 365 284 261

1439 222 1536 282 DE
1572 223 1827 284 LIBRIS
1861 225 2369 290 THEODORETI.

3427 225 3535 304 εδει

263 332 478 399 absque
506 325 680 382 dubio
715 327 973 419 rescitum
1020 327 1088 383 de
1144 328 1259 399 ipsa
1312 331 1520 401 aliquid
1557 333 1752 390 fuisset
1800 334 1854 389 in
1886 344 1930 397 Α
1961 340 2241 395 veteribus
2291 341 2631 409 auctoribus,
2684 355 2819 415 puta
2865 344 3140 411 Liberato,
3196 347 3449 419 Evagrio,
3475 361 3533 408 et

261 419 568 477 Occidente
618 419 723 473 sub
772 418 934 474 ﬁnem
960 419 1305 486 Novembris,
1336 437 1448 492 quo
1475 431 1718 494 tempore
1742 427 1845 481 Va-

259 512 608 579 lentinianus
651 526 776 566 cum
824 510 1087 581 Augustis
1134 510 1347 567 duabus
1374 512 1442 568 ad
1475 513 1846 570 Theodosium

258 604 482 659 litteras
533 602 733 656 dedit:
783 610 839 657 at
890 603 1153 657 rescitum
1207 620 1318 659 non
1365 614 1503 660 erat.
1553 607 1768 671 Postea,
1800 607 1848 663 si

258 704 391 749 ante
418 693 744 749 Ianuarium
777 702 873 749 aut
920 692 1082 747 ﬁnem
1134 694 1452 749 Decembris
1491 695 1781 751 Flavianus
1815 712 1847 751 e

257 788 375 842 vita
396 786 750 850 decessisset,
780 785 1124 840 Theodosius
1152 786 1339 856 utique
1362 787 1746 842 Valentiniano
1791 800 1846 842 et

255 876 524 947 Augustis
567 874 910 944 respondens
964 889 1075 929 non
1124 875 1435 931 tacuisset:
1486 875 1656 931 tacuit
1691 891 1843 931 vero.

258 971 534 1039 Denique,
591 968 637 1023 si
684 976 812 1022 ante
856 965 1215 1021 Februarium
1246 981 1396 1021 mors
1429 967 1672 1023 Flaviani
1701 967 1847 1024 acci-

257 1061 455 1124 disset,
491 1058 655 1129 312
686 1058 817 1127 quid
844 1064 990 1112 esset
1015 1072 1216 1121 causae,
1248 1072 1348 1111 cur
1376 1066 1600 1113 sanctus
1633 1058 1743 1113 Leo
1775 1074 1845 1112 ne

258 1150 494 1204 verbum
534 1147 756 1218 quidem
794 1162 858 1202 ea
879 1147 946 1202 de
979 1163 1037 1201 re
1067 1147 1279 1213 fecerit,
1310 1156 1406 1202 aut
1429 1158 1577 1203 certe
1603 1149 1671 1204 de
1702 1147 1847 1203 Ana-

259 1243 395 1297 Iolio
426 1257 541 1295 non
569 1239 849 1310 scripserit
885 1239 1214 1306 Theodosio,
1259 1241 1580 1305 Pulcherize,
1617 1242 1846 1312 aliisque

259 1343 388 1389 ante
443 1333 653 1390 Iulium
708 1331 994 1387 mensem?
1024 1331 1137 1387 Cur
1183 1332 1530 1388 Theodosius
1575 1349 1685 1388 non
1719 1342 1846 1389 ante

263 1426 774 1496 Quadragesimam,
809 1436 904 1480 aut
931 1424 1096 1479 etiam
1123 1432 1252 1479 ante
1276 1425 1504 1489 Pascha,
1535 1441 1645 1479 non
1669 1425 1845 1495 petie-

261 1520 333 1573 rit
386 1518 707 1574 Anatolium
745 1526 873 1572 ante
900 1516 1345 1571 communionem
1377 1516 1547 1586 recipi
1586 1533 1617 1572 a
1654 1527 1845 1573 sancto

260 1611 467 1674 Leone,
515 1625 680 1679 quem
722 1607 893 1680 probe
920 1615 1174 1673 noverat,
1207 1608 1439 1663 solemni
1470 1608 1574 1663 hac
1597 1609 1844 1664 declara-

1950 429 2094 495 aliis,
2136 432 2284 500 quod
2332 442 2513 489 tamen
2550 435 2895 505 potissimum
2920 447 3086 508 atque
3111 437 3279 493 etiam
3307 440 3531 496 unicum

1949 520 2227 589 opinionis
2265 538 2378 579 sua:
2418 523 2837 580 fundamentum
2870 540 2992 581 esse
3021 527 3234 594 voluit;
3272 510 3399 583 nam
3424 527 3535 584 Eu-

1947 612 2136 668 sebius
2181 615 2403 683 quidem
2457 617 2772 690 Dorylensis
2821 618 3041 673 actione
3079 618 3256 689 prima
3287 620 3531 675 occisum

1947 704 2200 773 queritur
2226 706 2545 762 Flavianum
2581 727 2594 762 :
2644 711 2861 765 actione
2913 710 3077 765 tertia
3119 710 3468 767 interfectum
3501 728 3533 766 a

1948 793 2212 848 Dioscoro
2240 805 2428 851 narrat
2476 796 2713 864 Quintus
2770 801 3089 865 Phocensis,
3145 808 3310 869 atque
3361 800 3531 857 etiam

1947 884 2232 941 Proterius
2255 886 2581 957 Myrinensis
2597 907 2627 956 ,;
2658 890 2875 945 actione
2898 900 3091 961 quarta
3114 891 3377 946 adversus
3395 891 3530 945 Bar-

1944 993 2158 1035 suma'm
2182 1017 2197 1043 ,
2233 981 2387 1037 velut
2426 981 2838 1038 interfectorem
2883 984 3045 1054 313
3089 981 3353 1047 Flaviani,
3394 998 3529 1037 con-

1947 1070 2233 1125 clamatur.
2288 1070 2396 1126 Sed
2443 1073 2570 1129 inde
2613 1090 2776 1129 nemo
2826 1075 3120 1131 concludat
3156 1074 3327 1139 aliud,
3363 1090 3529 1144 quam

1947 1161 2087 1217 male
2122 1161 2371 1217 habitum
2408 1163 2609 1233 Ephesi
2652 1164 2992 1229 Flavianum,
3023 1165 3262 1235 indeque
3291 1165 3529 1234 ejectum

1947 1249 2005 1303 in
2029 1250 2303 1316 exsilium,
2334 1252 2428 1307 ubi
2459 1252 2719 1308 aerumnis
2743 1253 3027 1311 confectus
3045 1264 3151 1310 est.

2016 1343 2086 1399 Et
2107 1359 2242 1399 vero
2276 1344 2677 1409 Theodoretus,
2713 1360 2839 1400 cum
2868 1345 2923 1399 in
2956 1346 3223 1401 concione
3250 1345 3463 1401 diceret
3483 1346 3531 1379 “

1946 1449 1976 1488 a
2029 1435 2198 1490 sociis
2254 1436 2572 1505 pastoribus
2613 1437 2858 1492 occisum
2907 1436 3138 1491 calamis
3190 1436 3528 1499 Nestorium,

1946 1523 2097 1578 aliud
2131 1524 2268 1579 nihil
2290 1524 2653 1596 significabat,
2679 1526 2899 1597 opinor,
2923 1542 3087 1596 quam
3122 1526 3433 1596 depositum
3473 1533 3531 1581 et

1947 1615 2223 1687 dejeetum
2278 1617 2470 1684 fuisse,
2518 1627 2580 1674 ut
2633 1628 2821 1689 posset
2864 1633 3102 1682 maerore
3135 1617 3350 1673 confici.
3380 1617 3530 1673 Idem

262 1702 411 1757 tione
476 1700 1103 1771 Constantinopolitanis
1176 1700 1435 1755 omnibus
1500 1701 1787 1772 scripsisse
1824 1719 1838 1756 :
1876 1677 1916 1733 Β
1950 1677 2068 1779 ἱρέα
2099 1677 2503 1773 Theodoretus,
2547 1677 2673 1766 cur}.
2712 1709 2780 1764 de
2808 1725 2909 1765 sua
2946 1679 3293 1779 depositione
3315 1708 3530 1763 scribe-

269 1815 287 1846 ς
317 1793 584 1864 Quisquis
606 1793 862 1848 incolumi
894 1808 958 1848 ac
977 1792 1272 1862 superstite
1296 1793 1552 1848 Flaviano
1583 1793 1842 1864 episcopo

259 1894 445 1940 vestro
468 1883 839 1940 sacerdotium
864 1884 984 1954 ejus
1012 1882 1177 1938 fuerit
1200 1898 1368 1938 ausus
1391 1883 1671 1945 invadere,
1694 1899 1841 1938 nun-

259 1993 423 2047 quam
454 1978 512 2031 in
545 1977 933 2032 communione
976 1983 1165 2031 nostra
1193 1973 1509 2041 habebitur,
1557 1990 1661 2031 nec
1696 1975 1841 2030 inter

257 2070 550 2140 episcOpos
576 2068 781 2138 poterit
806 2067 1108 2122 numerari.
1142 2086 1161 2119 ι

327 2160 469 2215 XIII.
540 2158 868 2230 Opinionem
929 2158 1291 2223 confirmant,
1345 2158 1586 2229 primum
1637 2157 1840 2212 Menaea

258 2253 465 2315 Graeca,
504 2252 558 2306 in
588 2251 792 2321 quibus
815 2250 1105 2305 Flavianus
1132 2249 1335 2305 dicitur
1380 2269 1398 2301 ι
1425 2248 1697 2320 permissu
1743 2248 1838 2303 Dei

257 2360 289 2399 a
319 2344 585 2400 Dioscoro
612 2342 871 2398 bmretico
888 2351 946 2397 et
974 2341 1341 2397 conciliabqu
1359 2342 1479 2412 ejus
1502 2340 1556 2396 in
1585 2340 1838 2395 exsilium

258 2438 490 2507 eiectus,
518 2449 644 2490 cum
670 2434 853 2490 sedem
886 2433 1153 2490 tenuisset
1173 2448 1377 2488 annum
1414 2440 1470 2487 et
1504 2447 1720 2487 menses
1747 2432 1841 2486 de-

258 2544 417 2594 cem;
461 2529 518 2582 in
565 2528 760 2582 exsilio
801 2541 965 2597 porro
1010 2525 1210 2580 multas
1247 2524 1570 2579 aﬂlietiones
1610 2539 1709 2594 pro
1735 2522 1840 2577 fide

258 2620 564 2674 orthodoxa
584 2634 896 2689 perpessus,
918 2633 982 2672 ex
1005 2616 1196 2671 morbo
1222 2615 1439 2670 tandem
1467 2614 1788 2670 decessisse.
1815 2633 1833 2665 ι

258 2709 469 2764 Deinde
503 2709 867 2780 Menologium
918 2707 1135 2762 Maximi
1180 2705 1471 2778 Cytherazi,
1511 2704 1568 2759 in
1615 2720 1724 2775 quo
1752 2720 1843 2759 ca-

258 2794 393 2854 dem
440 2798 782 2854 refcruntur.
835 2798 1029 2853 Postea
1082 2795 1447 2865 Menologium
1504 2792 1838 2859 Graecorum,

260 2891 406 2961 quod
465 2889 537 2944 ab
593 2888 829 2944 Henrico
876 2888 1098 2944 Canisio
1133 2903 1199 2942 ex
1227 2885 1561 2940 bibliotheca
1590 2893 1645 2939 et
1674 2885 1844 2938 inter-

260 2980 575 3047 pretatione
594 2977 886 3031 cardinalis
904 2976 1087 3031 Sirleti
1102 2974 1311 3030 editum
1333 2982 1436 3038 est,
1457 2973 1523 3028 ad
1550 2975 1613 3028 l7
1638 2973 1798 3028 Febr.
1823 2989 1836 3026 :

272 3088 290 3120 ι
318 3068 375 3124 S.
420 3070 486 3125 P.
516 3070 585 3125 N.
625 3068 1024 3139 archiepiscopi
1047 3066 1550 3136 Constantinqpolis
1579 3065 1844 3131 Flaviani,

267 3162 358 3233 qui
403 3161 477 3215 ab
530 3160 700 3230 impio
746 3160 1031 3222 Dioscoro,
1073 3168 1129 3213 et
1156 3156 1429 3213 hzereticis
1459 3172 1586 3211 cum
1615 3171 1684 3210 eo
1711 3171 1846 3210 eon-

266 3253 627 3323 spirantibus,
650 3253 859 3323 ejectus
879 3260 1044 3321 atque
1074 3251 1130 3305 in
1157 3249 1413 3305 exsilium
1436 3248 1658 3313 missus,
1680 3247 1848 3304 variis

267 3345 544 3416 pressuris
568 3354 625 3400 et
654 3343 918 3399 aerumnis
945 3348 1191 3405 vexatus,
1231 3341 1344 3395 vita
1367 3341 1589 3395 functus
1611 3349 1715 3395 est.
1751 3358 1770 3391 ι

336 3431 478 3488 XIV.
509 3430 846 3501 Argumenta
887 3429 999 3484 duo
1048 3429 1223 3484 videri
1270 3435 1501 3499 possunt
1548 3443 1650 3498 pro
1692 3437 1849 3498 parte

267 3524 516 3596 Opposita
570 3524 774 3588 facere,
825 3538 1061 3592 quorum
1110 3521 1344 3576 alterum
1401 3535 1431 3575 a
1469 3520 1850 3591 Martyrologio

268 3616 537 3680 Romano,
560 3615 796 3669 alterum
825 3629 856 3668 a
876 3612 1156 3668 nonnullis
1176 3613 1437 3667 Actorum
1454 3611 1671 3666 concilii
1685 3611 1851 3667 Chal-

267 3708 598 3764 cedonensis
624 3706 811 3761 verbis
836 3705 1091 3760 sumitur.

334 3799 788 3871 Martyrologium
861 3799 944 3853 sic
1020 3796 1233 3851 habet:
1308 3815 1326 3848 α
1376 3794 1850 3867 Constantinopoli

267 3892 439 3948 sancti
476 3890 720 3947 Flaviani
751 3888 1017 3959 episcopi,
1057 3888 1149 3958 qui
1181 3903 1306 3942 cum
1332 3886 1494 3943 fidem
1525 3887 1851 3942 catholicam

268 3983 468 4054 Ephesi
514 3989 910 4053 propugnaret,
957 3980 1026 4034 ab
1082 3979 1235 4049 impii
1289 3977 1539 4034 Dioscori
1590 3977 1849 4045 factione,

267 4078 464 4148 pugnis
498 4083 556 4130 et
587 4075 828 4129 calcibus
860 4087 1180 4144 percussus,
1232 4079 1355 4141 post
1399 4071 1644 4126 triduum
1681 4071 1850 4126 vitam

267 4168 465 4222 ﬁnivit.
500 4187 518 4218 ι
553 4166 757 4221 Verum
788 4164 968 4236 primo
991 4163 1357 4235 Martyrologii
1382 4162 1574 4218 eadem
1614 4171 1700 4217 est
1729 4177 1852 4231 quae

267 4258 489 4313 liaronii
518 4255 821 4312 auctoritas
850 4273 863 4309 :
900 4254 1168 4309 Baronius
1193 4255 1341 4309 enim
1378 4254 1444 4308 ad
1471 4267 1675 4307 novum
1704 4253 1848 4307 Mar-

269 4348 598 4420 tyrologium
627 4346 861 4416 addidit,
887 4345 1035 4416 quod
1062 4345 1130 4399 de
1161 4345 1420 4400 Flaviano
1458 4350 1471 4364 '
1500 4352 1586 4399 est
1618 4361 1631 4397 :
1668 4357 1848 4413 neque

266 4440 410 4495 enim
458 4441 516 4494 in
568 4439 977 4510 antiquioribus
1023 4438 1246 4508 legitur,
1298 4453 1368 4493 ne
1413 4437 1468 4491 in
1499 4436 1847 4492 Galesiniano

265 4532 488 4601 quidem
521 4532 766 4587 Venetiis
793 4531 963 4585 edito.
997 4529 1206 4585 Deinde
1238 4528 1672 4584 additamentum
1699 4526 1848 4583 istud

265 4623 479 4693 accepit
516 4622 593 4676 ita
635 4638 704 4676 ex
750 4621 973 4676 Menzeis
1009 4631 1065 4675 et
1091 4619 1395 4690 Menologio
1419 4619 1754 4684 (ineorum,
1789 4626 1850 4672 ut

265 4714 432 4769 verba
464 4713 849 4783 interpolaret,
880 4711 1038 4781 quasi
1068 4724 1315 4765 errorem
1346 4710 1513 4764 vellet
1550 4710 1846 4780 corrigere.

266 4803 463 4858 Postea
518 4802 748 4856 credere
800 4801 993 4856 maluit
1036 4799 1348 4869 Nicephoro
1400 4798 1646 4862 Callisto,
1683 4813 1847 4867 quam

267 4892 581 4949 Marcellino
624 4893 834 4959 comiti,
880 4902 937 4948 et
963 4892 1131 4948 Felici
1158 4890 1431 4945 defensori
1454 4889 1710 4944 Ecclesiae
1735 4890 1850 4944 Ro-

268 5001 459 5051 manae,
499 4986 557 5039 id
590 4995 696 5050 est,
744 4985 988 5055 praetulit
1027 4984 1311 5039 hominem
1364 4990 1490 5052 post
1542 4990 1849 5051 nongentos

266 5094 439 5133 annos
467 5077 537 5133 de
573 5078 741 5133 rebus
774 5076 1019 5133 Flaviani
1053 5075 1410 5138 scribentem,
1455 5071 1738 5128 historicis
1781 5087 1851 5127 ne

267 5183 374 5223 uno
394 5167 621 5237 quidem
651 5167 862 5238 integro
882 5166 1081 5221 saaculo
1110 5162 1460 5221 distantibus.

344 5258 457 5315 Cur
501 5258 814 5329 Nicephoro
865 5257 1143 5319 crederet,
1202 5256 1599 5324 damnaretque
1646 5252 1854 5309 erroris

269 5354 488 5416 Menzea,
534 5349 676 5404 nihil
721 5349 1016 5404 admodum
1063 5363 1241 5403 causae
1264 5347 1512 5416 accipere
1536 5346 1735 5416 potuit,
1766 5344 1853 5399 vel

269 5458 332 5496 ex
374 5440 565 5497 verbis
610 5439 871 5495 Actorum
903 5438 1122 5495 concilii
1156 5435 1639 5502 Chalcedonensis,
1668 5433 1756 5488 vel
1785 5448 1853 5487 ex

1947 1808 2056 1864 ret,
2095 1799 2300 1855 caedem
2342 1800 2668 1857 nominavit.
2706 1798 2981 1855 Eusebius
3003 1799 3197 1856 funera
3220 1799 3381 1865 dixit,
3410 1815 3533 1870 qua:

1948 1903 2142 1960 passus
2165 1896 2269 1944 est.
2301 1888 2507 1945 Neuter
2535 1896 2717 1944 tamen
2741 1888 3024 1952 occubuit,
3050 1889 3147 1943 sed
3176 1889 3295 1944 dira
3315 1896 3531 1943 tantum

1947 1996 2143 2052 passus
2173 1988 2278 2037 est.

1948 2116 2193 2187 Epistola
2219 2116 2285 2171 ΡΞ
2307 2116 2683 2183 consolatoria,
2711 2118 2781 2171 ad
2796 2117 3061 2172 Irenwum
3078 2118 3372 2187 episc0pum
3388 2116 3527 2188 Tyri.

2020 2225 2241 2281 Solatur
2300 2227 2354 2281 in
2408 2227 2603 2283 funere
2646 2227 2833 2298 generi
2865 2227 3129 2281 Irenaeum
3163 2224 3289 2297 Tyri
3320 2223 3534 2294 episco-

1948 2331 2102 2386 pum,
2134 2316 2201 2372 de
2231 2333 2340 2387 quo
2377 2325 2539 2371 antea
2568 2315 2775 2371 dictum
2799 2325 2902 2371 est.
2936 2316 3012 2369 De
3047 2323 3291 2383 tempore
3316 2320 3532 2368 constat

1947 2422 2014 2461 ex
2062 2406 2169 2462 fine
2220 2409 2486 2479 epistolae,
2547 2407 2817 2478 siquidem
2874 2408 3078 2478 scripta
3114 2407 3319 2462 dicitur
3346 2407 3532 2462 statim

1949 2506 2113 2569 atque
2140 2499 2310 2553 altera
2336 2500 2488 2569 prior
2517 2508 2739 2554 exarata
2759 2508 2874 2554 est:
2903 2519 2918 2549 ι
2946 2498 3060 2552 Hoc
3086 2514 3187 2569 ego
3216 2497 3533 2569 perscriptis

1943 2592 2055 2662 jam
2104 2592 2384 2660 prioribus
2434 2592 2659 2646 monitis
2702 2591 2925 2654 dictavi,
2982 2606 3105 2646 cum
3140 2592 3260 2661 ejus
3296 2597 3531 2646 mortem

1949 2682 2085 2735 mihi
2111 2682 2323 2737 amicus
2344 2683 2565 2753 quidam
2594 2683 2662 2737 ab
2694 2682 2982 2738 Antiochia
3016 2681 3344 2737 nuntiasset.
3378 2699 3396 2731 ι
3429 2679 3536 2735 Eo-

1948 2773 2074 2829 dem
2102 2774 2269 2846 igitur
2288 2783 2532 2846 tempore
2559 2781 2791 2844 utraque
2816 2774 2982 2829 missa
3010 2780 3114 2838 est,
3149 2773 3361 2829 scilicet
3389 2786 3535 2827 anno

1949 2867 2052 2922 447
2060 2908 2072 2921 .

2194 2997 2435 3069 Epistola
2470 2997 2536 3051 15
2565 2996 2933 3062 eucharistica,
2971 2995 3042 3049 ad
3074 2993 3292 3065 Cyrum.

2019 3124 2140 3180 Non
2172 3124 2406 3179 obscura
2432 3131 2516 3177 est
2540 3123 2804 3191 temporis
2831 3129 2980 3186 nota,
3012 3120 3287 3190 siquidem
3329 3121 3536 3177 donum

1947 3215 2095 3287 Cyri,
2130 3214 2277 3286 quod
2325 3213 2583 3270 Lesbium
2642 3214 2852 3275 vinum,
2910 3213 3292 3269 Theodoretus
3345 3212 3541 3269 scribit

1949 3323 2010 3364 se
2037 3307 2336 3377 accepisse,
2370 3320 2495 3361 cum
2525 3304 2713 3359 multae
2750 3312 2805 3359 et
2828 3320 3023 3374 graves
3044 3314 3235 3360 essent
3255 3305 3382 3359 vitae
3410 3321 3541 3375 pro-

1949 3400 2123 3463 cellae,
2154 3407 2380 3469 propter
2409 3413 2545 3467 quas
2562 3397 2721 3468 longa
2740 3396 2868 3452 vita:
2887 3406 3133 3466 tempora
3153 3413 3263 3452 non
3287 3406 3533 3466 optaret:

1949 3491 2220 3561 procellas
2271 3488 2420 3544 enim
2472 3486 2811 3556 interpretor
2859 3484 3198 3547 vexationes,
3246 3499 3369 3554 qua:
3409 3492 3535 3553 post

1950 3596 2157 3637 annum
2180 3580 2285 3635 445
2311 3578 2680 3649 contigerunt,
2709 3591 2820 3646 quo
2845 3585 3091 3646 tempore
3140 3589 3240 3646 par
3287 3584 3374 3631 est
3419 3573 3538 3629 exi-

1952 3673 2177 3728 stimare
2206 3671 2389 3725 datam
2411 3683 2531 3725 esse
2552 3668 2863 3738 epistolam.

2020 3766 2212 3838 Cyrus,
2266 3765 2333 3819 ad
2378 3779 2541 3834 quem
2568 3762 2692 3817 data
2726 3769 2830 3826 est,
2854 3759 3028 3815 videri
3055 3769 3238 3830 posset
3262 3759 3541 3828 Marcopo—

1951 3859 2159 3913 litanus
2200 3856 2291 3911 ille
2351 3855 2665 3925 episcopus,
2707 3853 2800 3923 qui
2854 3852 2907 3906 in
2959 3849 3325 3905 conciliabulo
3358 3849 3540 3919 Ephe-

1952 3949 2075 4004 sino
2118 3962 2243 4002 cum
2301 3946 2424 4000 aliis
2469 3942 2844 3999 Orientalibus
2889 3937 3450 4011 deposuiLCyrillum
3482 3946 3539 3993 et

1952 4034 2320 4096 Memnonem,
2354 4033 2639 4104 depositus
2683 4038 2741 4085 et
2790 4030 2907 4099 ipse
2953 4027 3196 4083 vicissim
3248 4036 3437 4097 postea
3481 4026 3538 4081 in

1950 4128 2243 4184 latrocinio
2265 4126 2513 4181 Dioscori
2547 4142 2566 4190 ;
2599 4124 2865 4194 cujusque
2891 4121 3097 4175 mentio
3149 4118 3207 4173 fit
3241 4134 3270 4173 a
3314 4119 3536 4173 Victore

1952 4204 2274 4275 T°unonensi
2323 4217 2391 4272 ad
2425 4215 2772 4271 consulatum
2826 4211 3012 4275 Cibbi,
3068 4217 3125 4265 et
3167 4225 3197 4263 a
3248 4208 3537 4263 monachis

1952 4309 2255 4365 Palaestinae.
2278 4307 2333 4361 in
2376 4305 2579 4361 litteris
2611 4303 2678 4358 ad
2717 4303 3065 4373 Aleysonem.
3111 4298 3272 4363 Vide,
3309 4313 3430 4367 qua:
3469 4297 3538 4352 de

1878 4387 1926 4446 Ι)
1954 4398 2072 4468 ipso
2110 4398 2287 4468 posita
2312 4405 2439 4450 sunt
2463 4394 2516 4448 in
2555 4394 2676 4448 Vita
2709 4390 3066 4453 Theodoreti,
3091 4405 3210 4458 cap.
3240 4388 3325 4441 l3.

2022 4488 2226 4544 Verum
2270 4486 2567 4558 quominus
2618 4484 2673 4537 in
2720 4483 2861 4536 hanc
2909 4479 3240 4534 sententiam
3298 4475 3535 4534 veniam.

1954 4579 2158 4635 retinet
2211 4576 2518 4647 inscriptio,
2569 4590 2691 4644 qua:
2740 4572 2879 4627 nihil
2933 4570 3100 4623 habet
3152 4575 3355 4638 praeter
3413 4565 3539 4637 Cyri

1953 4685 2158 4725 nomen
2196 4685 2210 4722 :
2264 4683 2394 4722 nam
2438 4664 2823 4721 Theodoretus
2856 4660 2924 4715 ad
2947 4660 3237 4730 episcopos
3270 4657 3537 4720 scribens,

1955 4759 2239 4831 dignitatis
2270 4757 2584 4812 meminisse
2617 4754 2773 4810 solet.
2810 4752 3020 4824 Opinor
3054 4751 3221 4823 igitur
3244 4749 3425 4804 datam
3470 4747 3540 4802 ad

1954 4850 2155 4924 Cyrum
2179 4848 2613 4920 Magistrianum,
2636 4847 2703 4902 ad
2741 4862 2907 4917 quem
2950 4855 3036 4901 est
3071 4841 3304 4914 epistola
3345 4854 3543 4896 conso-

1955 4943 2154 4998 latoria
2206 4941 2261 4995 in
2309 4940 2503 4994 funere
2547 4938 2738 4993 uxoris
2781 4945 2838 4992 et
2882 4933 3000 5002 lilii,
3036 4950 3157 5005 quae
3187 4947 3415 4988 numero
3442 4930 3544 4985 l56

1957 5041 2235 5090 censetur.

1955 5165 2200 5237 Epistula
2250 5166 2319 5219 14
2359 5160 2845 5237 ροηβοιαιοτὶαηᾳό
2875 5156 3246 5237 Διεαίαηᾴταηι
3278 5156 3541 5212 illustrem

2343 5235 2598 5304 feminam
2632 5234 2689 5287 in
2722 5230 2864 5284 obitu
2891 5229 3152 5299 conjugis.

2024 5349 2066 5402 Ι.
2093 5345 2464 5417 Corrigendus
2478 5358 2644 5414 porro
2659 5347 2745 5397 est
2760 5339 2976 5404 titulus,
2997 5346 3054 5394 et
3068 5353 3169 5409 pro
3195 5334 3542 5406 Ἀλεξανδρίᾳ

1951 5430 2245 5501 legendum
2295 5428 2657 5500 Ἀλεξάνδρᾳε
2706 5426 3168 5498 quemadmodum
3196 5426 3251 5500 in
3279 5430 3541 5482 contextu

1624 5583 1945 5643 SCHULZII
1985 5584 2217 5642 NOTAE.

336 5662 382 5696 ⁸⁸
409 5661 534 5721 Vid.
590 5677 777 5733 supra,
809 5678 863 5733 p.
896 5661 1016 5717 l06.
