4040 6172
514 249 621 314 263

1639 249 2015 310 GARNERII
2057 245 2553 308 DISSERTATIO
2596 247 2675 306 II.

3653 238 3770 311 264

519 357 843 429 «poeninon;
888 370 1000 412 non
1049 355 1262 411 vicinos
1308 355 1377 421 ⁸⁵,
1424 353 1522 410 sed
1563 354 1810 411 haeredes
1860 352 2090 424 intelligi
2120 357 2165 414 Α
2192 349 2461 406 habemus
2510 351 2773 421 temporis
2827 350 3218 418 characterem,
3253 353 3626 410 evocationem
3652 360 3769 415 sci-

518 451 745 515 debere,
785 450 960 506 series
1000 448 1181 504 docet.

590 543 656 597 ll.
685 543 817 597 Data
848 549 932 596 est
969 556 1079 611 quo
1104 549 1345 610 tempore
1367 540 1552 611 jussus
1574 548 1695 595 erat
1714 537 2093 593 Theodoretus

519 647 578 688 se
629 633 755 703 Cyri
810 630 1133 686 continere:
1192 648 1210 680 ‹
1244 630 1368 684 llzec
1388 644 1491 699 ego
1529 644 1678 683 nunc
1724 628 1968 683 scribere
1997 643 2093 682 co-

525 729 684 774 actus
714 734 856 782 sum,
888 717 1036 786 quia,
1065 724 1127 770 ut
1163 716 1231 770 ad
1257 731 1355 773 vos
1382 716 1691 783 decurram,
1716 715 1934 770 vincula
1982 729 2093 769 non

519 812 726 866 sinunt.
764 826 783 860 ι

589 900 861 972 314111.
893 899 1022 965 Qum
1039 898 1226 964 fuerit,
1244 906 1299 953 ct
1318 899 1474 970 cujus
1496 899 1676 954 mariti
1699 914 1839 954 uxor
1866 897 2094 953 illustris

519 992 708 1047 istbaec
736 972 1065 1053 Alexandra;
1096 989 1368 1059 conjicere
1397 989 1741 1058 aliquatenus
1768 990 1935 1056 licet;
1967 1004 2094 1043 nam

518 1083 698 1153 primo
745 1080 957 1135 consuli
1005 1079 1213 1148 nupsit,
1248 1079 1521 1149 siquidem
1544 1080 1801 1134 maritum
1834 1080 2093 1136 Theodo-

518 1181 672 1227 retus
689 1172 835 1227 dicat
855 1171 922 1226 ad
953 1172 1163 1241 apicem
1191 1170 1518 1241 dignitatum
1551 1172 1956 1237 conscendisse,
1984 1187 2094 1243 quo

517 1263 740 1318 nomine
785 1264 964 1318 solent
1011 1278 1223 1326 omnes,
1265 1272 1322 1317 et
1352 1262 1467 1332 ipse
1497 1264 1819 1317 nominatim
1846 1264 2095 1320 scribens

516 1354 721 1409 Zenoni
775 1370 839 1409 ac
886 1354 1089 1418 Tauro,
1145 1356 1489 1409 consulatum
1541 1355 1835 1423 appellare.
1886 1355 2094 1412 Deinde

514 1446 821 1501 Antiochia:
847 1446 1168 1501 versabatur
1190 1464 1204 1498 :
1236 1445 1510 1515 quomodo
1527 1445 1674 1501 enim
1695 1447 1878 1502 statim
1900 1463 2093 1503 accur-

518 1537 680 1592 risset
728 1537 916 1591 audito
966 1537 1160 1591 mortis
1187 1537 1382 1591 nuntio
1411 1537 1809 1603 Theodoretus,
1838 1538 1945 1593 nisi
1971 1539 2093 1593 vin-

518 1629 641 1683 cula
671 1629 1071 1683 retinuissent?
1114 1627 1293 1694 Quare
1323 1628 1615 1699 episcopus
1648 1630 1759 1695 ille,
1808 1645 1970 1700 quem
2018 1632 2093 1686 ita

518 1718 805 1789 magnilice
851 1720 1057 1784 laudat,
1103 1720 1287 1789 aitque
1336 1736 1504 1775 unum
1546 1721 1680 1777 satis
1711 1736 1832 1777 esse
1862 1722 1929 1777 ad
1960 1737 2093 1778 con-

518 1812 840 1865 solationem
872 1812 1083 1866 alllictae
1115 1812 1505 1872 adhibendam.
1557 1814 1802 1870 Domnus
1834 1814 1939 1870 fuit
1979 1814 2095 1870 An-

518 1902 789 1956 tiochense
809 1903 968 1958 urbis
1003 1911 1133 1957 tunc
1153 1904 1462 1975 episcopus.

589 1993 676 2048 lV.
712 1994 957 2063 Denique
989 1994 1210 2049 videtur
1231 1994 1397 2049 fuisse
1421 1995 1619 2066 conjux
1640 1993 1880 2065 praefecti
1903 1992 2099 2049 Orien-

520 2084 592 2139 tis
621 2102 634 2138 :
663 2099 785 2138 nam
815 2095 870 2140 et
900 2086 990 2151 ille
1018 2101 1048 2139 a
1082 2086 1430 2142 Theodoreto
1460 2086 1622 2141 unice
1645 2086 1880 2141 dilectus
1908 2085 2096 2141 innui-

521 2185 631 2239 tur,
654 2184 711 2230 ct
736 2176 974 2245 pmfecti
995 2175 1236 2231 Orientis
1259 2177 1507 2232 solebant
1524 2193 1591 2231 ex
1611 2176 1931 2231 consulibus
1952 2176 2093 2243 ﬁeri,

518 2274 576 2320 et
602 2266 840 2336 praefecti
870 2267 1171 2321 Antiochia:
1203 2268 1534 2331 residebant,
1572 2268 1662 2322 ubi
1700 2267 1959 2338 frequens
1980 2275 2099 2323 crat

520 2352 921 2419 Theodoretus,
963 2356 1158 2425 suique
1193 2356 1555 2410 admiratione
1601 2364 1914 2427 magnatum
1973 2355 2097 2410 ani-

519 2461 638 2500 mos
653 2446 754 2501 sibi
772 2445 1115 2500 conciliabat.

871 2558 888 2578 ⁶
920 2556 1162 2628 Epistola
1210 2557 1297 2622 15,
1343 2557 1412 2611 ad
1447 2556 1742 2613 Silvanum.

588 2672 630 2729 l.
663 2672 885 2727 Nullum
916 2671 1083 2728 habet
1109 2671 1484 2727 characterem
1508 2672 1790 2742 temporis,
1818 2671 1926 2727 nisi
1954 2672 2097 2729 forte

519 2761 738 2818 dicatur
774 2770 899 2816 ante
931 2761 1239 2817 vexationis
1278 2770 1492 2831 tempus
1516 2762 1761 2831 scripta:
1788 2763 1915 2818 silet
1948 2764 2096 2817 enim

521 2852 591 2907 de
627 2854 766 2922 ipsa,
801 2866 925 2905 cum
958 2862 1137 2906 tamen
1172 2852 1401 2921 querula
1437 2866 1525 2906 res
1547 2851 1619 2906 sit
1647 2850 1885 2906 hominis
1909 2851 2095 2922 cujus-

520 2960 758 3014 cunque,
783 2953 839 3000 et
864 2944 1164 3016 praesertim
1195 2944 1547 3008 Theodoreti,
1573 2944 1810 2999 miseria.

2194 441 2323 497 licet
2352 442 2420 497 ad
2452 442 2738 514 synodum,
2765 441 2833 497 de
2866 459 2971 513 qua
3002 458 3146 498 mox.

2262 532 2354 588 lV.
2410 533 2486 587 De
2516 534 2819 587 calamitate
2847 534 3121 599 Ecclesize,
3147 549 3309 605 quam
3340 534 3522 601 deﬂet,
3555 538 3766 592 calum-

2193 622 2611 694 niatoribusque
2655 625 2793 688 suis,
2832 625 2901 679 de
2947 626 3147 695 quibus
3192 628 3463 696 queritur,
3499 628 3658 683 facile
3680 638 3768 684 est

2188 712 2459 783 judicare.
2509 713 2642 767 Nam
2675 729 2784 783 quo
2807 723 3053 783 tempore
3076 716 3371 782 scribebat,
3408 718 3522 771 visa
3550 729 3633 773 est
3662 718 3766 789 ipsi

2192 803 2451 859 Ecclesiae
2505 806 2745 874 procella
2801 806 2857 860 in
2910 805 3028 860 dies
3067 808 3310 878 singulos
3362 810 3647 880 fastigiari,
3707 819 3770 866 ut

2194 894 2456 964 loquitur,
2496 896 2551 950 id
2577 905 2682 962 est,
2717 897 2783 952 ad
2808 913 3079 952 summum
3111 901 3443 967 ascendere;
3483 902 3601 956 visa
3626 918 3767 972 quo-

2194 1000 2303 1055 que
2348 986 2685 1056 desperanda
2725 989 3095 1059 tranquillitas
3140 991 3401 1060 publica;
3444 1008 3548 1048 nec
3591 1009 3621 1047 a
3656 994 3772 1049 sin-

2194 1075 2337 1154 gulis
2387 1077 2555 1131 animi
2606 1093 2711 1149 pax
2758 1079 2978 1134 aliunde
3020 1096 3181 1150 quam
3215 1097 3246 1136 a
3287 1082 3548 1151 patientia
3570 1099 3770 1154 exspe-

2195 1150 2423 1232 ctanda;
2459 1183 2653 1237 nempe
2681 1176 2811 1223 tunc
2837 1150 3387 1241 accusationibus3]
3406 1171 3454 1242 5
3472 1150 3775 1242 urgebatur

2194 1259 2701 1328 pressius;iratum
2724 1259 2828 1314 sibi
2848 1261 3148 1331 principem
3197 1263 3621 1333 experiebatur;
3670 1252 3775 1318 dcﬁ

2194 1350 2425 1404 mestico
2456 1350 2749 1405 tenebatur
2777 1366 3034 1418 carcere;
3078 1353 3300 1422 patebat
3325 1353 3772 1409 adversariorum

2195 1441 2439 1497 audacia:
2481 1450 2538 1496 et
2592 1442 2812 1497 invidim
2839 1459 2854 1508 ;
2886 1444 3080 1498 timido
3126 1445 3428 1499 aulicorum
3461 1445 3774 1515 patrocinio

2195 1549 2303 1589 non
2328 1543 2440 1588 tam
2470 1534 2869 1591 defendebatur
2890 1552 3052 1607 quam
3072 1537 3375 1593 laborabat.

2268 1644 2333 1701 ν.
2370 1644 2655 1701 Dillicilius
2690 1646 3034 1718 intelligitur,
3062 1663 3183 1717 qua:
3211 1648 3375 1703 fuerit
3404 1649 3663 1721 synodus,
3698 1649 3773 1706 ad

2198 1750 2361 1805 quam
2407 1736 2715 1791 habendam
2765 1739 3104 1792 evocatorias
3147 1737 3212 1793 ad
3252 1741 3628 1810 metropolitas
3672 1759 3772 1797 ve-

2195 1824 2343 1879 nisse
2386 1825 2600 1880 litteras
2646 1826 2831 1880 refert.
2875 1827 2956 1882 An
2992 1826 3334 1883 Antiochena
3369 1830 3568 1900 aliqua,
3603 1847 3771 1901 quam

2194 1915 2460 1981 Domnus,
2486 1919 2800 1973 convocatis
2822 1935 2887 1973 ex
2917 1927 3026 1973 tota
3055 1918 3295 1975 Orientis
3322 1920 3543 1976 dimcesi
3567 1931 3776 1977 metro-

2196 2008 2412 2079 politis,
2462 2006 2755 2063 habiturus
2803 2011 2985 2064 esset?
3031 2010 3113 2064 An
3155 2010 3429 2080 Ephesina
3474 2012 3769 2081 posterior,

2196 2117 2359 2172 quam
2391 2100 2735 2155 Theodosius
2764 2101 3059 2172 imperator
3090 2101 3332 2171 undique
3362 2102 3632 2173 coegerit?
3659 2102 3774 2157 Ad-

2192 2194 2379 2264 juncta
2406 2192 2587 2246 omnia
2617 2192 2903 2261 Ephesium
2928 2201 3259 2262 congruunt,
3292 2208 3454 2261 quam
3486 2193 3775 2263 postjudio

2197 2285 2342 2340 cium
2387 2284 2629 2339 Flaviani
2671 2284 2737 2338 de
2782 2284 3047 2355 Eutyche,
3076 2300 3260 2339 mense
3280 2283 3592 2346 Novembri,
3620 2298 3772 2338 anno

2196 2368 2329 2438 H8;
2351 2373 2675 2440 exercitum,
2702 2382 2922 2443 petente
2951 2374 3194 2445 Eutyche
3220 2382 3275 2429 et
3300 2380 3574 2447 satagente
3594 2373 3775 2445 Chry-

2198 2464 2409 2535 saphio,
2440 2463 2782 2520 Theodosius
2814 2463 3028 2519 indixit.

2267 2576 2354 2632 Vl.
2385 2575 2665 2632 Concludo
2690 2576 2859 2647 igitur
2887 2577 3106 2632 missam
3136 2575 3301 2633 fuisse
3324 2576 3608 2647 epistolam
3642 2585 3773 2647 post

2197 2665 2593 2736 depositionem
2640 2668 2827 2722 lrenaei
2851 2708 2865 2732 ,
2917 2668 3027 2723 imo
3073 2677 3198 2738 post
3239 2685 3481 2725 mensem
3525 2668 3772 2739 Aprilem

2196 2757 2324 2811 anni
2350 2758 2451 2812 M9
2474 2759 2540 2810 “.
2566 2757 2701 2812 Nam
2721 2759 2904 2816 [rentei
2929 2760 3200 2832 depositio
3224 2761 3451 2832 contigit
3478 2776 3620 2817 anno
3635 2761 3767 2827 448,

2197 2846 2420 2904 ineunte
2443 2864 2572 2904 vere
2602 2850 2679 2916 ⁵⁷;
2707 2852 3011 2907 evocatoria
3042 2853 3389 2924 imperatoris
3417 2853 3771 2925 consignatur

2197 2941 2231 2995 5
2260 2941 2527 2997 Kalendas
2558 2942 2782 3012 Aprilis,
2819 2959 2963 2999 anno
2990 2946 3114 3000 M9.

587 3036 653 3089 Il-
705 3034 911 3131 Qpiaor
947 3034 1251 3098 Silvanum.
1297 3035 1385 3131 sui
1411 3034 1927 3131 ξατίυῑιιιτερῆεξοιο
1961 3050 2094 3090 οοιι-
2121 3017 2166 3078 C
2266 3056 2378 3111 vn.
2411 3057 2491 3112 Ex
2516 3057 2766 3131 his,guac
2790 3059 3112 3114 scribuntur
3151 3060 3220 3116 de
3252 3060 3470 3131 Virgine
3509 3060 3765 3131 Θωτόκῳ,

520 3126 776 3183 solatoria
824 3125 881 3179 in
931 3133 1105 3180 morte
1155 3126 1362 3189 uxoris,
1417 3125 1585 3179 fuisse
1630 3125 1941 3195 praesidem,
1999 3136 2094 3180 aut

519 3218 844 3287 primarium
913 3217 1152 3287 aliquem
1208 3218 1391 3271 virum
1455 3217 1695 3287 regionis
1750 3216 2090 3288 Cyresticze;

521 3311 667 3365 unde
715 3311 818 3365 sub
863 3309 1024 3364 linem
1072 3309 1261 3363 subdit
1315 3309 1730 3365 Theodoretus:
1780 3327 1799 3359 ι
1828 3308 2093 3364 Admittat

520 3417 651 3472 ergo
695 3401 1098 3471 magnificentia
1136 3409 1230 3454 tua
1264 3408 1545 3468 paternam
1568 3401 2031 3467 exhortationem,
2064 3418 2084 3453 ι

519 3493 760 3563 episcopi
793 3493 1002 3548 scilicet
1020 3491 1121 3547 tui.

680 3603 919 3674 Epistula
948 3604 1033 3668 16,
1055 3604 1124 3658 ad
1150 3602 1412 3658 Irenamm
1443 3602 1563 3674 Tyri
1596 3604 1911 3675 episcopum.

589 3716 632 3769 l.
678 3713 830 3769 Adeo
874 3715 1182 3787 implicatus
1205 3724 1291 3769 est
1322 3729 1514 3769 sensus
1540 3723 1702 3783 atque
1724 3714 1979 3783 perplexa
2001 3712 2090 3767 hi-

521 3805 690 3860 storia
737 3805 999 3873 epistola),
1036 3814 1096 3858 ut
1125 3804 1266 3858 facili
1307 3804 1525 3874 negotio
1549 3800 1791 3873 expediri
1821 3818 1931 3856 non
1958 3817 2089 3872 pos-

521 3893 594 3947 sit
622 3909 634 3945 :
666 3894 837 3946 multa
866 3893 1035 3957 enim,
1060 3901 1120 3946 ut
1162 3891 1306 3945 inter
1334 3891 1541 3946 amicos
1581 3906 1765 3945 rerum
1814 3890 2085 3956 conscios,

521 3979 901 4036 Theodoretus
925 3981 1129 4036 Irenaeo
1157 3981 1400 4035 breviter
1444 3981 1680 4051 scripsit,
1736 3996 1857 4052 quae
1907 3990 2087 4037 tamen

519 4086 632 4127 non
658 4072 809 4141 parvi
840 4073 1100 4126 momenti
1123 4081 1209 4126 est
1228 4070 1357 4126 sciri
1380 4087 1410 4125 a
1454 4071 1715 4127 studiosis
1759 4071 2089 4127 ecclesiasti-

518 4177 705 4217 carum
734 4177 940 4216 rerum.

588 4254 654 4308 ll.
706 4254 1065 4325 Attinguntur
1101 4252 1326 4307 omnino
1364 4266 1497 4306 sex:
1532 4255 1903 4310 ecclesiastica
1938 4253 2084 4309 cala-

2194 3145 2450 3216 conjicio,
2478 3155 2611 3202 tunc
2641 3149 2903 3217 temporis
2926 3150 3283 3218 qmestionem
3320 3143 3659 3215 eﬂ'erbuisse,
3692 3168 3768 3207 an

2193 3236 2360 3306 Virgo
2381 3236 2489 3291 dici
2514 3238 2742 3292 deberet
2764 3238 2949 3301 ἁπλῶς
2968 3248 3025 3294 et
3047 3241 3165 3296 sine
3185 3242 3374 3296 addito
3403 3243 3665 3307 θεοτόκος,
3690 3259 3764 3298 an

2193 3324 2320 3381 addi
2355 3336 2638 3397 oporteret
2663 3327 3095 3399 ἀνθρωποτόκος,
3134 3331 3459 3400 quibusdam
3487 3333 3766 3388 communi

2189 3414 2440 3472 formula:
2480 3418 2827 3474 subscribere
2873 3421 3231 3476 renuentibus
3266 3422 3384 3476 sine
3421 3423 3525 3477 hoc
3552 3422 3767 3477 addita-

2189 3518 2397 3573 mento,
2432 3524 2545 3578 quo
2598 3510 2856 3565 volebant
2900 3512 3111 3567 scilicet
3152 3513 3303 3568 vocis
3345 3514 3765 3584 amplitudinem

2188 3598 2553 3668 restringere,
2599 3609 2660 3652 ut
2709 3600 2906 3655 callide
2959 3601 3344 3657 Nestorianum
3389 3617 3612 3659 sensum
3656 3603 3765 3660 sub

2191 3687 2457 3742 catholica
2479 3703 2613 3742 voce
2642 3689 2966 3744 retinerent.

2257 3797 2394 3854 Vlll.
2431 3797 2846 3869 .Conjecturam,
2892 3801 3110 3870 opinor,
3157 3800 3391 3871 probant
3429 3801 3759 3859 Theodoreti

2187 3889 2353 3944 verba
2388 3906 2401 3943 :
2443 3909 2463 3940 ι
2499 3889 2626 3945 Illos
2670 3900 2908 3959 oportet,
2947 3892 3040 3962 qui
3083 3906 3183 3961 pro
3222 3892 3422 3962 pietate
3468 3893 3757 3959 dimicant,

2188 3994 2310 4049 quae
2337 3980 2537 4035 dicturi
2565 3981 2675 4036 sint
2710 3980 2759 4013 ⁸⁸
2788 3981 3079 4053 diligenter
3105 3983 3439 4049 examinare,
3464 4000 3565 4040 nec
3591 4000 3761 4041 voca-

2188 4068 2317 4125 bula
2359 4085 2638 4139 quaerere,
2693 4086 2815 4141 quae
2863 4073 3271 4128 contentionem
3319 4077 3612 4142 suscitent,
3658 4077 3759 4133 sed

2187 4159 2517 4225 sententias,
2565 4175 2689 4229 qua:
2728 4162 3014 4218 veritatem
3072 4163 3280 4234 liquido
3320 4166 3653 4237 exprimant,
3699 4179 3761 4225 et

2188 4249 2448 4305 reluctari
2489 4250 2757 4307 audentes
2796 4254 3001 4309 rubore
3040 4256 3375 4312 sull‘undant.
3418 4257 3559 4324 Quid
3606 4261 3756 4315 enim

516 4347 700 4411 mitas,
742 4345 990 4401 evocatio
1036 4345 1103 4399 ad
1133 4345 1420 4416 synodum,
1446 4347 1667 4417 querela
1686 4346 1752 4401 de
1785 4347 2088 4401 calumnia-
2115 4341 2163 4401 ο
2190 4338 2295 4395 ista
2340 4340 2687 4412 discrepant,
2742 4344 3153 4416 ἀνθρωποτόκον
3193 4348 3355 4403 simul
3400 4366 3465 4405 ac
3507 4350 3761 4405 emam

518 4438 732 4492 toribus
761 4437 896 4501 suis,
944 4438 1173 4507 quaestio
1213 4437 1282 4492 de
1332 4439 1555 4509 Virgine
1614 4437 1867 4509 θεοτόκῳ,
1922 4453 2084 4493 causa

517 4528 744 4584 Diodori
797 4538 961 4599 atque
1018 4528 1317 4593 Theodori,
1376 4537 1433 4582 et
1480 4528 1770 4583 consilium
1817 4528 1884 4583 de
1914 4529 2085 4584 relin-

517 4620 737 4690 quendo
793 4621 1132 4689 episcopatu.
1203 4619 1327 4674 llaec
1380 4634 1641 4688 quorsum
1690 4629 2081 4686 memorentur,

513 4712 896 4781 exponendum
922 4721 1027 4777 est,
1052 4713 1196 4767 facto
1227 4729 1258 4766 a
1285 4721 1530 4781 tempore
1562 4713 1806 4784 epistolae
1833 4714 2008 4769 initio.

584 4804 671 4858 lll.
699 4804 832 4857 Data
849 4810 934 4857 est
957 4803 1148 4872 procul
1174 4802 1344 4858 dubio
1370 4814 1494 4873 post
1517 4804 1727 4857 editum
1753 4804 2038 4859 Eranisten
2058 4822 2078 4861 :

514 4890 808 4961 respondet
866 4891 1009 4945 enim
1080 4890 1460 4946 Theodoretus
1528 4892 1734 4947 lrenzeo
1791 4897 2079 4963 quaerenti,

513 4995 613 5036 cur
665 4982 810 5037 inter
848 4980 1202 5052 appellandos
1234 4981 1424 5037 Patres
1457 4981 1525 5035 de
1557 4981 1796 5037 Diodoro
1818 4999 1883 5038 ac
1905 4984 2086 5039 Theo-

514 5072 650 5127 doro
670 5074 931 5139 siluisset,
962 5073 1320 5142 eamdemque
1342 5072 1434 5127 hic
1461 5079 1516 5126 et
1540 5071 1732 5126 iisdem
1766 5072 1879 5127 fere
1899 5074 2086 5129 verbis

512 5175 733 5218 cauum
761 5165 940 5225 παθη.
980 5181 1046 5221 ac
1064 5166 1119 5221 in
1142 5164 1385 5220 secundo
1404 5163 1620 5233 dialogo
1644 5180 1660 5228 ;
1691 5165 1895 5235 scripta
1916 5164 2084 5236 igitur

513 5255 598 5302 est
652 5260 776 5319 post
824 5268 1026 5308 annum
1077 5253 1200 5320 445,
1251 5260 1346 5307 aut
1384 5251 1506 5307 “6.
1567 5250 1673 5306 Sed
1714 5251 1882 5306 alium
1914 5253 2080 5307 etiam

2187 4429 2465 4501 Virginem
2504 4442 2748 4488 sanctam
2792 4437 3089 4505 appellare,
3123 4448 3219 4493 aut
3241 4455 3438 4496 vocare
3458 4440 3604 4496 illam
3634 4443 3757 4497 Filii

2188 4531 2420 4578 matrem
2443 4531 2607 4594 atque
2636 4526 2919 4593 ancillam;
2946 4537 3001 4582 et
3027 4529 3251 4593 addere,
3277 4538 3506 4586 matrem
3533 4532 3759 4603 quidem

2183 4627 2327 4678 esse,
2375 4622 2439 4668 ut
2476 4614 2732 4680 hominis,
2765 4615 2981 4671 Domini
3025 4618 3199 4674 nostri
3237 4620 3365 4675 Iesu
3403 4620 3629 4684 Christi,
3661 4637 3767 4675 an-

2185 4702 2369 4757 cillam
2393 4716 2528 4757 vero
2565 4712 2625 4757 ut
2652 4704 2772 4770 Dei,
2795 4706 3186 4777 calumnia'que
3219 4711 3562 4776 occasionem
3588 4711 3763 4766 silen-

2185 4791 2264 4847 tio
2294 4799 2500 4863 tegere,
2536 4801 2594 4847 et
2621 4794 2870 4851 eamdem
2899 4798 3227 4853 sententiam
3252 4799 3355 4854 sub
3390 4800 3500 4855 alio
3530 4799 3761 4855 nomine

2184 4880 2433 4952 proferre
2444 4882 2467 4935 ?
2494 4900 2512 4934 ι

2254 4990 2347 5045 rx.
2378 4992 2455 5047 De
2485 5007 2650 5049 causa
2670 4995 2889 5051 Diodori
2919 5006 2974 5052 et
3000 4996 3273 5054 Theodori
3298 4999 3514 5055 dicetur
3532 4999 3589 5053 in
3613 4997 3759 5053 Era-

2185 5079 2341 5133 παίσω
2368 5094 2603 5136 censura
2631 5084 2705 5148 ⁵⁹;
2734 5084 2979 5153 proderit
3005 5102 3138 5142 vero
3168 5096 3298 5143 tunc
3320 5088 3567 5159 epistolae
3584 5089 3757 5143 verba

2185 5185 2310 5224 cum
2336 5173 2520 5228 verbis
2539 5174 2744 5246 Dialogi
2774 5176 3044 5232 conferre.

2254 5256 2322 5310 Χ.
2354 5255 2487 5325 Qua
2515 5260 2895 5331 Theodoretus
2916 5266 3019 5320 sub
3042 5264 3203 5323 ﬁnem
3233 5267 3405 5334 addit,
3428 5268 3497 5323 de
3520 5269 3756 5324 consilio

1851 5386 2167 5447 SCHULZII
2202 5390 2437 5451 ΝΟΤΔΕ.

584 5495 968 5577 “.Legendum
1003 5509 1088 5554 est
1130 5503 1455 5583 προςή6ους.
1486 5504 1609 5559 Vid.
1645 5511 1685 5556 t.
1711 5502 1802 5567 IV,
1832 5520 1883 5574 p.
1906 5506 2083 5563 -l073.
2159 5510 2206 5543 ⁸⁸
2239 5508 2366 5595 Post
2395 5530 2561 5569 mens.
2593 5514 2765 5585 April.
2801 5516 2915 5573 Sub
2938 5518 3099 5574 linem
3131 5519 3345 5624 .Aprilis
3378 5522 3579 5593 scripta
3606 5522 3755 5578 dici-

584 5582 605 5620 ι’
642 5564 805 5624 infra.
835 5582 953 5624 can.
988 5568 1041 5623 6.
1117 5570 1159 5601 ⁸⁷
1196 5571 1319 5624 Vld.
1353 5587 1537 5624 supra.
1568 5590 1623 5624 ι).
1646 5573 1771 5624 306.
1808 5574 1834 5624 8
1861 5576 1915 5624 5.
1989 5578 2036 5613 ⁸⁸
2060 5579 2228 5624 Paula
2259 5582 2422 5624 aliter
2443 5598 2606 5624 enni-2|
2661 5594 2678 5624 ί
2734 5585 2801 5624 IV
2848 5602 2885 5624 η
2929 5589 3063 5624 “1'77
3161 5591 3182 5623 ι
3233 5592 3370 5624 ιηιιη
3416 5606 3446 5624 ι.
3496 5593 3530 5624 ιε
3588 5593 3755 5624 λης...

512 5564 805 5657 magna,
835 5582 953 5638 cap.
988 5568 1041 5623 6.
1117 5564 1319 5628 πω.
1353 5564 1537 5643 supra,
1568 5564 1915 5644 p.3oo,'§'s.
1989 5578 2036 5613 ια
2060 5579 2228 5634 Paulo
2259 5564 3099 5657 aiiiei's'uﬁréfiiivii{6777
3133 5564 3182 5623 Ἴ

516 5635 731 5692 dissert.

3231 5592 3392 5658 Infra,
3415 5606 3466 5647 c.
3492 5592 3530 5648 '6
3585 5593 3761 5666 hujus
