4024 6152
255 259 359 322 265

1421 259 1517 317 DE
1558 259 1812 317 mes
1850 246 2356 319 THEODORETI.

2352 120 2385 137 Α

3404 266 3509 330 266

254 369 569 441 deponendi
597 370 995 440 episcopatum,
1031 370 1137 425 nisi
1163 370 1433 441 judicium
1465 371 1713 425 divinum
1742 387 1833 424 ve—
1862 378 1906 431 Α
1936 387 2051 425 rem
2080 371 2283 437 virum,
2310 383 2369 427 ut
2399 374 2651 443 agricolis
2684 374 2967 428 sterilitate
2994 382 3151 428 terrm
3178 374 3390 435 aillictis
3420 378 3507 436 in-

252 476 489 526 reretur,
519 471 822 517 consonant
853 461 1083 516 consilio
1112 461 1343 531 epistola
1374 461 1407 514 '5
1439 462 1585 516 dato.

317 556 414 610 XI.
455 555 586 621 Quae
628 554 817 609 subdit
860 555 928 609 de
977 554 1169 609 mortis
1208 555 1635 624 exspectatione,
1671 571 1833 623 quam

245 666 314 704 ex
366 649 584 703 insidiis
634 648 738 701 sibi
788 647 945 701 factis
1000 647 1235 701 vicinam
1293 654 1612 716 auguralur,
1660 646 1832 700 videri

242 748 483 809 possunt
532 738 851 793 vaticinium
913 737 1114 791 mentis
1169 737 1412 791 futuram
1471 737 1830 791 calamitatem

238 828 655 898 prospicientis.

313 920 435 975 ΧΠ.
488 920 605 974 Non
660 917 918 988 exiguum
967 933 1138 987 porro
1188 916 1552 987 fragmentum
1604 916 1832 986 hujusce

236 1011 496 1081 cpistola:
528 1024 593 1061 ex
625 1005 1006 1075 antiquissima
1042 1005 1293 1060 versione
1334 1005 1568 1059 refertur
1603 1004 1657 1057 in
1697 1004 1833 1057 actis

240 1119 275 1154 γ
314 1099 516 1171 synodi
556 1098 736 1152 collat.
778 1097 855 1160 δ’,
893 1111 1019 1150 cum
1062 1097 1164 1150 hac
1200 1096 1364 1165 316
1400 1095 1597 1148 vitiosa
1635 1094 1830 1149 inscri-

238 1192 481 1261 ptione:
528 1209 545 1241 ι
584 1189 663 1244 Ει
714 1188 945 1257 epistola
989 1186 1321 1241 Theodoreti
1366 1185 1433 1239 ad
1479 1186 1828 1240 Hicrcnatum

240 1283 552 1351 digamum,
588 1278 968 1333 testimonium
1008 1276 1326 1347 prmbentis,
1362 1276 1507 1345 quod
1539 1276 1641 1329 sub
1668 1292 1831 1329 accu-

239 1374 461 1427 satione
509 1379 628 1426 erat
673 1369 1031 1434 Theodorus,
1079 1377 1136 1423 et
1175 1367 1531 1422 dubitabatur
1562 1367 1629 1421 de
1671 1384 1757 1421 eo.
1805 1386 1823 1418 ι

236 1464 335 1518 Sic
381 1473 565 1517 autem
603 1462 739 1516 illud
774 1478 833 1516 se
873 1461 1039 1515 habet
1072 1478 1085 1514 :
1131 1480 1148 1512 ι
1181 1459 1450 1529 Quoniam
1485 1476 1618 1515 vero
1656 1459 1831 1515 incul-

236 1557 392 1625 patis
423 1572 532 1618 me,
572 1573 590 1605 ›
629 1564 737 1608 etc.

238 1669 494 1739 Epistula
530 1667 618 1733 17,
656 1667 1010 1739 consolatoria
1044 1668 1113 1721 ad
1138 1666 1425 1739 Qusianam
1459 1666 1828 1732 diaconissam,

850 1740 906 1791 in
940 1738 1082 1791 obitu
1116 1737 1237 1806 ﬁlii.

305 1852 508 1921 Neque
556 1852 821 1921 temporis
866 1859 971 1915 est,
1009 1866 1189 1921 neque
1236 1864 1486 1919 persona:
1523 1849 1632 1903 ulla
1680 1857 1828 1914 nota,

232 1946 347 1999 nisi
384 1943 533 2013 quod
565 1960 631 1997 ex
660 1943 935 2012 adjunctis
961 1940 1229 2011 suspicari
1260 1940 1409 2006 licet,
1436 1939 1657 1994 viduam
1692 1940 1830 1995 hanc

233 2037 606 2092 Antiochenze
638 2034 897 2088 Ecclesiae
930 2033 1268 2088 inserviisse.

234 2152 488 2223 Epistula
527 2152 610 2213 18,
643 2150 1000 2204 consolatoria
1042 2150 1112 2232 ad
1142 2148 1564 2221 Neoptolemum,
1601 2147 1656 2200 in
1688 2152 1829 2205 obitu

938 2236 1135 2273 uxons.

303 2337 505 2405 Neque
534 2336 636 2389 ista
666 2335 837 2389 ullum
890 2334 1056 2389 habet
1090 2335 1205 2390 sive
1238 2339 1520 2409 temporis,
1556 2339 1671 2395 sive
1702 2356 1826 2409 pcr-

228 2444 391 2483 sona:
427 2428 827 2482 characterem.

231 2540 491 2612 Epistula
523 2543 589 2596 19
618 2549 673 2596 et
700 2539 790 2606 20,
813 2540 883 2595 αά
910 2539 1171 2662 Βὶιδὶιὶωη
1198 2549 1245 2594 et
1274 2540 1591 2613 Martyrium
1614 2544 1826 2613 presby-

982 2627 1118 2662 eros.

982 2627 1118 2665 ενοδ.

303 2729 558 2798 Utraque
599 2729 845 2798 ejusdem
893 2728 1220 2798 argumenti,
1263 2728 1331 2782 de
1371 2729 1668 2785 Athanasio
1704 2745 1830 2786 ora-

232 2824 360 2872 tore
410 2816 699 2888 Aigyptio;
756 2824 987 2885 utraque
1036 2815 1283 2885 ejusdem
1352 2816 1467 2871 fere
1524 2821 1823 2889 temporis;

232 2915 440 2962 neutra
478 2915 659 2959 tamen
692 2914 897 2960 certam
934 2904 1100 2959 habet
1129 2912 1223 2958 aut
1251 2919 1516 2973 personae,
1553 2916 1648 2961 aut
1672 2907 1823 2972 anni,

236 3006 335 3051 aut
355 2995 650 3049 Athanasii
680 3002 887 3049 notam.

456 3105 699 3175 Epistula
725 3106 814 3169 21,
842 3106 911 3160 ad
941 3106 1221 3160 Eusebium
1245 3105 1646 3163 Scholasticum.

310 3216 364 3269 1.
404 3216 639 3269 Certum
681 3215 898 3285 przefert
944 3216 1073 3269 anni
1119 3216 1514 3281 characterem,
1554 3216 1825 3271 incertum

239 3319 501 3375 persona:
526 3344 539 3366 ,
568 3305 692 3359 data
716 3305 861 3360 enim
891 3315 974 3359 est
1009 3314 1133 3374 post
1158 3321 1403 3374 sparsam
1433 3306 1502 3361 de
1535 3322 1632 3361 sua
1661 3306 1716 3359 in
1743 3307 1825 3360 la-

242 3396 482 3450 trocinio
517 3396 788 3465 Ephesino
816 3397 1154 3466 depositione
1184 3396 1402 3462 famam,
1431 3413 1557 3452 cum
1580 3397 1823 3451 nondum

240 3487 307 3541 de
334 3504 394 3541 re
416 3496 717 3541 constaret.
748 3486 924 3552 Quare
949 3488 1187 3556 pertinet
1211 3489 1278 3542 ad
1300 3488 1430 3543 anni
1451 3488 1553 3543 449
1578 3488 1825 3557 Septem-

240 3578 398 3633 brem
445 3588 544 3632 aut
582 3577 872 3632 Octobrem
911 3594 1176 3644 mensem,
1243 3580 1513 3650 siquidem
1552 3580 1823 3649 depositio

242 3672 363 3740 ejus
390 3670 597 3739 Ephesi
629 3669 857 3739 contigit
885 3669 974 3724 die
1009 3670 1301 3725 undecima
1335 3671 1584 3740 Augusti.

308 3761 375 3815 11.
417 3761 615 3813 Miram
668 3759 1043 3815 Thcodoretus
1104 3760 1346 3815 ostendit
1389 3761 1445 3814 in
1497 3769 1647 3815 tanto
1691 3776 1821 3816 casu

240 3853 407 3905 animi
450 3851 847 3917 constantiam;
886 3862 1087 3907 rectam
1136 3868 1355 3923 quoque
1394 3852 1556 3908 fidem
1594 3869 1818 3923 expres-

239 3950 315 4002 sis
352 3948 633 4017 clarisque
674 3948 857 4002 verbis
896 3949 1205 4017 proﬁtetur,
1233 3950 1457 4018 vultque
1495 3948 1563 4004 de
1596 3965 1691 4004 sua
1725 3965 1818 4004 or-

240 4041 500 4095 thodoxia
538 4049 765 4095 cunctos
798 4056 897 4109 per
930 4041 1227 4095 Eusebium
1259 4041 1464 4095 doceri.

302 4133 395 4187 111.
435 4132 714 4186 Eusebius
769 4133 879 4198 ille,
917 4142 977 4186 ut
1032 4133 1249 4202 Opinor,
1294 4131 1398 4187 fuit
1450 4132 1819 4188 Scholasticus

238 4226 636 4287 Antiochenus,
672 4241 703 4277 a
750 4240 860 4294 quo
913 4224 1180 4280 didicerat
1230 4240 1329 4296 per
1380 4225 1624 4288 litteras,
1668 4221 1814 4292 quod

238 4317 374 4370 fama
398 4317 666 4388 jactabat.

482 4429 725 4499 Epistula
753 4430 841 4496 22,
875 4431 943 4485 ad
976 4428 1261 4501 Ulpianum
1284 4434 1539 4485 comitem.

303 4542 513 4596 Eodem
558 4542 673 4596 fere
719 4551 964 4611 tempore
1006 4542 1209 4612 scripta
1252 4551 1354 4606 est,
1395 4559 1504 4611 quo
1542 4544 1605 4598 19
1635 4554 1691 4598 et
1723 4544 1811 4599 20.

235 4629 382 4685 idem
418 4631 569 4685 enim
612 4632 776 4686 trium
826 4642 1209 4701 argumentum
1245 4631 1313 4686 de
1352 4632 1648 4688 Athanasio
1688 4650 1814 4688 ora-

236 4726 352 4773 tore
398 4720 545 4789 apud
590 4735 648 4774 se
691 4730 959 4775 morante.
1003 4720 1196 4774 Nullus
1223 4728 1307 4775 est
1342 4722 1469 4775 anni
1510 4722 1811 4776 character.

233 4807 507 4877 Ulpianus
539 4809 629 4863 ille
666 4809 770 4863 fuit
809 4809 986 4863 adhuc
1014 4809 1253 4878 gentilis,
1282 4818 1340 4861 ut
1381 4813 1529 4881 cujus
1573 4810 1814 4864 laudibus

236 4900 432 4953 deesset
464 4900 717 4953 bonorum
747 4909 925 4970 caput,
956 4916 1151 4970 nempe
1183 4900 1337 4954 fides.

238 5012 479 5080 Epistula
496 5015 586 5079 ‘25,
611 5014 1049 5075 adAriobindam,
1076 5014 1433 5082 deprecatoria
1455 5028 1549 5082 pro
1570 5012 1813 5082 agricolis

878 5083 1174 5154 Cyresticis.

304 5200 349 5253 1.
389 5200 440 5254 is
488 5199 602 5269 ipse
640 5209 727 5255 est
768 5199 1091 5264 Ariubinda,
1128 5198 1221 5268 qui
1270 5199 1611 5254 consulatum
1649 5199 1816 5269 gessit

236 5305 384 5344 anno
408 5292 531 5355 434,
558 5293 824 5361 cujusque
852 5291 1036 5344 obitus
1064 5291 1285 5359 ponitur
1311 5306 1341 5343 a
1371 5291 1681 5346 Marcellino
1711 5293 1814 5347 sub

242 5382 522 5435 consulatu
553 5381 873 5450 Protogenis
900 5390 955 5435 et
982 5380 1205 5444 Asterii,
1242 5380 1295 5435 id
1326 5390 1409 5436 est
1441 5398 1585 5437 anno
1614 5384 1735 5437 449.

311 5468 376 5522 11.
424 5470 559 5524 iluic
607 5472 960 5539 amplissima:
996 5470 1368 5541 possessiones
1404 5480 1561 5526 erant
1609 5471 1664 5527 in
1711 5472 1815 5544 Cy-

248 5558 436 5612 restica
465 5562 707 5631 regione,
738 5578 859 5630 quae
886 5577 1011 5616 cum
1042 5562 1403 5616 calamitatem
1434 5578 1602 5631 passae
1630 5573 1815 5618 essent

251 5647 318 5701 ab
355 5648 629 5719 iniquitate
670 5653 820 5716 coeli,
853 5662 1111 5722 precatur
1146 5652 1523 5707 Thcodoretus
1556 5653 1811 5709 consula-

474 5745 753 5807 PATROL.
797 5746 913 5807 Gn.
960 5744 1267 5807 LXXXIV.

1936 463 2184 532 dulgens,
2218 464 2285 518 de
2315 465 2576 518 oneribus
2610 465 2784 519 solitis
2824 466 3079 521 remittat.

2006 555 2093 608 111.
2132 553 2343 608 Accidit
2372 571 2536 624 porro
2567 556 2847 618 sterilitas,
2873 567 2933 613 ut
2962 558 3175 629 Opinor,
3206 574 3235 612 a
3265 558 3508 616 siccitate

1937 644 2050 707 illa,
2079 647 2235 715 cujus
2268 647 2474 701 mentio
2507 646 2563 700 (it
2599 648 2653 700 in
2684 648 2873 718 Elogio
2901 649 3269 720 Polychronii.

1934 756 2175 825 Epistula
2214 757 2302 821 9-1,
2338 759 2406 811 ad
2445 759 2709 812 Andream
2750 758 3155 814 Samosatenum
3190 761 3505 831 episc0pum.

2004 870 2043 923 l.
2082 871 2254 925 Notus
2279 882 2361 926 est
2390 872 2635 927 Andreas
2662 874 3078 941 Samosatensis,
3108 883 3221 929 tum
3246 874 3507 945 objectio-

1933 959 2096 1013 nibus
2136 961 2357 1015 nomine
2398 961 2758 1016 Orientalium
2797 964 3061 1018 adversus
3108 965 3282 1035 capita
3321 965 3505 1036 Cyrilli

1931 1051 2092 1120 317
2126 1052 2458 1121 propositis.
2493 1063 2604 1107 tum
2638 1054 2838 1108 litteris
2870 1055 3219 1120 Theodoreti,
3253 1072 3358 1110 non
3391 1057 3509 1111 istis

1934 1142 2076 1204 nnis,
2109 1142 2201 1195 scd
2231 1142 2371 1206 aliis,
2403 1160 2538 1212 quas
2572 1145 2762 1212 quinta
2793 1146 3031 1214 synodus
3058 1154 3112 1199 et
3144 1146 3346 1199 Marius
3371 1146 3511 1199 Mer-

1926 1240 2086 1284 cator
2128 1232 2421 1297 exhibent;
2470 1241 2583 1285 tum
2628 1233 2863 1302 denique
2916 1235 3072 1289 libris
3116 1235 3385 1289 Anastasii
3429 1235 3511 1292 Si-

1932 1324 2114 1386 naitze,
2150 1324 2243 1393 qui
2278 1326 2540 1378 nonnulla
2569 1325 2636 1379 de
2667 1326 2786 1394 ipso
2820 1326 3006 1380 refert.

2003 1414 2066 1468 11.
2103 1416 2227 1469 Fuit
2262 1416 2510 1470 doctrina
2544 1416 2778 1470 eximius
2812 1417 2955 1471 inter
2987 1416 3279 1471 Orientalis
3311 1418 3511 1472 dicace-

1928 1505 2007 1559 sis
2033 1507 2339 1575 episcopos,
2378 1506 2480 1560 fuit
2513 1514 2569 1561 et
2609 1507 2868 1576 singulari
2901 1506 3140 1560 amicitia
3176 1522 3298 1561 cum
3329 1507 3509 1560 Theo-

1930 1594 2125 1650 doreto
2145 1596 2508 1665 conjunctus;
2537 1596 2670 1665 quin
2697 1605 2751 1649 et
2783 1596 3056 1664 particeps
3080 1612 3202 1649 cum
3229 1596 3347 1664 ipso
3369 1597 3514 1665 ejus-

1864 1711 1903 1764 Β
1930 1689 2058 1742 dem
2100 1689 2428 1744 calamitatis
2473 1689 2527 1742 in
2568 1689 2847 1758 Ephesino
2895 1688 3204 1752 latrocinio,
3246 1688 3290 1741 si
3329 1688 3510 1741 Theo—

1933 1780 2099 1848 phani
2148 1779 2463 1845 credimus;
2520 1795 2631 1833 non
2692 1786 2875 1831 tamen
2924 1777 3168 1847 ejusdem
3228 1777 3392 1831 sortis
3455 1775 3511 1830 in

1927 1870 2362 1926 Chalcedonensi
2398 1870 2632 1925 concilio
2675 1887 2687 1922 :
2733 1884 2883 1922 mors
2927 1868 3074 1921 enim
3104 1868 3401 1937 praevertit,
3435 1866 3510 1920 si-

1930 1962 2152 2032 quidem
2201 1979 2325 2017 eum
2371 1961 2626 2016 Patribus
2675 1960 2817 2015 sedit
2857 1960 3089 2014 Ruﬁnus
3124 1957 3513 2013 Samosatenus

1930 2054 2239 2121 episcopus.
2272 2052 2408 2106 Vide
2440 2067 2560 2120 qum
2596 2049 3010 2105 observavimus
3034 2048 3090 2100 in
3120 2064 3155 2100 ll
3182 2055 3334 2118 parte
3367 2045 3509 2116 Ope-

1932 2158 2053 2196 rum
2077 2143 2230 2195 Marii
2258 2141 2574 2196 Mercatoris
2608 2141 2676 2195 ad
2714 2141 3054 2209 objectiones
3085 2141 3373 2210 praedictas
3403 2140 3509 2211 Cy-

1931 2231 2154 2301 rillique
2175 2232 2581 2301 responsiones,
2602 2247 2738 2302 quas
2772 2231 2975 2286 Marius
3002 2231 3271 2287 Mercator
3299 2230 3509 2285 Latini-

1931 2331 2039 2377 tate
2073 2323 2315 2377 donavrt.

1998 2412 2087 2466 lli.
2119 2413 2195 2467 De
2224 2420 2468 2482 tempore
2490 2413 2631 2468 datae
2654 2413 2896 2483 epistola:
2925 2413 3196 2482 conjicere
3222 2428 3332 2466 non
3358 2410 3505 2477 licet,

1929 2517 2055 2557 cum
2081 2502 2265 2557 nullus
2290 2504 2433 2558 adsit
2459 2504 2766 2559 character.

2244 2616 2500 2687 Epistolw
2528 2616 2599 2671 25
2627 2625 2682 2671 et
2709 2618 2799 2680 26,
2828 2618 3171 2671 heortasticw.

1997 2730 2327 2784 Charactere
2357 2729 2531 2785 amba:
2571 2737 2780 2795 carent,
2816 2727 2918 2786 nisi
2956 2727 3102 2800 quod
3134 2728 3284 2800 prior
3306 2729 3509 2786 Natali.

1928 2821 2043 2876 litia
2083 2820 2217 2875 festa
2256 2820 2478 2876 indicat.

1929 2931 2167 3002 Epistula
2204 2933 2295 2996 27,
2334 2932 2404 2986 ad
2448 2930 2757 3003 Aquilinum
2801 2931 3080 2984 diaconum
3124 2941 3172 2985 et
3208 2932 3506 2986 archiman-

2628 3001 2844 3057 dritam.

2000 3112 2374 3168 Consolatoria
2413 3120 2498 3167 est
2540 3111 2597 3165 in
2632 3111 2867 3166 orbitate
2912 3110 3041 3177 ﬁlii;
3082 3110 3400 3181 spiritualis,
3435 3127 3506 3168 an

1929 3206 2228 3269 naturalis,
2258 3206 2528 3259 incertum
2568 3221 2582 3258 :
2624 3213 2819 3258 caztera
2850 3204 3055 3260 nullam
3095 3204 3262 3259 habet
3295 3212 3502 3261 notam.

1928 3295 2009 3350 An
2044 3293 2333 3363 Aquilinus
2366 3294 2456 3347 ille
2488 3300 2674 3362 postea
2707 3292 2875 3348 fuerit
2904 3292 3056 3362 Bybli
3095 3293 3392 3348 Palaestinae
3413 3310 3504 3348 oro

1926 3385 2145 3440 dinatus
2174 3385 2484 3454 episcopus,
2509 3392 2565 3437 ct
2587 3399 2711 3438 cum
2738 3383 3085 3437 Theodoreto
3115 3384 3169 3438 in
3198 3384 3504 3440 latrocinali

1925 3477 2131 3548 synodo
2154 3476 2453 3547 depositus,
2483 3486 2544 3530 ut
2568 3476 2763 3530 scribit
2786 3476 3049 3546 Evagrius
3074 3476 3169 3530 lib.
3205 3492 3242 3541 ι,
3267 3492 3384 3546 cap.
3413 3475 3500 3539 10,

1922 3579 1979 3623 et
2007 3568 2100 3639 qui
2130 3583 2255 3622 cum
2290 3567 2640 3621 Theodoreto
2677 3566 3004 3635 subscripsit
3043 3567 3287 3636 epistola:
3331 3567 3503 3625 sancti

1923 3658 2125 3713 Leonis
2153 3657 2220 3711 ad
2255 3657 2595 3720 Flavianum,
2637 3656 2910 3711 incertum
2949 3664 3053 3710 est.

1922 3766 2162 3839 Epistula
2196 3767 2288 3833 28,
2321 3765 2605 3836 familiaris
2648 3766 2719 3819 ad
2746 3765 3016 3839 rJacobum
3055 3768 3411 3839 presbyterum
3451 3776 3502 3822 et

2544 3838 2876 3891 monachum.

1989 3973 2149 4028 Caret
2181 3972 2330 4027 omni
2368 3986 2595 4042 prorsus
2623 3979 2772 4025 nota.
2807 3969 2945 4025 Sunt
2971 3971 3063 4040 qui
3093 3979 3306 4041 putent,
3338 3971 3494 4028 Jaco-

1920 4064 2052 4118 bum
2089 4064 2253 4128 hunc,
2289 4062 2357 4117 ad
2389 4077 2553 4131 quem
2580 4061 2960 4116 Thcodoretus
2988 4062 3200 4127 scribit,
3238 4079 3348 4116 non
3378 4079 3499 4119 esse

1921 4157 2198 4210 diversum
2230 4172 2258 4209 a
2288 4154 2493 4209 Jacobo
2532 4152 2879 4207 sanctissimo
2911 4152 3203 4216 monacho,
3232 4154 3389 4222 cujus
3412 4155 3498 4206 vi-

1918 4247 2098 4301 ventis
2115 4246 2351 4315 elogium
2376 4243 2685 4313 composuit
2704 4243 2760 4296 in
2779 4242 3069 4307 Philotheo,
3088 4260 3363 4313 quemque
3386 4259 3497 4298 mo-

1849 4374 1893 4428 D
1922 4338 2070 4392 ricns
2117 4336 2470 4407 superstitem
2513 4334 2737 4403 reliquit
2778 4351 2790 4386 :
2832 4349 2980 4398 nam,
3028 4333 3302 4403 inquiunt,
3337 4342 3393 4387 et
3429 4334 3497 4387 ad

1922 4444 2085 4498 quem
2133 4428 2412 4491 scribitur,
2451 4435 2508 4479 et
2536 4424 2628 4493 qui
2678 4423 2956 4487 laudatur,
2991 4424 3277 4493 presbyter
3306 4422 3408 4476 fuit
3442 4429 3496 4477 et

1919 4517 2239 4572 monachus.
2259 4517 2459 4571 Verum
2487 4514 2581 4584 qui
2609 4513 2873 4568 attentius
2892 4512 3129 4582 elogium
3149 4513 3362 4582 legerit,
3386 4528 3493 4567 non

1918 4609 2249 4664 assentietur
2273 4608 2464 4678 procul
2492 4606 2662 4661 dubio
2696 4604 2923 4668 dicenti,
2952 4620 3079 4658 eum
3104 4604 3197 4674 qui
3220 4604 3493 4669 laudatur,

1918 4701 2086 4755 fuisse
2114 4715 2353 4769 unquam
2393 4699 2795 4769 presbyterum.
2822 4697 2958 4751 Nam
2988 4697 3134 4766 quod
3165 4696 3368 4751 dicitur
3400 4698 3496 4751 Ni-

1919 4792 2111 4846 sibeno
2139 4791 2309 4846 fuisse
2345 4791 2604 4860 ὁμότιμος
2637 4790 2731 4842 καὶ
2769 4789 3093 4860 ὁμότροπος,
3120 4804 3228 4843 non
3258 4789 3498 4857 pertinet

1917 4883 1985 4938 ad
2026 4898 2214 4953 parem
2260 4883 2317 4937 in
2342 4883 2587 4939 Ecclesia
2634 4884 2977 4954 dignitatem,
3013 4880 3328 4952 (Nisibenus
3351 4880 3494 4933 enim

1917 4976 2022 5031 fuit
2048 4973 2385 5046 episcopus),
2408 4976 2501 5030 sed
2542 4975 2611 5030 ad
2653 4975 2799 5029 idem
2838 4973 3020 5027 laudis
3050 4971 3328 5034 meritum,
3364 4986 3496 5043 pro—

1917 5078 2041 5139 pter
2061 5066 2317 5123 eumdem
2346 5066 2653 5121 sanctitatis
2682 5065 2925 5119 modum.

2057 5179 2295 5252 Epistula
2325 5180 2416 5247 29,
2445 5180 2876 5235 commendatitia
2901 5179 2970 5237 ad
2994 5178 3364 5249 Αρειιέοηεηι..

1988 5296 2029 5349 l.
2071 5294 2354 5363 Temporis
2395 5305 2525 5348 nota
2574 5292 2860 5349 manifesta
2906 5302 3009 5356 est,
3043 5294 3239 5363 partim
3280 5311 3347 5349 ex
3377 5295 3499 5349 aliis

1917 5400 2012 5438 sex
2049 5383 2516 5451 consequentibus
2551 5382 2771 5447 litteris,
2811 5399 3045 5452 quarum
3088 5383 3233 5438 idem
3280 5393 3365 5439 est
3404 5401 3497 5437 ar-

1917 5481 2256 5543 gumentum,
2302 5472 2558 5542 idemque
2600 5480 2844 5545 tempus;
2887 5475 3084 5544 partim
3116 5490 3183 5529 ex
3224 5473 3496 5544 personis,

1917 5563 1983 5616 ad
2014 5576 2150 5629 quas
2179 5562 2456 5621 nonnullae
2493 5561 2711 5631 scripta:
2740 5574 2887 5617 sunt.

1990 5653 2054 5707 Il.
2094 5652 2564 5711 Commendatitia:
2606 5666 2736 5711 sunt
2773 5670 2963 5713 omnes
3001 5654 3066 5707 ad
3106 5652 3353 5713 amicos.
3391 5652 3509 5732 sive
