4040 6172
500 232 599 295 267

1622 227 1995 286 GABNER'II
2038 224 2525 284 DlSSERTATIO
2564 225 2644 282 II.

3630 219 3737 283 268

500 340 657 409 alios,
696 355 834 412 quos
876 339 1250 395 Theodoretus
1291 336 1549 391 admonet
1579 334 2068 389 commiserationis
2102 343 2138 394 Α
2174 332 2408 403 Epistula
2454 332 2549 393 52,
2594 329 3018 410 commendatum
3057 328 3126 380 ad
3167 326 3503 380 Tlteoctistum
3540 325 3738 381 Βενιιιω

500 432 555 486 in
595 430 927 486 sublevanda
961 439 1196 499 egestate
1226 426 1513 483 Celestiaci
1550 425 1751 481 nobilis
1782 424 2063 494 Carthagi-

501 522 730 586 niensis,
760 521 853 590 qui
902 527 1058 589 capta
1110 534 1141 573 a
1172 517 1467 572 Genserieo
1504 516 1831 586 Carthagine
1872 523 2069 568 exutus

500 612 726 681 opibus,
770 618 825 664 et
871 624 994 663 cum
1039 623 1136 661 sua
1180 617 1361 663 tamen
1410 616 1521 662 tota
1574 607 1777 661 familia
1821 605 2067 661 exsulare

501 712 721 757 COﬂCiUS
759 711 859 755 ρει.

569 792 853 862 318111.
902 791 1133 845 Venerat
1178 790 1288 854 ille,
1338 799 1397 845 ut
1438 791 1679 856 videtur,
1724 789 1923 860 Cyrum
1971 803 2069 857 per

496 883 783 953 Egyptum
810 889 865 935 et
893 881 1214 944 Phoenicen,
1252 880 1523 951 Cyroque,
1546 881 1757 944 Bercea,
1794 880 1985 934 Emesa
2013 885 2069 931 et

495 973 784 1029 Antiochia
831 973 1032 1043 Tyrum
1078 972 1370 1043 cogitabat,
1401 981 1463 1027 ut
1500 972 1650 1026 illinc
1677 971 1893 1026 solvens
1921 969 2067 1024 Con-

497 1062 903 1132 stantinopolim
934 1074 1200 1134 pergeret,
1240 1063 1584 1132 imperatoris
1613 1078 1771 1132 opem
1808 1062 2067 1131 implora-

498 1162 674 1208 turus.

565 1244 653 1299 IV.
684 1242 803 1309 Quo
840 1251 1087 1314 tempore
1127 1244 1252 1299 data
1289 1244 1379 1307 sit,
1414 1208 1802 1313 disputandum
1835 1258 1959 1296 cum
2000 1241 2066 1294 il-
2126 1278 2147 1292 .

496 1333 824 1390 lustrissimo
862 1336 1151 1390 Annalium
1200 1336 1488 1405 scriptore,
1522 1350 1642 1389 eam
1678 1333 1887 1388 scilicet
1923 1332 2066 1387 refe-

505 1434 658 1480 rente
697 1434 812 1481 toto
836 1427 948 1482 fere
972 1427 1194 1482 biennio
1224 1428 1384 1481 citius
1416 1442 1577 1496 quam
1604 1432 1845 1495 oportet,
1872 1439 2067 1493 nempe

496 1512 566 1567 ad
600 1530 805 1569 annum
846 1515 973 1570 440.
1009 1516 1099 1571 Sic
1125 1524 1305 1570 autem
1345 1515 1703 1569 ratiocinatur
1737 1531 1748 1566 :
1778 1512 1947 1582 Capta
1985 1520 2069 1566 est

496 1603 766 1677 Carthago
801 1606 1082 1663 Genserici
1116 1617 1234 1662 astu
1271 1623 1414 1661 anno
1439 1607 1561 1671 439,
1594 1617 1781 1661 mense
1812 1603 2064 1669 Octobri;

496 1697 654 1765 ejecti
701 1714 829 1752 mox
871 1698 1103 1761 nobiles,
1145 1698 1237 1767 qui
1282 1697 1489 1752 servire
1524 1698 1729 1751 nollent
1773 1696 1832 1749 in
1866 1695 2062 1765 patria.

496 1786 698 1842 Eorum
732 1805 874 1845 unus
908 1789 1011 1843 fuit
1046 1788 1399 1852 Celestiacus,
1432 1787 1525 1857 qui
1553 1803 1676 1841 cum
1709 1787 1764 1840 in
1786 1777 2066 1840 Orientem

496 1877 723 1949 fugisset
748 1896 891 1934 anno
916 1886 1201 1949 sequente,
1235 1879 1328 1947 qui
1368 1878 1493 1942 440,
1524 1876 1726 1949 Cyrum
1765 1877 1935 1939 venit,
1975 1875 2067 1930 lit-

496 1976 750 2039 terasque
795 1970 1085 2025 discedens
1134 1985 1165 2022 a
1208 1968 1554 2024 Theodoreto
1599 1966 2069 2022 commendatitias

495 2064 563 2117 ad
595 2062 800 2117 amicos
835 2062 887 2115 in
917 2061 1005 2116 via
1040 2061 1249 2131 positos
1277 2059 1506 2128 accepit.

566 2155 767 2209 Verum
796 2155 912 2209 haec
938 2153 1078 2207 ratio
1101 2152 1401 2207 consistere
1425 2167 1535 2206 non
1562 2158 1741 2221 potest
1766 2167 1780 2203 :
1811 2148 1905 2204 sed
1931 2148 2064 2203 alte-

498 2262 618 2301 rum
650 2248 759 2316 jam
796 2261 998 2300 annum
1037 2245 1093 2298 in
1135 2242 1574 2298 circumferenda
1613 2257 1711 2297 sua
1752 2239 2066 2295 infelicitate

495 2335 830 2391 Celestiacus
872 2342 1148 2402 posuerat,
1187 2349 1313 2387 eum
1352 2332 1502 2388 venit
1538 2332 1759 2404 Cyrum,
1801 2330 2066 2386 obtinuit-

496 2440 604 2494 que
648 2424 860 2477 litteras
890 2437 921 2476 a
954 2422 1301 2477 Theodoreto
1331 2438 1345 2473 :
1377 2436 1521 2475 unus
1551 2422 1700 2475 enim
1738 2421 2064 2483 amicorum,

499 2532 636 2585 quos
660 2515 729 2569 ad
752 2514 1036 2569 levandam
1061 2512 1346 2569 Cclestiaci
1371 2512 1646 2566 miseriam
1668 2511 1868 2566 litteris
1895 2511 2071 2565 Theo-

498 2603 722 2658 doretus
756 2602 1096 2665 hortabatur,
1128 2603 1370 2656 Domnus
1402 2600 1509 2655 fuit
1535 2599 1759 2655 Joannis
1788 2599 1841 2652 in
1876 2598 2066 2653 Antio-

499 2694 673 2750 chena
717 2694 845 2767 sede
890 2695 1174 2748 successor
1211 2711 1223 2745 :
1266 2692 1416 2761 atqui
1464 2692 1702 2746 Joannes
1745 2690 1881 2744 obiit
1927 2704 2070 2743 anno

499 2783 762 2840 duntaxat
794 2784 896 2838 440
931 2785 1149 2848 atl'ecto,
1180 2792 1273 2837 aut
1302 2783 1465 2838 etiam
1497 2782 1627 2837 anni
1657 2782 1937 2853 sequentis
1962 2782 2068 2836 ini-

500 2874 613 2941 tio;
647 2883 703 2929 et
722 2873 1103 2929 Theodoretus
1127 2876 1335 2929 Domno
1366 2875 1577 2941 scribit,
1602 2882 1662 2929 ut
1686 2875 1793 2946 jam
1821 2874 2067 2944 aliquan-

501 2966 596 3021 diu
627 2966 682 3020 in
717 2966 846 3022 sede
874 2967 1199 3032 constituto;
1236 2966 1453 3037 scripsit
1479 2966 1642 3037 igitur
1667 2981 1811 3021 anno
1836 2966 1961 3021 442.

572 3059 810 3129 Tempus
841 3075 1007 3129 porro
1040 3075 1151 3129 quo
1189 3059 1426 3115 Joannes
1463 3060 1618 3122 obiit,
1643 3075 1709 3114 ex
1740 3075 1808 3114 eo
1839 3060 2067 3115 demon-

499 3161 705 3207 stratur
731 3170 745 3206 :
776 3153 935 3207 Anno
964 3152 1068 3207 448
1105 3152 1352 3208 scribens
1388 3153 1764 3208 Thcodoretus
1786 3152 2066 3217 Dioscoro,

499 3241 578 3296 ait
610 3242 762 3297 hunc
806 3258 1010 3297 annum
1049 3258 1170 3298 esse
1216 3243 1509 3314 septimum
1547 3260 1576 3298 a
1615 3244 1809 3298 Domni
1851 3242 2071 3297 ordina-

502 3332 650 3387 tione
676 3350 691 3399 ;
720 3332 1117 3387 ordinatusest
1142 3331 1309 3402 igitur
1332 3333 1574 3388 Domnus
1599 3349 1743 3387 anno
1770 3334 1893 3387 44L

570 3423 635 3476 V.
671 3423 751 3477 Ex
787 3422 875 3476 his
908 3408 1146 3486 constat;
1178 3423 1460 3492 epistolam
1502 3424 1567 3477 ad
1604 3423 1963 3492 Apellionem,
2003 3423 2070 3478 de

502 3526 610 3581 qua
650 3525 799 3564 nunc
839 3511 1039 3579 agitur,
1072 3511 1328 3579 scriptam
1360 3526 1499 3574 esse,
1534 3511 1675 3564 sicut
1711 3519 1768 3564 et
1805 3511 1938 3564 alias
1977 3526 2074 3565 sex

498 3608 815 3669 sequentes,
846 3614 991 3651 anno
1022 3599 1145 3653 442.
1181 3597 1381 3653 Omnes
1421 3601 1566 3653 enim
1620 3614 1726 3653 una
1768 3599 1906 3654 datae
1946 3609 2074 3654 sunt

498 3689 711 3745 .infelici
742 3689 940 3757 hospiti
969 3689 1212 3743 abeunti.

574 3781 661 3837 Vl.
696 3779 833 3846 Quis
861 3780 950 3837 ille
982 3780 1147 3834 fuerit
1174 3780 1402 3850 Apellio,
1426 3778 1656 3835 delinire
1677 3795 1785 3834 non
1812 3795 2031 3849 possum
2056 3799 2069 3834 :

507 3874 609 3930 fuit
648 3872 790 3928 forte
849 3872 1100 3928 eruditus
1138 3873 1335 3943 aliquis
1372 3881 1672 3944 potensque
1704 3872 1810 3937 vir,
1838 3882 1931 3928 aut
1963 3873 2077 3928 An-

506 3965 741 4030 tiochiae,
771 3973 866 4020 aut
900 3964 1105 4020 Beroeaa
1142 3964 1415 4020 habitans.

515 4054 746 4124 Epistola
780 4054 881 4119 50,
929 4055 998 4108 ad
1036 4056 1253 4109 Aeriam
1300 4056 1587 4126 sophistam
1623 4056 2071 4111 commendatitia.

577 4143 617 4196 Ι.
659 4143 913 4213 Ejusdem
961 4142 1226 4212 temporis
1265 4152 1321 4198 et
1362 4143 1663 4214 argumenti
1708 4158 1832 4196 cum
1871 4156 2073 4212 praece-

508 4232 692 4298 dente,
725 4233 793 4288 ad
829 4233 977 4288 hunc
1003 4233 1227 4288 Aerium
1256 4243 1341 4288 est
1367 4234 1598 4303 epistola
1626 4234 1714 4299 66,
1741 4250 1847 4304 qua
1877 4234 2071 4288 invita-

508 4337 599 4381 tur
618 4324 686 4379 ad
708 4325 946 4381 encaenia
967 4325 1156 4394 templi
1173 4326 1542 4395 apostolorum
1564 4324 1689 4397 Cyri
1714 4325 2071 4380 celebranda:
2109 4336 2150 4391 ι)

508 4434 628 4489 quae
654 4432 740 4471 me
766 4432 856 4472 res
884 4424 1090 4482 monet,
1128 4427 1188 4472 ut
1224 4417 1510 4487 conjiciam
1537 4417 1704 4473 fuisse
1734 4418 1911 4471 virum
1939 4433 2074 4486 quo-

506 4525 614 4579 que
633 4508 908 4563 eruditum
924 4509 1127 4574 ,civem
1152 4508 1353 4564 Bercece
1376 4508 1563 4579 paucis
1589 4508 1914 4563 milliaribus
1934 4507 2074 4579 Cyro

506 4599 776 4656 distantis.

576 4691 642 4744 ll.
678 4691 965 4760 Templum
991 4705 1158 4760 porro
1181 4690 1573 4758 apostolorum,
1596 4688 1663 4742 de
1688 4703 1797 4758 quo
1833 4686 1894 4741 lit
1921 4702 2074 4741 men-

509 4783 607 4847 tio,
653 4782 872 4836 videtur
917 4780 1066 4834 aliud
1114 4780 1183 4833 ab
1236 4794 1323 4843 eo,
1366 4779 1512 4849 quod
1563 4778 1825 4834 suadente
1874 4777 2077 4832 Jacoho

508 4872 889 4928 Theodoretus
912 4870 1197 4934 exstruxit,
1221 4879 1277 4924 et
1302 4869 1359 4923 in
1384 4884 1493 4938 quo
1517 4868 1798 4937 depositus
1822 4875 1906 4922 est
1930 4883 2079 4921 com-

510 4966 661 5020 muni
694 4979 817 5019 cum
846 4961 1052 5019 Jacobo
1086 4961 1356 5031 sepulcro.
1388 4959 1523 5015 Vide
1548 4966 1713 5028 caput
1736 4959 1801 5013 21
1832 4958 2078 5012 Historia:

512 5053 785 5125 religiosa’.

516 5140 755 5208 Epistola
790 5141 879 5205 5i,
919 5139 1343 5193 commendatitia
1390 5137 1459 5190 ad
1495 5136 1757 5191 Domuum
1798 5135 2077 5190 Antioche-

1032 5210 1249 5262 chenum
1283 5208 1597 5278 episcopum.

584 5296 838 5366 Ejusdem
884 5306 940 5351 et
984 5298 1291 5368 argumenti
1335 5308 1391 5352 et
1440 5296 1720 5368 temporis.
1759 5296 1835 5351 De
1873 5296 2082 5350 Damno

517 5386 719 5441 dictum
743 5386 874 5440 satis
907 5386 960 5438 in
985 5388 1104 5440 Vita
1135 5386 1488 5442 Theodoreti.

2797 399 3112 468 episcOpum.

2237 510 2491 580 Ejusdem
2528 510 2734 579 pariter
2767 508 3072 578 argumenti
3104 516 3159 561 et
3197 506 3476 577 temporis.
3512 505 3738 561 Succes-

2168 601 2238 655 sit
2276 601 2625 655 Theoctistus
2670 599 2868 653 Acacio
2918 614 3060 652 anno
3109 598 3209 651 457
3271 606 3368 651 aut
3415 595 3537 659 438,
3576 595 3739 665 319

2168 699 2229 744 ut
2268 698 2455 759 postea
2500 689 2964 744 demonstrabitur
2992 687 3057 740 ⁸ο.
3101 687 3200 741 Est
3245 686 3312 739 de
3354 686 3473 754 ejus
3517 684 3737 737 ordina-

2168 781 2316 835 tione
2353 780 2810 850 congratulatoria
2842 781 2859 799 ‘
2895 777 2963 832 ad
3004 778 3321 831 Berteenses
3361 776 3588 829 clericos
3624 773 3741 842 epi-

2169 872 2308 925 stola
2347 871 2413 923 37
2440 870 2506 924 ⁸⁸.
2532 869 2613 923 Ad
2653 868 2906 923 eumdem
2938 874 3022 922 est
3048 867 3211 921 etiam
3240 865 3468 935 epistola
3501 864 3622 928 134,
3652 863 3738 916 in-

2167 960 2469 1032 crepatoria
2498 961 2567 1015 ob
2593 960 2894 1030 neglectam
2920 957 3174 1013 amicitia:
3197 958 3393 1027 legem,
3416 956 3483 1010 de
3506 971 3611 1025 qua
3636 970 3739 1009 suo

2168 1052 2308 1106 loco.
2362 1051 2612 1106 Interfuit
2658 1050 2891 1105 concilio
2946 1048 3376 1105 Chalcedonensi
3422 1062 3562 1100 anno
3607 1045 3736 1109 45!,

2168 1141 2491 1210 subscripsit
2563 1141 2805 1211 epistola:
2868 1139 3249 1209 episcoporum
3320 1136 3507 1206 prima:
3569 1134 3741 1205 Syria:

2169 1244 2311 1282 anno
2344 1228 2466 1281 458.

2168 1340 2405 1412 Epistula
2447 1340 2535 1403 55,
2573 1340 2997 1420 commendatitia
3047 1339 3116 1392 ad
3159 1338 3444 1392 Stasimum
3495 1337 3737 1388 comitem

2768 1418 2816 1463 et
2850 1418 3151 1479 primatem.

2238 1524 2493 1595 Ejusdem
2534 1538 2657 1577 cum
2690 1522 3124 1592 prmccdentibus
3159 1520 3463 1592 argumenti
3505 1529 3556 1574 et
3597 1529 3736 1573 tem-

2169 1614 2335 1683 poris.
2363 1612 2496 1679 Quis
2526 1628 2691 1682 porro
2726 1611 2993 1666 Stasimus
3024 1611 3207 1674 fuerit,
3238 1617 3293 1663 et
3317 1610 3474 1680 cujus
3500 1608 3740 1662 civitatis

2169 1704 2396 1775 primas,
2432 1705 2704 1776 conjicere
2739 1720 2849 1758 non
2877 1704 3038 1770 licet;
3074 1702 3296 1775 Tyrine,
3323 1717 3390 1755 an
3415 1702 3641 1762 Emesze,
3664 1716 3737 1753 an

2168 1795 2407 1850 civitatis
2454 1796 2688 1866 alicujus
2734 1803 2828 1849 aut
2887 1802 3092 1848 tractus
3140 1793 3387 1858 alterius,
3427 1807 3525 1861 per
3570 1807 3737 1860 quem

2166 1886 2500 1942 Celestiacus
2534 1886 2830 1942 transiret?

2167 1998 2407 2070 Epistola
2441 1999 2531 2065 54,
2569 1999 2994 2054 commendatitia
3038 2000 3108 2053 ad
3141 1999 3431 2054 Patricium
3475 1998 3737 2051 comitem.

2237 2113 2440 2167 lterum
2478 2113 2722 2183 ejusdem
2759 2113 3065 2183 argumenti
3097 2122 3150 2168 et
3186 2112 3464 2183 temporis.
3492 2110 3653 2178 Quid,
3690 2111 3741 2165 si

2168 2203 2436 2259 Patricius
2474 2204 2563 2257 ille
2606 2219 2789 2257 comes
2831 2203 2998 2259 fuerit
3035 2203 3328 2273 provincia:
3361 2203 3608 2274 alicujus,
3635 2217 3739 2271 per

2167 2308 2329 2362 quam
2356 2293 2748 2347 transeundum
2779 2302 2898 2347 erat
2932 2293 3233 2348 Celestiaco
3257 2293 3456 2365 Tyrum
3492 2289 3742 2361 petenti?

2169 2381 2582 2436 Transeundum
2623 2390 2771 2437 certe
2810 2382 2914 2438 fuit
2952 2399 3049 2453 per
3087 2393 3374 2452 utramque
3403 2381 3741 2437 Phaeniciam

2167 2481 2223 2527 et
2252 2472 2461 2544 Syriam
2495 2472 2726 2541 primam
2773 2490 2786 2526 :
2836 2489 2959 2527 nam
3011 2473 3066 2527 in
3112 2472 3266 2544 Syria
3310 2472 3482 2542 prima
3517 2472 3743 2526 fuerunt

2167 2560 2454 2615 Antiochia
2493 2569 2551 2616 et
2592 2562 2812 2629 Beroea;
2865 2563 2920 2617 in
2953 2563 3231 2618 Phoenicia
3265 2563 3479 2627 Libani,
3508 2564 3740 2630 Emesa;

2169 2649 2226 2703 in
2255 2651 2515 2705 extremis
2545 2652 2746 2707 finibus
2774 2654 3001 2707 alterius
3029 2655 3322 2710 Phceniciae
3350 2656 3544 2727 Tyrus.

2276 2760 2513 2831 Epistula
2544 2762 2632 2827 55,
2670 2765 3095 2847 commendatitia
3130 2768 3199 2820 ad
3229 2768 3489 2823 Ircnwum
3516 2769 3637 2824 Turi

2787 2850 3102 2905 episcopum.

2238 2944 2314 3000 De
2362 2953 2627 3016 tempore,
2664 2956 2982 3018 argumento
3029 2956 3085 3002 et
3128 2965 3363 3019 persona
3406 2959 3638 3006 constat.
3681 2952 3743 3006 ld

2172 3053 2339 3092 unum
2360 3037 2785 3103 observandum,
2805 3040 3068 3097 Irenaeum
3091 3053 3217 3096 ante
3239 3058 3440 3097 annum
3457 3043 3558 3098 442
3574 3042 3744 3101 fuisse

2170 3125 2483 3181 ordinatum
2511 3147 2523 3180 :
2546 3127 2641 3182 sed
2669 3143 2779 3197 quo
2798 3129 3023 3186 definite
3051 3131 3339 3202 tempore?

2171 3236 2411 3321 Epistola
2430 3224 2531 3304 :56,
2565 3240 2989 3324 commendatitia
3020 3244 3090 3297 ad
3117 3243 3497 3314 Pompeianum
3527 3244 3745 3299 Emesa-

2454 3334 2459 3339 -
2496 3352 2497 3355 η
2735 3327 2862 3364 num
2901 3328 3216 3384 episcopum.

2242 3420 2283 3473 l.
2320 3420 2584 3475 Eumdem
2618 3420 2978 3477 Celestiacum
3023 3425 3354 3495 Pompeiano
3394 3428 3744 3484 commendat

2172 3511 2363 3565 eodem
2398 3520 2662 3581 tempore.

2242 3602 2308 3655 Il.
2353 3601 2629 3657 Successit
2671 3604 3032 3675 Pompeianus
3077 3607 3277 3672 Paulo,
3327 3609 3422 3678 qui
3464 3610 3745 3681 negotium

2174 3692 2323 3762 pacis
2363 3693 2507 3747 inter
2536 3694 2808 3750 Ecclesias
2846 3698 3075 3768 peregit.
3114 3699 3357 3754 Decessit
3395 3700 3613 3766 Uranie,
3645 3703 3749 3772 qui

2175 3784 2406 3839 concilio
2439 3784 2868 3841 Chalcedoneusi
2907 3789 3155 3843 interfuit
3188 3806 3333 3845 anno
3371 3792 3493 3856 451,
3526 3801 3581 3848 et
3613 3792 3750 3849 sub—

2175 3875 2394 3945 scripsit
2418 3878 2730 3949 synodicam
2750 3879 3043 3934 Phoenicia:
3063 3880 3389 3937 Libanitidis
3411 3884 3478 3937 ad
3504 3884 3747 3938 Leonem

2176 3968 2557 4037 imperatorem
2586 3986 2731 4025 anno
2757 3971 2880 4026 458.

2209 4079 2452 4150 Epistola
2485 4082 2573 4146 57,
2604 4060 2925 4136 salutatoria
2966 4083 3036 4137 ad
3067 4081 3379 4137 Sallustium
3410 4085 3708 4155 prwsidem.

2246 4192 2467 4246 Nullum
2514 4192 2677 4248 habet
2714 4194 3087 4251 characterem
3127 4197 3405 4266 temporis.
3454 4197 3752 4253 Sallustius

2178 4281 2280 4336 fuit
2316 4297 2519 4351 pratses
2554 4282 2949 4353 Euphratensis
2995 4287 3322 4354 provinciaz,
3364 4288 3460 4342 sed
3501 4289 3753 4344 nondum

2178 4371 2541 4439 Christianus,
2572 4381 2634 4427 ut
2661 4390 2727 4428 ex
2754 4374 2984 4443 epistola
3017 4376 3361 4447 intelligitur.

2596 4470 2837 4556 Epistola
2871 4487 2960 4553 58,
2989 4489 3325 4544 heortastica.

2252 4594 2480 4650 Videtur
2511 4596 2658 4661 data,
2684 4613 2793 4668 quo
2823 4608 3068 4669 tempore
3094 4601 3471 4658 Theodoretus
3498 4603 3754 4660 contine-

2182 4685 2343 4740 batur
2388 4685 2683 4758 Cyresticis
2729 4688 2949 4746 ﬁnibus.
3002 4691 3316 4747 Paschalem
3359 4709 3418 4750 se
3464 4694 3758 4752 manifeste

2183 4776 2383 4845 prodit.

2594 4869 2836 4940 Epistola
2872 4870 2961 4933 59,
2994 4872 3329 4928 heartastica.

2259 4979 2460 5034 Eodem
2491 4991 2735 5052 tempore
2760 4990 2816 5036 et
2836 4982 2892 5036 in
2921 4982 3113 5038 eodem
3142 4985 3282 5040 festo
3309 4986 3453 5041 data.

2221 5092 2459 5163 Epistola
2496 5095 2587 5160 40,
2623 5096 2938 5150 heartastica
2976 5097 3047 5149 ad
3085 5096 3407 5152 Theodorum
3444 5101 3725 5156 vicarium.

2252 5205 2460 5261 Eodem
2508 5216 2565 5262 et
2606 5222 2751 5261 anno
2795 5215 2851 5261 et
2892 5206 3031 5263 festo
3076 5211 3277 5280 scripta
3315 5218 3419 5277 est,
3458 5227 3522 5267 ac
3558 5227 3767 5282 prtem-

2185 5296 2377 5351 dentes
2420 5297 2560 5352 duae.
2614 5297 2941 5353 Theodorus
2990 5298 3195 5354 dicitur
3234 5302 3454 5370 quidem
3497 5302 3765 5360 vicarius.

2189 5387 2285 5442 sed
2325 5390 2481 5458 cujus
2518 5387 2853 5444 dioeceseos?
2881 5386 3078 5442 Annon
3115 5389 3347 5455 Asiana,
3377 5404 3498 5460 quae
3535 5390 3768 5460 propius

1866 5498 2180 5556 SCHULZII
2219 5501 2449 5559 NOTE.

589 5618 632 5648 ⁶⁰
666 5614 783 5671 Viti.
824 5625 938 5672 not.
957 5615 1026 5670 ad
1051 5616 1215 5686 epist.
1236 5617 1323 5671 75.
1400 5619 1441 5651 “
1471 5619 1708 5685 Epistula
1748 5628 1833 5674 est
1861 5618 1946 5672 75.
