4024 6152
288 133 402 199 25‘)

1460 150 1557 208 DE
1598 154 1848 213 LIBRIS
1884 158 2392 227 THEODORETI.

3445 191 3550 254 270

278 248 447 303 abest
494 248 563 301 ab
606 248 1012 318 Euphratesia?
1061 256 1267 311 Deinde
1316 276 1501 317 annon
1550 265 1873 320 Theodorus
1907 284 1943 332 λ
1977 274 2288 330 accensitus
2332 279 2557 337 circiter
2600 299 2802 338 annum
2846 287 2977 352 445,
3021 290 3177 361 321
3229 311 3391 365 quam
3444 301 3549 370 ipsi

278 338 377 370 “In
413 347 496 370 na!
550 340 642 370 ηιιῖ
686 351 736 370 nl
786 342 1161 370 η-Μρληο..--....
1205 348 1357 370 ---1.2-
1403 353 1513 370 μηρ
1725 359 1758 370 --
1858 369 1862 370 ,
1994 361 2028 370 ..
2111 362 2121 370 .

194 390 197 393 λ
278 338 377 392 ille
412 347 518 395 est.
548 340 644 408 qui
684 351 741 395 et
786 342 1163 410 praefecturam
1205 348 1361 403 urbis
1402 353 1564 422 regim
1597 359 1786 425 gessit,
1816 369 1871 412 ct

275 444 435 482 unus
459 429 564 482 fuit
594 446 625 485 e
649 431 933 501 judicibus
956 435 1119 505 320
1142 438 1210 492 ab
1238 439 1567 510 imperatore
1597 447 1777 502 missis
1801 450 1866 502 ad

269 520 582 574 concilium
604 521 1088 580 Chalcedonense?
1108 527 1165 582 Id
1188 545 1298 584 non
1323 541 1528 589 temere
1549 537 1675 606 quis
1694 539 1869 607 suspi—

267 624 439 666 catus
495 613 695 678 fuertt,
750 614 844 684 qui
908 615 1313 687 observaverit,
1363 624 1607 681 delectos
1655 629 1868 698 judiccs

268 720 479 774 magna
508 721 573 758 ex
599 714 754 775 parte
779 706 1112 765 Theodoreti
1137 713 1413 769 studiosos
1441 715 1627 772 fuisse.

454 816 703 887 Epistula
736 818 826 879 41,
855 819 1174 875 heartastica
1209 823 1280 876 ad
1310 822 1685 885 Claudianum.

329 927 379 982 I.
416 927 541 981 Non
567 928 800 982 obscura
827 937 911 983 est
940 931 1202 999 temporis
1230 944 1379 1000 nota,
1409 938 1680 1008 siquidem
1711 958 1863 1000 men-

238 1006 343 1073 'tio
381 1017 446 1072 ﬁt
479 1017 723 1088 ingentis
760 1026 925 1074 terrae
959 1027 1161 1087 motus,
1198 1034 1253 1079 et
1279 1006 1699 1099 irrumpentium
1732 1034 1861 1089 bar—

256 1107 533 1161 barorum
569 1124 583 1158 :
618 1115 916 1177 utrumque
960 1125 1092 1163 vero
1135 1113 1367 1184 contigit
1407 1132 1550 1173 anno
1589 1122 1714 1188 447,
1747 1139 1858 1193 quo

250 1213 413 1253 anno
444 1206 597 1252 totus
630 1197 746 1253 fere
779 1199 932 1254 orbis
963 1206 1119 1254 terra;
1157 1211 1310 1258 motu
1343 1221 1643 1265 concussus
1670 1226 1774 1278 est,
1802 1225 1858 1270 et

252 1290 469 1343 multas
504 1289 675 1343 Attila
718 1287 961 1346 Orientis
1007 1295 1321 1363 provincias
1356 1301 1610 1365 vastavit,
1645 1306 1853 1376 coegit-

248 1397 367 1450 que
403 1379 782 1435 Theodosium
821 1379 1210 1451 imperatorem
1246 1389 1453 1446 tributo
1484 1408 1674 1461 pacem
1710 1398 1854 1453 redi-

248 1486 432 1525 mere.
462 1468 678 1538 Scripta
708 1469 877 1539 igitur
901 1472 1049 1527 credi
1076 1482 1258 1543 potest
1282 1487 1406 1547 post
1437 1481 1582 1536 diem
1613 1487 1848 1541 natalem

242 1560 462 1617 Christi
493 1574 640 1614 anno
667 1561 791 1615 447.

1974 361 2297 431 dignitatem
2338 374 2641 440 gratulatur
2683 376 2841 431 initio
2878 380 3121 449 epistolae
3149 361 3545 447 Theodorctus.

1974 451 2226 509 interfuit
2270 461 2505 517 concilio
2547 464 3002 537 Chalcedonensi,
3042 490 3167 529 cum
3213 487 3358 533 esset
3406 498 3548 537 unus

1969 556 2034 594 ex
2063 545 2473 613 gloriosissimis
2496 556 2794 626 judicibus.

1968 650 2210 721 Epistola
2254 661 2343 722 45,
2389 663 2755 735 dcprecatoria
2791 673 2860 725 ad
2898 674 3200 733 Anatolium
3236 683 3537 751 patritiam.

2036 767 2242 824 Eodem
2278 775 2487 842 pariter
2515 786 2573 833 et
2608 790 2851 853 tempore
2888 794 2945 840 et
2982 803 3323 860 argumento.
3363 795 3541 855 Gessit

1964 864 2309 920 consulatum
2336 867 2626 927 Anatolius
2658 891 2804 931 anno
2841 880 2963 935 440.
3012 883 3137 939 Fuit
3178 893 3236 941 et
3278 891 3540 959 magister

1963 949 2219 1017 militum,
2264 969 2375 1023 quo
2422 966 2669 1030 tempore
2704 964 2772 1018 de
2810 965 3075 1027 Orientali
3125 973 3352 1032 dioecesi
3397 979 3538 1036 bene

1961 1042 2192 1097 meritus
2218 1053 2322 1109 est,
2354 1057 2418 1103 ut
2456 1049 2836 1112 Theodoretus
2874 1059 3073 1124 innuit.
3104 1065 3321 1122 Primus
3349 1085 3541 1127 cense-

1959 1140 2051 1186 tur
2086 1134 2229 1190 inter
2247 1138 2464 1208 judices
2503 1146 2722 1201 concilii
2754 1147 3237 1213 Chalcedonensis.
3279 1161 3536 1221 Nestorio

1957 1221 2092 1277 favit
2123 1235 2249 1281 ante
2278 1231 2571 1287 concilium
2604 1236 2960 1306 Ephesinum.

1953 1336 2195 1408 Epistula
2220 1341 2289 1395 46
2326 1348 2754 1406 commendatitia
2798 1355 2868 1407 ad
2897 1354 3116 1413 Petrum
3140 1362 3529 1421 scholasticam.
3573 1403 3583 1411 -

2020 1449 2279 1521 Ejusdem
2333 1460 2598 1528 temporis
2659 1478 2724 1519 ac
2772 1472 3101 1537 argumenti.
3151 1475 3382 1532 Videtur
3436 1455 3531 1535 ille

1951 1538 2147 1596 Petrus
2169 1548 2475 1617 suscepisse
2496 1567 2714 1608 causam
2740 1555 3035 1628 Cyresticaa
3063 1565 3303 1635 regionis
3331 1569 3529 1625 adver-

318 1614 394 1708 Il.
428 1652 548 1707 [Ioc
587 1614 734 1706 anno
763 1653 992 1710 Proclus
1019 1656 1156 1712 obiit
1185 1658 1275 1714 die
1302 1661 1373 1716 24
1398 1661 1846 1737 Octobris,-post-
1880 1614 1920 1668 Β
1949 1649 2044 1689 sus
2065 1636 2472 1700 denunuamris
2499 1647 2743 1718 episcopi
2782 1653 3107 1711 calumnias‘

239 1759 418 1814 quam
450 1744 795 1799 interfuisset
820 1747 1094 1815 stupeudo
1120 1750 1408 1818 miraculo,
1438 1756 1582 1824 quod
1613 1758 1842 1831 Trisagii

238 1835 609 1905 postmodum
638 1836 969 1892 decantandi
998 1854 1216 1895 causam
1247 1842 1397 1898 fecit.

308 1926 405 1981 III.
462 1925 641 1992 Quem
689 1925 1056 1982 Claudianum
1086 1930 1129 1961 θ’
1174 1931 1499 2004 inscriptum
1543 1937 1843 2007 praeferunt

237 2034 378 2073 mss.
413 2018 644 2074 codices
684 2026 850 2088 atque
890 2019 1063 2075 editio
1105 2021 1404 2090 Sirmondi,
1449 2026 1838 2087 Sallustianum

234 2118 401 2165 vocat
426 2109 704 2164 Baronius
741 2110 809 2164 ad
839 2128 1046 2167 annum
1075 2114 1195 2179 446,
1221 2132 1331 2185 quo
1358 2133 1503 2173 anno
1545 2122 1838 2193 contigisse

233 2204 505 2273 opinatur
531 2202 814 2271 ingentem
845 2202 999 2257 illum
1032 2215 1267 2271 motum,
1297 2208 1537 2280 citatque
1563 2212 1836 2269 Marcelli-

232 2310 371 2349 num
412 2301 638 2358 testem,
673 2294 770 2363 qui
817 2295 1157 2350 contrarium
1205 2299 1374 2355 tradit
1409 2318 1422 2353 :
1456 2318 1583 2357 nam
1626 2314 1835 2362 motum

233 2394 397 2439 terra:
443 2393 723 2437 memorat
768 2382 837 2438 ad
886 2383 1001 2437 ind.
1043 2385 1131 2451 15,
1166 2385 1457 2444 Ardabane
1496 2399 1552 2445 et
1591 2390 1835 2465 Callepio

231 2473 582 2527 consulibus.

234 2582 483 2656 Epistula
541 2581 651 2646 42,
710 2582 1076 2667 deprecatoria
1131 2588 1203 2643 ad
1257 2588 1623 2649 Constantium
1691 2613 1831 2667 pra:-

935 2657 1150 2725 fectum.

294 2768 339 2822 I.
372 2768 528 2823 Idem
578 2776 666 2823 est
711 2768 880 2840 hujus
918 2771 1168 2840 epistolae
1206 2789 1272 2829 ac
1311 2776 1544 2831 aliarum
1583 2779 1828 2851 quinque

228 2859 693 2929 consequentium
734 2869 1126 2930 argumentum
1151 2865 1167 2883 ⁶
1197 2863 1266 2919 de
1308 2867 1620 2923 relevandis
1659 2869 1825 2941 Cyre-

228 2952 370 3006 stice
390 2950 701 3021 provincias
727 2951 971 3009 tributis.

295 3043 354 3097 II.
392 3043 623 3097 Habent
651 3058 785 3097 vero
812 3060 1007 3099 omnes
1040 3045 1403 3103 indubitatam
1435 3054 1562 3108 anni
1591 3064 1775 3111 notam
1805 3076 1817 3111 :

230 3132 438 3202 scrich
477 3140 612 3185 sunt
641 3133 791 3186 enim
832 3150 979 3188 anno
1012 3136 1139 3200 446,
1171 3146 1295 3206 post
1334 3145 1728 3215 promulgatam
1764 3158 1820 3203 et

228 3222 562 3275 exsccutioni
611 3224 923 3277 mandatam
969 3224 1264 3281 Theodosii
1311 3232 1579 3287 novellam
1625 3236 1713 3299 55,
1755 3239 1819 3291 de

226 3313 486 3376 releuetis,
526 3314 806 3378 adieretis,
847 3314 931 3369 vel
979 3316 1188 3371 donatis
1231 3324 1653 3391 possessionibus,
1695 3344 1818 3397 qua:

224 3406 338 3459 data
370 3417 455 3461 est
493 3407 977 3476 Constantinopoli
1021 3407 1055 3461 5
1092 3408 1222 3464 ldus
1266 3411 1604 3477 Decembris,
1635 3418 1816 3473 Theo-

222 3498 369 3552 dnsio
398 3503 546 3569 Aug.
583 3516 692 3560 xxx,
721 3506 777 3552 ct
801 3498 1002 3553 Albino
1028 3514 1197 3565 coss.,
1224 3501 1278 3555 id
1305 3512 1390 3557 est
1414 3519 1559 3559 anno
1582 3508 1705 3562 445.

285 3591 368 3645 III.
404 3590 793 3654 Constantius,
839 3591 929 3645 cui
970 3592 1257 3658 scribitur,
1299 3594 1346 3649 is
1386 3595 1502 3665 ipse
1548 3607 1652 3662 est,
1700 3616 1810 3670 quo

224 3698 435 3751 operam
483 3682 685 3745 dante,
735 3682 1009 3752 collapsos
1050 3693 1213 3739 terra:
1259 3694 1410 3740 motu
1453 3689 1607 3743 urbis
1649 3693 1810 3762 regite

224 3790 395 3829 murus
443 3774 594 3827 intra
637 3783 748 3828 tres
794 3789 1012 3830 menses
1059 3775 1420 3832 reasdificatos
1461 3780 1807 3839 Marcellinus

223 3867 394 3919 tradit.
429 3865 559 3918 Fuit
591 3865 755 3918 etiam
797 3880 942 3920 unus
967 3880 1035 3920 ex
1060 3866 1347 3936 judicibus
1383 3869 1567 3924 missis
1597 3871 1666 3926 ab
1705 3874 1807 3927 im-

222 3967 460 4022 peratore
515 3955 793 4008 Marciano
836 3955 907 4008 ad
955 3956 1256 4011 concilium
1304 3956 1801 4017 Cbalcedoneuse:

220 4060 330 4101 nam
366 4049 424 4101 in
457 4047 614 4101 Actis
650 4064 748 4116 pro
778 4046 1145 4104 Constantino
1170 4048 1527 4106 Constantius
1561 4053 1664 4124 legi
1704 4056 1802 4111 de-

220 4136 328 4199 bet,
374 4148 441 4193 ut
483 4138 618 4192 Acta
673 4138 792 4207 ipsa
845 4139 982 4193 satis
1030 4140 1352 4207 ostendunt,
1400 4151 1456 4197 ct
1489 4159 1557 4199 ex
1598 4144 1801 4204 Codice

218 4230 598 4287 Theodosiano
628 4230 974 4301 intelligitur.

216 4343 443 4415 Epistola
478 4347 569 4409 45,
596 4345 958 4415 deprccatoria
990 4347 1062 4400 ad
1093 4346 1437 4403 Pulcheriam
1477 4349 1794 4421 Augustam.

276 4459 479 4514 Eodem
512 4468 785 4529 tempore,
811 4457 1004 4514 eadem
1030 4459 1102 4514 de
1130 4476 1209 4515 re.
1238 4460 1314 4515 De
1335 4461 1628 4518 Pulcheria
1656 4464 1794 4520 nihil

212 4549 294 4603 hic
339 4549 782 4614 observandum,
827 4549 936 4604 nisi
987 4551 1139 4621 quod
1184 4551 1533 4608 Theodoreto
1576 4571 1795 4626 semper

208 4635 353 4703 favit,
382 4639 606 4709 quoties
646 4639 827 4709 potuit
858 4656 874 4692 :
907 4656 1020 4695 non
1052 4640 1236 4710 potuit
1263 4657 1420 4707 vero,
1458 4658 1585 4699 cum
1625 4646 1795 4716 depo-

210 4731 338 4785 situs
361 4739 450 4785 est
480 4730 535 4784 in
567 4730 878 4785 latrocinali
915 4732 1188 4798 concilio;
1220 4748 1346 4786 nam
1377 4734 1591 4791 artibus
1619 4736 1793 4809 Chry-

206 4822 375 4891 slphii
421 4823 667 4877 eunuchi
710 4822 891 4909 fperat
935 4839 969 4879 a
1014 4825 1184 4879 rebus
1228 4824 1489 4896 gerendis
1526 4836 1785 4885 remeta:

206 4912 295 4966 sed
324 4912 416 4967 ubi
442 4913 704 4982 primum,
734 4910 999 4970 defuncto
1025 4914 1219 4980 fratre,
1242 4916 1545 4987 resumpsit
1569 4918 1787 4989 imperii

206 5000 461 5065 habenas,
489 5002 801 5071 depositum
827 5006 1047 5060 restitui
1077 5006 1276 5061 voluit.

205 5111 436 5184 Epistola
469 5118 571 5183 44,
615 5119 981 5191 deprecatoria
1026 5122 1099 5175 ad
1127 5120 1441 5179 Senatorem
1475 5125 1781 5195 patricium.

267 5226 469 5284 Eodem
498 5239 742 5301 tempore
769 5242 828 5290 et
859 5242 1210 5306 argumento.
1246 5235 1375 5291 Fuit
1397 5240 1530 5293 vero
1550 5237 1783 5295 Senator

205 5317 385 5370 consul
414 5334 537 5372 cum
565 5320 775 5375 Isidoro
801 5338 948 5377 anno
977 5323 1105 5387 456,
1138 5324 1243 5379 fuit
1271 5333 1327 5380 et
1354 5325 1499 5381 inter
1520 5328 1782 5397 patricios

1947 1745 2195 1819 Epistula
2221 1754 2311 1821 47,
2358 1756 2722 1829 deprecatoria
2754 1765 2825 1817 ad
2857 1765 3106 1823 Proclum
3148 1769 3524 1829 Constantino-

2402 1828 2704 1897 politanum
2738 1837 3059 1909 episcopum.

2013 1935 2222 1993 Eodem
2255 1948 2521 2012 tempore,
2552 1947 2743 2003 eadem
2780 1949 2848 2005 de
2877 1967 2955 2006 re.
2990 1953 3169 2009 Procli
3198 1971 3400 2011 nomen
3425 1972 3521 2011 cev

1940 2025 2151 2083 lebritis
2182 2039 2288 2097 est,
2327 2049 2490 2103 quam
2523 2045 2585 2092 ut
2612 2048 2768 2110 egeat
2794 2042 2971 2113 elogio
3004 2054 3214 2100 nostro.

2043 2141 2288 2211 Epistola
2327 2147 2416 2212 48,
2443 2149 2729 2234 familiaris
2760 2156 2831 2208 ad
2866 2155 3202 2214 Eustathium
3236 2159 3413 2232 Beryti

2568 2239 2883 2295 episcopum.

2009 2324 2049 2378 I.
2087 2324 2251 2382 Deest
2285 2330 2574 2387 character
2606 2337 2892 2406 temporis,
2937 2339 3054 2395 sine
3094 2357 3290 2414 magna
3333 2351 3511 2401 tamen

1930 2412 2166 2482 jactura,
2196 2432 2322 2471 cum
2362 2420 2431 2474 sit
2459 2423 2693 2492 epistola
2724 2443 2862 2496 pure
2897 2412 3204 2488 familiaris.

2004 2503 2068 2558 ιι.
2113 2505 2239 2560 Fuit
2264 2508 2586 2568 Eustathius
2613 2515 2706 2571 ille
2734 2517 2917 2590 Beryti
2937 2522 3249 2595 episcopus,
3277 2530 3509 2588 celebris

1932 2594 2193 2661 nominis,
2222 2600 2422 2667 partim
2452 2602 2523 2657 ob
2548 2613 2843 2678 utrumque
2865 2610 2934 2667 de
2963 2613 3057 2668 Iba
3074 2616 3366 2686 judicium,
3393 2623 3508 2679 sive

1930 2684 2078 2753 quod
2100 2686 2252 2757 Tyri,
2291 2691 2409 2748 sive
2432 2695 2579 2764 quod
2612 2696 2794 2771 Beryti
2827 2684 3129 2761 exercitum
3157 2718 3272 2778 est;
3308 2684 3504 2783 partim

1928 2784 2154 2846 propter
2196 2787 2627 2843 controversiam
2676 2806 2801 2847 cum
2844 2794 3038 2853 Photio
3078 2799 3203 2872 Tyri
3250 2808 3501 2874 praesule,

1927 2864 1996 2920 de
2022 2868 2338 2929 civitatibus
2373 2886 2604 2947 septem,
2657 2880 2711 2936 in
2749 2885 2953 2954 quibus
2999 2864 3353 2961 arrogaverat
3395 2899 3499 2955 sibi

1851 2953 1890 3007 C
1925 2957 2017 3026 jus
2046 2961 2362 3029 ordinandi,
2406 2967 2630 3024 obtenta
2663 2982 2855 3028 contra
2891 2991 3130 3034 canones
3159 2982 3227 3036 ab
3258 2983 3498 3054 impera-

1926 3056 2044 3104 tore
2071 3057 2475 3125 metropolitica
2496 3061 2759 3131 dignitate
2784 3084 2797 3131 ;
2821 3067 2918 3121 sed
2941 3068 3055 3123 haec
3080 3071 3181 3141 ipsi
3208 3089 3239 3128 a
3262 3078 3497 3133 concilio

1917 3141 2348 3201 Chalcedononsi
2384 3151 2643 3222 abrogata
2682 3164 2780 3209 est.

1992 3230 2080 3283 III.
2125 3231 2311 3298 Tunc,
2358 3238 2576 3305 opinor,
2625 3242 2851 3299 obtenta
2899 3257 2983 3302 cst
3029 3250 3097 3305 ab
3142 3252 3492 3323 imperatore,

1917 3337 2082 3391 quam
2126 3322 2261 3389 dixi,
2296 3325 2551 3397 dignitas,
2592 3346 2718 3385 cum
2759 3334 3041 3405 depositus
3083 3353 3167 3398 est
3211 3322 3489 3403 Irenteus:

1915 3428 2041 3467 nam
2071 3414 2200 3485 quia
2239 3416 2384 3473 inter
2412 3421 2601 3490 plures
2626 3422 2986 3495 depositionis
3015 3449 3208 3491 causas
3232 3437 3346 3494 hmo
3372 3452 3493 3496 erat

1915 3506 2168 3572 maxima,
2210 3510 2355 3578 quod
2388 3512 2632 3568 animum
2673 3517 3019 3588 imperatoris
3051 3525 3285 3583 [remotis
3314 3531 3492 3586 offen-

1913 3596 2106 3663 disset,
2153 3599 2255 3655 hac
2296 3604 2583 3659 occasione
2615 3607 2823 3666 abusus
2863 3614 3203 3679 Eustathius,
3251 3620 3381 3677 fecit
3432 3636 3491 3679 ut

1911 3687 2085 3755 prima
2121 3689 2402 3747 Phoenicia
2433 3694 2487 3748 in
2516 3696 2657 3752 duos
2693 3705 3068 3774 metropolitas
3097 3708 3441 3768 divideretur
3473 3735 3485 3770 :

1910 3792 2013 3832 nec
2043 3780 2293 3847 Photius,
2328 3784 2423 3853 qui
2469 3786 2659 3842 Irenmi
2688 3790 2871 3846 locum
2909 3798 3144 3868 accepit,
3188 3804 3487 3861 reclamare

1908 3884 2073 3925 ausus
2099 3881 2201 3937 est,
2220 3890 2289 3929 ne
2318 3874 2667 3947 imperatoris
2702 3882 2840 3938 iram
2867 3886 2921 3940 in
2951 3902 3009 3943 se
3038 3906 3256 3961 quoque
3284 3910 3485 3965 provo-

1906 3971 2076 4017 caret.
2110 3964 2337 4031 Verum,
2374 3971 2609 4026 rescissa
2631 3973 2962 4033 Theodoreti
2995 3984 3297 4047 sanctione.
3331 3990 3486 4046 reda-

1905 4054 2026 4102 ctus
2071 4059 2155 4104 est
2195 4053 2519 4113 Eustathius
2572 4060 2625 4115 in
2681 4064 2932 4122 ordinem
2983 4089 2996 4123 :
3046 4088 3171 4129 nam
3208 4090 3331 4146 post
3375 4080 3471 4135 Do-

1904 4134 2159 4192 rotheum
2226 4140 2409 4198 Photii
2489 4161 2866 4208 successorem
2946 4166 3003 4212 et
3079 4134 3480 4233 metropolitam

1902 4222 2225 4296 subscripsit
2254 4229 2310 4285 in
2335 4235 2616 4304 synodicis
2643 4239 2938 4301 Phreniciae
2975 4248 3168 4318 prima:
3193 4222 3391 4311 litteris
3409 4257 3479 4315 ad

1830 4304 1871 4359 Β
1901 4309 2136 4368 Leonem
2170 4317 2557 4388 imperatorem
2585 4343 2731 4383 anno
2753 4332 2876 4388 458.

2009 4426 2253 4497 Epistola
2277 4432 2367 4499 49,
2399 4434 2684 4522 familiaris
2710 4444 2781 4497 ad
2804 4445 3129 4505 Damianum
3158 4450 3370 4510 Sidonis

2551 4526 2868 4584 episcopum.

1968 4601 2130 4659 Deest
2167 4606 2269 4677 ipsi
2309 4611 2516 4680 pariter
2546 4619 2807 4688 temporis
2848 4633 2995 4680 nota.
3028 4618 3341 4697 Damianus,
3381 4635 3469 4689 cui

1896 4692 2177 4762 scribitur,
2230 4699 2483 4758 interfuit
2540 4711 2776 4766 concilio
2819 4714 3165 4776 Antiocheno
3210 4721 3266 4776 in
3306 4738 3469 4780 causa

1894 4780 2176 4842 Athanasii
2203 4790 2527 4853 Perrhcnsis
2549 4814 2693 4856 anno
2722 4804 2848 4869 445,
2872 4810 3003 4864 etin
3034 4810 3466 4871 Chalcedonensi

1892 4891 2039 4932 anno
2089 4881 2213 4935 451.
2243 4883 2364 4939 Νοη
2418 4888 2513 4943 diu
2572 4901 2753 4948 tamen
2811 4901 3082 4968 superfuit
3131 4920 3147 4956 :
3193 4905 3465 4975 siquidem

1891 4971 2168 5037 synodicis
2185 4975 2480 5034 thnicim
2502 4982 2693 5051 primm
2716 4985 2783 5039 ad
2813 4987 3193 5057 imperatorem
3221 4971 3463 5055 Leonem

1889 5057 2032 5114 datis
2052 5062 2230 5133 Megas
2250 5065 2471 5124 Sidonis
2497 5073 2789 5144 episcopus
2815 5077 3139 5151 subscripsit
3164 5100 3309 5142 anno
3336 5090 3461 5146 458.

1924 5171 1940 5188 ⁶
1978 5171 2221 5241 Epistola
2249 5179 2336 5243 50,
2368 5181 2662 5305 familiaris!
2682 5188 2753 5240 ad
2780 5187 3085 5248 Gerontium
3115 5201 3420 5258 archiman~

2594 5271 2640 5305 Π
2665 5274 2773 5305 am-

2594 5265 2773 5311 ritam.

1957 5331 2119 5386 Deest
2152 5340 2413 5406 temporis
2448 5352 2609 5409 nota;
2646 5346 2867 5405 videtur
2903 5361 3114 5424 tamen,
3148 5369 3208 5414 ut
3240 5370 3298 5417 et
3334 5364 3455 5425 alite

1515 5441 1833 5500 SCHULZII
1877 5445 2109 5502 NOTAE.

270 5552 313 5581 “
333 5552 476 5609 Idem
504 5573 623 5613 esse
655 5558 890 5626 videtur,
921 5561 989 5617 ad
1018 5577 1185 5632 quem
1215 5563 1434 5632 scriptae.
1463 5571 1594 5618 sunt
1616 5563 1859 5633 epistolte
1883 5566 1949 5621 59
1986 5577 2041 5621 ct
2071 5568 2158 5623 99.
