4040 6172
540 213 645 279 £71

1666 218 2041 279 GARNEBII
2082 217 2569 278 DISSERTATIO
2606 218 2687 279 II.

3676 213 3790 276 272

545 302 765 399 priores
792 321 933 384 dua.
970 318 1096 377 data
1133 322 1451 393 priusquam
1481 320 1860 376 Theodoretus
1883 336 2109 375 vexare—
2143 328 2184 381 Α
2212 320 2362 375 enim
2394 320 2570 375 Nomo
2614 319 2984 383 consulatum,
3035 317 3196 389 323
3230 331 3394 387 quem
3435 317 3605 389 gessit
3639 335 3790 375 anno

547 427 678 472 tur:
709 414 957 484 alioquin
998 428 1106 467 non
1133 411 1424 476 omisisset,
1449 411 1643 466 saltem
1673 412 1835 481 322
1869 410 2112 481 oblique,

546 505 616 562 de
643 504 928 560 vexatione
960 500 1212 555 nonnihil
1234 498 1418 554 dicere
1452 517 1465 552 :
1497 499 1699 554 etenim
1733 500 1978 570 querula
2014 499 2117 554 fuit

547 607 606 653 et
644 593 1015 652 ostentatricis
1054 591 1349 661 patientia.
1383 591 1459 646 De
1485 589 1746 645 Gerontio
1783 591 1922 645 nihil
1962 606 2113 646 com—

547 688 689 759 perti
719 685 916 748 habeo,
958 682 1063 737 nisi
1099 680 1238 736 forte
1264 681 1409 736 idem
1440 682 1511 737 sit
1542 698 1667 737 cum
1689 680 1951 739 Gerontio
1982 682 2114 737 sub-

548 778 800 840 diacono,
827 774 895 828 de
919 787 1029 843 quo
1064 770 1124 826 ﬁt.
1152 772 1359 826 mentio
1396 773 1556 843 epist.
1597 771 1682 828 10.

648 882 890 959 Epistola
918 883 1007 951 52,
1029 884 1076 917 ⁸³
1100 884 1523 968 commendatitia
1541 884 1611 939 ad
1627 884 1778 941 Ibam
1801 884 2013 941 Edessa:

1175 972 1491 1026 episcopum.

612 1077 655 1131 l.
698 1074 913 1146 Scripta
956 1082 1039 1129 est
1077 1079 1201 1145 post
1247 1086 1450 1126 annum
1491 1071 1615 1136 456,
1654 1085 1764 1140 quo
1809 1084 1953 1124 anno
1993 1068 2116 1123 ibas

542 1169 723 1223 factus
756 1177 840 1222 est
885 1166 1178 1236 cpiscopus
1219 1180 1232 1217 :
1275 1163 1387 1217 imo
1421 1169 1544 1232 post
1585 1177 1791 1216 annum
1833 1161 1959 1225 459,
2005 1175 2116 1230 quo

542 1267 700 1330 capta
734 1265 819 1313 est
851 1273 880 1311 a
908 1255 1169 1311 Vandalis
1206 1253 1498 1323 Carthago,
1546 1250 1831 1321 coactique
1870 1249 2114 1320 episc0pi

541 1348 779 1404 Africani
812 1346 1009 1417 partim
1031 1343 1238 1415 fugere,
1259 1342 1457 1412 partim
1481 1340 1616 1395 dura
1644 1340 1757 1411 pati
1788 1357 1802 1393 :
1833 1354 2114 1395 commen-

540 1438 706 1492 datur
736 1435 883 1491 enim
915 1433 1023 1489 Iba
1053 1431 1358 1503 Cyprianus
1383 1429 1695 1499 episcopus,
1749 1447 1767 1480 ι
1800 1429 1895 1499 qui
1928 1443 1995 1484 ex
2021 1443 2116 1483 ce-

541 1525 836 1581 leberrima
867 1530 1022 1579 o‘rtus
1050 1521 1254 1585 Africa,
1285 1526 1501 1574 exteras
1533 1533 1658 1573 oras
1695 1518 1991 1574 circumire
2025 1533 2117 1573 co-

540 1616 795 1687 gebatur,
820 1621 1044 1683 prapte'r
1065 1608 1463 1665 immanitatem
1497 1607 1880 1663 barbarorum.
1915 1626 1932 1658 ι

611 1714 677 1768 ll.
719 1711 878 1765 Hunc
907 1707 976 1762 ab
1014 1703 1253 1760 Eusebio
1289 1702 1516 1774 Ancyra
1546 1702 1804 1773 episcopo
1833 1716 2114 1757 commen-

540 1806 731 1861 datum
773 1797 1152 1856 Theodoretus
1189 1800 1480 1862 exceperat
1522 1809 1535 1846 :
1579 1792 1718 1858 petit
1758 1792 2000 1847 vicissim
2046 1791 2116 1846 ab

540 1898 653 1960 Iba,
681 1902 741 1947 ut
763 1896 1051 1959 exceptum
1083 1885 1393 1941 liberaliter
1422 1884 1490 1939 ad
1513 1884 1651 1940 alios
1670 1884 1958 1955 episcopos
1989 1900 2115 1939 cum

539 1981 741 2040 litteris
783 1978 1043 2035 dimittat.
1087 1977 1223 2033 Data
1264 1982 1350 2030 est
1393 1973 1562 2045 igitur
1605 1968 1838 2046 epistola
1892 1975 2115 2031 circiter

540 2084 745 2131 annum
772 2070 895 2127 440.

608 2162 697 2221 Ill.
725 2160 876 2216 Mira
900 2173 1032 2213 vero
1060 2156 1288 2212 fuerunt
1316 2155 1433 2211 Afri
1464 2156 1615 2211 illius
1647 2157 2022 2222 circuitiones,
2053 2166 2115 2212 ut

536 2253 633 2326 qui
684 2252 899 2322 Ancyra
937 2246 1163 2303 Galatia
1206 2244 1408 2317 Cyrum
1454 2244 1829 2314 Euphratesia
1876 2245 2111 2311 venerit,

536 2345 666 2401 inde
712 2341 976 2398 Edessam
1007 2346 1174 2408 caput
1223 2336 1521 2391 Osdroena
1554 2336 1860 2406 petiturus,
1907 2336 2115 2393 Edessa

534 2430 951 2491 Constantinam
988 2428 1044 2484 in
1076 2426 1326 2498 opposita
1358 2435 1514 2497 parte
1539 2428 1698 2497 longe
1724 2426 1979 2497 positam.

606 2526 697 2582 1V.
729 2522 1004 2580 Eusebius
1029 2533 1197 2591 porro
1218 2518 1447 2589 Ancyra
1474 2516 1533 2572 in
1552 2517 1765 2574 Galatia
1796 2520 2109 2590 episcopus,

537 2616 698 2686 cujus
740 2610 994 2667 meminit
1038 2606 1456 2671 Theodoretus,
1511 2604 1773 2661 successit
1804 2604 2111 2671 Theodoto,

530 2705 699 2776 cujus
735 2703 793 2759 in
824 2700 1102 2772 Ephesina
1142 2698 1351 2771 synodo
1394 2696 1609 2768 insigne
1647 2711 1849 2752 nomen
1882 2704 1987 2752 est.
2026 2696 2116 2751 ln—

524 2795 733 2852 1erfuit
757 2792 1053 2849 latrocinio
1075 2790 1355 2862 Ephesino
1371 2804 1514 2844 anno
1534 2788 1657 2855 449,
1677 2787 2111 2846 Chalcedonensi

524 2885 774 2941 concilio
802 2885 925 2940 451.
965 2882 1070 2939 Diu
1092 2891 1274 2938 tamen
1299 2897 1410 2936 non
1430 2880 1702 2951 superfuit
1735 2897 1750 2948 ;
1786 2896 1913 2935 nam
1946 2896 2112 2953 syno-

2216 411 2341 477 445,
2372 419 2434 467 ιιι
2457 419 2671 468 constat
2698 428 2766 467 ex
2801 411 2994 466 Fastis.

2288 503 2352 558 ll.
2384 503 2633 559 Meminit
2661 503 3044 558 Theodoretus
3077 500 3481 573 congressionis
3511 516 3626 556 sua
3662 517 3787 556 cum

2214 592 2410 658 Nomo,
2461 602 2517 648 et
2561 593 2759 657 morbi,
2810 607 2920 663 quo
2975 592 3279 648 exstinctus
3312 601 3399 647 est
3440 591 3789 647 beatissimus

2216 683 2441 753 quidam
2470 683 2557 738 vir
2600 700 2615 737 :
2655 682 2971 754 congressio
3013 682 3153 737 facta
3192 692 3298 747 est,
3346 680 3566 751 opinor,
3599 681 3789 736 Antio-

2215 775 2355 835 chia:
2397 793 2411 829 :
2453 775 2540 830 vir
2566 775 2657 830 ille
2680 774 3031 847 beatissimus
3068 773 3174 829 fuit
3214 773 3454 829 Joannes
3485 774 3790 830 Antiochia

2215 867 2462 922 antistes.

2286 959 2375 1013 111.
2410 958 2621 1014 Nomus
2667 966 2786 1014 erat
2822 959 3081 1031 magister
3119 957 3424 1013 ciliciorum
3470 973 3618 1013 anno
3661 959 3789 1023 443,

2215 1063 2326 1119 quo
2360 1064 2503 1103 anno
2534 1049 2659 1104 data
2702 1049 2906 1120 legitur
2936 1066 2967 1105 a
3000 1048 3310 1105 Theodosio
3361 1048 3429 1103 ad
3463 1049 3642 1120 ipsum
3692 1036 3807 1105 no-N

2214 1140 2357 1195 vella
2389 1140 2484 1206 '51,
2539 1140 2619 1195 De
2662 1142 2862 1196 ambitu
2900 1150 2948 1195 et
2997 1140 3121 1195 locis
3161 1140 3466 1206 limitaneis,
3509 1149 3617 1195 etc.
3666 1140 3798 1195 Fuit

2215 1230 2384 1286 etiam
2423 1246 2568 1285 unus
2603 1231 2672 1285 de
2715 1230 2993 1301 judicibus
3047 1232 3113 1286 ad
3163 1231 3457 1286 concilium
3493 1229 3798 1287 Chalcedo-

2217 1336 2385 1376 nense
2412 1321 2613 1387 missis,
2642 1322 2734 1376 ubi
2768 1323 3036 1378 Anastasii
3062 1325 3315 1394 querelas
3342 1332 3530 1378 contra
3554 1339 3612 1379 se
3636 1324 3799 1378 obla-

2217 1417 2302 1465 tas
2334 1410 2528 1465 audiit.
2553 1411 2897 1477 Querebatur
2916 1413 3257 1476 Anastasius,
3295 1413 3441 1483 quod
3466 1413 3671 1468 Nemus
3693 1428 3795 1468 sua

2216 1508 2485 1569 potestate
2541 1501 2736 1566 fretus,
2785 1503 2968 1557 statim
3029 1504 3099 1559 ab
3146 1503 3298 1558 obitu
3347 1503 3558 1575 Cyrilli,
3602 1504 3797 1559 aliine:

2198 1587 2392 1659 ipsius
2412 1590 2658 1646 Dioscori
2690 1592 2951 1663 impulsu,
2977 1603 3249 1661 vexasset,
3282 1601 3448 1665 atque
3477 1596 3642 1651 etiam
3673 1597 3795 1666 opi-

2148 1655 2187 1709 B
2217 1679 2323 1734 bus
2350 1681 2712 1737 exhausisset.

2286 1772 2375 1828 IV.
2416 1774 2797 1845 Prodigiosum
2821 1775 2971 1833 dictu
2998 1786 3103 1843 est,
3132 1786 3365 1848 quantas
3386 1795 3539 1850 opes,
3570 1779 3655 1835 vel
3686 1779 3794 1850 Cy-

2217 1863 2324 1917 rilli
2374 1872 2723 1933 testamento,
2778 1868 2865 1922 vel
2913 1869 3018 1923 alia
3066 1878 3183 1925 arte
3224 1870 3492 1941 ejusmodi
3537 1870 3794 1925 homines

2216 1953 2538 2024 collegerint
2568 1972 2580 2008 :
2608 1971 2734 2010 nam
2764 1972 2795 2010 a
2822 1958 2959 2013 viris
2988 1958 3207 2014 duobus
3233 1959 3420 2032 Cyrilli
3450 1961 3787 2026 haredibus.

2214 2050 2343 2096 octo
2366 2043 2816 2100 millialibrarum
2845 2047 2965 2100 auri
2992 2047 3196 2104 Nomus
3228 2050 3477 2114 extorsit,
3497 2050 3793 2107 Dioscorus

2215 2151 2245 2190 a
2276 2136 2495 2192 feminis
2518 2137 2735 2192 duabus
2761 2147 2980 2193 centum
3010 2147 3067 2194 et
3092 2139 3284 2210 viginti
3312 2141 3434 2196 auri
3464 2142 3666 2212 pondo,
3698 2142 3791 2197 cui

2213 2221 2440 2284 summa
2472 2229 2721 2300 ingentes
2758 2231 2898 2285 adde
2939 2233 3221 2302 pecunias,
3261 2234 3457 2304 partim
3488 2235 3789 2306 Artopolis,

2214 2321 2413 2390 partim
2446 2322 2754 2393 OEnopolis
2793 2324 3180 2380 Alexandrinis
3223 2341 3290 2380 ex
3333 2327 3523 2382 eadem
3557 2327 3792 2384 incredi-

2215 2418 2326 2466 tate
2355 2412 2602 2478 traditas,
2639 2423 2703 2470 ut
2742 2415 2993 2480 meliora,
3034 2430 3138 2471 nec
3172 2417 3364 2488 majori
3395 2426 3575 2473 tamen
3610 2420 3793 2490 pretio

2212 2503 2360 2573 plebi
2389 2504 2712 2560 venderent.

2294 2596 2349 2652 ν.
2390 2595 2619 2651 Estima
2646 2596 2794 2662 inde,
2826 2597 3019 2663 lector,
3042 2608 3244 2668 quanta
3274 2599 3441 2655 fuerit
3464 2600 3793 2657 Alexandri-

2213 2703 2414 2741 norum
2461 2687 2783 2758 pontificum
2815 2688 3084 2759 potentia,
3107 2700 3325 2760 quanta
3349 2707 3502 2762 opes,
3538 2708 3661 2746 cum
3692 2709 3793 2749 us-

2214 2795 2321 2849 que
2342 2778 2479 2834 adeo
2499 2779 2771 2850 profuerit
2793 2781 2889 2835 uni
2910 2779 3127 2836 familia
3147 2783 3425 2853 peperisse
3441 2784 3599 2849 duos,
3624 2786 3793 2842 etiam

2215 2871 2593 2926 sanctissimos
2620 2871 2928 2942 pontiﬁces,
2968 2875 3062 2944 qui
3091 2875 3277 2930 sedem
3310 2875 3733 2932 Alexandrinam
3772 2881 3791 2900 ‘

532 2977 679 3033 dicis
695 2975 933 3034 'Galatia
961 2975 1152 3047 prima
1188 2973 1391 3029 litteris
1436 2972 1504 3028 ad
1537 2972 1777 3029 Leonem
1816 2972 2112 3044 imperato-

2218 2961 2495 3031 sexaginta
2525 2959 2640 3014 fere
2668 2975 2843 3015 annos
2862 2962 3210 3018 continenter
3239 2965 3537 3019 tenuerint.

518 3084 657 3125 rem
714 3082 860 3124 anno
928 3066 1033 3124 458
1106 3064 1435 3136 subscripsit
1501 3064 1822 3122 Anastasius
1882 3065 2113 3138 Ancyra:

525 3162 852 3235 episcopus.
2066 3157 2083 3165 “

515 3269 781 3344 .Epistola
818 3269 916 3337 53,
947 3268 1323 3344 comendatitiu
1354 3268 1425 3322 ad
1466 3266 1817 3339 Sophronium
1848 3265 2111 3323 Constan-

1075 3341 1208 3393 tina
1239 3340 1559 3410 episcopum.

608 3451 817 3508 Similis
836 3460 919 3507 est
945 3450 1275 3548 praefdenti
1295 3449 1477 3521 quoad
1505 3457 1723 3520 tempus
1748 3435 1804 3504 et
1826 3465 2115 3521 argumen-

510 3554 676 3600 'tum.
710 3540 1166 3613 Sophronius,'ad
1191 3557 1353 3613 quem
1383 3541 1665 3602 scribitur.
1691 3540 1795 3596 fuit
1823 3543 2114 3611 episcopus

532 3637 597 3690 in
626 3634 905 3705 provincia
931 3633 1232 3689 Osdroena.
1256 3632 1519 3689 Interfuit
1540 3632 1779 3688 concilio
1807 3631 2110 3687 Chalcedo-

538 3724 717 3780 nensi.
748 3722 976 3789 Civitas,
1000 3724 1159 3795 cujus
1188 3723 1490 3779 Ecelesiam
1517 3724 1680 3789 rexit,
1706 3739 1813 3778 non
1839 3722 2111 3778 Constan-

532 3815 616 3870 tia
667 3814 776 3869 dici
813 3814 996 3878 debet,
1044 3829 1222 3884 neque
1266 3814 1788 3885 Constantinopolis,
1832 3822 1893 3869 ut
1930 3824 2013 3870 est
2055 3815 2109 3869 in

535 3904 817 3960 nonnullis
848 3903 1135 3959 codicibus
1161 3922 1175 3971 ;
1208 3903 1305 3960 sed
1325 3903 1707 3972 Constantina,
1736 3913 1793 3961 et
1815 3904 2111 3976 aliquando

524 3996 950 4067 Nicephorium.

824 4107 1079 4180 Epistola:
1104 4109 1440 4164 heortasticw
1474 4109 1562 4175 54,
1593 4112 1682 4176 55,
1716 4112 1803 4167 56.

586 4220 810 4275 ’ὒωηεε
856 4218 911 4272 in
954 4217 1282 4288 Epiphania,
1335 4225 1391 4272 et
1434 4233 1560 4273 cum
1605 4228 1921 4285 vexaretur,
1970 4220 2110 4276 data

533 4320 663 4369 sunt
702 4327 717 4365 :
757 4309 939 4366 media
965 4309 1032 4364 ad
1067 4310 1334 4365 illustrem
1365 4310 1602 4380 aliquem
1630 4312 1847 4379 virum;
1881 4312 2107 4383 reliqua
2142 4335 2159 4388 ι

531 4404 737 4461 nullam
770 4401 1070 4474 praeferunt
1093 4417 1340 4472 persona
1363 4412 1570 4458 notam.

531 4515 777 4591 Epistula
805 4517 892 4583 57,
922 4514 1279 4589 gratulatoria
1307 4517 1378 4572 ad
1403 4517 1745 4572 Eutreclu'um
1777 4517 2104 4587 prafectum.

603 4633 742 4688 Tres
769 4640 898 4686 sunt
917 4630 986 4686 ad
1006 4631 1364 4686 Eutrechium
1386 4629 1704 4700 prafectum
1723 4630 1991 4702 epistola,
2016 4633 2105 4698 57,

533 4724 603 4779 80
638 4733 694 4779 et
721 4723 809 4779 96.
834 4721 1037 4777 Omnes
1057 4738 1124 4776 eo
1154 4736 1298 4776 anno
1326 4722 1558 4790 accepit,
1588 4737 1697 4791 quo
1724 4722 1890 4793 gessit
1913 4722 2108 4793 prafe-

534 4827 750 4874 cturam
775 4834 789 4883 ;
817 4816 985 4888 gessit
1018 4831 1171 4879 vero,
1204 4829 1314 4884 quo
1338 4830 1482 4869 anno
1506 4817 1847 4872 consulatum
1876 4818 2104 4883 Nemus,

530 4911 591 4966 id
632 4918 738 4976 est,
779 4923 924 4963 anno
963 4907 1087 4962 445.
1127 4905 1448 4962 Gratulatur
1495 4906 1875 4965 Theoderetus
1906 4909 2011 4980 ipsi
2055 4917 2111 4963 et

535 4999 641 5054 sibi
675 5016 688 5053 :
724 4996 861 5069 ipsi,
901 4995 968 5051 de
1007 4994 1204 5065 adepta
1245 4992 1542 5065 dignitate;
1568 4994 1697 5062 sibi,
1732 4996 1799 5051 de
1837 4999 1974 5052 tanti
2009 4997 2110 5052 viri

535 5104 648 5144 non
670 5086 1061 5144 “benevolentia
1089 5095 1326 5151 tantum,
1353 5084 1449 5140 sed
1474 5087 1640 5141 etiam
1669 5086 1929 5142 amicitia.

610 5199 850 5270 Epistola
893 5201 981 5264 58,
1008 5198 1374 5272 gratulatoria
1401 5197 1471 5252 ad
1495 5196 1722 5254 Nomum
1750 5197 2038 5254 consulem.

609 5311 653 5367 1.
694 5310 869 5366 Habet
905 5312 1260 5369 manifestum
1315 5311 1691 5369 characterem
1741 5328 1754 5365 :
1807 5313 2112 5383 gratulatur

2390 3071 2633 3143 Epistola
2667 3073 2756 3137 59,
2782 3072 3103 3129 salutatoria
3136 3076 3205 3129 ad
3235 3074 3614 3132 Claudianum.

2283 3184 2442 3241 Nulla
2493 3195 2578 3241 est
2611 3187 2740 3240 anni
2784 3197 2934 3250 nota,
2984 3189 3133 3243 nulla
3179 3205 3427 3259 persona
3458 3190 3580 3254 alia,
3622 3205 3791 3260 quam

2214 3277 2362 3347 quod
2411 3276 2748 3334 Claudianus
2787 3279 2956 3334 fuerit
2997 3279 3084 3334 vir
3117 3280 3349 3337 illustris
3391 3292 3447 3337 et
3475 3283 3663 3352 procul
3699 3282 3792 3338 di-

2214 3379 2364 3424 stans
2389 3389 2404 3425 :
2429 3371 2683 3425 eumdem
2715 3371 2914 3441 opinor
2953 3388 3075 3428 esse
3120 3387 3248 3428 cum
3288 3389 3375 3438 eo,
3413 3374 3479 3428 ad
3509 3390 3672 3444 quem
3702 3384 3792 3430 est

2214 3461 2446 3532 epistola
2472 3462 2561 3527 41,
2603 3463 2712 3516 imo
2751 3473 2807 3517 et
2826 3464 2916 3529 99,
2949 3464 3003 3518 in
3033 3480 3141 3534 qua
3180 3465 3505 3521 inscribitur
3545 3467 3791 3538 amigra-

2212 3551 2463 3620 pharius,
2501 3560 2665 3622 atque
2708 3552 2782 3607 ita
2814 3552 3291 3625 Constantinopoli
3336 3557 3635 3619 exstitisse,
3663 3572 3791 3612 cum

2213 3657 2242 3696 a
2266 3642 2614 3698 Thcodoreto
2654 3659 2752 3714 per
2791 3644 3106 3700 Patroinum
3146 3646 3529 3701 draconarium
3579 3648 3794 3703 litteras

2213 3734 2504 3804 acciperet.
2536 3735 2782 3789 Fuerunt
2820 3751 2953 3791 vero
2992 3736 3305 3792 draconarii
3348 3738 3657 3804 vexilliferi,
3693 3740 3793 3809 qui

2213 3825 2366 3896 signa
2403 3825 2715 3879 cohortium
2746 3835 2986 3897 portant,
3033 3828 3316 3899 inquibus
3345 3830 3478 3899 picti
3501 3829 3789 3886 dracones.

2213 3937 2452 4009 Epistula
2489 3938 2578 4004 60,
2603 3937 2962 4023 gratulatoria
3008 3941 3079 3994 ad
3115 3940 3425 3996 Dioscorum
3449 3942 3797 4000 Alexandria

2841 4026 3163 4082 epuwpum.

2277 4098 2321 4153 1.
2364 4099 2497 4154 Data
2527 4108 2612 4155 est
2650 4115 2760 4155 non
2795 4099 2957 4170 longo
2986 4110 3106 4170 post
3124 4111 3390 4170 tempore,
3424 4117 3586 4171 quam
3629 4102 3792 4159 Dios-

2212 4203 2379 4242 corus
2419 4188 2622 4259 Cyrillo
2649 4189 2915 4243 successit
2943 4189 2996 4242 in
3021 4187 3450 4244 Alexandrinam
3474 4191 3684 4254 sedem,
3707 4203 3791 4248 at.

2210 4295 2316 4348 que
2343 4279 2481 4334 adeo
2505 4296 2648 4335 anno
2669 4280 2794 4344 444,
2816 4295 2926 4349 quo
2947 4280 3082 4335 abiit
3109 4279 3179 4335 ad
3203 4296 3432 4350 superos
3451 4281 3792 4353 Cyrillusdie

2210 4370 2282 4426 28
2309 4370 2554 4426 Januarii
2583 4379 2680 4425 aut
2716 4371 2748 4425 9
2775 4370 2944 4426 Junii.

2276 4462 2349 4515 11.
2392 4461 2776 4516 Theodoretus
2811 4462 3003 4516 laudat
3027 4461 3149 4532 ejus
3170 4461 3504 4533 singularem
3537 4479 3791 4520 mansue-

2214 4551 2460 4606 tudinem
2484 4568 2611 4620 erga
2639 4551 2911 4617 subditos,
2939 4562 2994 4607 et
3020 4568 3234 4606 morum
3257 4553 3580 4607 modestiam
3613 4571 3627 4607 :
3660 4570 3791 4625 par-

2217 4644 2313 4698 tim
2346 4644 2474 4714 quia
2503 4659 2593 4698 res
2626 4644 2700 4698 ita
2733 4657 2792 4698 se
2815 4643 3071 4709 habebat,
3097 4659 3222 4697 nam
3251 4644 3339 4698 his
3370 4644 3581 4699 artibus
3599 4653 3792 4715 capta-

2216 4733 2310 4789 bat
2343 4734 2507 4789 homo
2529 4749 2764 4804 nequam
2790 4734 2993 4789 civium
3020 4734 3254 4799 animos,
3288 4742 3349 4789 ut
3376 4749 3564 4790 amore
3601 4743 3794 4805 postea

2215 4825 2543 4880 abuteretur
2578 4824 2644 4879 ad
2679 4840 2806 4880 suas
2832 4824 3146 4880 molitiones
3179 4825 3517 4881 roborandas
3547 4842 3562 4879 :
3588 4827 3794 4895 partim

2217 4920 2446 4983 prepter
2468 4912 2812 4982 iniquitatem
2838 4913 3007 4968 animi
3040 4928 3172 4984 erga
3205 4914 3488 4987 Cyrillum,
3516 4915 3613 4985 qui
3640 4930 3797 4971 seve-

2212 5001 2376 5056 rioris
2398 5002 2704 5073 disciplina
2727 5018 2917 5058 revera
2940 5011 3080 5068 erat,
3106 5012 3163 5059 et
3180 5006 3500 5061 ambitionis
3519 5021 3550 5060 a
3579 5006 3799 5062 calum-

2215 5091 2525 5148 niatoribus
2551 5094 2907 5165 arguebatur.

2215 5199 2460 5272 Epistola
2493 5202 2583 5269 61,
2609 5203 2933 5260 salutatoria
2973 5205 3045 5260 ad
3066 5205 3371 5262 Archibium
3408 5208 3798 5280 presbyterum.

2286 5312 2567 5372 Credibile
2591 5326 2697 5382 est,
2740 5316 2884 5372 hanc
2929 5316 3176 5390 ejusdem
3208 5333 3332 5374 esse
3371 5319 3637 5390 temporis
3666 5334 3802 5378 cum

1867 5491 2185 5549 SCHULZII
2223 5491 2457 5550 NOTIE.

619 5627 661 5664 ⁸⁸
683 5628 864 5686 Editio
893 5628 1046 5701 prior
1077 5629 1315 5687 habebat
1362 5649 1654 5693 numerum
1690 5636 1936 5709 epistola
1972 5639 2071 5706 5|;
2105 5639 2223 5695 hac
2251 5646 2433 5697 autem
2467 5639 2670 5709 scripta
2697 5647 2782 5696 est
2812 5640 2878 5697 ad
2906 5641 3168 5713 Agapium
3198 5641 3602 5714 presbyterum.
