4048 6174
282 325 398 391 273

283 524 504 596 sbyter,
535 527 690 596 cujus
717 531 1012 598 perlatoris
1051 535 1104 591 in
1140 546 1369 610 utraque
1391 543 1407 560 ‘
1433 543 1597 615 325.
1633 545 1692 600 fit
1723 524 1872 601 men—

284 617 393 668 tio.
420 617 599 682 Quare
632 619 956 678 Archibium
982 629 1178 684 merito
1206 631 1476 702 quispiam
1495 634 1874 692 Alexandrina:

280 703 554 761 Ecclesiae
587 709 970 781 presbyterum
1005 722 1301 785 putaverit.

278 812 535 884 Epistola
573 816 676 881 6‘2,
711 819 1034 878 salutatoria
1071 828 1141 880 ad
1184 830 1446 888 Joannem
1487 838 1870 908 presbyterum.

363 925 404 979 l.
448 926 661 998 Scripta
695 940 779 984 est
807 933 1015 1002 aliquot
1042 940 1324 997 mensibus
1345 954 1467 1013 post
1500 950 1870 1015 praacedcntes

281 1017 428 1070 duas
457 1037 470 1071 :
506 1019 733 1076 ﬁtenim
767 1024 820 1077 in
849 1041 912 1078 ea
939 1030 1145 1085 mentio
1181 1035 1464 1092 redeuntis
1487 1039 1708 1096 Eusebii
1742 1060 1870 1113 pre-

278 1108 491 1178 sbytcri
528 1126 542 1163 :
579 1110 800 1167 Rediens
828 1125 1004 1170 autem
1033 1136 1201 1192 nuper
1239 1141 1299 1178 ex
1325 1129 1503 1196 patria
1535 1141 1706 1186 vestra
1739 1108 1865 1188 reli-

279 1200 612 1268 giosissimus
639 1205 912 1276 presbyter
933 1209 1212 1268 Eusebius.

359 1290 423 1344 ll.
467 1293 596 1347 inde
623 1307 855 1361 constat,
898 1301 1164 1360 Joannem
1193 1310 1569 1382 presbyterum
1610 1316 1868 1375 Ecclesize

277 1381 670 1440 Alexandrina:
686 1389 980 1457 exstitisse,
1003 1409 1306 1467 magnoque
1332 1381 1384 1455 in
1405 1406 1583 1472 pretio
1611 1407 1867 1464 habuisse

279 1473 722 1548 Il‘heodoretum,
748 1499 912 1553 quem
939 1488 995 1542 in
1021 1504 1295 1549 conventu
1322 1496 1625 1555 honorifice
1652 1502 1866 1558 laudas-

277 1576 395 1620 set.

357 1656 446 1711 ΙΙΙ.
472 1659 614 1714 Misit
638 1679 769 1719 vero
783 1668 1069 1736 epistolam
1091 1672 1470 1735 Theodoretus
1486 1698 1584 1752 per
1605 1685 1860 1741 eumdem

1455 345 1552 406 DE
1587 348 1841 410 LIBRIS
1872 352 2377 420 THE’ODORETI.

288 435 642 504 precedente
671 455 682 491 :
718 438 861 495 idem
888 442 1033 499 enim
1061 446 1281 504 videtur
1301 465 1422 506 esse
1451 455 1723 512 Eusebius
1747 475 1872 528 pre-
1903 467 1950 520 Α

3449 381 3556 445 274

2120 464 2361 535 Epistola
2394 468 2482 536 69,
2515 474 2874 531 consolatorie
2910 478 2980 532 ad
3014 480 3402 555 Eugraphiam.

2049 573 2122 626 De
2150 574 2251 628 hac
2277 576 2484 632 dictum
2519 590 2602 636 est
2623 583 2691 636 ad
2721 586 3009 654 epistolam
3036 589 3087 643 8.

1981 682 2215 752 Epistola
2250 687 2336 751 70,
2367 695 2797 777 commendatitia
2826 699 2896 751 ad
2918 700 3258 760 Eustathium
3285 710 3553 782 Aegarum

2601 781 2918 837 episcopum.

2049 863 2294 921 Pertinet
2329 871 2396 923 ad
2427 888 2631 928 annum
2667 877 2792 944 443,
2827 891 2922 936 aut
2955 896 3279 954 sequentem
3325 911 3337 946 :
3371 899 3551 951 conti-

1975 963 2069 1008 net
2101 958 2249 1011 enim
2280 961 2564 1019 historiam
2594 968 2775 1024 Mariae
2805 974 3090 1043 cujusdam
3126 981 3328 1038 nobilis
3356 990 3552 1054 puellae

1973 1042 2266 1112 Africanze,
2307 1068 2430 1120 qua:
2459 1071 2487 1108 a
2513 1056 2770 1115 Vandalis
2803 1042 2983 1131 pretio
3025 1071 3245 1127 vendita
3277 1042 3548 1134 mercato;

1973 1135 2146 1201 ribus,
2179 1140 2408 1196 servivit
2444 1143 2610 1214 Cyri;
2662 1148 2758 1202 sed
2806 1152 3106 1224 redempta,
3150 1162 3296 1229 quod
3342 1167 3546 1223 mirum

1969 1233 2075 1291 est,
2104 1242 2135 1280 a
2163 1229 2450 1295 militibus,
2478 1243 2535 1288 et
2563 1252 2594 1290 a
2621 1236 2970 1298 'I'heodoreto
2993 1261 3092 1315 per
3116 1249 3305 1306 decem
3330 1271 3554 1314 menses

1971 1315 2182 1374 idoneis
2209 1322 2470 1378 subsidiis
2501 1325 2790 1396 instructa,
2815 1347 2938 1388 cum
2964 1340 3276 1398 rescivisset
3296 1346 3365 1400 de
3392 1357 3552 1417 patre

1970 1410 2344 1480 magistratum
2375 1415 2430 1468 in
2468 1415 2777 1475 Occidentis
2805 1427 3055 1492 partibus
3082 1442 3306 1501 gerente
3325 1477 3340 1500 ,
3386 1410 3447 1492 ut
3474 1441 3543 1494 ad

1970 1499 2122 1554 illum
2159 1504 2622 1573 proﬁcisceretur,
2660 1519 3079 1575 commendatur
3111 1523 3382 1594 Aegarum
3419 1532 3544 1600 epi-

1969 1606 2157 1661 sc0po,
2181 1609 2287 1662 qua
2316 1597 2372 1650 in
2397 1598 2617 1656 civitate
2637 1606 2892 1661 secundae
2920 1608 3124 1668 Ciliciae
3159 1616 3417 1690 nundinae
3444 1597 3543 1675 ha-

1967 1681 2260 1749 bebantur,
2298 1687 2364 1741 ad
2412 1705 2548 1759 quas
2591 1708 2658 1746 ex
2697 1693 2992 1754 Occidente
3039 1715 3372 1762 mercatores
3409 1724 3543 1764 con-

276 1745 604 1817 Eusebium,
642 1771 834 1813 rursus
858 1759 912 1813 in
939 1759 1230 1834 Egyptum
1263 1745 1732 1843 proﬁciseemcm;
1771 1795 1866 1848 po-
1896 1799 1938 1853 Β
1967 1772 2141 1830 fluere
2174 1778 2433 1834 solerent.
2477 1783 2553 1837 De
2593 1784 2884 1843 Eustathio
2921 1791 3058 1848 nihil
3095 1795 3360 1854 hactenus
3387 1815 3541 1854 com-

276 1841 564 1910 stulatque
598 1861 695 1914 per
724 1848 924 1917 ipsum,
953 1869 1075 1908 cum
1110 1868 1502 1928 reverteretur,
1539 1882 1860 1936 reSponsum

276 1930 424 1986 dari.
453 1934 648 1991 Nescio
671 1955 739 1994 an
765 1958 886 1997 mea
911 1960 995 1999 me
1024 1946 1175 2002 fallat
1199 1953 1462 2020 suspicio,
1501 1966 1579 2011 tot
1601 1959 1862 2017 itionibus

277 2023 761 2100 reditionibusque
803 2034 1102 2092 Eusebium
1158 2043 1472 2111 explorasse
1513 2048 1858 2119 diligentius,

276 2113 417 2181 quid
453 2118 531 2171 rei
561 2119 905 2179 Alexandriae
935 2139 1248 2199 gereretur;
1282 2143 1337 2188 et
1364 2136 1416 2189 in
1459 2135 1738 2194 Orientem
1771 2157 1858 2195 re-

277 2204 476 2259 tulisse
500 2208 565 2262 ad
589 2212 836 2268 curiosos
863 2216 1171 2288 episc0pos,
1197 2232 1252 2276 ct
1279 2225 1332 2276 in
1363 2226 1554 2294 primis
1584 2229 1649 2283 ad
1678 2230 1859 2286 Theo-

274 2295 556 2366 doretum,
598 2301 867 2358 intentum
898 2308 953 2362 in
985 2325 1175 2368 omnes
1200 2305 1463 2385 carpendi
1488 2319 1672 2392 Cyrilli
1704 2340 1860 2380 occa-

274 2402 489 2443 SIODCS.

705 2507 970 2578 Epistola,
1003 2514 1091 2580 65,
1131 2519 1468 2577 lteortastica.

347 2611 631 2672 Paschalis
677 2629 781 2682 est,
831 2624 1139 2696 eodemque
1178 2636 1421 2700 tempore
1474 2637 1700 2708 scripta,
1749 2657 1858 2709 quo

273 2704 598 2770 vexabatur,
644 2725 862 2781 quoque
915 2716 1246 2773 moliebatur
1292 2723 1586 2781 Dioscorus
1635 2730 1854 2794 turbas;

272 2809 449 2862 quare
477 2800 714 2866 pertinet
742 2804 809 2857 ad
842 2821 1045 2862 annum
1077 2811 1200 2876 447,
1233 2822 1329 2867 aut
1367 2816 1607 2873 circiter.

721 2916 962 2988 Epistola
991 2922 1058 2978 64
1087 2926 1423 2982 heortastica.

348 3023 469 3093 Ipsa
507 3043 727 3100 quoque
758 3033 1032 3092 Paschalis
1060 3047 1164 3104 est,
1231 3043 1325 3096 sed
1374 3045 1480 3099 alia
1524 3058 1652 3102 nota
1683 3059 1850 3104 caret.

329 3134 572 3205 Epistola
597 3142 684 3207 65,
717 3146 1071 3227 consolatorie
1098 3152 1167 3205 ad
1197 3153 1463 3209 Zenonem
1489 3158 1801 3227 magistrum

938 3220 1184 3274 militum.

353 3315 393 3369 l.
424 3316 559 3383 Quis
581 3319 746 3378 fuerit
775 3326 943 3392 Zeno,
979 3332 1182 3387 rescire
1209 3332 1337 3388 licet
1365 3350 1433 3389 ex
1476 3337 1857 3394 consularibus

276 3413 652 3468 monumentis
686 3433 698 3467 :
743 3420 910 3486 gessit
952 3422 1098 3475 enim
1151 3426 1496 3480 consulatum
1540 3443 1663 3482 cum
1697 3430 1855 3484 Post-

275 3497 564 3567 humiano,
587 3521 731 3561 anno
756 3510 879 3564 448.
909 3513 1044 3568 Nam
1066 3515 1306 3586 synodus
1329 3519 1569 3574 Flaviani
1590 3520 1855 3578 adversus

276 3589 563 3659 Eutychen
632 3602 915 3657 consulatu
962 3605 1230 3674 Zenonis;
1309 3620 1432 3678 post
1484 3613 1851 3680 consulatum,

277 3678 618 3748 Ephesinum
655 3687 1004 3748 latrocinium
1049 3699 1403 3768 consignatur
1439 3717 1450 3753 :
1483 3711 1661 3757 exstat
1684 3705 1852 3759 etiam

277 3769 404 3824 data
447 3773 514 3827 ad
557 3775 758 3845 ipsum,
805 3799 928 3838 cum
956 3795 1174 3856 gereret
1216 3792 1584 3858 consulatum,
1624 3795 1855 3865 epistola

279 3863 341 3915 71
379 3863 736 3936 Theodoreti,
765 3873 831 3928 de
856 3893 962 3945 qua
997 3893 1096 3932 suo
1117 3881 1256 3934 loco.

351 3951 414 4004 ll.
457 3953 576 4019 Quo
620 3967 862 4030 tempore
901 3965 1004 4020 ista
1046 3969 1251 4038 scripta
1299 3971 1390 4036 sit,
1424 3974 1669 4030 nondum
1718 3979 1852 4032 mihi

273 4052 498 4098 constat
535 4064 547 4099 :
581 4047 715 4104 latet
747 4054 891 4107 enim
927 4057 1142 4122 adhuc,
1177 4069 1272 4115 aut
1298 4071 1448 4118 certe
1484 4065 1713 4120 dubium
1745 4079 1850 4134 est,

275 4133 405 4200 quis
458 4135 547 4190 ille
597 4141 810 4196 tandem
838 4143 1077 4201 Zenonis
1119 4148 1306 4216 frater,
1343 4151 1523 4207 clarus
1554 4156 1770 4221 militia,
1799 4133 1856 4214 et

277 4226 566 4291 praaclaris
595 4230 931 4290 facinoribus
969 4239 1188 4304 nobilis,
1223 4242 1381 4312 cujus
1403 4244 1458 4298 in
1489 4246 1644 4300 obitu
1674 4248 1855 4304 Theo-

275 4311 510 4372 doretus
553 4322 875 4391 magistrum
919 4328 1155 4383 militum
1180 4333 1428 4388 solatur:
1462 4338 1731 4408 suspicari
1776 4349 1854 4395 ta-

275 4419 403 4458 men
435 4405 518 4462 fas
545 4419 650 4473 est,
681 4413 732 4468 id
760 4425 885 4472 ante
913 4421 1258 4476 vexationem
1286 4427 1570 4482 accidisse.

273 4516 524 4587 Epistola
563 4523 653 4613 66,.
691 4529 1000 4613 invitatoria
1040 4535 1109 4613 ad
1141 4539 1373 4613 encaznia
1407 4540 1589 4610 templi
1637 4555 1853 4613 aposto-

635 4596 805 4652 lorum
838 4603 908 4654 ad
933 4602 1151 4657 Aeriam
1171 4609 1482 4676 sophistam.

348 4704 425 4759 De
465 4706 629 4762 Aerio
669 4711 914 4779 sophista
947 4714 1155 4769 dictum
1188 4725 1272 4770 est
1299 4718 1366 4771 ad
1393 4720 1554 4788 epist.
1580 4721 1668 4776 50.
1705 4724 1853 4780 Non-

269 4795 407 4852 dum
429 4802 692 4868 comperi,
711 4818 821 4871 quo
845 4820 988 4859 anno
1014 4806 1326 4862 absolutum
1349 4810 1418 4864 sit
1443 4814 1703 4882 templum
1725 4830 1855 4884 apo-

269 4887 434 4944 stolis
468 4906 498 4944 a
530 4890 874 4949 Theodoreto
899 4905 1166 4952 erectum.

344 4999 591 5070 Epistula
619 5004 775 5084 67ft
802 5007 890 5084 68,
929 5009 998 5062 ad
1019 5008 1302 5084 Maronem
1343 5021 1392 5064 et
1424 5013 1782 5084 Epiphaniam

612 5076 922 5130 inritatoria
959 5080 1028 5133 ad
1057 5081 1238 5134 eadem
1267 5076 1520 5136 encwnia.

344 5159 386 5214 1.
420 5161 632 5218 Incerta
666 5165 922 5221 similiter
956 5170 1219 5238 temporis
1256 5180 1403 5235 nota,
1431 5173 1646 5241 ignotus
1675 5175 1852 5229 Mara-

267 5265 394 5314 nas,
418 5251 638 5322 ignotus
663 5257 831 5312 etiam
854 5258 1212 5329 Epiphanius,
1238 5261 1342 5315 nisi
1363 5263 1508 5331 quod
1541 5264 1629 5318 ille
1647 5266 1851 5320 dicitur

267 5342 511 5396 multum
532 5345 834 5401 contulisse
874 5348 941 5402 ad
979 5351 1166 5419 templi
1200 5350 1484 5417 fabricam,
1527 5353 1630 5408 iste
1659 5370 1850 5410 exsors

268 5431 425 5494 fidei.
454 5442 689 5506 uterque
709 5436 968 5508 Cyrcnsis
998 5439 1156 5495 civis.

343 5524 406 5579 ll.
445 5527 608 5599 325
636 5531 882 5587 Observa
920 5549 1130 5590 morem
1177 5537 1460 5607 antiquum
1507 5540 1845 5594 convocandi

267 5616 335 5668 ad
370 5616 508 5672 festa
528 5619 837 5677 Christiana
866 5625 1013 5692 ipsos
1031 5625 1196 5679 etiam
1223 5625 1490 5692 infideles,
1519 5638 1578 5683 ut
1602 5628 1842 5683 fidelium

267 5711 527 5779 cxcrtnplo
550 5711 615 5766 ad
646 5713 951 5784 pietatem‘
987 5717 1433 5772 incenderentur.

1964 1868 2103 1935 peri.

1998 1992 2242 2064 Epistola
2267 2001 2355 2068 'l-l,
2384 2006 2745 2092 gratulatoria
2784 2014 2854 2065 ad
2884 2013 3152 2092 Zenonem
3187 2024 3503 2092 magistrum

2433 2075 2660 2131 militum
2696 2087 2746 2132 et
2778 2085 3067 2140 consulem.

2033 2179 2206 2236 Habet
2265 2193 2517 2254 apertum
2559 2193 2821 2260 temporis
2894 2196 3261 2254 characterem
3311 2219 3326 2256 :
3371 2206 3539 2273 gessit

1961 2271 2106 2324 enim
2153 2272 2300 2327 Zeno
2347 2278 2692 2335 consulatum-
2743 2298 2884 2340 anno
2934 2286 3057 2341 448.
3107 2289 3242 2346 Vide
3273 2271 3431 2348 notas
3469 2294 3540 2349 ad

1959 2361 2243 2430 epistolam
2265 2366 2353 2420 65.

2121 2492 2363 2564 Epistola
2397 2497 2483 2564 72,
2516 2479 2835 2558 heortcstica
2859 2505 2930 2559 ad
2952 2506 3379 2579 Hermesigenem

2575 2588 2916 2628 assessorem.

2031 2673 2223 2729 Nullus
2264 2683 2349 2730 est
2391 2679 2506 2735 sive
2553 2683 2840 2751 temporis,
2899 2686 3017 2740 sive
3062 2702 3313 2756 persona
3346 2689 3534 2757 index,

1960 2762 2062 2814 nisi
2086 2765 2231 2832 quod
2259 2765 2676 2840 Hermesigcncs
2700 2776 3072 2845 magistratum
3096 2787 3310 2848 gereret
3327 2780 3380 2834 in
3404 2781 3539 2837 vici-

1961 2868 2027 2904 na
2053 2854 2234 2924 aliqua
2267 2857 2509 2925 civitate,
2537 2863 2703 2916 veluti
2734 2864 2940 2920 Bercem.
2966 2877 3062 2922 aut
3091 2868 3418 2924 Antiochiae.

2133 2987 2376 3058 Epistula
2411 2993 2497 3057 73,
2535 2993 2857 3051 salutatoria
2891 3001 2962 3052 ad
2993 2998 3354 3070 Apollonium.

1883 3126 1925 3182 α
2028 3098 2186 3154 Nulla
2214 3104 2474 3172 temporis
2501 3114 2652 3170 nota,
2680 3109 2829 3162 nulla
2853 3120 2950 3164 aut
2973 3112 3129 3167 valde
3154 3113 3387 3168 obscura
3413 3131 3536 3184 per-

1960 3204 2123 3253 sonae,
2156 3190 2261 3244 nisi
2295 3193 2440 3261 quod
2464 3195 2548 3248 vir
2570 3196 2800 3252 illustris
2827 3200 2952 3263 fuit,
2989 3202 3081 3255 sed
3106 3205 3347 3257 nondum
3371 3205 3532 3261 Chri-

1958 3281 2198 3346 stianus;
2244 3299 2366 3352 quae
2396 3300 2482 3340 me
2507 3285 2618 3340 duo
2655 3287 2926 3344 inducunt
2974 3292 3028 3345 in
3056 3295 3434 3364 conjecturam
3463 3298 3538 3352 de

1956 3370 2246 3439 Apollonio
2288 3376 2490 3428 comite
2533 3393 2816 3432 sacrarum
2846 3381 3222 3452 largitionum,
3264 3387 3330 3439 ad
3366 3403 3531 3454 quem

1956 3471 2040 3516 est
2068 3463 2298 3531 epistola
2326 3466 2448 3522 105.
2480 3467 2660 3534 Quare
2695 3473 2895 3527 omissa
2922 3474 3162 3539 videtur,
3198 3487 3420 3547 propter
3447 3479 3532 3532 in-

1958 3551 2301 3620 ﬁdelitatem,
2321 3557 2466 3625 quod
2486 3558 2801 3615 observavit
2825 3561 3215 3630 Gothofredus,
3251 3567 3534 3638 dignitatis

1959 3643 2262 3714 inscriptio.

2176 3780 2420 3851 Epistola
2457 3783 2525 3838 74
2563 3786 2878 3842 heortastica
2913 3789 2984 3842 ad
3016 3789 3307 3847 Urbanum.

2023 3890 2183 3946 Caret
2205 3895 2353 3948 omni
2387 3897 2607 3964 penitus
2627 3907 2776 3954 nota.

2048 4024 2289 4096 Epistola
2324 4029 2412 4093 75,
2443 4030 2728 4099 familiaris
2763 4033 2834 4087 ad
2860 4034 3077 4089 clericos
3111 4034 3430 4092 Berwenses.

2025 4137 2157 4192 Data
2181 4148 2265 4193 est
2296 4140 2611 4198 Theoctisto
2639 4146 2900 4215 episcopo
2931 4163 3041 4200 non
3081 4147 3154 4202 ita
3191 4149 3404 4218 pridem
3435 4165 3530 4204 or-

1955 4225 2161 4291 dinato,
2193 4239 2357 4300 atque
2389 4231 2463 4286 ita
2495 4248 2638 4288 anno
2661 4235 2786 4301 457,
2811 4245 2905 4290 aut
2925 4237 3046 4292 458.
3077 4238 3354 4295 Successit
3383 4241 3531 4295 enim

1957 4316 2045 4370 ille
2069 4317 2290 4386 Acacio,
2331 4321 2425 4390 qui
2451 4323 2736 4378 ordinatus
2766 4333 2852 4379 est
2892 4342 3036 4382 anno
3063 4329 3167 4383 578
3200 4330 3303 4383 sub
3341 4330 3527 4394 finem,

1956 4418 2051 4462 aut
2071 4409 2229 4464 initio
2263 4414 2564 4482 sequentis,
2591 4422 2652 4468 ut
2691 4425 2906 4470 constat
2941 4434 3008 4472 ex
3040 4420 3271 4474 historia
3308 4423 3547 4478 concilii.

1956 4497 2306 4564 Antiocheni,
2345 4517 2375 4554 a
2401 4517 2510 4570 quo
2543 4503 2872 4572 legationem
2898 4508 3110 4575 accepit
3137 4508 3410 4564 Eusebius
3434 4510 3534 4564 Sa-

1959 4591 2284 4645 mosatensis
2320 4590 2505 4647 Acacii
2549 4594 2855 4659 ordinatur,
2897 4596 3171 4666 simulque
3213 4600 3531 4655 mandatum

1954 4681 2280 4750 providendi
2308 4683 2547 4740 viduatis
2567 4686 2622 4739 in
2645 4684 2868 4742 Oriente
2897 4687 3187 4753 Ecclesiis;
3213 4688 3375 4743 vidua
3397 4705 3529 4744 vero

1956 4781 2086 4826 tunc
2112 4781 2230 4828 erat
2256 4774 2583 4831 Berreensis.
2613 4776 2748 4832 Cum
2770 4795 2900 4850 ergo
2923 4780 3157 4835 Aeacius
3181 4781 3543 4836 Bermensem.

1951 4865 2328 4935 episcopatum
2370 4868 2611 4923 tenuerit
2651 4885 2831 4924 annos
2854 4872 3250 4942 quinquaginta
3287 4880 3342 4926 et
3380 4880 3526 4938 octo,

1955 4965 2015 5010 ut
2067 4957 2235 5012 tradit
2270 4958 2654 5016 Theodoretus
2706 4961 2762 5015 in
2805 4961 3082 5016 Philotheo
3126 4979 3246 5032 cap.
3289 4964 3346 5026 2,
3391 4962 3529 5017 obiit

1951 5056 2100 5102 certe
2137 5065 2282 5104 anno
2325 5051 2428 5104 457
2473 5061 2568 5106 aut
2611 5053 2736 5117 458,
2786 5054 3159 5122 nonagenario
3199 5054 3390 5122 major,
3433 5061 3528 5107 aut

1951 5138 2117 5192 etiam
2139 5156 2276 5208 pene
2307 5141 2658 5195 centenarius
2690 5159 2702 5193 :
2741 5142 2828 5193 vix
2864 5143 3010 5194 enim
3041 5141 3230 5195 credat
3263 5142 3406 5210 quis,
3440 5159 3527 5196 ore

1951 5228 2193 5282 dinatum
2223 5238 2348 5283 ante
2373 5245 2576 5283 annum
2608 5231 3106 5299 quadragesimum,
3135 5247 3258 5284 cum
3283 5241 3408 5286 ante
3439 5249 3527 5285 or-

1950 5320 2286 5373 dinationem
2319 5321 2411 5374 diu
2439 5335 2496 5374 se
2518 5320 2829 5374 exercuerit
2859 5320 2962 5374 sub
2990 5321 3230 5382 Asterie,
3259 5323 3440 5393 326,
3469 5332 3539 5379 et.-

1951 5426 2048 5478 pro
2075 5409 2175 5462 ﬁde
2199 5426 2286 5463 res
2323 5425 2430 5464 non
2465 5409 2615 5478 parvi
2643 5411 2905 5464 momenti
2927 5413 3178 5482 gesserit.

1950 5521 2189 5592 Epistola
2216 5521 2302 5586 76,
2342 5523 2637 5577 hortatoria
2662 5523 2732 5576 ad
2769 5522 3026 5578 Uranium
3060 5524 3185 5596 Cyri
3215 5525 3518 5596 prouideat.

2015 5630 2186 5696 Quem
2219 5640 2274 5687 et
2309 5632 2527 5703 quando
2555 5633 2807 5690 hortetur
2840 5636 2908 5692 ad
2939 5637 3122 5703 tidem,
3152 5637 3302 5692 nullo
3339 5636 3516 5695 indice

1946 5721 2220 5793 proditur.
