4040 6172
548 284 655 350 275

1678 285 2056 348 GARNERII
2096 284 2595 347 DISSERTATIO
2630 284 2709 345 II.

3707 290 3803 353 ἳῖὸ

551 397 793 469 Epistula
815 394 880 453 77
898 407 947 451 et
972 396 1060 462 78,
1077 394 1158 469 _ad
1179 395 1454 469 Eulalium
1477 405 1527 450 et
1551 397 1835 451 Eusebium
1861 398 2126 468 episcopos
2157 402 2201 456 Α
2301 394 2545 466 Epistola
2570 395 2658 459 8|,
2683 395 3071 467 deprecatpria,
3109 394 3178 446 ad
3200 393 3428 448 Nomum
3457 396 3736 453 consulem.

1066 467 1293 521 Persica
1312 466 1597 522 Armeniae.

618 580 659 636 l.
692 582 967 637 Armeniae
997 581 1235 637 Persicae
1277 582 1501 637 nomine
1555 581 1863 651 appellatur
1898 596 1963 636 ea
2001 596 2129 650 pars

546 674 820 729 Armeniae
868 671 1122 744 majoris,
1155 688 1279 744 qua:
1322 672 1512 728 Medias
1549 672 1804 736 vicinior,
1853 686 2127 742 quamque

547 770 956 833 occupaverunt
980 763 1160 819 Persae
1195 762 1299 818 sub
1336 763 1584 829 Valente,
1630 762 1836 833 diuque
1877 762 2125 816 retinue-

548 860 701 906 runt.

613 944 678 999 ll.
696 942 833 998 Cum
851 950 999 997 mota
1013 950 1159 998 esset
1181 944 1238 997 in
1256 942 1502 1005 Perside.
1526 942 1817 1013 lsdegerde
1837 958 1983 1012 rege,
2003 958 2128 1011 per-

545 1033 778 1098 secutio,
818 1041 879 1087 ut
915 1033 1081 1087 tradit
1110 1033 1511 1097 Theodoretus,
1545 1034 1787 1103 pervasit
1821 1034 1913 1087 illa
1950 1034 2126 1104 regie-

543 1140 644 1190 nes
671 1126 1000 1189 remotieres
1024 1126 1271 1180 Romano
1311 1125 1542 1195 imperio
1571 1134 1809 1194 ereptas,
1845 1140 1955 1195 quo
1986 1134 2125 1180 tem-

544 1232 679 1287 pore
741 1216 1128 1271 Theodoretus
1170 1217 1493 1286 episcopos,
1551 1216 1646 1285 qui
1695 1229 1865 1285 prepe
1895 1216 2128 1271 aberant

544 1308 615 1363 ab
651 1308 1034 1378 Euphratesia,
1090 1307 1293 1361 litteris
1338 1307 1574 1371 monuit,
1625 1305 1761 1375 quid
1797 1316 1948 1362 esset
1987 1323 2127 1378 opus

546 1400 719 1463 factu,
752 1415 821 1454 ne
851 1400 1108 1454 deessent
1137 1399 1336 1463 ellicio,
1364 1406 1478 1453 tum
1516 1399 1570 1452 in
1594 1399 1817 1455 tuendis
1845 1400 2123 1471 gregibus,

547 1498 663 1544 tum
697 1506 823 1561 erga
852 1491 1164 1545 desertores
1193 1490 1338 1553 lidei,
1375 1499 1428 1544 et
1455 1491 1805 1561 pcenitcntes.

614 1582 704 1637 lli.
732 1583 994 1636 Hortatur
1018 1597 1148 1651 ergo
1172 1580 1311 1635 duos
1337 1580 1405 1634 ad
1427 1595 1647 1651 gregem
1669 1579 1976 1636 curandum
2002 1595 2128 1649 per-

544 1674 849 1729 secutionis
910 1683 1191 1744 tempore,
1246 1685 1541 1743 monetque
1607 1688 1719 1727 non
1791 1670 2126 1727 deserendas

2306 490 2347 542 l.
2388 487 2648 558 Ejusdem
2696 486 2904 556 pariter
2944 484 3251 556 argumenti
3286 501 3350 540 ac
3378 488 3643 556 temporis
3687 504 3799 543 cum

2236 578 2516 649 prioribus
2535 577 2770 633 duabus.

2306 668 2370 722 ll.
2406 667 2639 721 Maxima
2684 682 2812 737 pars
2858 665 3225 736 chronologia:
3256 682 3442 721 rerum
3479 667 3796 722 Theodoreti

2235 761 2439 831 pendet
2487 776 2556 816 ex
2585 760 2886 829 quaestione
2922 758 2990 812 de
3019 759 3204 813 verbis
3234 758 3630 828 inscriptionis,
3668 760 3795 816 sitne

2234 851 2523 906 retinenda
2557 851 2806 905 omnium
2837 850 3090 904 codicum
3118 851 3304 914 lectio,
3356 868 3478 921 quze
3501 852 3665 906 habet
3691 868 3801 906 con-

2233 940 2433 1005 sulem;
2488 957 2558 995 an
2606 939 2954 1010 corrigenda,
3008 940 3157 1009 quod
3196 941 3314 995 vult
3354 942 3704 1008 Baronius“;
3753 950 3802 997 et

2235 1034 2443 1088 Nemus
2473 1048 2584 1086 non
2612 1033 2801 1087 consul
2832 1032 3119 1093 dicendus,
3152 1034 3248 1086 sed
3272 1034 3599 1087 consularis.

2304 1126 2393 1180 lll.
2430 1124 2792 1179 Retinendam
2819 1124 3038 1194 opinor,
3069 1127 3199 1196 quia
3228 1126 3452 1180 retineri
3485 1127 3621 1180 nihil
3645 1137 3803 1192 vetat,

2234 1218 2344 1273 imo
2381 1217 2538 1286 plura
2559 1217 2756 1286 jubent
2780 1234 2793 1269 :
2815 1217 3195 1288 corrigendam
3221 1219 3339 1271 vult
3368 1218 3653 1281 Baronius,
3678 1235 3803 1289 que-

2232 1312 2380 1364 niam
2434 1308 2541 1362 nisi
2587 1308 2895 1362 consularis
2945 1325 3045 1378 pro
3074 1309 3299 1363 consule
3333 1319 3589 1378 ponatur,
3624 1311 3805 1363 ὑπατι-

2232 1401 2325 1464 κὸς
2352 1416 2454 1470 pro
2483 1401 2693 1469 ὑπάτῳ,
2718 1400 2853 1453 falsa
2876 1410 3032 1469 putat
3056 1400 3265 1463 futura,
3292 1418 3411 1470 (pne
3432 1401 3806 1460 Theodoretus

2233 1498 2425 1544 sancto
2457 1489 2625 1543 Leoni
2651 1489 2847 1543 scribit
2877 1490 2982 1544 sub
3011 1491 3175 1544 linem
3205 1490 3334 1544 anni
3358 1490 3481 1554 449,
3514 1506 3571 1545 se
3594 1509 3806 1563 nempe,

2232 1595 2360 1634 cum
2404 1579 2560 1633 daret
2594 1579 2832 1644 litteras,
2889 1580 3081 1651 viginti
3114 1591 3323 1650 septem
3344 1597 3519 1635 annos
3547 1583 3599 1636 in
3630 1585 3806 1652 ponti-

2233 1669 2395 1725 ﬁcatu
2440 1671 2617 1741 egisse
2667 1688 2679 1723 :
2722 1670 2924 1741 egisset
2953 1671 3102 1726 enim
3134 1672 3325 1742 viginti
3349 1681 3411 1739 et
3438 1689 3655 1740 novem,
3701 1675 3806 1729 imo

542 1779 675 1818 oves
706 1765 850 1832 turpi
877 1764 997 1834 luga
1024 1782 1038 1830 ;
1077 1767 1171 1819 sed
1200 1782 1296 1819 cos
1327 1766 1420 1835 qui
1448 1765 1583 1835 lapsi
1614 1765 1813 1828 ferent,
1842 1763 2038 1818 idonea
2068 1770 2124 1818 et
2157 1757 2198 1810 Β
2226 1763 2341 1818 fere
2367 1763 2610 1834 triginta.
2638 1763 2705 1827 si,
2729 1777 2839 1832 quo
2866 1771 3113 1832 tempore
3144 1765 3311 1819 dabat
3332 1765 3431 1820 has
3472 1765 3539 1819 ad
3576 1766 3804 1821 NOllllltll

544 1855 901 1910 misericordc
927 1857 1251 1925 pccnitentia
1275 1856 1669 1912 restituendos.

612 1946 701 2003 IV.
736 1947 836 2002 Vix
888 1947 1120 2003 delinire
1160 1949 1310 2013 licet,
1360 1964 1470 2018 quo
1518 1963 1663 2002 anno
1708 1956 1819 2001 tam
1861 1945 2122 2001 salutaria

545 2040 752 2095 monita
797 2040 1177 2095 Theodoretus
1206 2042 1424 2106 dederit
1461 2060 1473 2094 :
1507 2040 1778 2111 siquidem
1816 2055 1989 2094 annos
2023 2039 2121 2093 tri-

544 2129 694 2198 ginta
724 2129 1039 2198 persecutio
1084 2131 1273 2185 isthaec
1306 2131 1546 2197 duravit,
1591 2130 1659 2184 ab
1689 2144 1834 2183 anno
1864 2128 2124 2184 videlicet

545 2219 650 2273 4Ξο
680 2219 747 2272 ad
773 2218 898 2273 450.
922 2218 1153 2273 Videtur
1176 2228 1356 2274 tamen
1391 2220 1773 2275 Theodoretus
1798 2228 1929 2274 tunc
1955 2220 2123 2274 fuisse

545 2308 765 2374 senior;
800 2310 938 2379 petit
958 2310 1107 2363 enim
1131 2310 1200 2364 ab
1226 2310 1464 2374 Eulalio,
1489 2311 1634 2380 quod
1663 2310 1909 2364 seniores
1945 2311 2124 2365 solent

545 2399 616 2453 ub
643 2399 858 2463 amicis,
894 2400 1176 2470 impetrari
1209 2416 1240 2454 a
1278 2401 1391 2455 Dee
1419 2401 1438 2420 ¹
1466 2400 1746 2468 precibus,
1784 2409 1845 2455 ut
1879 2402 2124 2471 reliquos

544 2487 672 2543 vitae
717 2502 891 2543 annos
944 2504 1011 2544 ex
1060 2490 1242 2560 legum
1296 2489 1467 2558 ipsius
1506 2500 1779 2560 praecepto
1833 2491 2122 2560 transigat.

544 2579 701 2646 Quod
727 2580 770 2634 si
790 2580 863 2634 ita
892 2590 996 2643 est,
1027 2579 1248 2634 videtur
1276 2580 1480 2650 scripta
1507 2581 1738 2651 epistola
1768 2581 1990 2636 circiter
2021 2597 2122 2634 an-

545 2687 677 2726 num
698 2673 823 2736 445,
850 2686 976 2725 cum
1000 2666 1384 2726 Theodoretus
1407 2671 1523 2726 fere
1542 2682 1688 2726 esset
1712 2671 2120 2741 sexagenarius,

544 2775 648 2817 nec
673 2762 855 2817 adhuc
884 2778 916 2816 a
943 2761 1255 2816 Theodosio
1285 2771 1585 2832 pateretur,
1618 2778 1740 2832 quae
1772 2763 2118 2832 postmodum

542 2853 892 2908 acciderunt:
913 2868 1023 2906 non
1047 2854 1218 2916 enim,
1246 2864 1306 2907 ut
1327 2862 1411 2907 est
1431 2854 1663 2922 querula
1685 2869 1771 2908 res
1787 2853 2027 2917 alllictio,
2053 2852 2121 2906 de

542 2939 661 2995 suis
699 2956 980 3005 erumnis,
1017 2956 1156 3010 quas
1205 2941 1498 2996 videbatur
1545 2941 1653 2995 sibi
1707 2957 1806 3011 pro
1854 2942 1959 2995 lide
2008 2940 2120 3010 pati

541 3030 788 3086 siluisset
813 3032 955 3101 apud
986 3046 1102 3097 eos,
1132 3032 1225 3101 qui
1262 3032 1702 3101 persecutionem
1731 3046 1834 3102 pro
1858 3032 2121 3103 religione

539 3126 852 3183 Christiana
873 3126 1276 3196 experirentur.

613 3218 676 3274 V.
700 3218 801 3272 Vix
827 3218 957 3272 licet
983 3216 1233 3281 delinire,
1268 3231 1502 3285 quarum
1528 3216 1818 3271 civitatum
1850 3215 2126 3270 Ecclesias

540 3308 788 3363 Eulalius
819 3316 875 3363 et
916 3307 1190 3362 Eusebius
1234 3305 1479 3361 rexerint
1505 3322 1520 3359 :
1548 3305 1688 3360 nihil
1732 3320 1901 3375 porro
1929 3305 2125 3359 melius

539 3399 741 3455 adduci
774 3408 957 3469 potest
1010 3398 1078 3453 ad
1107 3398 1160 3452 id
1198 3396 1641 3466 persuadendum
1675 3410 1786 3466 quo
1824 3394 1894 3451 de
1922 3395 2123 3466 ageba-

545 3499 661 3554 tur,
684 3506 853 3559 quam
879 3489 1027 3559 quod
1050 3488 1138 3543 his
1168 3486 1367 3543 litteris
1387 3486 1725 3541 continetur.

573 3600 818 3672 Epistoia
845 3601 932 3665 79,
960 3599 1326 3671 deprecatoria
1348 3598 1417 3652 ad
1435 3595 1746 3652 Anatolium
1775 3597 2079 3667 patricium.

609 3710 654 3766 l.
684 3709 808 3767 Htec
827 3722 883 3767 et
910 3713 1031 3766 alite
1051 3720 1163 3767 tres
1186 3720 1585 3780 consequentes
1613 3710 1774 3765 unius
1803 3719 1933 3765 sunt
1953 3727 2118 3782 argu-

540 3804 710 3858 menti
761 3820 776 3857 :
819 3804 1107 3858 continent
1151 3803 1300 3858 enim
1353 3802 1687 3858 Theodoreti
1721 3803 2004 3871 querelam
2050 3802 2117 3857 de

542 3894 797 3949 mandate
833 3894 1204 3964 imperatoris,
1239 3909 1351 3964 quo
1379 3894 1568 3965 jussus
1596 3904 1716 3949 erat
1749 3893 1876 3965 Cyri
1914 3893 2118 3951 linihus

539 3999 598 4037 se
622 3983 928 4037 continere.

609 4071 675 4125 11.
699 4069 879 4137 Quare
922 4070 1219 4126 clarissimi
1252 4081 1380 4126 sunt
1410 4079 1467 4127 et
1506 4073 1637 4127 anni
1662 4080 1718 4127 et
1754 4088 2114 4142 personarum

541 4162 751 4216 indices
778 4180 790 4214 :
815 4176 1173 4230 personarum
1194 4161 1441 4231 quidem,
1463 4163 1593 4233 quia
1617 4163 1823 4217 nobilia
1855 4173 1984 4218 sunt
2004 4166 2117 4219 sin—

537 4253 791 4325 gularum
816 4252 1038 4306 nomina
1063 4269 1077 4307 :
1103 4252 1232 4306 anni
1261 4267 1412 4318 vero,
1433 4255 1692 4324 quoniam
1718 4271 1826 4309 una
1850 4255 2113 4311 scribitur

534 4341 711 4399 Nemo
739 4343 970 4407 consuli,
1001 4343 1117 4412 qui,
1148 4350 1210 4397 ut
1236 4351 1321 4398 est
1350 4344 1494 4414 apud
1530 4361 1723 4400 omnes
1748 4346 1804 4399 in
1836 4346 2108 4412 confesso,

535 4449 684 4489 anno
711 4434 816 4488 MS
847 4449 1124 4489 summum
1155 4436 1535 4506 magistratum
1567 4436 1754 4506 gessit.

602 4525 671 4580 ΠΙ
726 4524 833 4581 Sed
867 4526 983 4580 hcce
1007 4525 1238 4595 epocha,
1266 4536 1327 4581 ut
1351 4536 1436 4581 est
1463 4527 1705 4596 plurium
1726 4527 1956 4581 aliarum
1986 4527 2109 4582 fun—

532 4619 874 4681 damentum,
896 4618 971 4671 ita
998 4617 1326 4672 stabilienda
1348 4626 1432 4672 est
1452 4617 1765 4674 ﬁrmissime
1799 4619 1865 4673 ad
1898 4619 2107 4688 episto-

531 4708 640 4762 lam
670 4704 759 4759 81.

596 4795 690 4852 ιν.
716 4795 790 4849 De
809 4793 1066 4848 Anatolio
1093 4793 1302 4849 dictum
1326 4803 1412 4848 est
1440 4796 1509 4849 ad
1543 4797 1705 4865 epist.
1740 4798 1827 4851 45.

600 4887 667 4941 ν.
700 4886 893 4941 Totam
918 4884 1158 4939 mandati
1187 4884 1523 4954 imperatorii
1551 4887 1618 4941 ad
1651 4901 1709 4942 se
1742 4889 1894 4943 missi
1925 4889 2101 4943 histo-

528 4974 667 5027 riam
702 4973 995 5044 diligenter
1029 4971 1411 5028 Theodoretus
1450 4983 1659 5041 narrat,
1696 4976 1969 5046 simulque
2003 4979 2101 5033 ad-

526 5065 713 5133 juncta
749 5065 911 5135 327
940 5064 1234 5136 diligenter
1265 5065 1604 5121 observanda
1634 5084 1648 5120 :
1690 5067 1928 5123 diximus
1976 5070 2102 5125 inde

530 5152 586 5208 in
612 5152 734 5205 Vita
769 5170 889 5222 quae
917 5156 1288 5223 pertinebant.

529 5274 767 5346 Epistola
797 5277 863 5331 80
881 5318 894 5340 ,
924 5280 1282 5351 deprecatoris
1310 5287 1379 5340 ad
1403 5286 1736 5343 Eutrerhium
1773 5291 2095 5361 praefectum.

598 5386 854 5455 Ejusdem
884 5392 1188 5458 argumenti
1217 5404 1272 5448 et
1298 5400 1558 5468 temporis
1582 5416 1704 5455 cum
1730 5402 2090 5471 praecedente.

526 5474 599 5529 lle
627 5476 922 5531 litttrccltio
955 5476 1159 5533 dictum
1188 5493 1271 5536 est
1305 5485 1369 5537 ad
1397 5490 1682 5557 epistolam
1710 5493 1794 5546 .37.

2229 1854 2461 1917 litteras,
2497 1862 2553 1907 et
2585 1854 2792 1907 Nemus
2820 1854 3014 1907 consul
3038 1862 3206 1919 esset,
3239 1865 3296 1909 et
3320 1856 3430 1925 jam
3458 1856 3570 1926 ipse
3595 1858 3805 1929 exegis-

2231 1953 2314 1999 set
2346 1944 2539 2014 viginti
2566 1944 2809 2013 quinque
2834 1960 3011 1998 annos
3042 1945 3097 1998 in
3126 1946 3461 2015 episcopatu.

2299 2033 2387 2088 IV.
2412 2034 2616 2088 Verum
2634 2044 2826 2087 contra
2845 2034 3138 2088 Barenium
3162 2033 3369 2089 faciunt
3384 2035 3809 2093 demonstratio-

2230 2141 2329 2181 nes
2358 2126 2585 2179 omnino
2608 2142 2722 2181 sex.
2758 2126 2938 2180 Prima
2962 2126 3030 2180 ad
3055 2126 3356 2192 hominem,
3387 2128 3801 2198 utloquuntur:

2231 2231 2353 2269 nam
2374 2214 2643 2269 Baronius
2673 2230 2859 2269 secum
2882 2223 3105 2285 pugnat.
3142 2214 3277 2268 Cum
3304 2214 3450 2268 enim
3475 2224 3660 2284 aperte
3679 2231 3807 2269 con-

2230 2314 2356 2369 stet,
2379 2305 2784 2359 Theoderetum
2804 2305 2946 2358 hanc
2962 2305 3250 2374 epistolam
3268 2304 3505 2371 dedisse,
3524 2321 3647 2359 cum
3666 2306 3810 2377 Cyro

2228 2394 2415 2463 egredi
2445 2393 2650 2448 vetitus
2674 2402 2759 2448 est
2785 2412 2797 2446 :
2825 2408 3063 2463 cumque
3085 2394 3355 2448 Baronius
3378 2394 3807 2463 prohibitionem

2229 2485 2427 2539 factam
2453 2500 2572 2540 esse
2598 2493 2810 2540 asserat
2835 2502 2980 2540 anno
3000 2487 3124 2550 445,
3157 2503 3267 2556 quo
3292 2496 3535 2556 tempore
3562 2487 3807 2541 nondum

2228 2577 2573 2630 consulatum
2590 2587 2834 2648 gesserat
2850 2578 3077 2644 Nemus,
3092 2578 3322 2647 epistola
3342 2589 3491 2633 certe
3507 2594 3617 2632 non
3632 2578 3809 2649 potuit

2228 2668 2506 2722 consulari
2555 2667 2812 2734 inscribi,
2871 2668 2926 2723 id
2955 2676 3059 2735 est,
3110 2669 3343 2735 homini,
3394 2671 3488 2739 qui
3521 2670 3805 2725 consulatu

2230 2758 2523 2813 defunctus
2541 2758 2631 2812 sit.

2305 2850 2362 2905 ν.
2401 2850 2674 2915 Secunda,
2728 2851 2932 2905 iterum
2961 2851 3029 2905 ad
3060 2850 3363 2906 hominem.
3416 2848 3676 2920 Sijussio
3700 2849 3807 2903 im-

2228 2942 2501 3011 peratoris
2531 2943 2672 2997 facta
2696 2952 2780 2997 est
2805 2960 2948 2998 anno
2969 2945 3095 3008 445,
3127 2943 3405 3013 quomodo
3431 2942 3807 2998 Theodoretus

2229 3051 2374 3088 anno
2400 3035 2505 3089 444
2533 3045 2659 3105 post
2684 3036 2896 3090 obitum
2925 3035 3114 3107 Cyrilli
3147 3036 3452 3092 Antiochiae
3485 3037 3807 3090 concionem

2152 3102 2196 3159 (ἶ
2228 3126 2442 3191 habuit,
2485 3102 2648 3195 quam
2678 3127 2880 3182 Marius
2910 3102 3179 3182 Mercator
3209 3137 3319 3182 etv
3345 3128 3583 3199 synodus
3607 3127 3809 3182 refert?

2227 3217 2415 3271 Paruit
2435 3218 2580 3272 enim
2614 3218 2867 3289 religiose
2890 3219 3145 3289 jussioni,
3169 3234 3273 3273 nec
3296 3226 3417 3288 post
3436 3227 3716 3286 acceptam
3738 3218 3808 3272 ad

2224 3308 2622 3363 Antiochenam
2646 3308 2921 3364 civitatem
2950 3310 3201 3375 accessit,
3238 3318 3298 3364 ut
3333 3311 3445 3380 ipse
3477 3317 3734 3363 testatur.

2292 3400 2378 3454 Ἣ.
2438 3400 2643 3455 Tertia.
2698 3401 2904 3456 Eodem
2950 3409 3195 3472 tempore
3242 3411 3298 3456 et
3339 3403 3395 3455 in
3423 3401 3615 3456 eadem
3639 3415 3809 3456 causa

2226 3489 2612 3545 Theodoretus
2641 3490 2877 3545 Nomum
2905 3494 3187 3547 consulem
3211 3502 3268 3547 et
3289 3492 3647 3553 Eutrcchium
3669 3507 3814 3562 prae-

2221 3581 2427 3635 fectum
2457 3583 2752 3652 compellat
2800 3600 2814 3637 :
2867 3584 3019 3654 atqui
3055 3586 3111 3638 in
3139 3585 3396 3639 eumdem
3424 3599 3629 3638 annum
3658 3598 3809 3652 prac-

2220 3673 2433 3728 l'cctnra
2464 3674 2774 3738 Eutrechii,
2810 3684 2867 3729 et
2891 3675 3050 3730 Nemi
3080 3676 3400 3731 consulatus
3426 3675 3807 3731 conveniunt:

2220 3765 2389 3833 igitur
2418 3773 2513 3819 aut
2542 3773 2735 3819 neutra
2762 3766 3087 3837 corrigenda
3107 3774 3194 3821 est
3218 3766 3402 3829 lectio,
3427 3776 3522 3820 aut
3542 3773 3809 3835 utraque.

2219 3857 2498 3911 Posterior
2519 3873 2652 3912 vero
2680 3857 2883 3928 corrigi
2913 3873 3024 3912 non
3054 3866 3267 3929 potest,
3315 3857 3603 3913 retinenda
3634 3857 3814 3928 igitur

2218 3947 2387 4018 prior.

2286 4039 2399 4093 VII.
2457 4039 2683 4106 Quarta.
2738 4039 3122 4094 Theodoretus
3177 4040 3441 4110 epistolas
3488 4048 3600 4094 tres
3643 4038 3823 4094 dedit

2217 4130 2283 4183 ad
2316 4132 2551 4186 Nonium
2584 4131 2822 4187 diversis
2852 4132 3192 4201 temporibus
3229 4152 3242 4185 :
3277 4132 3507 4202 primam
3544 4131 3819 4185 inscribit

2217 4225 2469 4293 magistro
2516 4223 2801 4293 officiorum
2829 4264 2843 4287 ,
2904 4230 3235 4293 postremam
3277 4224 3519 4294 patricio,
3557 4220 3814 4275 mediam

2215 4315 2451 4379 consuli;
2485 4323 2618 4370 tunc
2646 4330 2778 4385 ergo
2801 4314 3008 4369 Nemus
3032 4314 3377 4370 consulatum
3401 4313 3647 4385 gerebat,
3667 4328 3810 4367 cum

2143 4439 2185 4493 υ
2216 4409 2427 4477 accepit
2449 4408 2707 4472 mediam,
2739 4406 3012 4478 siquidem
3036 4408 3301 4476 inscripto
3327 4406 3556 4477 singulis
3577 4405 3814 4459 duabus

2211 4501 2334 4554 aliis
2367 4500 2686 4569 magistratu
2720 4500 3071 4570 fungebatur,
3112 4515 3239 4554 cum
3274 4499 3422 4569 ipsas
3452 4497 3684 4567 recepit.

2281 4589 2418 4644 Vill.
2452 4589 2677 4655 Quinta.
2704 4589 3085 4645 Theodoretus
3103 4591 3399 4652 neminem,
3424 4589 3517 4659 qui
3539 4587 3812 4643 consula-

2210 4689 2328 4735 tutn
2354 4680 2631 4750 gessisset,
2662 4681 3010 4735 consularem
3034 4681 3358 4744 nominavit,
3389 4695 3513 4734 cum
3536 4678 3813 4749 pluribus

2209 4772 2374 4843 328
2426 4770 2638 4826 litteras
2688 4771 2844 4826 daret
2897 4780 3022 4841 post
3078 4787 3354 4827 summum
3407 4770 3810 4840 magistratum

2208 4867 2453 4931 gestum;
2508 4860 2608 4915 sed
2641 4877 2753 4916 sure
2780 4876 3055 4930 quemque
3085 4861 3366 4931 dignitatis
3393 4860 3641 4923 nomine,
3684 4875 3812 4927 qua

2210 4960 2340 5006 tunc
2392 4951 2749 5022 insigniretur
2799 4968 2815 5004 :
2864 4968 3043 5021 neque
3084 4953 3231 5007 enim
3281 4953 3623 5016 Anatolium,
3674 4951 3809 5006 An-

2207 5041 2473 5105 tiochum,
2506 5042 2887 5106 Ariebindam,
2921 5042 3262 5106 Senatorem,
3293 5041 3555 5103 Taurum,
3584 5042 3811 5099 Vinco-

2207 5133 2433 5194 malum.
2468 5134 2756 5188 consulatu
2788 5133 3027 5200 functos,
3069 5142 3163 5188 aut
3195 5135 3450 5189 consules
3481 5134 3809 5203 inscripsit,

2209 5233 2305 5278 aut
2334 5224 2682 5288 consulares;
2746 5224 2841 5278 sed
2893 5224 2979 5277 vel
3022 5223 3310 5293 patricios,
3350 5223 3497 5277 velut
3530 5227 3547 5244 ’
3575 5223 3809 5276 Anato~

2206 5314 2371 5378 lium,
2426 5314 2810 5378 Ariobindam,
2861 5314 3215 5381 Senatorem,
3268 5324 3325 5370 et
3365 5315 3646 5381 Taurum;
3711 5314 3812 5369 vel

2204 5403 2510 5473 praefectos,
2546 5412 2607 5458 ut
2632 5404 2993 5472 Antiochum;
3027 5407 3112 5462 vel
3138 5408 3425 5479 magistros
3449 5405 3811 5473 oﬂiciorum,

2200 5502 2259 5547 ut
2284 5494 2677 5547 Vincmnalum.
2938 5484 2973 5507 ί

1852 5631 2167 5687 Simul"
2218 5628 2354 5684 ΝΟΤ
2370 5628 2453 5681 ΑΞ,

596 5680 639 5711 ⁸⁸
665 5682 784 5737 Vid.
818 5700 1001 5753 supra,
1039 5699 1092 5751 p.
1126 5686 1251 5739 249.
