4048 6174
282 323 392 383 2Ίῖ

1458 326 1556 385 DE
1594 327 1848 389 LIBRIS
1884 324 2390 387 THEODORETI.

3441 332 3544 393 278

364 429 459 484 ιχ.
498 428 682 483 Sexta.
716 428 1163 487 Eruditissimum
1188 430 1533 487 Cardinalcm
1561 434 1871 490 fefellerunt
1900 442 1943 496 Α
1971 435 2206 489 militum
2248 433 2491 490 Orientis
2540 442 2596 488 et
2625 434 2860 489 consuli.
2922 434 3062 490 Hinc
3089 435 3338 508 arguitur
3358 439 3548 508 Opinio

288 520 469 574 verba
514 519 760 589 epistola:
791 522 1183 590 consequentis
1218 522 1287 576 ad
1309 522 1610 578 Eusebium
1639 542 1651 577 :
1686 545 1703 575 ‹
1730 525 1874 580 lnte—

287 626 455 681 grum
478 621 582 674 est,
605 610 694 664 cui
715 611 934 665 animus
952 611 1139 677 fuerit,
1163 613 1387 683 antiqua
1406 629 1572 684 opera
1591 631 1709 669 mea
1727 617 1875 670 evol-

289 717 460 765 vere,
511 714 628 755 tum
667 716 732 756 ea
778 718 901 771 qua:
923 712 1050 757 ante
1075 704 1342 773 synodum
1370 705 1723 775 Ephesinam,
1758 716 1872 760 tum

290 807 422 862 qum
441 800 566 861 post
587 793 733 846 illam
756 809 968 859 rursus,
992 803 1119 848 ante
1137 796 1424 851 duodecim
1441 814 1613 852 annos
1623 799 1835 868 scripsi.
1850 819 1866 849 ι

294 882 424 939 llaec
447 883 597 937 enim
622 884 1016 953 interpretatus
1035 893 1138 951 est,
1166 887 1393 957 perinde
1418 904 1481 943 ac
1502 889 1547 943 si
1565 889 1877 944 Theodore-

296 981 391 1026 tus
415 972 774 1042 signiﬁcaret,
806 990 1010 1029 annum
1039 992 1150 1045 quo
1173 978 1470 1043 scribebat,
1491 978 1876 1033 duodecimum

293 1079 421 1118 esse
451 1063 520 1117 ab
548 1063 824 1133 Ephesina
854 1066 1062 1135 synodo
1104 1083 1119 1120 :
1156 1076 1212 1121 at
1239 1068 1363 1137 quis
1393 1084 1505 1122 non
1527 1069 1730 1137 videat,
1765 1086 1878 1123 ser-

294 1170 523 1209 monem
565 1171 687 1210 esse
738 1157 807 1211 de
838 1158 1000 1213 libris
1032 1173 1172 1227 quos
1199 1158 1489 1215 duodecim
1513 1162 1689 1227 annis,
1727 1171 1879 1215 antc-

294 1263 466 1319 quam
502 1248 717 1303 litteras
742 1249 918 1313 daret,
948 1250 1231 1305 ediderat?

374 1336 578 1391 Verum
611 1336 716 1390 hac
736 1336 805 1390 de
829 1338 1132 1406 quaestione
1161 1338 1497 1407 disputatum
1522 1348 1606 1394 est
1626 1340 1802 1409 capite
1820 1341 1876 1403 2,

297 1443 433 1483 cum
483 1436 700 1497 tempus
749 1428 874 1483 initi
927 1445 958 1483 a
1014 1429 1365 1485 Theodoreto
1408 1431 1757 1500 episcopatus
1799 1431 1881 1484 in-

297 1519 642 1589 quireretur.

305 1667 551 1739 Epistula
600 1668 688 1735 82,
745 1668 1029 1738 familiaris
1079 1669 1150 1723 ad
1192 1669 1475 1724 Eusebium
1523 1671 1744 1740 Ancyra:
1769 1671 1871 1740 epi—

976 1755 1209 1808 scopum.

375 1872 419 1925 l.
448 1869 654 1924 Eodem
673 1869 788 1923 fere
808 1884 953 1923 anno
973 1868 1099 1923 data
1114 1877 1219 1933 est,
1243 1884 1353 1938 quo
1368 1869 1582 1937 priores
1599 1869 1719 1923 aliae
1738 1876 1877 1933 tres;

302 1960 628 2030 exponenda
652 1974 785 2013 vero
806 1960 946 2011 κατὰ
972 1962 1155 2028 μέρος,
1182 1957 1442 2026 quoniam
1470 1957 1617 2011 nulla
1636 1967 1740 2021 est,
1763 1972 1884 2026 quae

305 2053 466 2121 plura
493 2049 561 2103 ad
601 2048 887 2102 historiam
910 2047 1243 2117 pertinentia
1267 2047 1547 2101 contineat
1575 2064 1588 2099 :
1615 2046 1709 2102 sed
1731 2048 1885 2117 prius

307 2145 380 2199 de
403 2142 645 2198 Eusebio
668 2157 863 2212 pauca.

360 2233 739 2295 ll.Theodoto,
750 2233 905 2302 cujus
915 2231 1128 2285 celebre
1140 2245 1335 2285 nomen
1348 2240 1430 2284 est
1443 2228 1497 2284 in
1511 2229 1660 2284 Actis
1671 2229 1886 2283 concilii

308 2322 599 2394 Ephesini,
634 2319 931 2384 successit;
973 2334 1083 2389 quo
1114 2333 1279 2381 anno,
1311 2318 1601 2372 incertum.
1634 2316 1889 2372 interfuit

307 2412 550 2469 concilio
567 2410 810 2465 Flaviani
837 2409 1100 2463 adversus
1119 2409 1402 2479 Eutychen
1423 2423 1567 2462 anno
1581 2407 1706 2472 “8,
1725 2407 1891 2460 latro-

310 2502 482 2557 cinali
500 2515 602 2570 pro
612 2498 859 2570 Eutyche
874 2514 1020 2552 anno
1030 2498 1155 2564 449,
1167 2497 1597 2553 Chalcedonensi
1610 2513 1753 2552 anno
1764 2498 1887 2551 451.

310 2594 434 2649 Non
465 2592 559 2645 diu
593 2590 698 2645 fuit
726 2599 1007 2659 superstes
1041 2606 1054 2643 :
1089 2604 1212 2643 nam
1246 2589 1302 2642 in
1329 2589 1522 2659 synodi
1549 2588 1775 2644 Galatiae
1801 2588 1890 2642 lit-

312 2684 452 2738 teris
507 2681 577 2736 ad
622 2681 862 2735 Leonem
909 2680 1299 2749 imperatorem
1348 2679 1648 2734 subscribit
1682 2679 1892 2749 primus

312 2773 635 2828 Anastasius
665 2771 888 2841 Ancyra:
911 2771 1196 2841 episcopus.

386 2863 683 2917 Eusebium
704 2863 949 2932 oportuit
982 2861 1117 2915 levis
1158 2860 1450 2915 admodum
1487 2868 1544 2914 et
1581 2860 1895 2915 inconstan-

316 2953 389 3005 tis
419 2950 588 3004 animi
617 2949 808 3013 fuisse,
861 2957 923 3003 ut
968 2948 1062 3017 qui
1093 2948 1377 3018 Eutychen
1422 2943 1894 3011 Constantinopoli

317 3040 698 3105 damnaverit,
752 3049 813 3092 ut
859 3054 960 3108 par
1002 3046 1149 3103 erat;
1215 3045 1270 3091 et
1296 3035 1494 3106 Ephesi
1530 3034 1583 3088 in
1609 3032 1896 3088 latrocinio

320 3129 641 3195 absolverit,
692 3130 950 3184 damnato
982 3128 1273 3192 Flaviano;
1324 3133 1380 3181 et
1403 3125 1748 3180 Chalcedone
1781 3134 1898 3179 tan-

321 3222 449 3274 dem
480 3221 619 3275 diris
644 3219 950 3275 devoverit.
1007 3217 1112 3273 Sed
1136 3219 1246 3287 jam
1274 3217 1486 3287 singula
1507 3216 1751 3285 epistola:
1777 3230 1900 3283 per-

320 3327 642 3381 sequamur.

395 3405 487 3459 lll.
516 3402 899 3458 Theodoretus
921 3401 1095 3456 amice
1117 3400 1352 3470 primum
1377 3394 1901 3467 queritur,defuisse

322 3494 505 3549 ofﬁcio
528 3494 850 3559 Eusebium,
874 3493 967 3563 qui
989 3490 1248 3545 aﬂlictum
1269 3497 1324 3544 et
1342 3486 1668 3543 calumniam
1684 3499 1903 3554 passum

325 3587 448 3640 suis
473 3586 677 3640 litteris
702 3601 814 3638 non
840 3585 911 3640 sit
935 3582 1160 3638 solatus.
1198 3580 1402 3635 Scribit
1428 3579 1694 3648 igitur'ex
1720 3576 1907 3629 dome-

328 3679 473 3731 stico
500 3692 602 3731 suo
634 3675 850 3731 exsilio.

404 3766 493 3821 IV.
534 3766 723 3821 Refert
760 3764 958 3819 deinde
982 3804 995 3825 ,
1052 3776 1148 3816 eos
1188 3760 1294 3815 sibi
1329 3758 1658 3814 calumniam
1689 3756 1905 3819 fecisse,

329 3857 427 3927 qui
460 3874 525 3912 ea
561 3863 881 3925 tempestate
915 3854 1225 3916 Marcionis,
1261 3849 1558 3913 Valentini,
1593 3847 1823 3902 Manetis
1854 3855 1911 3899 et

334 3952 662 4006 Docetarum
692 3948 924 4002 hmrcsin
950 3952 1280 4000 renovarent
1311 3961 1323 3996 :
1357 3942 1411 3996 id
1434 3942 1565 3995 olim
1589 3940 1791 4011 objecit
1810 3939 1913 4010 Cy-

336 4040 466 4093 rillo
487 4080 501 4103 ,
551 4053 678 4092 cum
714 4046 969 4107 argueret
1003 4036 1239 4106 capitula
1272 4034 1585 4098 duodecim,
1632 4030 1779 4101 quod
1811 4032 1913 4085 0b-

336 4129 675 4185 servandum
723 4137 823 4183 est.
880 4127 939 4181 ld
973 4127 1150 4197 ipsum
1179 4135 1367 4198 postea
1399 4124 1455 4179 in
1491 4123 1808 4195 praefatione
1846 4121 1914 4175 ad

339 4221 638 4277 Eranisten
692 4220 991 4289 exprobrat
1042 4216 1397 4280 adversariis,
1434 4230 1680 4286 quarunt,
1718 4211 1914 4281 inquit,

340 4315 557 4384 αἵρεσιν
587 4310 844 4381 ἄντικρυς
875 4308 1255 4379 στηλιτεύομεν
1276 4309 1342 4361 ⁸⁸.
1374 4306 1508 4362 Mira
1529 4303 1803 4374 emphasis
1826 4317 1921 4356 vo-

1924 3093 1965 3147 C

1973 525 2167 596 nuperi
2213 525 2496 597 cujusdam
2522 566 2535 589 ,
2595 525 2830 579 volentis
2880 525 3147 595 Lupicino
3191 529 3549 584 communito-

1973 618 2116 670 rium
2160 632 2281 671 esse
2332 616 2641 681 directum,
2699 631 2806 686 qua
2839 615 2905 670 de
2935 617 3192 686 opinione
3229 618 3445 674 dicetur
3479 620 3545 674 ad

1970 709 2255 777 epistolam
2296 722 2379 761 xc.
2414 707 2600 772 Addit,
2654 706 3075 761 commonitorio
3102 724 3211 762 non
3253 710 3529 765 contineri

1975 798 2378 851 accusationem
2408 796 2636 853 haeresis
2660 839 2674 863 ,
2738 796 2835 852 sed
2867 797 3296 867 prohibitionem
3323 798 3450 870 Cyri
3484 798 3548 854 ﬂ-

1975 887 2139 941 nibus
2192 885 2508 956 egrediendi
2537 925 2552 949 ,
2614 886 3080 954 prapterca,quod
3133 886 3370 957 synodos
3400 887 3547 957 apud

1976 977 2322 1032 Antiochiam
2359 984 2711 1039 convocaret,
2767 975 2968 1044 quibus
2989 992 3186 1045 nempe
3218 977 3548 1033 sollicitabat

1976 1069 2360 1138 episcoporum
2381 1066 2615 1130 animos,
2639 1081 2709 1120 ne
2729 1065 2917 1137 Cyrilli
2934 1067 3268 1137 Joannisque
3287 1069 3343 1121 in
3363 1077 3546 1138 partes

1979 1159 2295 1224 transirent,
2331 1158 2593 1229 pacisque
2620 1156 2840 1211 sancitze
2856 1157 3006 1227 leges
3030 1158 3405 1213 observarent.

2045 1247 2158 1302 νη.
2213 1246 2379 1300 Addit
2403 1246 2600 1310 etiam,
2651 1260 2709 1298 se
2734 1244 2980 1314 paruisse
3008 1244 3269 1299 continuo
3288 1245 3545 1311 libenter,

1979 1350 2034 1395 et
2056 1338 2344 1394 calumnia:
2362 1346 2635 1400 auctores,
2673 1335 2784 1389 Deo
2810 1333 3131 1399 ulciscente,
3162 1341 3384 1404 argutos
3404 1349 3545 1397 esse.

1979 1445 2282 1499 eorumque
2313 1427 2637 1498 patefactam
2665 1426 2900 1480 haeresin
2931 1443 2945 1478 :
2977 1425 3237 1479 nimirum
3263 1434 3392 1481 tunc
3413 1434 3551 1479 tem-

1980 1522 2130 1593 poris
2171 1519 2398 1575 Armeni
2438 1516 2713 1579 monachi,
2756 1516 2850 1584 qui
2878 1515 3041 1586 primi
3072 1515 3223 1569 litem
3243 1522 3548 1581 moverant,

1982 1609 2312 1679 deprehensi
2341 1616 2471 1662 sunt
2493 1607 2925 1677 Apollinaristae;
2975 1615 3108 1661 tunc
3134 1607 3297 1661 simul
3327 1616 3553 1662 vocatus

1987 1702 2044 1755 in
2094 1698 2464 1769 suspicionem
2516 1695 2824 1768 Eutyches,
2882 1696 3275 1750 monachorum
3322 1696 3555 1750 istorum

1915 1764 1955 1817 Β
1980 1791 2183 1846 fautor.

2053 1882 2190 1936 Vill.
2227 1880 2432 1935 Scribit
2459 1888 2660 1943 tamen,
2683 1878 2738 1931 in
2760 1892 2818 1932 se
2841 1875 3225 1932 Alexandriam
3243 1875 3312 1929 ab
3336 1875 3404 1932 iis
3423 1890 3551 1929 con-

1985 1973 2204 2027 citatam
2256 1986 2356 2040 per
2401 1969 2701 2033 ministros,
2762 1967 2857 2037 qui
2901 1974 3222 2036 spargerent
3250 1965 3305 2019 in
3335 1965 3551 2034 vulgus,

1986 2065 2124 2118 duos
2154 2079 2184 2117 a
2208 2062 2555 2117 Theodoreto
2587 2060 2729 2114 filios
2749 2058 2992 2122 defendi,
3047 2073 3171 2112 cum
3201 2065 3382 2110 tamen
3414 2056 3558 2109 hanc

1988 2156 2324 2225 impietatem
2364 2159 2683 2208 exsecretur
2716 2168 2729 2203 :
2761 2148 3090 2204 sollicitatus
3116 2161 3314 2215 nempe
3336 2152 3421 2199 est
3443 2145 3553 2214 jam

1986 2244 2116 2298 inde
2163 2243 2233 2296 ab
2276 2241 2520 2312 Eutyche
2564 2238 2888 2300 Dioscorus,
2942 2241 3005 2288 ut
3050 2234 3107 2287 in
3149 2231 3557 2286 Theodoretum

1989 2334 2223 2388 saeviret.
2261 2330 2393 2386 Vide
2423 2335 2743 2397 sequentem
2766 2324 3080 2394 epistolam.

2061 2424 2153 2479 IX.
2190 2424 2280 2477 Ait
2301 2437 2360 2476 se
2389 2419 2659 2474 imitatum
2682 2416 2932 2471 Nicamos
2950 2415 3160 2475 Patres,
3185 2411 3278 2480 qui
3298 2410 3561 2464 adversus

1991 2515 2185 2571 Arium
2216 2512 2594 2581 disputantes,
2631 2506 2791 2561 multi
2817 2504 3044 2559 fuerunt
3077 2503 3133 2557 in
3162 2500 3471 2556 dividendis
3502 2498 3562 2552 in

1990 2606 2214 2663 Christo
2253 2602 2486 2657 naturis.
2546 2599 2695 2655 Idem
2735 2597 2990 2652 habet'et
3019 2593 3213 2648 iisdem
3244 2591 3359 2646 fere
3380 2588 3566 2645 verbis

1992 2699 2051 2752 in
2077 2694 2321 2751 secundo
2338 2690 2573 2761 dialogo,
2613 2689 2708 2759 qui
2743 2686 3057 2756 Inconfusus
3088 2683 3316 2738 dicitur.

2065 2787 2132 2841 Χ.
2168 2785 2521 2842 Contestatur
2556 2787 2781 2851 postea,
2838 2778 2982 2831 hanc
3003 2774 3403 2831 confessionem
3448 2787 3478 2826 a
3506 2785 3567 2825 se

1997 2890 2106 2929 non
2144 2873 2385 2943 primum
2424 2869 2535 2932 edi,
2592 2866 2747 2936 quasi
2774 2880 2874 2935 per
2897 2863 3007 2917 vim
3033 2871 3090 2917 et
3112 2868 3319 2914 metum
3352 2866 3566 2913 extorta

1997 2974 2170 3030 esset;
2224 2963 2320 3018 sed
2347 2978 2502 3017 suam
2536 2974 2750 3028 semper
2769 2957 2938 3010 fuisse
2974 2960 3313 3009 constantem
3343 2957 3569 3004 sentcn-

2001 3056 2155 3117 tiam,
2185 3066 2351 3122 quam
2380 3051 2614 3119 quisque
2644 3046 2761 3101 suis
2788 3060 2857 3098 ex
2882 3043 3060 3106 libris,
3096 3055 3233 3110 quos
3261 3039 3421 3107 longe
3445 3044 3570 3091 ante

1999 3144 2179 3199 editos
2200 3148 2474 3201 recenset,
2507 3137 2816 3206 intelligere
2834 3133 3027 3203 possit.
3076 3133 3153 3185 De
3177 3129 3338 3183 libris
3362 3128 3573 3182 dictum

2000 3242 2085 3287 est
2115 3247 2234 3301 cap.
2258 3231 2313 3294 3,
2363 3227 2460 3282 sed
2515 3227 2660 3280 inter
2695 3222 3061 3278 recensendos
3094 3220 3267 3274 libros
3297 3218 3366 3273 de
3391 3233 3579 3287 repre-

2003 3323 2268 3377 hensione
2294 3318 2660 3388 capitulorum
2692 3316 2837 3377 silet,
2872 3321 2929 3369 et
2959 3312 3027 3367 de
3050 3311 3272 3365 Diodori
3304 3326 3367 3363 ac
3394 3309 3577 3363 Theo-

2002 3414 2123 3469 dori
2141 3410 2507 3481 Mopsuesteni
2529 3406 2864 3462 defensione.

2073 3506 2140 3558 X.
2177 3502 2425 3572 Denique
2450 3500 2692 3571 postulat
2720 3499 2789 3552 ab
2809 3497 3049 3552 Eusebio
3069 3535 3083 3557 ,
3133 3503 3195 3549 ut
3213 3493 3570 3548 calumniato-

2008 3596 2163 3651 ribus
2193 3593 2447 3656 obsistat,
2482 3590 2771 3646 calumnia:
2795 3588 3094 3642 vanitatem
3120 3584 3393 3648 ostendat,
3423 3589 3581 3653 opta-

2010 3698 2120 3742 tam
2141 3684 2512 3741 Ecclesiarum
2534 3696 2725 3752 pacem
2744 3696 2775 3734 a
2798 3680 2910 3733 Deo
2931 3677 3208 3747 efllagitet,
3232 3690 3390 3730 suum
3413 3674 3481 3729 de
3500 3673 3585 3728 in-

2011 3779 2208 3835 eundis
2251 3791 2353 3847 pro
2393 3775 2499 3830 fide
2539 3771 2932 3828 certaminibus
2956 3769 3300 3840 propositum
3328 3765 3587 3837 precibus

2013 3869 2319 3923 confirmet.

2085 3962 2102 3981 '
2128 3958 2244 4013 ΧΠ.
2272 3957 2354 4012 Ex
2375 3956 2463 4010 his
2492 3954 2876 4024 intelliguntur
2898 3952 3072 4006 multa
3094 3950 3276 4021 magni
3299 3944 3584 4009 momenti,

2016 4053 2113 4107 sed
2140 4052 2257 4107 haec
2280 4050 2506 4121 majoris
2532 4047 2642 4102 duo
2675 4065 2687 4099 :
2722 4046 2977 4108 alterum,
3018 4040 3365 4112 imperatoris
3382 4038 3588 4109 iussio-

2017 4159 2140 4198 nem
2171 4142 2239 4196 de
2268 4157 2378 4196 non
2399 4137 2748 4210 egrediendis
2772 4121 2974 4190 ﬁnibus
2993 4133 3118 4203 Cyri
3140 4132 3343 4189 editam
3360 4146 3480 4187 esse
3494 4145 3598 4184 an.

2018 4251 2091 4289 no
2114 4234 2250 4299 445;
2305 4232 2562 4295 alterum,
2618 4228 2864 4297 dialogos
2906 4224 3141 4294 scriptos
3167 4237 3289 4277 esse
3338 4231 3464 4276 ante
3488 4235 3590 4274 an-

2022 4343 2152 4383 num
2175 4327 2281 4381 H5
2297 4325 2362 4378 ⁸⁸.

342 4419 494 4467 cum,
528 4402 730 4472 quibus
764 4400 1007 4470 dialogos
1037 4398 1241 4453 indicat
1272 4415 1286 4452 :
1320 4399 1388 4452 iis
1415 4397 1561 4452 enim
1582 4393 1922 4449 adversario-
1959 4424 1998 4475 υ

346 4511 472 4549 rum
494 4494 725 4549 breresin
744 4509 811 4546 ex
832 4493 1084 4555 adverso,
1115 4499 1170 4545 et
1189 4497 1375 4559 aperte
1398 4489 1549 4543 velut
1568 4488 1622 4541 in
1642 4486 1802 4556 cippo
1837 4485 1925 4539 in-

351 4587 545 4641 scribit
577 4593 634 4639 et
661 4584 917 4640 traducit.

422 4676 588 4747 329
620 4676 683 4731 V.
709 4674 849 4729 Tum
868 4674 1196 4729 calumniam
1216 4672 1517 4741 exponit“,
1545 4669 1690 4740 quod
1714 4668 1771 4723 in
1790 4668 1929 4723 duos

353 4768 501 4822 ﬁlios
530 4766 810 4820 Christum
835 4765 1083 4819 dividere
1106 4762 1467 4828 diceretur",
1495 4762 1677 4817 dictus
1695 4769 1778 4816 est
1798 4776 1930 4815 vero

356 4867 651 4931 propterea
682 4856 831 4927 quod
870 4856 1077 4911 acriter
1124 4855 1388 4909 adversus
1420 4853 1737 4908 defensores
1769 4851 1935 4906 unius

360 4959 573 5003 naturas
597 4948 762 5003 Verbi
794 4947 1091 5002 incarnatre
1125 4954 1181 4999 et
1209 4943 1438 5014 dialogis
1465 4943 1740 5004 invectus,
1793 4947 1850 4994 ct
1875 4940 1931 4993 in

358 5040 623 5112 Cyrillum
653 5046 930 5093 mortuum
967 5052 1068 5107 pro
1098 5035 1361 5091 concione
1390 5033 1637 5087 invectus
1656 5031 1816 5085 foret.

435 5129 522 5184 Vl.
560 5129 681 5183 Mox
710 5136 896 5183 narrat
927 5128 1153 5182 missum
1182 5142 1303 5181 esse
1337 5124 1406 5178 ab
1436 5124 1767 5192 imperatore
1787 5135 1935 5175 com-

363 5221 721 5276 monitorium
756 5217 1043 5289 στρατηγῷ
1071 5218 1164 5271 καὶ
1187 5216 1376 5285 ὑπάτῳ
1389 5213 1455 5279 ⁸³,
1483 5213 1656 5267 Nomo
1676 5210 1936 5281 magistro

2025 4460 2187 4531 330
2216 4455 2457 4529 Epistula
2479 4454 2566 4519 85,
2595 4451 2917 4531 apologatica
2946 4451 3015 4503 ad
3038 4450 3344 4503 Dioscorum
3365 4446 3600 4501 Alexan-

2576 4523 2707 4576 dria:
2736 4523 3053 4591 episcopum.

2098 4662 2141 4716 l.
2168 4660 2311 4722 Hmc,
2337 4657 2544 4728 pariter
2566 4671 2630 4710 ac
2649 4652 2987 4724 praecedens.
3010 4651 3191 4721 magni
3212 4649 3476 4704 momenti
3490 4653 3596 4712 est,

2032 4752 2292 4823 quoniam
2324 4748 2615 4804 historicas
2641 4746 2830 4816 plures
2854 4752 3011 4799 notas
3040 4742 3228 4796 habet.

2105 4844 2168 4899 ll.
2207 4842 2341 4908 Quis
2368 4841 2665 4896 Dioscorus
2686 4837 2873 4900 fuerit,
2904 4849 3066 4890 nemo
3089 4832 3265 4888 nescit
3288 4849 3301 4883 :
3324 4844 3434 4900 quo
3457 4842 3601 4882 anno

2041 4932 2421 4987 Thcoaloretus
2448 4927 2514 4983 ad
2543 4928 2719 4997 ipsum
2749 4921 3052 4994 scripserit,
3068 4912 3213 4974 ‘inde
3235 4915 3446 4986 liquido
3474 4928 3605 4967 con-

2040 5033 2167 5079 stat.
2194 5044 2210 5073 ι
2239 5023 2364 5086 Sex,
2394 5020 2593 5090 inquit,
2618 5015 2892 5072 continuis
2914 5013 3074 5068 annis
3102 5011 3264 5065 docui
3299 5008 3401 5063 sub
3430 5007 3606 5061 beata:

2040 5124 2351 5183 sanctasque
2382 5110 2658 5166 memoria:
2690 5106 2973 5161 Theodoto
3005 5100 3455 5157 Antiochensium
3487 5097 3606 5167 epi—

2041 5223 2235 5276 scOpo;
2272 5203 2535 5259 tredecim
2566 5214 2757 5254 rursus
2781 5196 2903 5251 aliis
2937 5194 3040 5249 sub
3068 5194 3227 5248 beato
3252 5192 3489 5258 Joanne;
3541 5187 3607 5243 ad

1711 5359 2027 5417 SCllULle
2065 5356 2294 5411 ΝΟΤᾹΞ.

440 5589 486 5621 ⁵⁸
510 5584 628 5641 Non
662 5590 876 5638 exstant
917 5582 1019 5637 ista
1046 5581 1098 5634 in
1139 5578 1345 5651 pra'Jat.
1380 5577 1444 5632 ad
1465 5573 1773 5651 Eranisten.

1878 5570 1922 5601 ⁸⁸
1950 5567 2194 5623 Calunm.
2232 5566 2304 5619 De
2330 5564 2432 5617 hac
2455 5561 2616 5616 etiam
2645 5557 2893 5629 queritur
2919 5556 2972 5609 in
2998 5555 3156 5629 epist.
3190 5551 3613 5629 adlliosmt‘ttttt.

372 5620 2013 5724 vru.‘s'§;r§;‘rii7'.w3
2040 5637 2158 5689 175.
2224 5635 2279 5724 ξε
2308 5632 2642 5724 ξαέαΛὺθηιί
2664 5620 2754 5683 ἐι)
2793 5627 2924 5681 edit.
2953 5620 3145 5694 priori.
3224 5622 3267 5650 δί’
3299 5620 3405 5671 llos
3435 5625 3617 5668 autem

375 5702 1004 5782 iiiiibé'xidﬁ'aiité'aiin.
1030 5702 1131 5775 κίῖϐ
1160 5718 1392 5787 scriptos
1432 5730 1573 5782 esse,
1623 5702 1885 5767 astruiiur
1933 5702 2090 5767 infra.
2143 5721 2187 5759 ς.
2223 5704 2274 5767 6,
2317 5704 2345 5771 ᾗ
2384 5702 2471 5756 22.
