4024 6152
262 257 367 320 281

1448 263 1545 321 DE
1585 263 1839 323 LIBRIS
1872 262 2359 323 THEODORETI
2372 308 2385 321 .

3425 263 3534 326 282

255 372 370 442 jam
424 370 652 425 miserat
698 370 751 423 in
795 369 990 424 urbem
1048 369 1257 440 regiam
1310 380 1684 425 accusatorem
1733 372 1850 441 epi-
1881 380 1925 433 Α
1956 372 2144 441 bytero
2176 372 2440 433 habitam,
2473 370 2905 441 expositamque,
2937 380 2999 427 ut
3036 374 3253 444 opinor,
3294 374 3535 429 Athana.

259 475 521 532 scopum.

333 552 428 605 Ill.
468 552 725 617 Basilius,
762 551 854 607 cui
885 550 1115 622 epistola
1145 549 1494 616 inscribitur,
1522 552 1657 621 quin
1685 551 1852 606 fuerit

257 643 536 698 Seleucia:
559 645 873 714 episc0pus,
908 660 972 698 ac
1002 643 1221 697 Isauria:
1246 643 1471 712 primas,
1516 644 1706 697 nullus
1731 642 1849 697 fere

256 736 463 791 dubito
491 754 504 789 :
529 752 655 790 nam
675 736 934 805 etprima:
953 735 1159 789 Cilicia),
1178 736 1396 790 vicinus
1415 744 1554 798 erat,
1573 744 1628 789 et
1645 751 1853 804 magna:

259 836 401 881 tunc
443 827 812 890 auctoritatis,
852 827 1018 880 etiam
1056 828 1108 878 in
1140 827 1263 880 aula
1285 865 1300 892 ,
1363 834 1421 880 et
1452 825 1693 880 amicitia
1726 841 1853 881 cum

260 917 621 973 Theodoreto
650 919 1002 987 conjunctus.

332 1011 425 1065 ιν.
466 1009 743 1064 Successit
769 1007 1029 1070 Deaiano,
1071 1005 1164 1074 qui
1191 1008 1426 1060 concilio
1456 1008 1735 1079 Ephesino
1770 1007 1853 1061 in-

262 1100 492 1166 terfuit;
512 1100 685 1153 adfuit
713 1114 842 1153 vero
873 1098 987 1167 ipse
1020 1105 1256 1166 quatuor
1281 1098 1530 1152 conciliis
1560 1116 1573 1152 :
1608 1098 1849 1153 Flaviani

258 1189 880 1259 Constantinopolitano
934 1189 1201 1243 adversus
1225 1189 1509 1258 Eutychen
1559 1206 1703 1244 anno
1724 1190 1848 1253 448,

260 1284 545 1353 Ephesino
578 1278 823 1335 Dioscori
877 1295 1021 1333 anno
1060 1279 1184 1342 449,
1237 1280 1850 1335 Chalcedonensioecu-

258 1375 481 1429 menico
513 1390 656 1427 anno
678 1372 803 1436 451,
856 1381 911 1425 et
959 1387 989 1425 e
1027 1386 1124 1425 sua
1155 1354 1378 1425 Isauria:
1407 1372 1615 1442 synodo
1648 1373 1716 1425 ad
1744 1373 1848 1426 im-

259 1479 577 1539 peratorem
612 1462 849 1520 Leonem
883 1464 1169 1537 rescripsit
1200 1480 1345 1519 anno
1369 1463 1492 1518 458.

330 1562 394 1613 ν.
434 1560 563 1613 Fuit
594 1559 758 1611 homo
789 1555 1218 1619 commutabilis,
1256 1555 1371 1609 sive
1399 1555 1545 1617 ﬁdei,
1582 1554 1697 1610 sive
1728 1571 1848 1610 ser—

256 1652 441 1704 monis
496 1668 511 1702 :
564 1634 688 1703 nam
730 1649 1014 1719 Eutychen
1038 1646 1317 1702 damnavit
1345 1664 1470 1702 cum
1496 1646 1752 1701 Flaviano
1790 1645 1845 1703 in

255 1743 397 1797 urbe
428 1741 600 1811 regia.
637 1740 872 1793 absolvit
908 1755 1032 1795 cum
1064 1739 1327 1792 Dioscoro
1349 1736 1572 1807 Ephesi,
1597 1754 1850 1793 exsecra—

255 1845 348 1889 tus
376 1841 465 1887 est
496 1848 621 1886 cum
647 1830 894 1885 Ecclesia
923 1827 1297 1892 Chalcedone,
1329 1827 1421 1880 ubi
1452 1827 1689 1887 veniam,
1721 1842 1846 1879 cum

251 1940 376 1980 eam
412 1922 740 1993 suppliciter
785 1928 1067 1992 rogasset,
1117 1919 1227 1972 vim
1260 1918 1362 1974 sibi
1393 1918 1597 1973 illatam
1645 1919 1843 1988 Ephesi

254 2024 540 2079 causatus,
601 2014 861 2067 Dioscoro
886 2012 1019 2066 licet
1041 2026 1234 2081 preces
1261 2011 1534 2075 elevante,
1584 2011 1842 2065 obtinuit.

253 2151 502 2223 Epistota
533 2148 623 2214 86,
655 2148 1016 2271 deurecatoriq
1043 2149 1112 2202 ad
1133 2147 1451 2202 Flavianum
1474 2146 1847 2203 Constantino-

896 2236 960 2271 ηο
986 2228 1213 2271 uanum.

895 2228 1213 2289 pomarium.

328 2356 371 2410 i.
408 2355 661 2411 Pertinet
710 2355 901 2425 procul
937 2354 1107 2409 dubio
1161 2354 1228 2407 ad
1260 2370 1463 2408 annum
1494 2354 1618 2409 M7.
1653 2354 1844 2424 Neque

254 2448 399 2502 enim
426 2448 612 2518 potuit
637 2456 731 2500 aut
753 2448 920 2501 citius
947 2446 1138 2510 scribi,
1164 2454 1259 2499 aut
1280 2446 1459 2500 serius
1487 2465 1499 2499 :
1528 2462 1638 2500 non
1655 2446 1840 2511 citius,

253 2540 381 2607 quia
434 2538 733 2592 Flavianus
778 2538 1049 2592 successit
1080 2538 1276 2591 Proclo
1308 2538 1419 2592 vita
1447 2537 1636 2592 functo
1664 2538 1753 2592 die
1774 2538 1845 2592 Ἡ

251 2629 517 2683 Octobris
565 2630 695 2683 anni
736 2629 874 2695 μη
930 2644 1039 2682 non
1078 2628 1308 2691 tardius,
1353 2644 1475 2682 cum
1504 2628 1845 2698 praecesserit

252 2721 527 2791 synodum
555 2736 587 2773 a
613 2721 870 2774 Flaviano
896 2720 1162 2774 adversus
1180 2720 1460 2790 Eutychen
1486 2720 1725 2774 habitam
1750 2736 1846 2774 an—

253 2829 326 2867 no
348 2813 454 2866 458
480 2813 571 2866 die
600 2821 794 2865 octavo
818 2812 1164 2865 Novembris.
1218 2812 1389 2876 Adde,
1423 2812 1570 2881 quod
1594 2812 1844 2884 ejusdem

252 2906 323 2958 sit
350 2904 665 2974 argumenti
695 2919 815 2957 cum
839 2904 1200 2973 praecedente.

327 2996 391 3049 ll.
432 2997 509 3049 De
537 2996 798 3049 Flaviano
818 2995 1023 3049 dictum
1053 3005 1211 3049 antea
1248 2996 1314 3049 ad
1338 2996 1626 3065 epistolam
1648 2995 1735 3048 ll.

1956 460 2023 513 sii
2083 459 2385 531 Cyrillique
2452 460 2519 514 de
2596 476 2702 514 una
2768 461 2933 516 Verbi
3005 464 3269 520 incarnati
3341 477 3538 521 natura

1954 552 2303 613 sententiam,
2336 552 2625 605 anathema
2654 552 2900 606 dicerent
2931 554 3017 613 iis.
3046 557 3139 624 qui
3164 556 3446 611 Christum
3481 558 3535 613 in
3566 605 3569 608 ἠ

1954 639 2092 693 duos
2127 639 2263 693 ﬁlios
2296 639 2627 705 dividerent,
2664 643 3093 713 nominatimque
3118 647 3134 664 ⁸
3169 646 3533 714 Theotloreto,

1953 732 2103 784 velut
2139 731 2386 784 omnium
2429 732 2792 787 nobilissimo.
2821 733 3140 789 Tumultum
3188 737 3372 805 populi
3402 754 3533 790 ana-

1954 820 2136 873 thema
2182 820 2569 889 ingeminantis
2597 837 2705 874 non
2757 824 3020 891 repressit
3065 826 3375 887 Dioscorus,
3437 828 3532 881 sed

1952 910 2231 978 exeipicns
2273 910 2340 963 de
2383 926 2532 965 more
2570 912 2815 966 docent-is
2849 928 3155 970 sermonem
3181 958 3194 979 ,
3242 926 3391 971 stans
3432 936 3533 973 suo

1951 998 2114 1054 etiam
2151 1000 2589 1070 sull'ragiojuvit.
2630 1004 2803 1058 «Tulit
2830 1007 2970 1069 illos,
2990 1008 3082 1077 qui
3111 1009 3270 1062 nobis
3301 1011 3532 1065 anathe-

1952 1106 2037 1143 ma
2067 1090 2330 1155 dicerent,
2363 1108 2698 1163 surgensquc
2725 1105 2778 1149 et
2806 1099 3114 1152 acclamans
3154 1100 3373 1153 illorum
3431 1118 3529 1155 vo-

1952 1195 2044 1234 ces
2083 1181 2447 1237 conﬁrmavit.
2486 1202 2504 1234 ι

2013 1272 2065 1324 5.
2095 1270 2208 1325 Sub
2236 1273 2427 1326 Proclo
2456 1276 2749 1346 contigisse
2795 1286 2855 1331 ut
2882 1278 3212 1335 Antiocheni
3250 1285 3531 1339 consenti-

1950 1371 2074 1414 rent
2103 1362 2156 1415 in
2187 1363 2775 1435 Constantinopolitani
2817 1371 3078 1426 antistitis
3126 1376 3531 1443 prasidcntiam

1948 1467 1978 1504 a
2006 1454 2249 1507 secundo
2279 1457 2514 1509 concilio
2548 1460 2789 1527 generali
2821 1471 3107 1519 statutam.

2016 1545 2067 1598 4.
2082 1545 2235 1602 Unde
2252 1556 2438 1601 natum
2457 1549 2527 1603 sit
2542 1550 2785 1605 Dioscori
2814 1553 2867 1606 in
2882 1554 3289 1610 Theodoretum
3310 1559 3527 1613 odium:

1950 1637 2183 1691 credidit
2225 1639 2371 1693 enim
2420 1640 2779 1698 Antiochenis
2816 1656 3100 1701 auctorem
3148 1649 3341 1715 fuisse,
3377 1668 3533 1706 novae

1882 1747 1920 1800 Β
1950 1727 2136 1782 Romae
2165 1730 2381 1797 pratsuli
2407 1730 2699 1799 primatum
2739 1734 2993 1789 cedendi.

1940 1804 1945 1827 ⁷
2100 1816 2224 1871 llaec
2260 1819 2446 1883 verba,
2487 1818 2766 1874 Dioscorus
2811 1824 3089 1893 epistolam
3138 1828 3208 1880 ad
3246 1846 3340 1882 nos
3395 1833 3532 1885 scri—

1949 1908 2070 1976 psit,
2105 1918 2234 1973 etc.,
2278 1910 2592 1979 accipienda
2635 1929 2744 1966 non
2792 1931 2913 1969 esse
2947 1917 3013 1971 de
3050 1918 3278 1987 privatis
3310 1921 3529 1985 litteris,

1948 1999 2103 2067 quasi
2138 2001 2432 2055 Dioscorus
2459 2003 2805 2059 Theodorcto
2840 2007 3050 2076 aliquas
3081 2009 3316 2074 dederit;
3346 2012 3440 2066 sed
3463 2014 3531 2068 de

1947 2092 2335 2147 communibus
2368 2094 2550 2148 missis
2583 2096 2648 2149 ad
2688 2098 2980 2163 Domuum,
3017 2117 3246 2169 quarum
3279 2104 3534 2159 Theodo-

1946 2193 2119 2245 rctus,
2141 2184 2389 2238 scribens
2417 2186 2697 2251 Dioscoro,
2721 2190 2987 2244 meminit.
3008 2192 3088 2245 Ad
3126 2194 3395 2248 Domuum
3427 2196 3533 2250 illa:

1945 2281 2001 2329 et
2033 2275 2100 2329 ad
2147 2276 2267 2346 ejus
2312 2277 2580 2348 synodum
2614 2279 3026 2350 dirigebantur;
3078 2285 3225 2353 quod
3266 2286 3333 2340 de
3378 2302 3532 2342 more

1945 2369 2129 2434 ﬁebat,
2168 2386 2292 2425 cum
2328 2373 2544 2443 negotia
2574 2375 2842 2444 ejusmodi
2873 2386 3259 2435 tractarentur.

2009 2462 2072 2517 V.
2120 2463 2323 2516 Verum
2364 2464 2467 2518 hoc
2509 2465 2564 2518 in
2620 2466 2740 2520 loco
2790 2465 3027 2522 ﬁnienda
3080 2480 3163 2523 est
3211 2482 3533 2526 controver-

1945 2554 2055 2617 sia,
2083 2571 2205 2624 quaa
2226 2572 2349 2610 cum
2385 2557 2617 2611 Baronio
2654 2559 2836 2613 habita
2860 2570 2945 2615 est
2974 2561 3027 2615 in
3052 2562 3172 2616 Vita
3200 2563 3533 2618 Theodoreti

1944 2647 2120 2715 capite
2138 2648 2167 2699 7
2185 2649 2249 2700 ⁷⁸.
2277 2647 2447 2702 Suum
2466 2650 2673 2704 scilicet
2698 2650 2750 2704 in
2769 2667 2991 2706 sensum
3016 2658 3349 2724 exponenda:
3371 2673 3534 2712 voces

1944 2735 2107 2807 hujus
2132 2739 2393 2807 epistolm,
2424 2756 2545 2809 quae
2594 2742 2965 2797 illustrissimo
3008 2746 3260 2814 scriptori
3292 2748 3535 2801 occasio-

1944 2839 2070 2878 nem
2096 2825 2364 2879 dederunt
2392 2829 2843 2883 comminiscendi
2869 2832 3184 2896 concilium,
3223 2835 3288 2889 de
3313 2850 3422 2904 quo
3456 2835 3532 2889 ibi

1945 2916 2201 2970 diximus.
2234 2916 2373 2970 Sunt
2414 2929 2597 2972 autem
2634 2921 2901 2988 ejusmodi
2937 2938 2949 2973 :
2997 2941 3014 2971 ‹
3049 2922 3218 2984 Scito,
3287 2923 3529 2984 domine,

1948 3006 2090 3060 hanc
2119 3008 2272 3059 illum
2302 3008 2666 3077 (Dioscorum)
2701 3010 2965 3064 adversus
2989 3027 3089 3066 nos
3114 3012 3535 3080 pusillanimita—

328 3089 421 3142 ll].
456 3088 512 3141 ln
532 3088 765 3155 epistola
788 3087 1104 3149 continetur
1123 3086 1843 3156 vehemensquerelaTheo-
1874 3079 1916 3137 C
1952 3104 2059 3151 ιριη
2096 3112 2319 3167 gerere,
2357 3114 2423 3151 ex
2468 3115 2577 3167 quo
2627 3100 2904 3169 synodicis
2952 3079 3150 3155 vestris
3206 3103 3308 3156 sub
3360 3102 3535 3157 beam

262 3179 433 3233 doreti
465 3179 533 3232 de
562 3179 845 3242 Dioscoro,
898 3196 1020 3248 qua:
1058 3189 1326 3249 quantum
1354 3179 1714 3233 nihilominus
1738 3178 1845 3232 dif-

262 3272 399 3325 ferat
441 3287 471 3323 a
510 3270 737 3339 querela
768 3271 1117 3339 postmodum
1164 3271 1308 3341 apud
1338 3271 1869 3325 sanctumLeonem‘

259 3363 405 3416 facta
428 3403 443 3422 ,
497 3378 661 3417 nemo
694 3362 786 3430 qui
816 3363 1031 3433 legerit,
1068 3378 1176 3417 non
1201 3363 1371 3417 videt.
1429 3362 1600 3416 Nemo
1628 3378 1845 3431 quoque

258 3471 365 3509 non
412 3454 541 3508 inde
586 3455 862 3524 intelligit,
917 3453 1157 3509 Leonem
1186 3454 1516 3524 appellatum
1543 3470 1663 3509 esse
1695 3455 1843 3509 velut

254 3548 530 3617 judicent;
568 3548 907 3610 Flavianum,
936 3556 995 3600 ut
1017 3556 1328 3616 patronum.

328 3642 417 3695 IV.
469 3643 677 3695 Pratter
718 3641 861 3695 hanc
889 3640 1313 3710 querimoniam,
1361 3640 1521 3710 digna
1546 3649 1694 3703 sunt,
1725 3654 1846 3708 quae

262 3735 653 3797 observentur,
696 3733 745 3785 1.
777 3732 997 3785 Missum
1029 3748 1059 3785 a
1088 3732 1437 3787 Theodorcto
1463 3731 1844 3785 Alexandriam

263 3826 682 3896 presbyterum;
718 3824 1016 3878 Eusebium
1040 3823 1255 3893 opinor,
1275 3839 1375 3892 per
1398 3839 1559 3892 quem
1585 3824 1846 3876 Dioscoro

264 3917 627 3975 renuntiavit,
660 3932 715 3969 se
745 3915 1022 3986 synodicis
1048 3914 1235 3985 Cyrilli
1278 3923 1335 3968 et
1367 3915 1594 3969 Joannis
1621 3913 1844 3983 acquie-

262 4024 453 4065 scere.
511 4004 661 4075 quod
692 4004 958 4058 hactenus
986 4009 1263 4057 renucrat.
1289 4001 1469 4067 Quare
1496 4002 1584 4055 hic
1606 4002 1845 4070 primum

262 4098 475 4153 mentio
518 4097 580 4151 ﬁt
632 4096 886 4151 conversi
934 4094 999 4149 ad
1043 4103 1245 4149 rectam
1290 4092 1474 4155 ﬁdem,
1533 4100 1625 4145 aut
1653 4093 1845 4145 saltem

261 4207 288 4241 a
312 4190 551 4259 pristina
576 4187 945 4241 obstinatione
964 4184 1277 4255 evigilantis
1295 4182 1629 4237 Theodoreti
1648 4199 1659 4233 :
1675 4196 1849 4250 quan-

262 4295 428 4346 quam
480 4277 643 4347 333
693 4275 1004 4345 synodicas,
1054 4276 1166 4345 jam
1210 4273 1334 4327 inde
1370 4289 1399 4327 a
1426 4282 1671 4342 tempore
1698 4271 1847 4341 pacis

1950 3188 2224 3241 memoriae
2259 3189 2451 3241 Proclo
2488 3188 2645 3242 factis
2670 3230 2683 3251 ,
2717 3201 3031 3244 sanctorum
3065 3192 3286 3247 Patrum
3329 3194 3535 3263 regulis

1949 3278 2300 3341 inhwrentes,
2333 3280 2669 3333 assensimus
2702 3299 2714 3333 :
2746 3296 2809 3335 ac
2836 3282 2903 3336 de
2926 3285 3026 3337 hoc
3048 3299 3147 3337 nos
3177 3285 3343 3338 semel
3368 3296 3532 3354 atque

1950 3371 2149 3424 iterum
2187 3370 2522 3439 increpasse,
2549 3373 2701 3439 quasi
2736 3380 2791 3426 et
2819 3374 3311 3439 Antiochenorum,
3345 3386 3406 3431 ut
3432 3377 3529 3440 ait,

1949 3466 2004 3509 et
2025 3456 2515 3511 Alexandrinorum
2542 3460 2666 3526 jura
2693 3460 3121 3529 prodiderimus.
3162 3483 3179 3513 ι

2008 3550 2155 3616 Quas
2184 3566 2315 3604 vero
2344 3550 2723 3605 Theodoretus
2756 3551 3046 3622 synodicas
3062 3553 3164 3606 sub
3204 3555 3398 3609 Proclo
3447 3556 3529 3610 fa-

1946 3652 2062 3697 ctas
2104 3642 2597 3711 ConstantinOpoli,
2627 3644 2775 3697 etab
2802 3644 3161 3698 Antiochcnis
3202 3646 3533 3714 approbatas

1947 3742 2243 3796 memorat,
2299 3750 2408 3787 non
2437 3735 2573 3788 alias
2603 3736 2819 3803 opinor,
2867 3752 3027 3805 quam
3082 3753 3203 3805 qua:
3265 3738 3318 3790 in
3366 3755 3531 3795 causa

1947 3825 2224 3880 Athanasii
2268 3826 2671 3879 Perrhenorum
2719 3827 2959 3897 episcopi
2995 3828 3257 3883 confecta:
3299 3840 3428 3884 sunt
3474 3832 3531 3885 in

1947 3918 2201 3979 concilio,
2240 3917 2382 3969 unde
2417 3918 2642 3971 Proclus
2686 3918 2750 3971 ad
2804 3919 3069 3972 Domuum
3108 3935 3172 3973 ea
3197 3920 3264 3974 de
3294 3936 3351 3975 re
3391 3921 3532 3976 scri-

1947 4009 2073 4076 psit.
2132 4009 2353 4062 Littera:
2416 4008 2562 4063 enim
2611 4009 2789 4063 Procli
2835 4011 3150 4066 referuntur
3202 4013 3257 4066 in
3289 4014 3529 4069 concilio

1946 4098 2108 4169 334
2130 4099 2560 4154 Chalcedonensi
2611 4099 2714 4156 hoc
2763 4102 2970 4156 titulo:
3027 4104 3380 4176 Ἀντίγραφον
3413 4124 3535 4160 συν.

1948 4192 2128 4245 οδικοῦ
2171 4192 2513 4262 γράμματος.
2544 4190 2633 4261 Τῷ
2655 4193 2950 4264 ὁσιωτάτῳ,
2982 4195 3074 4247 καὶ
3111 4194 3529 4267 Θεοφιλεστὰτῳ,

1947 4283 2042 4335 καὶ
2092 4281 2485 4355 συλλειτονργῷ
2527 4282 2738 4353 Δόμνῳ,
2770 4285 3032 4354 Πρόκλος,
3065 4286 3123 4338 ἐν
3165 4287 3384 4359 Χριστῷ
3408 4288 3532 4358 χαί-

267 4372 436 4432 initzc,
472 4385 599 4424 cum
632 4369 998 4429 mitterentur,
1033 4368 1259 4436 legerat,
1290 4374 1345 4420 et
1376 4381 1438 4419 ea
1466 4373 1618 4435 parte
1646 4350 1846 4434 preba-
1882 4409 1923 4461 Β
1956 4392 2087 4445 ρειν,

266 4471 441 4521 verat,
493 4475 601 4529 qua
640 4458 875 4511 duarum
903 4467 1222 4511 naturarum
1254 4457 1562 4512 doctrinam
1595 4456 1846 4511 contine-

265 4554 435 4617 bant;
500 4568 611 4606 non
662 4560 847 4606 tamen
891 4552 1311 4620 subscripserat,
1366 4551 1563 4621 partim
1608 4549 1848 4605 Nestorii

266 4660 475 4706 amore,
499 4644 700 4713 partim
724 4643 914 4714 Cyrilli
935 4643 1081 4698 odio.
1111 4643 1252 4698 Cave
1275 4658 1442 4712 porro
1462 4643 1846 4714 synodicarum

268 4740 580 4793 litterarum
613 4738 835 4791 nomine
884 4736 1159 4807 intelligas
1185 4752 1314 4799 eas,
1370 4751 1490 4805 qua:
1527 4734 1847 4788 anathema-

272 4831 464 4883 tismos
509 4830 835 4897 subjunctos
872 4828 1102 4893 habent;
1161 4827 1256 4881 sed
1310 4842 1430 4896 quae
1464 4827 1531 4881 ab
1564 4826 1633 4881 iis
1666 4825 1851 4879 verbis

272 4920 488 4973 initium
517 4921 727 4973 ducunt
753 4939 765 4973 :
794 4920 1061 4974 Laztentur
1081 4919 1215 4981 cwli,
1251 4927 1357 4972 etc.

339 5012 393 5065 2.
423 5014 708 5078 Quomodo
745 5014 797 5066 in
826 5028 1087 5066 canonem
1115 5012 1393 5065 Nicaznum
1419 5024 1670 5078 peccasse
1699 5008 1854 5062 Dios-

275 5120 438 5159 corus
476 5122 507 5158 a
545 5105 890 5160 Theodoreto
924 5104 1146 5170 dicitur,
1187 5111 1247 5156 ut
1270 5103 1364 5171 qui
1388 5102 1455 5156 de
1478 5103 1665 5156 alienae
1713 5101 1854 5155 dim-

276 5197 415 5249 cesis
460 5196 687 5250 homine
730 5197 999 5265 judicium
1041 5196 1354 5250 exercuerit
1387 5207 1400 5247 ε
1430 5209 1738 5263 quanquam
1785 5208 1856 5247 ne

274 5285 459 5340 violati
482 5286 712 5340 canonis
738 5286 999 5340 invidiam
1052 5286 1380 5349 incurreret,
1404 5285 1600 5355 judicii
1627 5284 1856 5338 formam

276 5394 385 5433 non
416 5380 615 5440 tenuit,
644 5380 739 5434 sed
768 5379 963 5434 callide
996 5377 1213 5433 induxit
1238 5387 1585 5433 accusatores
1606 5375 1860 5431 Orienta-

281 5470 412 5523 lium
440 5470 761 5534 monachos,
798 5470 893 5539 qui
915 5480 1042 5540 post
1080 5471 1398 5526 concionem
1420 5469 1488 5525 de
1512 5468 1618 5524 ﬁde
1646 5484 1676 5522 a
1702 5483 1857 5538 pres-

2021 4467 2207 4521 Potest
2240 4479 2418 4521 tamen
2465 4466 2704 4521 suboriri
2752 4467 3015 4521 nonnulla
3047 4468 3299 4536 quaestio,
3341 4484 3536 4538 quam:

1952 4558 2163 4620 obrem,
2192 4558 2235 4610 si
2266 4573 2353 4611 res
2381 4559 2451 4610 ita
2470 4573 2527 4610 se
2555 4557 2768 4621 habuit,
2795 4566 2856 4609 ut
2873 4556 3129 4620 diximus,
3155 4557 3534 4613 Theodoretus

1951 4648 2263 4718 scripserit,
2296 4649 2669 4703 Antiochenos
2700 4664 2984 4704 assensum
3011 4648 3311 4718 praebuisse
3352 4648 3533 4705 Procli

1953 4739 2247 4811 synodicis,
2288 4742 2398 4801 τοῖς
2424 4739 2532 4791 τῶν
2563 4740 2731 4806 ἁγίων
2764 4741 3019 4809 πατέρων
3052 4742 3272 4792 κανόσιν
3306 4740 3533 4792 ἀκολου-

1956 4831 2256 4900 Οὴσινταςε
2286 4846 2385 4885 cur
2412 4832 2633 4887 eosdem
2664 4831 3040 4886 Antiochenos
3071 4831 3370 4886 Dioscorus
3410 4847 3537 4901 pro-

1957 4921 2083 4975 ditae
2104 4936 2215 4975 sua:
2251 4936 2315 4974 ac
2346 4921 2728 4976 Alexandrina:
2756 4922 3017 4975 Ecclesia:
3058 4936 3184 4975 reos
3227 4919 3450 4986 fecerit;
3479 4929 3536 4975 et

1958 5030 2067 5083 quo
2114 5014 2167 5067 in
2199 5013 2366 5083 gradu
2400 5021 2531 5068 tunc
2578 5012 2841 5083 temporis
2866 5014 3159 5066 Dioscorus
3204 5012 3537 5067 constitutus

1959 5114 2124 5160 οεεοῐ.

2023 5197 2222 5249 Verum
2253 5202 2313 5247 ut
2344 5210 2374 5248 a
2412 5204 2689 5264 postremo
2716 5191 2923 5256 ordiar,
2948 5192 3244 5246 Dioscorus
3271 5206 3393 5246 cum
3421 5192 3537 5245 An-

1957 5285 2226 5340 tiochcnis
2251 5284 2457 5337 crimen
2502 5280 2827 5351 proditionis
2847 5280 3133 5351 objiceret,
3182 5295 3378 5335 recens
3414 5295 3541 5334 suc-

1958 5382 2197 5430 cesserat
2222 5373 2275 5426 in
2308 5372 2496 5443 Cyrilli
2520 5372 2701 5425 locum
2733 5370 2822 5425 die
2850 5372 2920 5425 28
2942 5371 3209 5435 Januarii,
3250 5384 3397 5425 anno
3433 5369 3540 5423 4η

1961 5465 2225 5521 defuncti.
2251 5464 2465 5535 Objecit
2490 5477 2643 5528 vero,
2679 5463 2808 5533 quia
2830 5464 3073 5519 Domnus
3095 5461 3371 5534 synodicis
3403 5460 3537 5515 Pro-

1615 5623 1928 5679 SCIIULZII
1984 5620 2211 5677 NOTAE.

353 5714 392 5743 “
425 5715 543 5769 l'id.
569 5732 754 5789 supra,
780 5733 831 5790 p.
870 5718 987 5772 172.
