4024 6152
523 211 629 277 233

1648 224 2024 286 GARNERII
2063 228 2556 288 DISSERTATIO
2595 229 2653 287 II

3665 230 3771 292 284

523 322 593 375 cli
618 321 819 377 litteris
854 323 1197 389 admonitus,
1245 324 1594 397 dijudicatam
1641 332 1919 387 Athanasii
1961 335 2092 389 Per—
2120 341 2162 396 Α
2193 336 2336 391 data.
2379 338 2507 392 Fuit
2551 337 2842 407 praefectus
2885 336 3041 391 urbis
3076 335 3583 406 ConstantinOpolis
3626 354 3770 394 anno

522 409 739 466 rhensis
772 427 989 466 causam
1023 415 1421 483 recognovcrit,
1455 433 1566 487 quo
1600 416 1744 475 facto
1770 421 1943 477 videri
1991 438 2091 493 po-

521 503 648 565 tuit,
674 502 968 572 primatum
986 504 1180 557 Proclo
1197 507 1531 573 concedere;
1561 509 1827 578 siquidem
1855 521 1915 567 ut
1933 515 2091 568 amici

520 601 604 645 est
630 591 857 660 privatis
883 593 1085 647 litteris
1120 609 1343 650 monere
1370 596 1438 652 de
1472 597 1668 665 ollicio,
1715 600 1788 655 ita
1818 604 2093 674 synodicis

520 683 589 736 ad
614 683 952 751 superiorem
973 686 1230 754 pertinet.

586 771 705 826 Jam
744 788 875 826 vero
913 790 1036 829 cum
1069 773 1434 833 Alexandrina
1465 781 1623 836 sedes
1664 784 1902 838 secunda
1927 783 2093 839 fuerit

519 867 642 927 post
663 859 981 927 Romanam,
1009 863 1345 919 Antiochena
1380 877 1500 936 post
1528 870 1947 926 Alexandrinam
1985 882 2092 927 ter-

521 949 616 1012 tia,
648 949 812 1020 idque
842 961 1115 1007 servatum
1136 954 1301 1010 fuerit
1331 958 1442 1027 jam
1478 959 1605 1014 inde
1630 977 1661 1015 a
1686 962 1877 1031 primis
1906 963 2092 1018 Eccle—

522 1038 615 1093 siae
642 1042 1005 1110 temporibus,
1036 1044 1636 1117 Constantinopolitana
1666 1069 1856 1108 recens
1886 1056 2092 1110 consti~

521 1136 657 1194 tuta,
688 1131 732 1185 si
761 1134 1061 1189 secundum
1095 1136 1273 1191 locum
1302 1149 1502 1207 teneat,
1532 1145 1731 1213 jusque
1775 1144 1946 1214 ipsius
1989 1146 2092 1201 hac

517 1219 573 1272 in
621 1230 775 1290 parte
824 1232 1170 1292 agnoscatur.
1220 1242 1445 1283 necesse
1483 1240 1569 1286 est
1598 1240 1887 1302 utramque
1928 1234 2089 1288 aliam

517 1311 702 1367 sedem
730 1314 1148 1383 patriarchalem
1172 1318 1426 1389 deprimi.

609 1423 847 1495 Epistola
888 1426 977 1493 87,
1026 1428 1310 1512 familiaris
1347 1432 1417 1485 ad
1451 1432 1716 1489 Damnum
1749 1436 1998 1509 Apamea:

1145 1515 1456 1571 episcopum.

576 1601 617 1657 I.
654 1602 861 1660 Eodem
889 1614 1134 1677 tempore
1163 1615 1327 1679 atque
1360 1612 1524 1665 etiam
1555 1627 1896 1686 argumento.

584 1693 652 1750 II.
705 1696 946 1751 Domnus
974 1698 1272 1767 primatum
1320 1702 1498 1757 tenuit
1534 1703 1596 1785 in
1628 1707 1868 1761 secunda
1909 1708 2084 1780 Syria,

513 1785 674 1855 cujus
698 1787 1016 1856 metropolis
1060 1790 1298 1860 Apamea
1336 1810 1349 1845 :
1378 1792 1629 1848 interfuit
1653 1798 1890 1852 concilio
1924 1799 2087 1854 Chal-

511 1874 828 1942 cedonensi,
858 1887 1084 1950 eratque
1114 1882 1354 1937 amicitia
1383 1883 1644 1955 singulari
1683 1905 1808 1942 cum
1841 1890 2090 1946 Theodo-

510 1973 630 2019 reto
664 1968 1012 2037 conjunctus.

583 2056 676 2112 III.
714 2058 800 2113 Fit
835 2060 890 2113 in
916 2061 1147 2131 epistola
1179 2080 1360 2120 sermo
1389 2067 1457 2121 de
1492 2068 1709 2124 clericis
1732 2069 2090 2128 Osroenensi-

508 2146 635 2212 bus,
664 2149 760 2219 qui
796 2150 1013 2207 libellos
1049 2154 1312 2211 adversus
1343 2158 1490 2211 Ibam
1521 2160 1861 2229 obtulerunt,
1891 2165 2086 2221 dicun-

513 2246 714 2307 turque
761 2254 951 2309 pacem
985 2242 1244 2299 Ecclesia:
1286 2247 1556 2315 turbasse,
1594 2258 1649 2304 et
1693 2262 1882 2308 contra
1909 2255 2087 2325 ipsum

511 2327 919 2385 Theodoretum
973 2332 1305 2404 singularem
1363 2338 1471 2394 Iba:
1523 2341 1780 2407 amicum,
1843 2345 2087 2417 aliosque

507 2417 751 2476 Orientis
774 2423 1063 2495 episcopos
1089 2428 1259 2482 multa
1291 2428 1572 2486 effudisse.

568 2510 661 2565 IV.
696 2512 771 2566 De
808 2529 971 2569 causa
1002 2517 1272 2586 ejusmodi
1299 2520 1626 2576 clericorum
1657 2524 1782 2579 vide
1813 2527 2083 2580 actionem

509 2601 578 2658 40
599 2606 817 2661 concilii
850 2606 1334 2675 Chalcedonensis,
1375 2615 1530 2683 cujus
1554 2614 1705 2669 Actis
1733 2616 1936 2672 inserta
1959 2626 2087 2672 sunt

507 2694 713 2764 judicia
739 2697 868 2761 duo,
895 2716 1016 2769 quae
1047 2701 1221 2756 dclba
1251 2703 1377 2775 Tyri
1401 2714 1456 2760 et
1488 2705 1669 2778 Beryti
1700 2709 2085 2765 accusantibus

512 2783 728 2841 clericis
761 2790 999 2844 exercita
1027 2791 1267 2847 fuerunt.

592 2897 838 2969 Epistola
864 2900 951 2967 88,
975 2903 1337 2973 deprecatoria
1359 2906 1429 2960 ad
1454 2906 1685 2961 Taurum
1708 2911 2009 2980 patricium.

2192 427 2326 492 422;
2379 428 2665 498 praefectus
2707 429 2963 497 praetorio
3013 442 3159 481 anno
3186 425 3321 494 428;
3373 428 3567 480 consul
3624 443 3773 484 anno

2191 520 2327 585 429;
2361 519 2649 588 praefectus
2690 520 2945 588 praetorio
2977 533 3173 573 rursus
3213 533 3359 572 anno
3386 518 3512 580 436,
3536 525 3594 573 et
3625 535 3769 573 anno

2189 611 2312 674 4'59,
2365 618 2420 665 et
2441 625 2582 663 anno
2614 608 2751 675 440;
2792 609 3117 680 cognitorin
3136 624 3303 663 causa
3320 609 3588 679 Eutychis
3624 624 3771 665 anno

2190 700 2328 766 448;
2353 699 2524 770 jndex
2551 701 2605 754 in
2627 700 2863 755 concilio
2884 699 3320 754 Chalcedonensi
3352 715 3499 753 anno
3525 700 3647 755 451.
3676 701 3771 755 Est

2189 791 2257 845 ad
2277 807 2403 845 eum
2435 791 2625 845 lsidori
2654 791 2945 845 Pelusiotae
2970 791 3200 860 epistola
3231 805 3336 844 una
3359 790 3503 844 libro
3529 791 3582 855 l,
3605 791 3769 861 epist.

2190 881 2313 935 416.
2336 883 2455 935 Non
2487 881 2841 936 mediocriter
2867 897 2954 936 res
2979 881 3381 936 ecclesiasticas
3406 882 3618 936 calluit.

2190 991 2430 1063 Epistola
2457 992 2524 1047 90
2544 1034 2557 1057 ,
2588 994 2951 1065 deprecatoria
2979 993 3050 1047 ad
3080 992 3392 1065 Lupicinum
3434 995 3768 1063 magistrum.

2251 1107 2293 1161 Ι.
2328 1108 2404 1161 De
2454 1106 2722 1177 Lupicino
2763 1107 2901 1161 nihil
2948 1103 3241 1160 admodum
3280 1104 3588 1165 observavi,
3626 1120 3769 1173 pra:-

2191 1203 2435 1265 terquam
2460 1196 2604 1266 quod
2630 1195 2735 1251 fuit
2759 1196 3017 1266 magister
3042 1196 3278 1250 militum
3295 1236 3310 1261 ,
3342 1195 3607 1266 religione
3639 1195 3769 1249 illu-

2190 1284 2339 1347 stris,
2366 1292 2421 1337 et
2450 1291 2593 1338 notae
2615 1284 2874 1338 omnibus
2900 1284 3143 1338 virtutis.

2258 1373 2321 1426 ll.
2370 1372 2474 1439 Qui
2523 1374 2742 1443 scripsit
2773 1389 2947 1443 nuper
2967 1373 3052 1439 ⁷⁸,
3098 1374 3166 1428 ad
3205 1376 3329 1429 eum
3368 1373 3551 1428 datam
3598 1373 3770 1429 fuisse

2190 1463 2550 1527 sanctionem,
2573 1478 2679 1532 qua
2702 1462 3081 1516 Theodoretus
3096 1462 3391 1533 jubebatur
3412 1477 3469 1516 se
3485 1462 3770 1517 continere

2190 1554 2366 1624 Cyro;
2413 1569 2524 1607 non
2554 1553 2783 1624 legerat,
2814 1553 3034 1623 opinor,
3081 1553 3323 1607 Graecam
3349 1553 3765 1622 inscriptionem

2190 1644 2355 1714 hujus
2394 1643 2656 1714 epistola},
2706 1651 2762 1697 et
2784 1657 2975 1697 vocem
3003 1656 3168 1695 unam
3206 1640 3450 1710 epistola:
3488 1640 3589 1705 82;
3639 1655 3766 1694 cum

2189 1736 2336 1791 enim
2364 1735 2421 1789 in
2455 1734 2650 1788 Latina
2685 1734 2937 1788 versione
2968 1733 3254 1800 utriusque
3292 1731 3398 1786 loci
3429 1731 3645 1799 vjderet
3665 1731 3767 1784 ad-

2189 1826 2425 1880 hibitum
2473 1822 2720 1895 magistri
2770 1810 2972 1877 nomen
3001 1863 3016 1887 ,
3057 1822 3305 1877 eamdem
3358 1836 3479 1876 esse
3529 1819 3768 1875 credidit

2187 1918 2660 1990 significationem.
2708 1916 2908 1972 Verum
2951 1916 3006 1970 in
3061 1914 3291 1983 epistola
3335 1912 3425 1976 82,
3461 1922 3549 1967 est
3597 1929 3764 1982 στρα-

2185 2011 2356 2080 τηγῷ,
2373 2024 2495 2079 quae
2514 2023 2613 2062 vos
2640 2007 2958 2078 magistrum
2979 2006 3215 2060 militum
3241 2004 3548 2075 significat;
3571 2004 3626 2057 in
3654 2003 3762 2059 hac

2191 2102 2494 2172 μαγίστρῳ,
2529 2114 2651 2168 quae
2671 2098 2919 2167 magistri
2947 2096 3249 2151 oﬂiciorum
3266 2095 3489 2165 propria
3515 2102 3619 2149 est.

2259 2188 2344 2243 lll.
2365 2187 2424 2242 Id
2440 2202 2570 2241 vero
2587 2185 2909 2250 notandum,
2934 2185 3079 2254 quod
3104 2183 3269 2238 tradit
3285 2184 3684 2256 Theodoretus,
3702 2198 3763 2238 se

2182 2281 2292 2351 jam
2324 2278 2626 2334 senectutis
2666 2286 2868 2331 metam
2915 2277 3222 2346 ingressum
3254 2293 3268 2328 :
3304 2283 3505 2329 metam
3545 2274 3759 2344 utique,

2186 2387 2297 2427 non
2325 2386 2432 2440 qua
2460 2370 2668 2435 ﬁnitur,
2692 2369 2787 2424 sed
2821 2368 2966 2424 unde
2990 2368 3184 2438 incipit
3203 2376 3492 2433 senectus;
3527 2366 3643 2421 hrec
3665 2382 3762 2420 au-

2186 2471 2295 2519 tem
2332 2462 2484 2517 varia
2516 2470 2601 2517 est
2631 2480 2643 2515 :
2676 2477 2802 2515 nam
2836 2477 2957 2532 qua:
2986 2461 3234 2526 minima,
3264 2469 3491 2515 octavus
3524 2467 3609 2514 est
3634 2475 3761 2529 sep-

2185 2554 2450 2619 tenarius,
2494 2554 2549 2607 id
2584 2561 2688 2620 est,
2740 2568 2917 2608 annus
2961 2552 3138 2607 aetatis
3185 2552 3285 2619 56;
3336 2568 3458 2622 quae
3503 2552 3761 2618 maxima,

2184 2660 2364 2700 nonus
2388 2644 2751 2714 septenarius,
2773 2644 2867 2713 qui
2889 2644 2955 2698 65
2982 2644 3157 2698 anatis
3177 2658 3380 2703 annus;
3409 2658 3531 2712 quae
3557 2642 3761 2708 media,

2184 2751 2361 2790 annus
2386 2734 2608 2789 circiter
2646 2734 2735 2789 60.
2768 2734 2941 2801 Quam
2968 2735 3035 2789 de
3065 2735 3242 2789 tribus
3272 2735 3463 2789 statuit
3502 2734 3762 2801 Theodo-

2186 2827 2378 2880 retus?
2415 2825 2471 2880 Si
2507 2825 2813 2890 minimam,
2853 2834 3007 2880 ortus
3048 2826 3222 2895 ipsius
3246 2825 3539 2893 contigisse
3567 2825 3762 2879 dicen-

2185 2917 2285 2971 dus
2311 2926 2396 2971 est
2433 2932 2576 2971 anno
2599 2918 2694 2971 591
2724 2933 2738 2982 ;
2779 2917 2825 2971 si
2853 2917 3165 2981 maximam,
3198 2932 3341 2970 anno
3376 2916 3512 2981 584;
3560 2918 3603 2972 si
3641 2932 3762 2971 me—

574 3006 618 3060 l.
659 3007 784 3063 Haec
813 3016 869 3062 et
891 3010 1012 3066 alia:
1047 3024 1449 3083 consequentes
1475 3032 1582 3070 una
1608 3027 1664 3072 et
1690 3018 1881 3088 viginti
1924 3021 2081 3075 unius

2197 3008 2353 3070 diam,
2385 3022 2529 3061 anno
2583 3006 2706 3071 586,
2758 3006 3028 3075 siquidem
3082 3007 3197 3061 haec
3237 3006 3467 3075 epistola
3522 3006 3647 3061 data
3676 3016 3764 3061 est

506 3105 637 3151 sunt
669 3100 1005 3168 argumenti,
1055 3102 1329 3172 uniusque
1375 3107 1677 3175 temporis,
1732 3117 1789 3162 ct
1833 3110 1889 3161 in
1917 3126 2080 3164 unam

506 3186 731 3244 directa:
755 3190 1030 3246 civitatem
1053 3193 1280 3263 regiam,
1317 3195 1384 3249 ad
1414 3212 1577 3265 quam
1612 3198 1821 3254 scilicet
1849 3199 2080 3271 delegati

504 3290 573 3331 ex
602 3274 825 3333 Oriente
851 3280 1094 3350 episcopi
1127 3283 1444 3352 pergebant.

573 3365 639 3420 Il.
686 3366 834 3422 Missi
871 3379 1000 3423 sunt
1044 3386 1177 3425 vero
1212 3374 1455 3443 episcopi
1505 3375 1620 3441 illi,
1673 3386 1734 3430 ut
1779 3378 2081 3448 legatorum

503 3456 753 3512 Dioscori
791 3460 1168 3516 molitionibus
1203 3463 1555 3530 obsisterent,
1586 3476 1751 3536 atque
1777 3470 2081 3526 accusatio-

504 3563 630 3602 nem
661 3549 923 3605 adversus
946 3550 1253 3608 Orientales
1286 3554 1574 3625 ipsumque
1614 3557 1864 3628 inprimis
1901 3562 2082 3616 Theo-

504 3637 760 3692 doretum
782 3639 851 3695 de
877 3641 1056 3696 diviso
1089 3643 1146 3697 in
1178 3643 1318 3699 duos
1338 3644 1480 3701 ﬁlios
1500 3647 1720 3704 Christo
1742 3652 2036 3708 diluerent.

570 3729 662 3783 III.
683 3728 824 3786 Sunt
847 3741 1030 3787 autem
1054 3732 1177 3790 dua:
1205 3745 1264 3790 et
1288 3736 1481 3807 viginti
1513 3739 1758 3809 epistola:
1776 3758 1806 3796 a
1829 3744 2083 3800 Theodo-

504 3828 626 3874 reto
657 3836 803 3876 anno
828 3822 929 3876 447
961 3835 1196 3880 exeunte
1230 3826 1448 3897 scriptae
1473 3829 1541 3884 ad
1576 3831 1867 3901 optimates
1898 3836 2084 3891 trede-

502 3910 635 3976 cim,
664 3911 952 3983 episcopos
980 3922 1112 3980 tres,
1146 3917 1497 3988 presbyteros
1527 3920 1666 3977 duos
1684 3963 1699 3989 ,
1727 3939 2042 3983 (economos
2065 3929 2084 3949 '

500 4003 708 4072 pariter
731 4003 891 4070 duos,
924 4014 981 4061 et
999 4005 1334 4063 diaconissas
1362 4011 1610 4068 totidem.

571 4092 661 4150 IV.
701 4092 930 4164 Scripta:
958 4104 1108 4161 sunt,
1131 4098 1378 4168 inquam,
1401 4116 1545 4156 anno
1564 4103 1701 4171 447;
1732 4120 1911 4176 neque
1933 4109 2082 4164 enim

500 4190 804 4253 potuerunt
853 4186 1101 4253 tardius,
1162 4204 1287 4243 cum
1344 4191 1577 4261 profecti
1631 4194 1742 4250 sint
1789 4196 2079 4255 Antiochia

499 4274 662 4346 335
694 4277 858 4348 legati
882 4279 1139 4335 saeviente
1170 4280 1348 4337 hieme
1368 4323 1383 4346 ,
1410 4292 1466 4337 et
1499 4286 1734 4341 necdum
1762 4296 1945 4344 tamen
1973 4290 2081 4347 Iba;

2182 3114 2327 3153 anno
2373 3100 2498 3153 447.
2550 3097 2779 3151 Mediam
2825 3098 3061 3167 opinor:
3099 3098 3352 3167 congruit
3395 3100 3542 3151 enim
3590 3099 3767 3169 magis

2182 3207 2307 3247 cum
2333 3190 2549 3246 caeteris
2571 3190 2695 3244 vita:
2713 3188 3004 3259 adjunctis.

2182 3303 2423 3376 Epistola
2452 3305 2515 3359 9i
2550 3303 2912 3374 deprecatoria
2956 3303 3026 3356 ad
3059 3302 3400 3357 Eutrechium
3433 3303 3761 3373 prwfcrtum.
3824 3375 3836 3385 .

2250 3415 2333 3469 Ad
2354 3430 2482 3469 eum
2514 3415 2739 3469 fuerunt
2773 3415 2885 3482 jam
2907 3412 3030 3468 dure
3059 3414 3325 3484 epistolae,
3358 3416 3425 3470 57
3462 3424 3519 3470 et
3559 3415 3649 3470 80.
3682 3417 3762 3470 Ex

2180 3505 2434 3560 omnibus
2460 3513 2692 3570 constat,
2711 3503 3066 3558 Eutrechium
3089 3504 3422 3561 Theodoreti
3450 3504 3620 3560 fuisse
3643 3507 3762 3561 sin-

2181 3597 2425 3668 gularem
2453 3596 2689 3651 amicum
2731 3611 2798 3651 ac
2827 3604 3140 3665 patronum.

2182 3708 2426 3778 Epistola
2460 3709 2559 3773 92,
2600 3707 2965 3779 deprecatoria
2999 3708 3070 3761 ad
3109 3706 3417 3762 Anatolium
3455 3710 3763 3779 patricium.

2245 3818 2323 3872 De
2348 3815 2601 3871 Anatolio
2629 3815 2839 3870 dictum
2875 3822 2961 3871 est
2989 3815 3056 3870 ad
3082 3816 3372 3885 epistolam
3403 3817 3493 3872 45.
3533 3817 3635 3873 Hic
3662 3835 3768 3874 an-

2181 3916 2290 3963 tem
2323 3907 2567 3963 breviter
2620 3906 2872 3978 quidem,
2903 3905 2998 3961 sed
3024 3906 3223 3961 eximie
3269 3907 3559 3976 laudatur;
3596 3909 3770 3980 336

2180 3999 2381 4070 quippe
2414 4019 2433 4052 ‹
2464 4000 2554 4054 cui
2580 3999 2961 4054 universorum
2989 3997 3256 4053 Dominus
3292 4006 3350 4054 et
3383 3998 3544 4055 ﬁdem
3577 4000 3765 4055 since-

2179 4107 2294 4146 ram
2322 4089 2610 4161 impertiit,
2644 4096 2701 4144 et
2734 4088 3022 4143 incensum
3048 4104 3147 4159 pro
3179 4104 3243 4143 ea
3276 4089 3475 4154 zelum,
3507 4097 3563 4145 et
3592 4105 3799 4163 orna-.

2180 4192 2290 4237 tam
2328 4181 2620 4252 prudentia
2650 4188 2913 4244 mentem,
2937 4190 2994 4234 et
3025 4179 3186 4236 bonis
3218 4187 3483 4250 praeterea
3513 4182 3768 4236 consiliis

2180 4266 2648 4322 obsecundantem
2674 4265 3011 4320 facultatem.
3045 4285 3065 4318 ι

458 4422 475 4453 _~
496 4366 570 4422 Ῑίδ
593 4368 862 4472 cum-ﬁliis
900 4369 1077 4472 Tyriis
1104 4372 1316 4472 διέξιθι-εξ
1330 4382 1495 4438 esset:
1521 4392 1643 4472 quin
1674 4378 1914 4447 Primum
1954 4381 2081 4452 ΤΥΓῘ
2114 4384 2157 4440 ί)
2221 4398 2460 4472 Epistola
2479 4400 2569 4464 93,
2600 4398 2964 4470 deprecatoria
2989 4400 3061 4455 ad
3080 4399 3392 4455 Senatorem
3421 4402 3726 4471 patricium.

499 4474 689 4516 mense
727 4462 1029 4517 Februario
1054 4467 1185 4521 anni
1219 4468 1322 4522 448
1356 4468 1661 4539 composita
1691 4478 1794 4525 est.

566 4551 631 4607 V.
673 4552 791 4608 Jam
835 4569 970 4608 vero
1002 4555 1255 4623 Taurus,
1292 4568 1353 4615 ut
1396 4571 1481 4614 est
1525 4560 1582 4614 in
1610 4561 2077 4632 prOSOpographia

497 4637 719 4695 Codicis
734 4641 1099 4697 Theodosiani
1121 4661 1151 4697 a
1167 4646 1503 4704 Gothofredo
1523 4649 1834 4714 informata,
1855 4650 1958 4706 fuit
1980 4667 2075 4707 co-

500 4744 618 4785 mes
649 4747 832 4786 rerum
859 4734 1195 4803 privatarum
1230 4754 1375 4794 anno
1408 4740 1534 4807 416,
1564 4741 1757 4796 consul
1780 4758 1925 4796 anno
1949 4742 2071 4809 428,

502 4823 789 4890 praefectus
809 4828 1065 4895 praetorio
1082 4838 1137 4883 et
1167 4831 1447 4898 patricius,
1488 4848 1633 4887 anno
1657 4833 1781 4887 454.
1814 4832 1894 4887 Ad
1915 4849 2072 4888 eum-

499 4911 625 4967 dem
665 4923 838 4970 exstat
882 4917 1075 4972 lsidori
1104 4919 1393 4976 Pelusiotae
1429 4921 1658 4992 epistola
1686 4922 1785 4975 lib.
1814 4922 1869 4984 5.
1907 4921 2068 4990 epist.

502 5003 625 5059 494.
653 5006 1001 5064 Marcellinus
1022 5010 1341 5067 defunctum
1370 5014 1535 5067 refert
1551 5015 1854 5083 Protogene
1888 5021 1944 5068 ct
1973 5013 2073 5069 As-

501 5095 643 5151 terio
669 5112 837 5164 coss.,
874 5099 930 5155 id
948 5107 1053 5167 est,
1077 5116 1222 5157 anno
1250 5103 1374 5157 449.

498 5205 746 5277 .Epistola
783 5209 871 5275 89,
898 5213 1264 5283 deprecatoria
1292 5213 1363 5267 ad
1404 5212 1734 5267 Florentium
1770 5214 2070 5284 patricium.

571 5321 647 5377 De
673 5321 951 5380 Florentio
980 5325 1095 5381 haec
1121 5326 1286 5382 habet
1315 5327 1776 5397 prosopographia
1804 5342 1931 5381 mox
1955 5326 2076 5381 lau-

2247 4510 2330 4564 Ad
2358 4524 2485 4564 eum
2511 4508 2637 4563 data
2663 4515 2749 4563 est
2786 4508 3019 4578 epistola
3048 4510 3139 4574 44,
3169 4508 3238 4563 ad
3279 4524 3444 4578 quam
3468 4510 3765 4564 observata

2181 4606 2330 4664 sunt,
2355 4613 2477 4669 qua}
2496 4607 2876 4656 occurrerunt.

2182 4711 2420 4785 Epistola
2449 4712 2539 4779 94,
2578 4713 2942 4784 deprecataria
2975 4711 3047 4765 ad
3064 4711 3411 4783 Protogenem
3432 4711 3762 4780 prwfectum.

2245 4826 2371 4882 Fuit
2404 4826 2494 4881 ille
2540 4825 2843 4901 praefectus.
2880 4822 3141 4895 praetorio
3194 4837 3340 4877 anno
3384 4823 3521 4887 447;
3567 4824 3764 4878 consul

2181 4930 2323 4969 anno
2350 4914 2481 4980 449;
2515 4914 2780 4985 patricius
2834 4928 2980 4967 anno
3009 4912 3144 4976 450;
3197 4927 3342 4965 unus
3371 4926 3438 4965 ex
3478 4911 3764 4981 judicibus

2180 5007 2399 5062 concilii
2421 5005 2878 5062 Chalcedonensis
2908 5020 3054 5058 anno
3081 5004 3175 5058 45!
3190 5044 3204 5057 .

2212 5119 2455 5190 Epistula
2476 5118 2565 5184 95,
2590 5118 2948 5188 deprecatoria
2977 5116 3046 5169 ad
3065 5115 3376 5170 Antiochum
3396 5116 3726 5186 praefectum.

2246 5230 2288 5284 l.
2318 5230 2446 5285 Haec
2465 5230 2532 5285 de
2544 5230 2814 5286 Antiocho
2830 5229 2885 5283 in
2910 5230 3377 5299 prosopographia
3405 5229 3573 5284 semel
3594 5236 3772 5298 atque

2185 5325 2384 5379 iterum
2423 5323 2662 5378 laudata.
2688 5323 2812 5378 Fuit
2843 5321 2948 5378 sub
2973 5322 3283 5379 Theodosio
3307 5322 3532 5379 .luniorc
3564 5321 3769 5395 pracfe-

1896 5479 2206 5539 SCIIELZII
2247 5480 2470 5536 NOTAE.

576 5591 620 5621 ⁷⁸
654 5592 772 5648 Vid.
806 5607 994 5660 supra,
1027 5608 1080 5662 p.
1119 5593 1239 5647 329.
