4024 6152
293 281 405 346 285

293 482 468 535 Basso
494 494 641 534 anno
683 479 808 533 451.
867 475 1102 533 Multum
1127 479 1440 533 eontulitad
1463 479 1684 534 Codicis
1710 479 1888 532 Theo-

293 573 513 627 dosiani
550 571 875 637 editionem,
921 580 981 626 ut
1005 571 1251 626 declarat
1296 571 1415 637 ipse
1450 569 1796 624 Theodosius
1834 570 1888 622 in

296 664 408 717 line
445 662 676 717 novellae
711 661 763 715 1.

360 757 430 811 ll.
461 756 602 810 Sunt
652 755 746 824 qui
781 761 1003 823 putent,
1055 753 1284 806 indicari
1328 750 1542 806 now-lia
1593 751 1886 804 Theodosii

295 847 392 911 53,
428 861 551 915 qua:
591 845 736 899 edita
785 860 928 897 anno
953 845 1090 907 444,
1133 843 1463 897 Antiochum
1517 855 1642 896 ante
1683 858 1884 895 annum

297 941 408 995 «144
453 939 566 993 vita
613 953 732 992 esse
763 936 1033 990 functum.
1087 937 1290 990 Putant
1336 950 1469 989 vero
1520 944 1744 1003 pmpter
1772 933 1887 987 haec

297 1033 512 1087 verba:
550 1051 569 1082 ε
621 1030 677 1085 Si
727 1047 835 1101 qua
881 1029 1155 1084 invocatio
1195 1037 1319 1098 post
1357 1028 1884 1082 administrationem

300 1126 536 1180 illustris
553 1127 831 1179 memoria:
845 1125 1102 1178 Antiochi
1129 1123 1266 1176 facta
1291 1133 1392 1187 est;
1420 1142 1436 1173 ι
1470 1131 1526 1177 et
1545 1123 1646 1176 ista
1672 1140 1683 1172 :
1719 1141 1734 1171 ι
1763 1121 1886 1183 Suf-

302 1219 468 1274 licere
498 1218 753 1273 novimus
778 1216 934 1280 illud,
957 1216 1102 1285 quod
1130 1215 1361 1268 illustris
1387 1214 1666 1267 memoriae
1693 1212 1884 1265 Antio-

299 1312 442 1366 chus
459 1318 588 1364 ante
618 1326 675 1364 se
707 1309 962 1363 relevatis
997 1307 1212 1360 indixit.
1254 1325 1272 1357 ι

375 1401 393 1419 ¹
426 1399 517 1452 Ill.
556 1399 758 1452 Verum
793 1397 977 1451 obstat
1015 1393 1347 1449 Theodoreti
1399 1391 1692 1446 scribentis
1739 1407 1884 1446 anno

297 1493 405 1545 447
429 1489 754 1543 auctoritas.
793 1487 986 1543 Obstat
1030 1497 1086 1542 et
1127 1485 1474 1540 Marcellinus
1502 1484 1557 1536 in
1588 1482 1842 1538 Chronico
1865 1525 1878 1550 ,

297 1583 396 1637 ubi
418 1583 487 1636 ad
521 1581 868 1635 consulatum
901 1579 1138 1632 Zenonis
1174 1586 1229 1631 et
1257 1575 1615 1637 Postumiani,
1645 1574 1739 1643 qui
1782 1591 1880 1628 an-

297 1692 406 1730 nus
439 1674 565 1737 448,
597 1673 898 1726 Antiochus
932 1670 1220 1740 przeteetus
1243 1667 1497 1736 prietorio
1533 1665 1735 1719 dicitur
1765 1674 1880 1719 tur-

299 1784 391 1824 res
417 1777 474 1822 et
506 1774 694 1836 portas
719 1765 842 1834 igne
866 1770 1087 1817 exustas
1115 1761 1393 1815 refecisse.

369 1861 458 1913 IV.
519 1857 852 1912 Eunuchum
885 1853 1051 1908 tradit
1101 1852 1330 1918 Suidas;
1386 1851 1585 1906 favisse
1639 1849 1887 1905 Nestorio

296 1951 432 2005 inde
457 1949 762 2018 colligitur,
785 1945 933 2016 quod
960 1947 1079 2016 ejus
1107 1959 1393 1999 sermones
1425 1944 1748 2012 litterasque
1772 1941 1892 1997 Cte-

302 2045 504 2098 lestino
534 2057 688 2111 papa:
715 2039 914 2094 detulit
941 2038 1005 2092 ⁷⁸.

359 2154 604 2226 Epistula
625 2153 714 2216 96,
753 2150 1120 2222 deprecatoria
1157 2148 1226 2201 ad
1258 2146 1489 2202 Numam
1527 2145 1835 2215 patrici-um.

370 2269 452 2322 De
490 2267 664 2322 Nomo
706 2264 916 2318 dictum
950 2269 1035 2316 est
1065 2261 1132 2315 ad
1173 2260 1432 2330 epistolas
1467 2259 1534 2313 58
1567 2265 1623 2312 et
1651 2257 1739 2323 8l,
1765 2257 1889 2326 qui-

300 2360 408 2415 bus
427 2357 685 2428 queritur
712 2354 1119 2417 Theoddretus,
1159 2367 1270 2406 non
1300 2351 1469 2406 fuisse
1513 2351 1840 2419 rescriptum
1874 2367 1887 2402 :

311 2469 328 2499 ι
369 2447 593 2516 Bisjam
640 2459 764 2499 cum
819 2442 1159 2512 scripserim,
1219 2455 1283 2495 ac
1327 2448 1410 2494 ter
1442 2441 1629 2504 etiam,
1672 2439 1889 2509 opinor,

300 2552 629 2607 responsum
655 2551 762 2588 non
791 2533 998 2601 accepi.
1031 2551 1048 2583 ι

339 2650 586 2721 Epistula
619 2650 709 2713 97,
735 2649 1100 2718 deprecaturia
1145 2648 1214 2700 ad
1249 2647 1558 2715 Sporaci-um
1595 2649 1855 2701 comitem.

367 2763 734 2819 Consulatum
762 2761 932 2832 gessit
957 2776 1104 2814 anno
1125 2760 1248 2824 452,
1287 2776 1410 2814 cum
1434 2777 1578 2814 anno
1610 2760 1894 2829 superiore

304 2857 578 2912 adfuisset
611 2855 756 2908 inter
790 2853 1009 2924 judiccs
1056 2853 1294 2907 concilio
1321 2852 1773 2907 Chalcedonensi.
1806 2852 1889 2921 lp.

305 2947 423 3001 sius
449 2946 765 3000 hortatione
792 2944 1013 3014 scripsit
1045 2944 1429 2999 Theodoretus
1457 2944 1658 2998 librum
1688 2944 1893 2998 Adver-

1474 279 1571 339 DE
1611 281 1866 339 LIBRlS
1903 280 1947 338 Τ
1954 282 2410 344 HEODOBETL

293 405 422 447 ctus
449 391 709 463 praetorio
752 405 900 445 anno
944 390 1046 444 427
1071 431 1085 454 ,
1114 390 1218 444 4'50
1258 400 1312 444 et
1350 391 1446 444 451
1479 409 1492 455 ;
1537 391 1726 444 consul
1763 405 1886 444 cum
1923 397 1962 450 Α

3460 285 3566 346 286

2169 395 2409 466 Epistula
2443 395 2535 450 101
2560 436 2572 460 ,
2607 397 2675 449 ad
2698 394 2996 450 Celerinam
3019 393 3388 446 diaconissam.

2058 509 2098 561 Ι.
2130 507 2302 576 Hujus
2332 508 2558 577 pariter,
2583 505 2783 560 nobilis
2806 505 2995 574 procul
3019 504 3188 558 dubio
3210 503 3447 567 feminae,
3465 518 3566 572 po-

1993 601 2161 655 tentia
2197 603 2458 656 utendum
2492 603 2702 671 putavit
2741 600 3140 654 Theodoretus.
3171 598 3366 651 Mirum
3397 597 3566 660 enim,

1991 702 2255 760 quantum
2289 702 2436 748 totus
2471 694 2562 747 hic
2591 692 3021 746 diaconissarum
3055 691 3191 743 ordo
3223 699 3278 742 et
3307 688 3569 758 dignitate

1989 790 2044 835 et
2077 782 2402 836 auctoritate
2429 783 2682 851 polleret,
2716 792 2777 836 ut
2823 783 2876 835 in
2911 783 3085 852 ipsum
3118 781 3365 849 redigere
3404 779 3568 834 vellet

1990 873 2333 928 Theodosius
2371 874 2716 928 Pulcheriam
2768 873 3068 943 Augustam
3122 885 3400 933 sororem,
3459 886 3570 937 quo

1989 965 2300 1019 interdictis
2331 965 2688 1019 srecularibus
2710 964 2880 1028 curis,
2919 971 3034 1016 tota
3056 970 3280 1016 vacaret
3302 960 3569 1014 ecclesia-

1987 1059 2140 1113 sticis
2176 1066 2230 1112 et
2252 1057 2474 1111 divinis.

2055 1151 2120 1204 ll.
2177 1149 2530 1204 Obscrvanda
2589 1149 2722 1203 duo.
2773 1149 2823 1201 1.
2872 1147 3181 1202 Celerinam
3237 1142 3570 1197 Theodoreti

1985 1257 2214 1310 operum
2248 1241 2418 1294 fuisse
2442 1241 2744 1293 studiosam
2777 1256 2790 1291 :
2822 1239 2967 1292 unde
2989 1238 3135 1290 enim
3156 1234 3358 1303 alioqui
3387 1232 3576 1287 scivis-

1985 1342 2089 1396 set,
2123 1348 2242 1400 quae
2278 1332 2418 1386 foret
2448 1331 2620 1399 ipsius
2649 1344 2826 1394 mens,
2859 1327 2965 1381 nisi
3003 1335 3097 1380 aut
3120 1324 3460 1378 Antiochena
3488 1321 3570 1374 di-

1986 1435 2142 1478 catur
2162 1465 2176 1488 ,
2217 1432 2311 1476 aut
2338 1421 2641 1476 Antiochia:
2690 1421 2784 1473 diu
2811 1417 3069 1472 versata?
3100 1415 3154 1468 2.
3192 1413 3488 1482 Episcopus
3517 1426 3575 1464 sc

1985 1517 2202 1570 dedisse
2233 1516 2286 1568 in
2309 1514 2472 1577 viam,
2505 1511 2704 1565 hiemis
2731 1510 3023 1579 asperitate
3057 1513 3389 1573 contempta,
3414 1509 3576 1570 atquc

1985 1607 2122 1661 adeo
2165 1606 2265 1659 sub
2300 1605 2460 1658 finem
2489 1602 2616 1656 anni
2643 1602 2768 1654 4‘17.

2098 1717 2341 1789 Epistula
2383 1717 2506 1781 102,
2544 1713 2966 1784 expostulaturia
2993 1711 3062 1764 ad
3083 1707 3341 1764 Basiliam
3368 1706 3478 1775 epi-

2665 1800 2898 1853 scopum.

2063 1899 2327 1954 Seleucim
2349 1900 2666 1969 episcopum
2687 1938 2700 1960 ,
2738 1895 2961 1950 Isauriae
2980 1894 3273 1964 primatem
3312 1887 3579 1957 intelligc,

1992 1993 2058 2046 ad
2088 2008 2252 2061 quem
2273 1999 2357 2046 est
2381 1991 2612 2060 epistola
2641 1990 2730 2044 85.
2762 1988 2899 2042 Vide
2926 2001 3048 2056 quae
3081 1983 3148 2037 ad
3187 1983 3360 2050 ipsam
3387 1978 3581 2031 obser-

1993 2090 2115 2136 vata
2190 2087 2319 2134 sunt
2366 2080 2433 2133 de
2468 2079 2691 2133 Basilio.
2727 2077 2854 2130 Fuit
2904 2076 2995 2128 ille
3037 2073 3299 2140 frequens
3343 2069 3399 2122 in
3444 2065 3581 2119 urbe

1991 2172 2158 2242 regia,
2192 2170 2576 2238 serviebatque
2603 2166 2834 2236 tempori
2868 2179 3026 2233 :quae
3051 2162 3151 2216 fuit
3174 2175 3360 2222 causa,
3388 2173 3488 2212 cur
3511 2156 3581 2209 ab

1991 2280 2059 2318 eo
2083 2279 2140 2317 se
2160 2261 2460 2324 desertum,
2488 2261 2544 2314 in
2582 2260 2686 2313 hac
2708 2257 3062 2312 inclinatione
3080 2267 3289 2314 rerum,
3329 2248 3585 2303 Theodo-

1993 2364 2144 2409 retus
2171 2361 2520 2423 quereretur.

1996 2466 2239 2540 Epistula
2266 2465 2388 2530 105,
2406 2463 2837 2519 commendatitia
2861 2459 2930 2514 ad
2959 2455 3298 2529 Apollonium
3321 2451 3579 2506 comitem.

2059 2580 2100 2633 Ι.
2129 2578 2257 2631 Fuit
2305 2575 2630 2646 Apollonius
2671 2587 2858 2628 eomes
2909 2581 3191 2624 sacrarum
3228 2562 3580 2633 largitionum

1994 2683 2140 2722 anno
2160 2666 2283 2728 4'56,
2319 2673 2381 2718 ut
2405 2670 2621 2718 constat
2657 2677 2721 2716 ex
2749 2661 2787 2714 l.
2813 2659 2914 2712 ult.
2943 2657 3020 2710 De
3051 2651 3387 2723 murilegulis
3409 2691 3423 2714 ,
3453 2648 3581 2702 data

1993 2759 2495 2830 Constantinopoli.

2059 2853 2124 2907 ll.
2160 2852 2240 2906 Ad
2273 2851 2451 2921 ipsum
2483 2847 2687 2915 scripta
2716 2853 2800 2898 est
2835 2839 3066 2911 epistola
3100 2838 3188 2900 73,
3211 2849 3376 2904 quam
3402 2843 3586 2902 operte

1997 2944 2233 3013 pretium
2260 2951 2344 2997 est
2367 2951 2780 3011 recognoscere.
2810 2935 2958 2987 Inter
2984 2931 3161 2999 ipsum
3185 2936 3241 2981 et
3269 2921 3587 2978 Theodore-

307 3055 394 3092 sus
427 3041 678 3092 hereses.
711 3036 870 3101 Vide,
899 3051 1022 3105 qua:
1059 3035 1476 3090 observavimus
1501 3034 1570 3088 ad
1602 3036 1891 3104 epistolam
1920 3057 1962 3115 ο
1999 3043 2115 3087 tum
2157 3029 2470 3086 intercessit
2519 3026 2782 3088 amicitia,
2832 3024 2948 3078 sive
2992 3036 3158 3091 quam
3205 3019 3427 3078 litterae,
3469 3013 3586 3068 sive

309 3130 531 3201 supposi
543 3131 740 3194 titiam.

483 3243 727 3316 Epistula
754 3241 845 3309 98,
877 3243 1246 3314 deprecaturia
1277 3242 1348 3295 ad
1380 3241 1760 3295 Pancharium.

379 3361 533 3415 Inter
575 3360 816 3413 illustres
846 3356 1119 3412 exstitisse
1174 3363 1388 3409 eertum
1432 3363 1542 3418 cst,
1595 3355 1903 3425 insignique

317 3464 553 3506 munere
580 3449 934 3512 defunctum;
959 3446 1053 3501 sed
1079 3446 1206 3516 quis
1238 3445 1306 3500 de
1339 3455 1534 3500 czeteru
1567 3447 1755 3511 fuerit,
1784 3447 1903 3501 nul-

314 3545 407 3597 lus
431 3542 572 3596 scio.

317 3653 564 3727 Epistula
591 3653 681 3716 99,
711 3627 1075 3774 deprecatoria
1124 3649 1197 3732 ad
1251 3647 1609 3704 Claudianum
1656 3651 1899 3717 amigra-

980 3739 1014 3774 υ
1052 3737 1247 3774 armm.

980 3737 1247 3791 pnarmm.

385 3818 464 3872 De
491 3815 794 3871 Claudiano
835 3813 938 3866 tria
970 3819 1242 3866 constant.
1294 3811 1342 3863 1.
1374 3809 1529 3876 Quod
1571 3811 1770 3880 sacpius
1805 3828 1902 3864 au-

319 3909 526 3964 diverit
567 3906 1001 3967 Theodoretum,
1030 3919 1152 3957 cum
1197 3901 1365 3956 verba
1394 3903 1599 3956 faceret
1626 3904 1691 3957 ad
1729 3919 1903 3972 pupu-

319 4003 434 4056 lum
483 3999 646 4069 337
694 3997 1016 4052 Antiochiam
1071 3995 1124 4048 2.
1185 3993 1341 4060 Quod
1376 4009 1500 4048 cum
1553 3996 1827 4063 acciperet
1870 4011 1900 4049 a

318 4093 674 4149 Theodoreto
736 4091 988 4153 litteras,
1043 4086 1211 4141 fuerit
1262 4085 1406 4140 inter
1457 4086 1898 4139 catechumenos.

320 4185 377 4238 5.
415 4182 573 4247 Quod
616 4178 1061 4249 antigrapharius
1110 4177 1199 4230 ille
1231 4185 1550 4230 censeretur
1592 4176 1736 4229 inter
1780 4175 1904 4228 illu-

323 4281 468 4325 stres
507 4287 522 4321 :
559 4269 706 4322 unde
743 4266 1160 4338 magnificentiae
1195 4264 1419 4319 nomine
1464 4279 1494 4318 a
1554 4263 1902 4318 Theodoreto

323 4362 713 4431 compellatur.
742 4361 869 4414 Fuit
905 4375 1038 4413 vero
1082 4357 1451 4426 ἀντιγραφεὺς
1484 4355 1630 4425 apud
1667 4355 1901 4416 Graecos,
1937 4388 1978 4442 υ

326 4470 494 4525 quem
523 4453 663 4508 Galli
708 4459 910 4505 vocant
943 4448 1254 4506 Cunm‘ileur
1284 4445 1501 4518 général
1539 4447 1626 4501 des
1649 4445 1904 4515 ﬁnances.

323 4545 410 4600 Ad
447 4560 574 4598 eum
607 4552 739 4596 sunt
775 4542 912 4604 alite,
964 4555 1082 4594 mea
1115 4538 1339 4608 quidem
1395 4537 1690 4601 sententia,
1718 4536 1912 4590 littera:

327 4637 394 4690 41
423 4643 482 4688 et
513 4635 582 4689 50
603 4635 673 4686 ⁷⁷.

476 4747 718 4814 Epistula
752 4745 870 4808 100,
904 4745 973 4798 ad
993 4742 1358 4798 Alexandram
1386 4741 1756 4795 diaconissam.

405 4838 449 4892 1.
505 4837 630 4891 Haec
675 4845 761 4891 est
797 4836 1125 4899 Alexandra,
1169 4849 1334 4903 quam
1369 4834 1425 4886 in
1471 4832 1628 4886 obitu
1670 4830 1917 4900 conjugis

331 4930 654 4983 consulatus
716 4937 800 4983 est
853 4927 1230 4982 Theodoretus
1302 4927 1467 4994 epist.
1530 4925 1632 4985 Μ,
1682 4938 1912 4992 qumque

332 5035 494 5075 more
540 5019 1004 5074 nobilissimarum
1035 5017 1326 5070 viduarum
1360 5015 1416 5068 in
1466 5013 1832 5068 diaconissam
1881 5029 1910 5066 a

333 5112 555 5175 Proclo,
581 5111 1042 5180 quemadmodum
1085 5126 1115 5163 a
1139 5109 1529 5180 Chrysostomo
1552 5106 1706 5175 prius
1729 5105 1913 5176 Olym-

334 5198 478 5268 pias,
506 5199 758 5253 ordinata
781 5205 884 5253 est.

406 5290 474 5344 ﬂ.
504 5289 632 5344 Haec
659 5289 994 5345 Theodoreti
1024 5300 1227 5360 partes,
1260 5300 1322 5343 ut
1343 5289 1458 5357 ipse
1488 5286 1690 5346 innuit,
1722 5283 1912 5338 defen-

333 5377 525 5442 derat,
558 5379 786 5448 suisque
819 5380 874 5433 id
912 5381 1112 5434 litteris
1152 5379 1560 5434 renuntiaverat
1597 5375 1766 5428 :huic
1800 5371 1912 5441 cpi—

337 5483 538 5538 scopos
570 5469 921 5524 commendat
952 5469 1151 5538 opibus
1176 5476 1231 5522 et
1255 5483 1388 5522 cura
1414 5463 1770 5536 adjuvandus.

2005 3138 2169 3192 quam
2207 3133 2534 3189 congressus
2560 3115 2833 3184 pepererit
2852 3123 2907 3167 et
2933 3112 3149 3166 foverit.

2005 3252 2247 3325 Epistula
2275 3250 2397 3314 10$,
2432 3247 2796 3325 deprecatoria
2823 3245 2899 3325 _ad
2938 3243 3255 3297 Flavianum
3281 3237 3586 3294 Constanti-

2509 3315 2712 3387 nupulis
2751 3317 3069 3385 episwpum.

2065 3436 2106 3490 Ι.
2141 3435 2215 3488 De
2245 3430 2511 3486 Flaviano
2539 3426 2706 3482 semel
2747 3423 2978 3494 epistula
3006 3421 3094 3483 ll,
3130 3419 3331 3472 iterum
3357 3413 3589 3484 epistola

2003 3529 2071 3583 86
2103 3527 2310 3581 dictum
2337 3530 2442 3578 est.

2076 3617 2141 3670 ll.
2198 3614 2357 3669 Nunc
2407 3607 2753 3664 observanda
2783 3605 2910 3661 tria.
2960 3602 3114 3656 Hanc
3155 3597 3442 3668 epistolam
3490 3608 3587 3665 per

2002 3706 2296 3774 episcopos
2324 3701 2538 3769 legatos
2561 3695 2784 3748 missam
2813 3695 2829 3713 ‘
2859 3690 3107 3761 ejusdem
3137 3702 3258 3741 esse
3285 3683 3592 3754 argumenti

2000 3770 2164 3865 338
2189 3770 2312 3846 cum
2354 3785 2688 3857 octogesima
2731 3790 2917 3845 sexta,
2965 3778 3073 3832 nisi
3109 3775 3256 3845 quod
3293 3774 3488 3842 dogma
3523 3770 3592 3824 de

2003 3902 2112 3938 uno
2141 3883 2274 3936 Filio
2306 3877 2574 3948 prolixius
2603 3872 2919 3941 exponitur.
2953 3869 3007 3921 9..
3045 3865 3182 3921 Cum
3228 3868 3594 3916 recensentur

2002 3973 2269 4037 hmretici,
2301 3970 2396 4040 qui
2424 3969 2493 4022 de
2523 3965 2745 4021 Christo
2794 3976 2954 4016 secus
2984 3972 3147 4027 quam
3173 3961 3413 4024 Oportet,
3463 3965 3593 4004 sen-

2002 4081 2146 4126 sere,
2180 4077 2291 4116 non
2317 4055 2580 4128 appellari
2613 4052 2854 4108 Nestorii
2886 4064 3110 4103 nomen.
3149 4046 3200 4099 5.
3235 4044 3367 4110 Qua:
3395 4042 3587 4097 dicuno

2005 4165 2094 4210 tur
2149 4153 2216 4207 de
2258 4149 2470 4204 ratione
2520 4145 2760 4207 diversa,
2810 4154 2919 4210 qua
2952 4134 3345 4206 disputandum
3400 4139 3486 4187 est
3525 4130 3594 4184 de

2003 4242 2380 4300 incarnatione
2419 4237 2684 4292 adversus
2709 4233 2961 4287 diversos
2996 4227 3306 4289 hazretieos,
3363 4223 3594 4278 totidem

2007 4337 2118 4391 fere
2149 4334 2334 4388 verbis
2377 4331 2430 4385 in
2474 4326 2720 4396 dialogo,
2751 4321 2846 4393 qui
2875 4321 3078 4375 dicitur
3110 4317 3440 4387 Inconfusus,
3465 4329 3597 4369 con-

2012 4425 2199 4482 tineri.

2014 4533 2260 4608 Epistula
2296 4531 2432 4594 105,
2485 4525 2784 4581 hurtaturia
2840 4521 2910 4574 ad
2937 4517 3222 4588 Eulogium
3253 4528 3593 4567 a’conomum.

2090 4645 2347 4717 Ejusdem
2394 4649 2480 4694 est
2518 4627 2828 4708 argumenti
2869 4647 2995 4687 cum
3041 4624 3482 4699 praecedentibus
3509 4622 3596 4676 vi-

2014 4715 2173 4810 ginti.
2203 4737 2414 4802 Quanta
2443 4732 2610 4786 fuerit
2636 4730 2690 4783 in
2727 4726 2974 4782 Ecclesia
2996 4715 3598 4785 Constantinopolitana

2015 4841 2428 4884 oeconumorum
2484 4820 2773 4893 potentia,
2831 4832 2994 4872 nemo
3053 4811 3306 4869 eruditus
3371 4806 3595 4861 nescit:

2013 4925 2218 4987 quanto
2243 4915 2466 4986 pictatis
2483 4912 2666 4967 studio
2692 4908 3100 4968 incenderetur,
3132 4908 3444 4972 quantaque
3472 4895 3599 4949 inde

2011 4986 2043 5063 a
2065 5007 2250 5062 multis
2277 5006 2446 5060 unius
2469 5012 2681 5058 natura:
2703 4997 3089 5055 defensoribus
3115 4988 3416 5047 certamina
3437 4986 3602 5040 susti-

2012 5108 2172 5157 neret
2212 5097 2500 5166 Eulogius,
2538 5091 2923 5148 Theodoretus
2949 5085 3150 5149 tradit;
3187 5080 3354 5137 tradit
3393 5077 3602 5166 pariter

2013 5190 2270 5243 edoctum
2299 5165 2494 5254 probe,
2527 5181 2641 5235 sive
2668 5179 2935 5232 librorum
2969 5173 3229 5233 lectione,
3258 5167 3406 5238 quod
3429 5165 3600 5235 magis

2011 5295 2162 5340 reor,
2197 5277 2310 5331 sive
2333 5271 2698 5331 sermonibus,
2723 5281 2845 5335 quae
2867 5265 3007 5318 foret
3053 5277 3208 5316 mens
3239 5255 3598 5319 Theodoreti,

2014 5367 2083 5421 de
2110 5362 2506 5434 quaestionibus
2545 5373 2610 5412 ca
2650 5360 2980 5425 tempestate
3004 5350 3370 5411 ferventibus,
3399 5347 3462 5400 de
3487 5360 3600 5397 una

2015 5457 2282 5511 incarnati
2308 5454 2454 5508 Verbi
2473 5461 2690 5514 natura,
2716 5448 2779 5503 de
2805 5447 2913 5501 Deo
2940 5460 3114 5514 passo,
3135 5452 3240 5496 etc.
3266 5440 3445 5506 Quare
3464 5435 3600 5489 hor-

1680 5574 1993 5670 sunimzu
2039 5611 2264 5667 Νυτςις.

415 5712 459 5745 ’⁸
488 5713 693 5785 Ephes.
719 5714 938 5778 coneil.,
974 5722 1113 5783 part.
1158 5731 1192 5767 ι.

1273 5715 1312 5742 ⁷⁷
1347 5711 1465 5768 Vid.
1516 5726 1699 5780 supra,
1736 5724 1787 5778 p.
1822 5706 1923 5760 5'20
1953 5715 2004 5762 (δι
2049 5705 2170 5762 5'15.
