4024 6152
418 243 523 308 287

1542 238 1919 301 GARNERII
1959 235 2452 298 DISSERTATIO
2491 222 2573 298 II.

3576 231 3683 296 288

424 368 572 415 tatur
603 356 670 412 ad
709 355 795 412 sui
829 352 1207 410 defensionem
1236 358 1291 405 et
1323 349 1710 420 episcoporum
1746 349 2004 404 subleva-
2035 353 2078 406 Α
2108 346 2355 401 futurum
2383 355 2523 412 erat,
2583 355 2645 402 ut
2673 353 2819 402 reus
2838 345 2994 400 ﬁeret
3034 343 3249 416 iniusta:
3273 341 3506 410 alicujus
3529 343 3683 400 ordi-

344 488 349 493 -
423 451 651 506 tionem.

423 562 668 636 Epistola
702 561 823 626 l06,
862 559 1292 614 commendatitia
1338 560 1408 613 ad
1449 559 1813 614 Abrahamum
1865 575 1999 614 teco-

1099 646 1333 683 nomum.

497 745 758 816 Ejusdem
790 742 1016 798 omnino
1045 741 1353 812 argumenti
1376 741 1887 811 cum‘przecedcnte.

428 857 670 931 Epistola
698 857 818 921 107,
847 857 1145 910 hortatoria
1173 855 1241 908 ad
1272 855 1588 909 Theodotum
1621 853 2000 924 presbyterum.

497 969 728 1025 Videtur
759 975 815 1022 et
846 968 951 1022 iste
976 969 1204 1036 'quoque
1234 965 1552 1019 Theodotus
1591 965 1795 1018 nobilis
1833 963 2003 1018 exsti-

429 1063 560 1116 tisse
612 1060 755 1114 inter
797 1059 1149 1129 presbyteros
1195 1057 1455 1112 Ecclesiae
1499 1056 2004 1124 Constantinopoli-

429 1161 588 1212 tanae,
617 1160 908 1221 partesque
930 1148 1260 1204 Theodoreti
1286 1147 1548 1201 adversus
1574 1155 2007 1216 propugnatores

430 1243 597 1298 unius
640 1253 851 1298 natura:
898 1242 1075 1312 palam
1119 1248 1176 1295 et
1215 1256 1339 1294 cum
1380 1238 1626 1308 periculo
1674 1236 2003 1290 defendisse.

430 1336 599 1406 Cujus
631 1335 888 1391 Ecclesia:
925 1349 1023 1388 seu
1068 1333 1211 1387 tituli
1260 1331 1549 1402 presbyter
1591 1327 1779 1391 fuerit,
1822 1327 2008 1382 nullus

434 1443 570 1481 SCIO.

465 1539 708 1612 Epistola
739 1539 859 1605 108,
893 1537 1186 1592 hortatoria
1221 1535 1290 1588 ad
1314 1533 1561 1587 Acacium
1595 1531 1970 1602 presbyterum.

504 1652 890 1722 Orphanorum
935 1651 1036 1704 iste
1070 1656 1291 1702 curator
1327 1646 1559 1700 Aeacius
1593 1664 1605 1698 :
1637 1645 1739 1699 fuit
1763 1645 1928 1701 etiam
1954 1644 2008 1698 in
2044 1680 2086 1734 Β

434 1744 684 1813 partibus
723 1739 1076 1802 Theodoreti,
1123 1755 1324 1807 easque
1379 1739 1556 1808 palam
1606 1747 1662 1792 et
1698 1746 2014 1792 constanter

435 1834 819 1904 propugnavit.
855 1831 1117 1885 Hortatur
1144 1829 1552 1892 Theodoretus,
1581 1837 1639 1882 ut
1663 1836 2009 1897 perseveret;

436 1936 598 1996 atque
623 1925 780 1990 adeo,
813 1923 959 1994 quod
984 1922 1399 1994 intelligendum
1422 1965 1436 1987 ,
1469 1921 1698 1976 consilia
1723 1936 1848 1975 cum
1891 1920 2010 1990 epi.

371 2016 378 2021 ⁷
437 2018 620 2088 scopis
645 2016 1033 2072 communicet.

436 2131 679 2197 Epistola
729 2131 850 2196 109,
895 2130 1323 2212 σοιηηιεηᾴαιίιὶα
1371 2130 1441 2184 ad
1470 2129 1753 2185 Eusebium
1792 2127 2014 2198 Ancyra:

1072 2216 1312 2271 episcopu
1321 2217 1391 2254 m.

509 2310 551 2364 Ι.
588 2310 671 2364 Ad
695 2310 951 2364 eumdem
994 2309 1098 2364 fuit
1135 2310 1366 2380 epistola
1414 2309 1502 2375 82,
1536 2310 1603 2364 ad
1630 2326 1794 2380 quam
1821 2310 2014 2364 obser-

440 2399 687 2454 vavimus
720 2415 841 2469 quae
882 2401 999 2454 visa
1033 2408 1163 2454 sunt
1192 2398 1260 2453 de
1288 2399 1527 2454 Eusebio
1557 2419 1569 2454 :
1599 2415 1753 2454 nunc
1801 2400 1868 2455 dc
1893 2401 2014 2469 epi-

441 2491 601 2554 stola,
632 2507 754 2561 quze
788 2507 912 2546 cum
942 2491 1379 2561 praecedentibus
1405 2493 1633 2562 reliquis
1657 2493 1780 2547 data
1810 2503 1915 2548 est.

510 2584 574 2638 ll.
603 2584 658 2637 ln
679 2600 741 2638 ea
764 2585 1003 2654 primum
1031 2601 1090 2640 se
1110 2587 1490 2641 Theodoretus
1513 2585 1848 2643 consolatur.
1869 2586 2017 2656 quod

441 2681 756 2727 sanctorum
802 2674 1105 2729 calumnias
1146 2691 1432 2744 passorum
1482 2674 1728 2742 vestigiis
1772 2674 2013 2728 insistat.

441 2762 646 2820 Deinde
676 2765 839 2820 fidem
868 2782 1023 2822 suam
1045 2767 1114 2824 de
1139 2784 1250 2823 uno
1279 2768 1416 2823 Filio
1443 2769 1686 2837 exponit.
1716 2768 1910 2822 Postea
1934 2768 2018 2822 lo-

440 2853 632 2923 quitur
673 2853 741 2909 de
788 2857 1027 2926 scripto,
1064 2874 1175 2927 quo
1210 2859 1527 2927 complexus
1574 2858 1754 2912 fuerat
1795 2858 2017 2912 Patrum

421 2945 752 3000 testimonia
784 2963 884 3016 pro
907 2963 966 3002 se
993 2948 1282 3015 facientia;
1317 2951 1563 3019 petitque
1598 2949 1826 3004 rescribi
1854 2950 1922 3004 ad
1958 2966 2017 3004 se

2103 439 2362 501 nationis,
2409 438 2524 493 sive
2574 437 2764 493 lrenaei
2799 435 3201 506 depositionem
3240 433 3518 505 probaret.
3567 434 3684 489 sive

2105 529 2458 600 improbaret.
2504 528 2561 583 Si
2608 528 2757 583 enim
2790 534 3021 596 prOpter
3059 526 3302 580 rationes
3333 524 3404 578 ab
3449 524 3688 595 impera-

2106 627 2222 674 tore
2249 618 2516 672 adductas
2552 617 2906 685 improbaret,
2941 631 3039 668 cur
3077 615 3344 668 lrenzeum
3375 613 3687 668 ordinavit?

2104 726 2202 765 cur
2249 709 2427 779 ipsum
2464 715 2690 777 propter
2727 706 2888 761 fidem
2936 716 2990 759 et
3029 715 3254 759 exteras
3288 705 3523 759 virtutes
3566 705 3686 758 lau-

2105 800 2234 854 dat?
2273 802 2290 820 '
2335 799 2393 852 Si
2429 797 2712 868 probaret,
2763 812 2864 851 cur
2905 796 3116 851 Irenaeo
3160 811 3538 850 successorem
3575 810 3689 850 non

2105 889 2362 944 ordinat?

2177 982 2265 1035 IV.
2319 980 2620 1051 Digamiam
2680 995 2845 1051 porro
2893 996 3004 1034 non
3052 980 3222 1035 fuisse
3272 978 3689 1047 impedimento,

2107 1073 2416 1137 confirmat,
2456 1072 2694 1142 primum
2722 1072 2974 1141 exemplo
3007 1071 3301 1126 Alexandri
3336 1070 3692 1137 Antiocheni,

2108 1168 2203 1235 qui
2274 1165 2613 1235 Diogenem,
2667 1172 2723 1218 ct
2777 1165 2976 1235 Praylii
3025 1163 3542 1234 llicrosolymitani,
3593 1165 3691 1232 qui

2109 1257 2462 1319 Domninum,
2513 1257 2759 1326 digamos
2807 1255 3190 1320 ordinassent;
3250 1254 3450 1308 deinde
3499 1269 3691 1308 assen-

2110 1347 2263 1403 sione
2311 1349 2513 1412 Procli,
2559 1347 3058 1416 episcoporumque
3109 1345 3350 1400 Ponticae
3389 1345 3692 1400 ditecescos

2110 1450 2166 1497 et
2205 1441 2524 1504 Palaestinae,
2552 1440 2647 1509 qui
2689 1438 3090 1492 ordinationem
3128 1436 3314 1491 lrenaei
3343 1437 3692 1506 probassent;

2181 1533 2244 1587 ν.
2274 1532 2467 1586 Mirum
2500 1531 2678 1585 videri
2709 1537 2907 1600 potest,
2943 1529 3091 1599 quod
3125 1527 3530 1588 Theodoretus,
3561 1544 3694 1597 par-

2113 1639 2193 1677 vce
2247 1629 2304 1676 et
2343 1629 2568 1676 remotae
2620 1621 2810 1691 procul
2869 1619 3107 1674 civitatis
3155 1619 3463 1688 episcopus,
3517 1619 3695 1689 Tyria:

2114 1714 2374 1769 Ecclesia:
2419 1712 2740 1782 episcopum
2788 1711 3085 1766 Phtenicize
3133 1710 3328 1779 prima:
3371 1708 3693 1778 metropoli-

2117 1817 2302 1861 tanum
2345 1805 2733 1860 ordinaverit:
2790 1820 2912 1872 qua:
2958 1802 3104 1856 enim
3153 1801 3282 1855 facti
3327 1802 3532 1855 causa?
3583 1800 3696 1856 Cur

2114 1897 2526 1966 circumpositis
2552 1904 2632 1949 tot
2661 1895 3068 1964 provinciarum
3102 1891 3465 1955 antistitibus,
3493 1891 3698 1946 utrius-

2115 2006 2221 2060 que
2260 1988 2524 2043 nimirum
2568 1987 2738 2059 Syria:
2777 1993 2833 2041 et
2892 1985 3190 2040 Plueniciaa
3248 1982 3595 2044 Libanitidis,
3638 1981 3696 2036 id

2117 2094 2286 2135 ausus
2331 2080 2455 2134 est?
2499 2078 2581 2133 An
2623 2079 2753 2132 solis
2784 2077 3106 2132 Phaenicum
3143 2074 3400 2144 precibus
3426 2072 3699 2128 adductus

2117 2171 2255 2225 fuit?
2297 2169 2408 2225 Cur
2451 2184 2584 2238 ergo
2629 2168 2696 2222 de
2738 2165 3084 2236 subrogando
3132 2165 3187 2218 in
3228 2164 3409 2218 locum
3463 2162 3699 2232 depositi

2115 2264 2375 2333 episcopo
2423 2271 2530 2315 tam
2575 2259 2810 2313 sollicite
2853 2255 3193 2326 angebatur?
3243 2254 3324 2308 An
3356 2254 3552 2308 Domni
3598 2269 3698 2322 pa-

2118 2353 2369 2410 triarchae
2392 2351 2634 2420 iussione
2658 2365 2722 2404 ac
2753 2347 2956 2402 vicaria
2984 2345 3293 2416 potestate?
3317 2343 3427 2399 Cur
3457 2344 3510 2398 id
3543 2344 3701 2399 silet?

2115 2444 2228 2499 Cur
2271 2440 2636 2497 ordinationis
2673 2439 2829 2494 facta}
2857 2438 3066 2492 crimen
3096 2437 3200 2491 hac
3236 2434 3556 2490 defensione
3587 2449 3698 2490 non

2118 2533 2378 2604 repellit?

2151 2645 2395 2718 Epistola
2425 2644 2548 2710 111,
2575 2643 2900 2715 apologatica
2926 2642 2996 2696 ad
3018 2641 3320 2697 Anatolium
3359 2640 3660 2710 patricium.

2191 2754 2233 2808 1.
2279 2752 2416 2808 Cum
2478 2752 2688 2822 accepit
2738 2752 3022 2808 Anatolius
3067 2751 3376 2822 epistolam,
3425 2765 3546 2819 quae
3605 2749 3696 2813 9‘2,

2120 2845 2428 2899 reseribens
2471 2844 2876 2898 Theodoretum
2912 2843 3119 2906 docuit,
3160 2850 3395 2912 quantos
3432 2841 3703 2896 Constan-

2123 2937 2354 3006 tinopoli
2403 2937 2459 2989 in
2513 2936 2691 3005 ipsum
2738 2944 2920 2990 motus
2963 2935 3290 2989 concitasset
3328 2938 3701 2990 Osroenorum

441 3036 510 3090 ab
539 3037 808 3103 Eusebio,
835 3041 966 3109 quid
1010 3041 1136 3095 inde
1171 3042 1426 3096 senserit.
1471 3041 1716 3111 Denique
1747 3057 2020 3096 commen-

2127 3028 2450 3082 clericorum
2495 3026 2750 3094 querela;
2799 3033 3176 3093 quantumque
3230 3021 3571 3092 impenderet
3602 3037 3701 3090 pc-

441 3125 537 3180 dat
596 3128 884 3197 episcopos
929 3130 1143 3201 Ancyra
1205 3131 1565 3196 transituros,
1606 3131 1881 3200 traditque
1925 3146 2020 3186 eos

441 3218 624 3273 hieme
662 3220 765 3275 iter
793 3220 992 3276 faccre.
1038 3221 1175 3278 Cum
1221 3225 1369 3278 enim
1403 3233 1832 3294 tempestuosum
1875 3234 2021 3281 esset

442 3323 614 3371 mare,
651 3308 999 3379 intutumqne
1049 3311 1542 3383 hiemiS‘temporc,
1587 3315 1692 3369 iter
1732 3316 1841 3370 illis
1875 3325 2021 3372 terra

443 3414 565 3454 esse
580 3399 790 3465 debuit,
809 3402 956 3472 quod
986 3411 1046 3456 ut
1063 3403 1448 3458 brevissimum
1469 3405 1822 3472 conficerent,
1845 3418 2022 3463 trans-

443 3489 576 3544 ituri
617 3500 775 3546 erant
801 3492 1014 3563 Ancyra
1033 3492 1276 3558 Galatiae,
1310 3504 1366 3549 et
1387 3495 1512 3550 inde
1533 3498 1773 3553 secundo
1795 3499 2021 3554 ﬂumine

445 3579 710 3649 Sangario
744 3582 956 3637 devecti
1009 3583 1063 3636 in
1111 3584 1445 3655 Bithyniam,
1489 3585 1835 3643 Chalcedone
1873 3590 2020 3645 Con-

445 3669 856 3738 stantinopolim
902 3673 1206 3741 trajecturi.
1245 3675 1605 3741 Asperitatem
1631 3677 1794 3747 339
1854 3696 2021 3749 porro

445 3755 646 3814 hiemis
667 3761 935 3823 meminit,
961 3762 1220 3831 quoniam
1251 3764 1418 3818 Tauri
1453 3767 1653 3821 montis
1699 3777 1863 3838 atque
1911 3769 2021 3824 An-

448 3852 632 3908 titauri
661 3853 837 3908 vicina
862 3854 979 3908 loca
1006 3856 1344 3926 peragraturi
1379 3866 1558 3913 erant.

517 3944 603 3998 111.
639 3943 936 4015 Scriptum,
975 3947 1133 4017 cujus
1188 3949 1523 4004 mentionem
1565 3950 1716 4017 facit,
1767 3957 2020 4026 suspicor

445 4051 568 4091 esse
609 4037 994 4107 depromptum
1021 4055 1089 4092 ex
1133 4039 1376 4094 secundo
1418 4040 1667 4113 dialogo;
1704 4061 1807 4101 nec
1843 4048 1912 4103 ab
1953 4064 2020 4104 ea

446 4125 669 4182 differre
728 4128 1168 4183 testimoniorum
1220 4131 1444 4201 sylloge,
1494 4149 1616 4202 quae
1670 4139 2020 4204 postmodum

446 4217 631 4272 addita
674 4227 758 4273 est
800 4221 1044 4289 cpistola
1099 4223 1271 4276 sancti
1317 4223 1537 4278 Leonis.

525 4329 768 4400 Epistula
795 4331 896 4385 110
924 4333 996 4385 ad
1023 4331 1284 4387 Domuum
1304 4329 1594 4391 Antiochiae
1625 4341 1942 4412 episwpum.

516 4422 560 4478 Ι.
595 4423 818 4492 Spectat
853 4426 1046 4494 procul
1081 4426 1250 4481 dubio
1283 4428 1352 4482 ad
1401 4430 1527 4484 anni
1577 4432 1676 4485 447
1725 4433 1928 4487 finem:
1967 4433 2028 4489 fit

446 4515 594 4569 enim
625 4515 682 4569 in
713 4531 778 4570 ea
823 4518 1030 4572 mentio
1067 4517 1310 4574 defuncti
1337 4521 1537 4588 Procli,
1566 4523 1660 4591 qui
1700 4523 1768 4578 ad
1799 4540 2028 4594 superos

449 4603 668 4659 transiit
699 4604 1169 4677 Constantinopoli
1203 4624 1332 4666 ann.
1365 4611 1488 4676 447,
1535 4613 1626 4668 die
1657 4613 1727 4669 24
1754 4614 2025 4670 Octobris.

519 4695 585 4749 ll.
633 4695 720 4749 Fit
759 4703 816 4750 et
857 4697 1063 4751 mentio
1101 4697 1462 4767 depositionis
1507 4702 1718 4767 lremei,
1759 4720 1880 4774 qum
1901 4714 2031 4760 tunc

447 4793 548 4840 aut
585 4785 768 4842 futura
806 4786 954 4857 vulgi
987 4803 1206 4844 rumore
1225 4788 1522 4856 ferebatur,
1553 4801 1648 4847 aut
1678 4795 1842 4848 etiam
1873 4810 2030 4849 man-

450 4876 582 4930 dato
612 4875 960 4946 imperatoris
993 4878 1215 4934 decreta
1253 4889 1392 4943 erat,
1423 4883 1603 4952 reipsa
1627 4898 1758 4938 vero
1789 4893 2031 4953 postmo-

453 4967 584 5020 dum
607 4967 786 5022 edicto
812 4968 1192 5048 praefectorum
1212 4972 1490 5041 publicata
1516 4982 1622 5039 est,
1643 4973 1700 5027 in
1730 4975 2030 5030 Palaestinae

453 5060 850 5114 monachorum
885 5062 1146 5117 Eeclesiis
1192 5077 1337 5116 anno
1377 5063 1503 5129 448,
1537 5063 1628 5118 die
1683 5063 1751 5121 18
1804 5065 2030 5134 Aprilis,

452 5164 578 5219 quae
622 5151 728 5205 fuit
772 5152 887 5204 Νέα
931 5155 1190 5223 κυριακή.

529 5242 617 5296 lll.
658 5243 921 5309 Queritur
947 5247 1348 5311 Theodoretus,
1380 5246 1529 5302 tendi
1555 5247 1660 5302 sibi
1693 5247 1941 5312 insidias,
1969 5263 2036 5303 eo

456 5334 606 5404 quod
635 5334 837 5405 deponi
869 5336 1132 5392 Irenaeum
1158 5339 1354 5409 jubeat
1399 5339 1718 5409 imperator,
1756 5356 1858 5395 nec
1878 5355 2037 5394 man-

461 5425 556 5481 det
590 5434 771 5481 tamen
811 5427 1041 5482 alterius
1083 5429 1199 5484 ﬁeri
1235 5430 1636 5487 ordinationem
1673 5448 1686 5485 :
1723 5431 1852 5486 hinc
1890 5431 2036 5485 enim

2128 3119 2385 3180 riculum,
2427 3117 2534 3171 nisi
2556 3126 2942 3180 amoveretur;
2971 3115 3216 3170 defendit
3241 3130 3298 3169 se
3324 3113 3704 3168 Theodoretus

2127 3210 2434 3266 rationibus
2492 3208 2734 3278 optimis,
2791 3218 2847 3262 et
2891 3208 3249 3262 nihilominus
3294 3222 3352 3260 se
3400 3207 3467 3260 ad
3509 3221 3704 3276 perpe—

2129 3299 2374 3354 tiendum
2434 3298 2739 3368 quidlibet,
2794 3297 2910 3351 sive
2956 3297 3208 3351 exsilium
3258 3296 3393 3350 illud
3449 3296 3539 3361 sit,
3589 3301 3705 3350 sive

2126 3390 2293 3445 etiam
2334 3404 2503 3452 mors,
2547 3397 2798 3457 paratum
2845 3395 3095 3440 testatur.

2196 3481 2260 3535 ll.
2294 3481 2428 3534 Data
2463 3487 2547 3533 est
2579 3479 2831 3547 epistola,
2861 3487 2985 3548 post
3029 3488 3313 3548 receptum
3354 3479 3594 3534 Anatolii
3637 3479 3704 3533 ad

2127 3571 2366 3641 priorem
2387 3585 2707 3638 responsum
2733 3569 2928 3640 :3“
2944 3571 3230 3625 Anatolius
3259 3587 3370 3625 non
3395 3571 3704 3641 respondit,

2127 3663 2230 3716 nisi
2259 3669 2541 3731 postquam
2565 3661 2850 3730 epistolam
2869 3662 3109 3730 priorem
3140 3663 3208 3716 ab
3249 3663 3525 3732 episcopis
3563 3661 3710 3716 Con-

2127 3751 2534 3820 stantinOpolim
2555 3751 2795 3820 appulsis
2833 3750 3133 3820 accepisset
3156 3769 3170 3804 :
3196 3752 3470 3822 appellere
3491 3752 3568 3806 illi
3595 3766 3709 3806 non

2127 3851 2428 3914 potuerunt
2452 3851 2579 3895 ante
2603 3841 2765 3896 finem
2795 3843 2921 3896 anni
2947 3843 3071 3905 447,
3091 3851 3184 3896 aut
3199 3844 3364 3897 etiam
3392 3843 3608 3897 initium
3625 3857 3712 3897 se-

2127 3933 2382 4004 quentis;
2413 3949 2605 4002 aspera
2625 3934 2772 3987 enim
2792 3934 2972 3987 hieme
3003 3934 3294 3989 Antiochia
3319 3935 3708 3990 discesserant.

2130 4025 2253 4079 [hcc
2300 4024 2465 4094 igitur
2504 4024 2776 4093 posterior
2818 4024 3048 4092 epistola
3094 4024 3219 4079 data
3269 4035 3355 4081 est
3394 4032 3519 4095 post
3571 4023 3714 4080 festa

2127 4116 2428 4182 Paschalia,
2455 4115 2676 4170 circiter
2699 4114 2862 4170 finem
2889 4115 3094 4185 Aprilis
3120 4117 3247 4171 anni
3276 4118 3401 4173 448.

2188 4228 2431 4302 Epistota
2469 4229 2593 4294 112,
2627 4229 2696 4283 ad
2720 4228 2988 4283 Domuum
3018 4230 3309 4284 Antiochia:
3328 4231 3653 4301 episcopum.

2189 4345 2232 4399 1.
2264 4343 2580 4399 Certissima
2607 4350 2691 4396 est
2727 4343 2994 4411 temporis
3034 4351 3200 4397 nota:
3238 4343 3298 4397 Iit
3347 4344 3496 4398 enim
3548 4343 3604 4397 in
3644 4357 3714 4398 ea

2132 4438 2342 4494 mentio
2367 4433 2695 4490 evocatoria:
2718 4433 2880 4504 regiae
2915 4435 2983 4487 ad
3031 4435 3328 4489 secundam
3377 4435 3714 4504 Ephesinam

2133 4528 2436 4601 synodum;
2463 4535 2520 4580 et
2541 4525 2705 4579 datur
2731 4541 2762 4579 a
2788 4524 3140 4579 Theodoreto
3171 4525 3466 4580 consilium
3501 4526 3714 4579 Domno

2134 4621 2203 4677 de
2234 4621 2402 4675 rebus
2424 4620 2480 4673 in
2502 4618 2708 4690 synodo
2739 4617 2986 4688 agendis,
3015 4617 3420 4688 eligendisque,
3457 4632 3596 4676 quos
3622 4629 3714 4670 se-

2135 4728 2260 4769 cum
2296 4711 2544 4774 duceret,
2573 4710 2942 4779 metropolitis
2967 4708 3036 4763 ⁷⁸.

2200 4802 2267 4856 Il.
2309 4802 2442 4854 Data
2479 4808 2566 4854 est
2600 4799 2789 4869 igitur,
2817 4807 3108 4868 postquam
3139 4799 3487 4868 pervenisset
3520 4797 3718 4852 Antio-

2135 4890 2315 4946 chiam
2346 4888 2680 4951 evocatoria,
2703 4895 2761 4940 et
2794 4895 3089 4955 antequam
3118 4887 3362 4940 Domnus
3399 4883 3719 4955 proﬁcisw

2137 4988 2293 5036 retur
2323 4979 2622 5048 Ephesum.
2657 4977 2796 5032 Cum
2847 4991 2978 5046 ergo
3010 4976 3322 5031 evocatoria
3356 4976 3717 5045 consignetur

2130 5072 2436 5140 Protogene
2464 5077 2522 5123 et
2555 5067 2768 5122 Asterio
2792 5081 2935 5120 coss.
2964 5066 2998 5119 5
3038 5066 3156 5120 Kal.
3201 5065 3427 5135 Aprilis,
3460 5063 3718 5131 feretque

2133 5159 2191 5213 in
2229 5175 2293 5214 ea
2319 5157 2637 5214 condictum
2668 5155 2925 5210 Patribus
2953 5155 3021 5209 ad
3042 5154 3314 5210 Kalendas
3332 5153 3587 5223 Augusti,
3627 5159 3720 5209 at.-

2135 5265 2244 5318 que
2267 5249 2495 5303 distaret
2525 5246 2818 5303 Antiochia
2842 5246 3092 5315 Ephesus
3125 5246 3326 5300 itinere
3357 5244 3575 5299 dierum
3617 5239 3724 5295 tri-

2137 5340 2288 5411 ginta
2339 5349 2396 5394 et
2435 5339 2692 5409 amplius,
2742 5349 2799 5394 et
2845 5338 3084 5392 necdum
3143 5336 3400 5408 elegisset
3443 5335 3716 5398 Domnus,

2141 5447 2281 5502 quos
2305 5447 2492 5486 secum
2527 5430 2777 5495 duceret,
2806 5429 3214 5500 metropolitas;
3255 5419 3490 5483 necesse
3510 5432 3626 5491 est,
3654 5431 3724 5478 ω

1821 5585 2128 5642 SCIIULZII
2173 5584 2394 5641 λΟΤΑΞ.

531 5652 572 5684 ⁷⁸
614 5651 729 5706 Vid.
775 5669 960 5724 supra,
1011 5673 1064 5725 p.
1107 5653 1220 5708 182.
