4024 6152
284 204 406 268 239

1468 197 1565 257 DE
1598 197 1847 257 LIBRIS
1889 194 2391 256 ‘I‘HEODORETI.

3438 195 3544 259 290

298 311 1217 381 TheodoretusDomnoscripserit
1238 325 1426 365 mense
1445 310 1586 364 Maio
1606 310 1732 363 anni
1752 310 1875 363 449.
1908 316 1952 370 Α
1979 309 2071 379 qui
2112 309 2288 379 ipsum
2314 306 2502 376 genuit
2526 307 2707 371 Pater,
2747 314 2802 360 et
2825 305 3065 375 Spiritus
3101 314 3357 371 sanctus;
3386 305 3541 362 ideo-

373 408 462 461 lll.
500 406 577 460 Ex
621 420 686 459 ea
719 419 853 457 vero
905 402 1201 455 discimus:
1236 401 1285 454 1.
1335 399 1566 454 Causam
1620 399 1875 467 cogendae

292 498 501 570 synodi
558 495 895 564 potissimam
942 492 1111 547 fuisse
1175 490 1531 561 μικροψυχίαν
1580 490 1875 545 Theodosii

302 588 598 645 irascentis
620 586 910 640 Flaviano;
940 582 1205 653 pependit
1228 582 1375 637 enim
1406 582 1597 652 synodi
1623 582 1877 651 cogenda:

296 677 618 737 consilium,
652 673 829 726 donec
867 679 1072 725 tentata
1109 681 1193 724 est
1235 670 1497 724 antistitis
1543 686 1665 723 cum
1702 670 1878 738 impc-

298 774 489 820 ratore
536 761 934 817 reconciliatio.
979 760 1033 813 2.
1069 760 1417 828 Prospexisse
1448 760 1875 822 Theodoretum,

290 871 425 926 qua:
466 854 605 907 mala
640 860 858 921 pareret
908 850 1174 921 synodus,
1206 850 1321 903 suis
1364 851 1723 918 temporibus,
1756 849 1878 903 ani-

298 960 634 1015 morumque
701 942 1090 997 allectionibus
1138 942 1353 997 collatis
1417 957 1542 997 cum
1604 941 1875 1005 Nicamis,

300 1039 451 1111 quod
479 1039 774 1108 diligenter
799 1035 1230 1099 observandum,
1263 1044 1324 1089 ut
1354 1035 1603 1090 Historia:
1632 1036 1878 1089 ecclesia-

292 1135 448 1187 stica:
489 1146 686 1199 scopus
727 1129 1049 1197 attingatur.
1078 1130 1129 1182 5.
1162 1128 1334 1193 Quam
1374 1127 1489 1196 ipse
1540 1128 1719 1181 adhuc
1754 1128 1882 1181 reti-

298 1232 463 1279 neret
493 1222 808 1291 opinionem
835 1219 901 1273 de
939 1219 1215 1288 capitibus
1244 1217 1455 1288 Cyrilli,
1483 1218 1549 1271 ad
1596 1235 1716 1287 quze
1744 1233 1877 1271 con-

296 1311 574 1367 ﬁrmanda
618 1310 859 1380 synodus
920 1309 1023 1377 ipsi
1072 1309 1356 1363 videretur
1397 1310 1556 1379 cogi;
1606 1308 1878 1378 siquidem

300 1413 528 1477 putaret
550 1404 693 1457 idem
726 1417 868 1465 esse,
904 1400 1113 1455 absolvi
1136 1400 1443 1471 Eutychen,
1470 1415 1533 1453 ac
1560 1400 1735 1468 capita
1758 1414 1879 1451 san-

301 1498 430 1551 ciri.
493 1497 543 1549 4.
594 1493 736 1559 Quid
786 1500 911 1545 ante
965 1490 1234 1561 synodum
1282 1488 1878 1560 primamEphesinam

299 1586 633 1647 Orientales,
659 1582 791 1652 quid
837 1582 890 1635 in
930 1581 1047 1650 ipsa
1092 1581 1323 1652 synodo,
1349 1582 1481 1650 quid
1512 1588 1717 1649 postea,
1754 1595 1877 1634 cum

1977 415 2084 468 que
2112 399 2391 468 patibilem
2421 407 2673 451 naturam
2699 397 2997 466 sumpsisse
3017 438 3030 461 ,
3057 397 3184 467 quia
3213 397 3397 451 divina
3445 414 3545 453 na-

1978 500 2103 543 tura
2134 491 2446 559 passionem
2478 505 2586 543 non
2623 488 2941 557 recipiebat,
2966 499 3029 543 ut
3064 505 3162 558 per
3202 489 3384 544 carnis
3420 506 3545 558 pro-

1978 583 2112 652 prio:
2137 581 2448 651 passionem
2491 580 2987 649 impassibilitatem
3019 580 3085 634 iis
3128 582 3222 649 qui
3266 581 3321 634 in
3368 581 3546 650 ipsutn

1979 671 2290 731 crederent,
2320 672 2638 740 largiretur.
2682 689 2700 720 ι

2046 764 2098 815 4.
2131 764 2203 816 De
2235 763 2530 816 Flaviano:
2573 781 2589 812 ε
2622 761 3120 815 Alexandrinorum
3146 761 3373 814 antistes
3402 761 3547 816 haud

1980 870 2255 923 quaquam
2288 863 2580 908 contentus
2621 854 2725 907 fuit
2766 854 2953 922 iniqua
2977 853 3078 907 hac
3108 863 3163 905 et
3193 852 3547 922 injustissima

1979 945 2321 1015 depositione
2374 945 2725 1008 sanctissimi,
2782 945 3002 1013 Deoque
3046 944 3351 998 charissimi
3402 944 3547 998 Cou-

1981 1038 2593 1108 stantinopolitanorum
2652 1037 2937 1105 episcopi,
2996 1036 3203 1090 domini
3266 1036 3545 1101 Flaviani;

1979 1146 2157 1200 neque
2187 1129 2358 1199 ipsius
2404 1127 2639 1182 animam
2704 1127 2941 1195 explevit
2989 1126 3288 1181 consimilis
3344 1136 3552 1196 strages

1980 1225 2216 1278 aliorum
2248 1223 2653 1292 episcoporum.
2691 1239 2707 1270 ›
2736 1218 2816 1272 Ex
2858 1218 2945 1287 his
2978 1218 3247 1288 siquidem
3291 1217 3550 1287 intelligi-

1982 1322 2091 1379 tur,
2117 1329 2219 1368 nec
2252 1314 2304 1367 in
2344 1314 2577 1367 concilio
2613 1311 2856 1366 occisum
2890 1325 3010 1365 esse
3056 1310 3411 1375 Flavianum;
3450 1326 3553 1364 nec
3612 1386 3615 1387 ν

1981 1406 2161 1460 adhuc
2184 1420 2309 1459 cum
2333 1403 2715 1458 Theodoretus
2738 1401 3009 1456 scriberet
3051 1401 3118 1455 dc
3158 1401 3331 1471 ipsius
3350 1410 3549 1463 morte,

1982 1512 2101 1567 qua:
2124 1496 2210 1550 vel
2243 1496 2298 1549 in
2320 1494 2406 1548 via
2435 1494 2499 1547 ad
2538 1493 2715 1548 exsilii
2761 1493 2965 1555 locum,
3001 1493 3087 1546 vel
3119 1493 3172 1545 in
3223 1492 3345 1546 loco
3377 1491 3553 1546 exsilii

1983 1588 2204 1652 accidit,
2234 1588 2289 1641 in
2314 1586 2540 1641 Oriente
2576 1586 2837 1639 rescitum
2864 1585 3052 1639 fuisse.

301 1678 676 1734 Eeclesiarum
716 1689 819 1743 pax
856 1672 1115 1736 iniretur,
1158 1672 1445 1726 occasione
1480 1671 1719 1740 capitum
1755 1686 1880 1741 ege-

2053 1677 2210 1733 5.‘De
2253 1677 2503 1732 ecclesiis
2551 1675 2654 1729 sibi
2710 1676 2983 1731 subditis:
3043 1696 3060 1728 ι
3103 1675 3553 1747 Octingentarum

301 1769 437 1822 rint.
474 1768 526 1820 5.
562 1764 637 1819 Ad
667 1778 809 1833 quos
847 1761 1160 1816 Occidentis
1198 1761 1473 1815 antistites
1520 1777 1581 1815 ea
1617 1761 1685 1814 de
1718 1776 1882 1815 causa

299 1861 575 1929 scriptum
620 1858 691 1911 sit
727 1856 797 1910 ab
847 1854 1223 1909 Orientalibus
1276 1870 1342 1907 ex
1396 1853 1533 1908 urbe
1581 1853 1879 1921 Ephesina.

301 1953 358 2006 ϐ.
398 1951 613 2016 Quanta
660 1947 827 2001 fuerit
872 1954 1005 1999 tunc
1059 1944 1323 2014 temporis
1372 1942 1735 1997 Orientalium
1768 1942 1882 1995 dis-

302 2039 492 2097 sensio
531 2038 597 2091 de
635 2035 1013 2105 dogmatibus,
1044 2033 1168 2087 aliis
1214 2048 1313 2102 pro
1359 2031 1562 2102 Cyrillo
1588 2031 1880 2095 stantibus,

303 2134 433 2189 aliis
461 2142 673 2184 contra.

378 2225 471 2279 IV.
523 2219 904 2275 Theodoretus
950 2219 1221 2271 Domuum
1264 2224 1471 2277 monet,
1501 2224 1562 2269 ut
1609 2214 1881 2268 delectum

308 2317 496 2378 faciat,
531 2323 643 2367 tum
684 2311 1086 2380 episcoporum,
1118 2317 1233 2361 tum
1263 2307 1589 2361 clericorum
1636 2304 1879 2374 ejusdem

301 2406 616 2466 sementim,
648 2418 788 2471 quos
833 2416 1017 2455 secum
1064 2399 1331 2454 ducturus
1384 2397 1487 2451 sit:
1533 2416 1550 2447 c
1583 2397 1662 2450 Ne
1709 2411 1737 2449 a
1782 2396 1881 2449 do-

304 2494 554 2552 mesticis
600 2492 755 2561 ipsis,
808 2489 1005 2558 inquit,
1054 2488 1280 2557 proditi,
1314 2487 1399 2540 vel
1441 2486 1621 2540 facere
1676 2484 1882 2554 aliquid

305 2601 592 2657 cogamur,
624 2581 771 2651 quod
817 2581 929 2634 Deo
960 2580 1268 2648 displiceat,
1300 2578 1385 2632 vel
1421 2578 1521 2632 soli
1572 2577 1777 2641 relicti,
1813 2576 1882 2630 ab

302 2677 564 2734 hostibus
594 2673 713 2741 capi
744 2671 900 2724 facile
926 2671 1219 2739 possimus.
1263 2688 1281 2719 ι

352 2787 601 2863 Epistola
638 2786 762 2849 115,
804 2783 1169 2906 appelltggg;
1194 2782 1261 2834 ad
1287 2780 1509 2834 Leonem
1537 2783 1833 2852 episcopum

374 2953 417 3007 l.
456 2949 710 3007 Celebris
753 2948 867 3001 haze
928 2944 1158 3013 epistola
1186 2942 1311 2999 data
1359 2951 1443 2998 est
1487 2943 1677 3013 procul
1717 2942 1883 2996 dubio

304 3060 453 3100 anno
482 3042 610 3106 H9,
637 3054 824 3094 mense
856 3038 1079 3092 circiter
1104 3035 1361 3099 Octobri,
1399 3051 1524 3089 eum
1557 3034 1767 3088 nuntiis
1790 3048 1883 3087 ac-

307 3136 481 3207 ceptis
513 3134 583 3187 de
614 3148 709 3186 sua
735 3128 1096 3199 depositione,
1125 3143 1246 3196 qua:
1273 3127 1410 3181 facta
1435 3134 1519 3181 est
1549 3126 1750 3195 Ephesi
1787 3124 1877 3178 die

306 3226 601 3283 undecima
632 3224 885 3292 Augusti,
926 3220 1111 3274 sedem
1162 3218 1517 3288 apostolicam
1561 3218 1881 3287 appellaret,

308 3321 666 3385 mitteretque
709 3314 935 3366 Romam
968 3311 1392 3380 chorepiscopos
1436 3310 1594 3373 duos,
1623 3310 1779 3381 34],
1829 3318 1885 3364 et

312 3405 605 3461 exarcbum
641 3402 1059 3464 monachorum,
1091 3400 1185 3469 qui
1237 3399 1659 3469 appellationem
1692 3414 1883 3469 prose-

306 3504 578 3566 queretur
602 3496 672 3547 τ’.

382 3587 451 3642 ll.
481 3584 911 3654 Appellatoriam
957 3582 1108 3636 dixi:
1157 3579 1288 3649 quid
1339 3579 1488 3634 enim
1522 3579 1671 3634 aliud
1713 3580 1883 3651 signi-

307 3678 478 3733 ﬁcant
504 3677 623 3730 istae
648 3674 854 3727 voces?
883 3692 899 3723 ‹
937 3672 1047 3726 Oro
1073 3681 1237 3739 atque
1270 3671 1516 3724 obtestor
1540 3671 1884 3726 sanctitatem

310 3779 484 3831 tuam,
516 3776 577 3821 ut
603 3766 737 3819 mihi
776 3772 983 3818 rectum
1023 3779 1087 3817 ac
1112 3764 1323 3832 justum
1365 3762 1604 3816 tribunal
1638 3771 1885 3816 vestrum

308 3856 589 3912 invocanti
607 3870 765 3924 opem
784 3853 943 3915 ferat,
958 3854 974 3871 ⁶
991 3852 1290 3921 jubeatque
1310 3850 1374 3903 ad
1396 3866 1492 3903 vos
1513 3850 1724 3914 venire,
1739 3859 1844 3904 etc.
1860 3869 1877 3901 )

377 3947 470 4002 lll.
505 3942 859 3999 Observanda
885 3956 1015 3996 vero
1058 3949 1188 3995 sunt
1235 3939 1567 3994 Theodoreti
1599 3940 1768 3994 verba
1813 3940 1882 3995 de

306 4024 483 4093 variis
512 4037 680 4090 rebus
704 4036 846 4089 scitu
877 4033 1073 4103 dignis.

382 4132 437 4184 1.
460 4130 540 4184 De
587 4128 718 4183 sede
763 4125 1059 4195 apostolica
1087 4145 1099 4177 :
1146 4143 1162 4173 ι
1194 4123 1360 4178 Vobis
1386 4123 1592 4195 primas
1622 4123 1677 4177 in
1705 4121 1883 4177 omni-

307 4223 418 4278 bus
444 4230 636 4275 tenere
670 4218 946 4279 convenit,
978 4224 1082 4271 etc.
1124 4235 1142 4266 ι

1984 1769 2339 1824 ecclesiarum
2388 1768 2718 1838 pastoralem
2776 1784 2965 1821 curam
3022 1769 3251 1823 sortitus
3281 1784 3435 1834 sum;
3476 1777 3557 1822 tot

1983 1864 2126 1918 enim
2152 1862 2325 1934 Cyrus
2350 1862 2514 1916 habet
2539 1862 2825 1930 paroecias.
2875 1882 2889 1913 ι

2054 1953 2106 2005 ϐ.
2135 1954 2209 2007 De
2243 1952 2590 2006 anathemate
2615 1952 2760 2007 dicto
2797 1954 2899 2007 sibi
2927 1952 3267 2008 Alexandria:
3295 1972 3306 2006 :
3341 1972 3357 2003 ‹
3398 1953 3557 2008 Anno

1982 2045 2145 2097 etiam
2186 2044 2493 2114 superiore,
2534 2059 2658 2098 cum
2686 2060 2753 2098 eo
2797 2044 3027 2113 profecti
3068 2056 3253 2099 essent
3293 2045 3404 2100 duo
3453 2044 3555 2098 viri

1982 2132 2311 2203 Apollinaris
2355 2134 2548 2188 morbo
2610 2134 2833 2199 inlecti,
2893 2146 2950 2190 et
3000 2138 3304 2192 calumnias
3356 2136 3410 2190 in
3458 2153 3560 2190 nos

1985 2225 2319 2279 tcxuissent:
2357 2240 2696 2295 consurgens
2722 2224 2775 2277 in
2804 2225 3055 2288 ecclesia,
3082 2242 3184 2281 nos
3211 2226 3558 2279 anathemate

1983 2315 2225 2379 conﬁxit,
2256 2315 2421 2384 idque
2476 2331 2599 2369 cum
2644 2314 2710 2368 ad
2758 2330 2882 2369 eum
2939 2316 3308 2384 scripsissem,
3343 2325 3397 2370 et
3435 2331 3556 2385 qua:

1984 2406 2246 2460 sentirem
2294 2423 2393 2475 per
2442 2407 2655 2461 litteras
2704 2407 3101 2476 exposuissem.
3149 2428 3166 2458 1
3217 2408 3349 2462 Inde
3407 2410 3555 2463 enim

1984 2498 2188 2552 scimus
2233 2498 2524 2551 anathema
2572 2497 2779 2551 dictum
2830 2513 2975 2550 anno
3022 2498 3158 2563 M8;
3206 2498 3436 2562 litteras,
3491 2499 3559 2554 de

1984 2588 2186 2658 quibus
2218 2589 2425 2643 mentio
2464 2588 2522 2641 tit
2542 2628 2557 2651 ,
2589 2587 2741 2643 datas
2764 2604 2907 2642 anno
2937 2589 3062 2652 447,
3105 2590 3206 2643 sub
3236 2590 3397 2645 tinem
3426 2608 3439 2656 ;
3467 2607 3558 2645 ac-

1986 2692 2269 2735 eusatorcs
2288 2680 2676 2734 Alexandriam
2702 2681 2979 2750 profectos
3008 2683 3199 2736 eodem
3234 2698 3379 2736 anno
3402 2683 3525 2736 417.

2052 2773 2103 2826 7.
2132 2774 2207 2826 De
2235 2781 2393 2826 aetate
2420 2787 2552 2825 sua:
2598 2792 2613 2821 ι
2656 2771 2761 2825 Sed
2786 2773 2975 2836 nolite,
3004 2773 3257 2837 obsecro,
3285 2774 3563 2844 supplices

1987 2862 2134 2914 meas
2165 2876 2357 2930 preces
2414 2877 2697 2931 respuere,
2742 2877 2844 2915 nec
2900 2863 3155 2916 miseram
3192 2878 3367 2917 meam
3412 2863 3562 2916 cani-

1990 2950 2119 3004 tiem
2164 2959 2285 3020 post
2323 2952 2525 3006 multos
2571 2951 2789 3006 labores
2828 2953 3226 3006 contumeliose
3274 2962 3561 3007 tractatam

1989 3039 2295 3109 despicere.
2331 3059 2349 3091 ›
2385 3041 2539 3095 Tunc
2585 3041 2731 3096 enim
2778 3043 3185 3112 sexagenarius,
3242 3052 3338 3097 aut
3390 3044 3559 3099 etiam

1988 3133 2153 3201 paulo
2187 3133 2380 3202 major,
2404 3136 2605 3202 quippe
2630 3133 2723 3202 qui
2750 3142 2910 3187 natus
2936 3134 3010 3187 'sit
3039 3149 3181 3188 anno
3204 3133 3409 3189 Christi
3434 3136 3558 3192 386.

2056 3221 2145 3277 ιν.
2181 3220 2320 3276 Sunt
2348 3230 2404 3275 et
2435 3222 2539 3275 alia
2584 3224 2754 3277 multa
2791 3223 2975 3293 digna,
3008 3239 3128 3293 qua:
3174 3225 3557 3288 observentur,

1985 3313 2155 3367 veluti
2177 3312 2243 3366 de
2276 3312 2463 3367 Romae
2498 3313 2658 3383 342
2678 3314 2929 3383 sedisque
2963 3315 3562 3384 apostoliemetLeonis

1985 3404 2265 3467 laudibus;
2299 3404 2366 3458 de
2400 3404 2517 3458 suis
2541 3405 2595 3458 in
2625 3405 2927 3458 excolendo
2962 3421 3123 3476 grege
3149 3407 3463 3473 laboribus;
3490 3407 3560 3463 de

1988 3495 2345 3549 concionibus
2374 3495 2679 3550 Antiochia:
2713 3495 2950 3561 habitis;
2987 3496 3054 3551 de
3084 3488 3240 3552 libris
3273 3514 3302 3552 a
3331 3513 3389 3553 se
3431 3514 3563 3554 con-

1987 3587 2240 3655 scriptis;
2268 3586 2336 3641 de
2374 3587 2713 3641 continentia
2745 3597 2800 3642 et
2846 3587 2969 3642 vita:
3003 3587 3267 3642 institutae
3312 3588 3557 3650 ratione;

1986 3676 2054 3731 de
2087 3677 2244 3731 annis
2266 3677 2615 3748 episcopatus
2638 3697 2652 3745 ;
2687 3694 2809 3748 qua:
2831 3678 3015 3733 omnia
3037 3687 3165 3733 sunt
3194 3695 3222 3733 a
3248 3679 3406 3734 nobis
3427 3680 3562 3735 alias

1986 3775 2320 3836 pertractata
2355 3765 2420 3820 ⁸ο.

2122 3898 2360 3970 Epistula
2398 3899 2519 3965 1M,
2556 3901 2983 3953 commendatitia
3021 3900 3092 3954 ad
3127 3901 3450 3955 Andiberim.

2058 4028 2100 4082 Ῑ.
2134 4026 2340 4082 Scribit
2385 4027 2787 4091 Theodoretus,
2821 4043 2943 4082 cum
2988 4038 3110 4098 post
3160 4029 3561 4100 depositioncm

1987 4119 2256 4189 cogitaret
2286 4118 2353 4171 de
2383 4117 2627 4173 discessu
2652 4135 2681 4173 e
2714 4135 2809 4174 sua
2840 4120 3063 4174 civitate
3091 4120 3157 4174 ⁸¹.

2061 4208 2476 4264 ILAndiberim
2520 4218 2739 4277 oportet
2791 4210 3058 4264 illustrem
3109 4210 3308 4278 fuisse,
3359 4214 3562 4285 quippe

377 4312 434 4366 2.
470 4313 547 4365 De
592 4309 795 4363 Leonis
838 4309 1065 4377 epistola
1112 4309 1180 4363 ad
1238 4306 1591 4363 Flavianum:
1643 4324 1662 4357 ‹
1707 4304 1879 4360 Simul
1917 4339 1957 4393 υ
1987 4316 2150 4369 quem
2219 4298 2599 4353 Theodoretus
2654 4299 3069 4369 magniﬁcentiae
3120 4302 3341 4357 nomine
3408 4320 3560 4359 com-

308 4400 648 4461 declarabat,
681 4405 736 4451 et
762 4406 1021 4451 azternam
1065 4412 1133 4451 ex
1168 4406 1374 4451 aeterno
1405 4396 1565 4450 Patre
1602 4392 1880 4464 Unigeniti

308 4491 681 4549 divinitatem,
708 4494 764 4541 et
796 4486 1040 4555 ejusdem
1070 4503 1135 4540 ex
1172 4486 1403 4539 Abrahae
1440 4494 1496 4539 et
1536 4484 1754 4538 Davidis
1791 4499 1881 4539 se-

307 4584 457 4638 mine
491 4579 916 4639 humanitatem,
947 4593 1008 4631 ae
1057 4577 1293 4631 similem
1343 4592 1441 4646 per
1492 4574 1674 4629 omnia
1722 4573 1883 4629 nobis

307 4673 478 4727 fuisse
553 4676 892 4737 assutnptam
975 4675 1270 4729 naturam,
1325 4664 1430 4718 hoc
1482 4678 1591 4717 uno
1640 4660 1883 4715 dissimi-

304 4763 437 4827 lem,
495 4760 645 4830 quod
704 4757 916 4829 peccati
960 4772 1158 4826 expers
1190 4755 1471 4817 manserit,
1507 4752 1708 4822 quippe
1734 4750 1880 4820 quod

306 4871 421 4910 non
472 4870 541 4908 ex
584 4860 817 4917 natura,
868 4850 963 4905 sed
1017 4865 1085 4904 ex
1135 4849 1311 4904 libera
1360 4847 1641 4902 voluntate
1699 4844 1881 4897 nasci-

309 4953 424 4998 “11'.
453 4951 566 4997 θιο.
612 4961 633 4993 ι

377 4983 434 5087 3,.
470 5032 548 5085 De
591 5030 835 5099 epistola:
889 5028 1088 5083 Leonis
1129 5036 1184 5083 et
1226 5027 1494 5081 Eranista:
1552 5022 1885 5079 Theodoreti

310 5124 709 5180 consonantia:
774 5142 791 5173 ι
839 5121 1059 5175 Littera:
1104 5118 1499 5179 continebant,
1545 5130 1715 5169 unum
1764 5129 1886 5169 esse

310 5215 658 5285 unigenitum
693 5213 788 5269 Dei
825 5213 1044 5272 Filium,
1072 5220 1129 5266 et
1175 5208 1532 5280 impatibilem
1580 5222 1703 5261 esse
1749 5204 1888 5259 divi-

311 5308 563 5373 nitatem,
589 5323 714 5377 quaa
751 5322 852 5361 nec
883 5306 1026 5361 verti
1046 5313 1231 5375 queat,
1263 5319 1367 5360 nec
1399 5302 1633 5367 mutari;
1663 5300 1804 5355 sicut
1831 5307 1887 5352 et

1987 4393 2173 4461 pellat.

2065 4483 2153 4537 IIl.
2182 4480 2597 4537 Observandum
2627 4498 2689 4535 ea
2722 4488 3043 4551 tempestate
3100 4483 3427 4538 medicinam
3450 4502 3560 4541 non

1965 4571 2163 4647 luisse
2211 4569 2551 4640 presbyteris
2606 4568 2983 4623 interdictam:
3022 4572 3214 4625 Petrus
3256 4572 3403 4626 enim
3432 4590 3560 4643 pre-

1994 4663 2199 4735 sbyter,
2225 4661 2318 4730 qui
2351 4660 2444 4714 diu
2468 4660 2594 4732 Cyri
2628 4669 2804 4715 artem
2837 4660 2977 4717 hanc
3008 4673 3363 4730 exercuerat,
3390 4665 3563 4720 Andi-

1987 4755 2108 4809 beri
2149 4752 2564 4808 commendatur
2612 4761 2866 4821 tanquam
2916 4754 3067 4808 utilis
3100 4753 3317 4809 futurus
3350 4756 3456 4810 alia
3507 4756 3563 4811 in

1989 4846 2242 4901 civitate:
2274 4859 2398 4897 nam
2448 4860 2558 4913 pra:
2592 4843 2924 4899 Theodoreti
2964 4845 3237 4900 desiderio
3266 4845 3562 4917 Cyrenscm

1988 4936 2245 4990 deserere
2269 4934 2322 4987 in
2354 4933 2537 4987 animo
2569 4933 2826 4987 habebat.

2059 5027 2145 5081 IV.
2178 5025 2302 5079 llaac
2321 5032 2375 5077 et
2397 5039 2742 5093 consequens
2768 5034 2971 5079 temere
2997 5024 3201 5080 inserta
3223 5034 3308 5081 est
3334 5027 3390 5081 in
3416 5027 3565 5083 hunc

1987 5117 2166 5172 locum
2218 5134 2230 5169 :
2280 5116 2445 5171 debet
2490 5116 2637 5170 enim
2673 5117 2925 5185 postponi
2978 5119 3291 5173 centesimae
3337 5118 3565 5174 decimas

1988 5216 2212 5272 octavae,
2234 5222 2356 5276 quae
2375 5215 2460 5261 est
2487 5205 2552 5260 ad
2572 5204 3018 5259 archidiaconum
3045 5208 3264 5275 Romae;
3292 5208 3565 5278 siquidem

1991 5298 2265 5363 “5,1t6,
2300 5298 2401 5351 117
2439 5305 2496 5352 et
2538 5296 2641 5350 118
2690 5295 2938 5365 ejusdem
2980 5309 3107 5353 sunt
3147 5300 3475 5371 argumenti,
3509 5282 3607 5353 et'

1668 5435 1985 5495 SCHULZII
2023 5434 2252 5490 NOTAE.

378 5538 425 5571 "
457 5536 579 5595 Vid.
613 5552 799 5605 supra,
834 5552 887 5605 p.
932 5536 1049 5592 185.

316 5618 440 5663 sunt
483 5623 514 5662 a
549 5601 853 5663 Garrieriof
913 5608 955 5639 ⁸⁸
984 5605 1104 5662 Vid.
1132 5618 1319 5674 supra,
1356 5619 1408 5671 p.
1440 5601 1539 5656 185
1569 5615 1684 5668 seq.

1156 5535 1200 5567 ³ο
1223 5533 1346 5588 Vid.
1387 5547 1508 5601 quae
1548 5530 1714 5594 infra,
1753 5544 1872 5598 cap.
1909 5526 1962 5595 9,
1995 5525 2102 5594 §5,
2132 5524 2200 5580 ad
2235 5525 2416 5579 locum
2465 5521 2757 5594 quemdam
2805 5524 2970 5596 hujus
2994 5523 3239 5595 epistolae
3274 5499 3563 5580 observata
