4040 6172
420 143 523 208 291
1200 129 1239 143 '
1514 145 1891 205 GARNERII
1931 142 2422 203 DISSER'I‘ATIO
2463 142 2540 200 [Ι.
3562 129 3670 191 292

422 269 615 311 manes
654 253 881 309 Romam
921 256 1242 319 mittuntur,
1274 255 1343 309 ad
1385 256 1659 318 Leonem,
1708 257 1996 319 Renauun,
2030 267 2071 317 Α
2102 257 2288 309 cilium
2327 255 2587 308 defuncto
2610 251 2898 307 suffectum
2937 245 3109 317 ﬁngit.
3139 244 3245 299 Sed
3276 257 3490 306 vereor,
3521 252 3584 296 ut
3613 243 3669 297 id

423 344 694 416 synodum
718 346 1038 409 Romanam,
1067 354 1123 399 et
1150 345 1596 399 archidiaconum
1624 347 1832 399 Roma}.
2099 344 2398 400 commenti
2431 341 2761 413 persuadere
2792 339 2962 408 possit
2990 336 3154 391 alicui
3190 350 3374 388 rerum
3398 333 3669 403 ejusmodi

571 455 811 526 Epistola
848 456 977 519 “5,
1018 455 1449 509 commendatitiu
1493 456 1563 508 ad
1595 455 1857 525 Apellam.

2120 451 2211 488 ton
2228 433 2522 488 rudissimo
2545 449 2559 485 :
2588 447 2713 486 nant
2738 431 2923 500 plures
2950 435 3078 482 sunt
3104 424 3309 480 Juliani
3346 422 3577 478 Coensis
3601 422 3670 477 ad

2101 527 2336 581 Leonem
2365 525 2630 594 epistolaz,
2655 523 2843 591 plures
2882 519 3082 574 Leonis
3107 518 3177 572 ad
3208 516 3512 581 Coensem;
3553 517 3673 571 nul-

2101 618 2215 671 lum
2258 624 2437 670 tamen
2465 615 2519 669 in
2543 615 2654 668 ulla
2688 613 2750 666 ﬁt
2779 611 3010 665 verbum
3044 609 3111 664 de
3144 608 3433 679 praesentia
3463 608 3671 679 synodo

2102 705 2365 763 exhibita.
2392 704 2600 758 Deinde
2637 703 2681 758 si
2722 703 2970 757 Julianus
2994 711 3119 755 ante
3156 699 3469 753 inchoatam
3507 714 3673 770 syno-

2103 798 2235 852 dum
2270 797 2563 851 defunctus
2590 796 2683 860 sit,
2716 795 3072 863 Julianusque
3098 791 3326 847 Coensis
3362 793 3435 846 sit
3470 791 3525 846 in
3556 794 3675 863 ejus

2103 892 2284 946 locum
2319 889 2601 952 suffectus,
2642 886 2918 958 quomodo
2957 885 3107 939 nulla
3140 884 3280 938 facta
3322 892 3407 938 est
3441 883 3496 937 in
3523 883 3679 939 Actis

2105 981 2516 1038 substitutionis
2541 978 2765 1041 mentio,
2798 992 2927 1031 cum
2956 990 3148 1030 omnes
3166 973 3233 1028 ad
3266 974 3677 1043 imperatorem,

2106 1076 2174 1130 ad
2202 1075 2499 1145 Augustam
2528 1071 2908 1144 synodumque
2943 1077 3000 1123 et
3035 1067 3172 1122 alios
3191 1067 3388 1122 litterae
3416 1066 3545 1122 Julii
3577 1081 3679 1121 ex—

2106 1182 2296 1237 presse
2352 1164 2734 1227 meminerint,
2786 1161 3092 1230 debeatque
3153 1160 3579 1214 instrumentum
3615 1164 3680 1213 ut

2107 1255 2254 1325 quod
2311 1255 2544 1309 maxime
2604 1251 2981 1307 authenticum
3026 1249 3297 1320 proferri,
3356 1249 3403 1303 si
3456 1249 3680 1319 quando

2107 1346 2378 1416 quispiam
2408 1344 2614 1400 vicario
2642 1343 2907 1398 duntaxat
2942 1342 3066 1412 jure
3109 1341 3307 1396 debeat
3332 1341 3539 1412 synodo
3569 1355 3683 1410 pra

2109 1438 2469 1491 maximarum
2496 1436 2712 1506 sodium
2744 1433 3082 1488 antistitibus
3114 1433 3446 1502 prtcsidere?
3483 1434 3681 1487 Fateor

1710 1585 1723 1597 ,
1745 1585 1761 1599 ,
1968 1586 2002 1599 ,Α
2110 1525 2882 1596 equidem,implicatissimam
2908 1537 3028 1577 esse
3050 1522 3333 1577 historiam
3364 1522 3513 1577 Julii.
3535 1522 3682 1589 Quid

471 1586 594 1689 .l_"'
631 1584 983 1689 Qbsemm
1034 1585 1152 1686 huic
1181 1584 1348 1638 verba
1370 1602 1436 1689 ²,⁴
1631 1585 1869 1689 quidem.
1896 1586 2010 1689 egit
2043 1614 2081 1668 Β
2109 1584 2259 1675 enim
2296 1584 2607 1674 eo'fac-tum
2658 1618 2729 1671 sit
2766 1624 2889 1686 post
2921 1613 3271 1669 latrocinium
3320 1584 3679 1682 Ephesinum,

430 1685 608 1780 31mm?
642 1684 793 1780 ,ωδῖ
862 1691 1248 1780 ωω,,““¹⁰³¹“
1291 1676 1494 1780 ωδδθξη
1523 1677 1581 1780 :x
1612 1686 2006 1780 conspexissel'
2110 1711 2316 1775 nullus,
2365 1709 2512 1780 quod
2566 1709 2755 1772 sciam,
2816 1701 3015 1771 tradit,
3067 1706 3254 1761 nullus
3306 1707 3506 1769 etiam,
3547 1704 3684 1776 quid

430 1763 587 1829 Quod
612 1764 657 1818 si
686 1772 911 1818 caeteras
955 1765 1121 1818 etiam
1143 1806 1157 1829 ,
1181 1782 1303 1835 qua:
1340 1775 1464 1835 post
1507 1767 1811 1822 discessum
1853 1778 2010 1822 tuum

2116 1799 2315 1868 Ephesi
2344 1763 2536 1869 egerit.
2574 1798 2772 1853 Verum
2808 1798 3079 1851 Renatum
3119 1795 3174 1850 in
3215 1796 3393 1850 insula
3423 1763 3684 1851 Delo.de-

432 1865 659 1925 patrata:
689 1865 853 1919 sunt,
907 1856 1173 1911 Phineem
1248 1859 1403 1912 illum
1470 1859 1704 1914 fortasse
1766 1861 2013 1915 imitatus
2114 1856 2362 1943 fu'ncwm
2379 1856 2557 1953 "esse,
2593 1904 2719 1942 cum
2752 1886 3029 1957 Ephesum
3057 1892 3291 1955 pater“,
3319 1895 3686 1955 pmquuam

430 1962 600 2002 ⁸⁸⁵⁸⁵⁸
634 1946 819 2047 ξιηδθ
862 1947 1011 2047 emi“
1059 1948 1283 2047 ﬁdem?
1310 1966 1471 2047 Ρθδῗίῗ
1496 1951 1699 2022 ⁰⁰¹¹ίῧίν
1732 1953 1818 2047 Vf’l
1862 1953 2013 2023 Ῑθεθ·
2115 1979 2261 2047 quod
2286 1979 2435 2033 Felix
2458 1946 2668 2041 scribit,
2697 1946 3035 2032 demonstrat
3059 1946 3182 2030 mea
3199 1946 3428 2044 quidem
3459 1946 3688 2030 senten-

435 2047 521 2093 tos
563 2039 711 2094 sedis
754 2040 1066 2109 apostolica:
1100 2056 1210 2094 non
1253 2041 1566 2097 interfuisse
1614 2044 1843 2114 synodo,
1890 2052 2016 2114 post

2118 2039 2191 2122 tia
2224 2067 2426 2121 invicte
2446 2108 2460 2131 ,
2492 2039 2728 2136 quod-in
2760 2065 2912 2120 Actis
2947 2039 3240 2134 Ephesinis
3276 2079 3475 2119 nomen
3512 2065 3690 2135 ipsius

432 2129 742 2199 depositum
768 2131 1087 2184 Flavianum
1114 2149 1128 2198 ;
1158 2133 1244 2187 vel
1271 2148 1300 2187 a
1330 2133 1698 2201 Thcodoreto,
1729 2135 1844 2190 sive
1867 2136 2013 2208 quod

2116 2176 2226 2216 non
2270 2168 2576 2223 censeatur,
2616 2158 2712 2212 ubi
2745 2173 2856 2212 non
2898 2157 3095 2212 siletur
3128 2156 3196 2210 de
3228 2155 3433 2211 Hilario
3454 2156 3690 2211 diacono

435 2236 464 2272 a
486 2222 696 2275 nuntiis
731 2222 994 2291 deceptus
1015 2232 1181 2287 esset,
1198 2224 1313 2279 sive
1337 2226 1480 2294 quod
1506 2228 1772 2281 memoria
1806 2228 2011 2298 lapsus,
2116 2261 2172 2308 ci
2196 2250 2428 2307 υυιοίιξο
2457 2222 2689 2305 nmmo.

438 2311 710 2410 thumum
754 2314 1138 2410 Ῑηξθδιξῗίθωω
1180 2314 1441 2370 confundi
1473 2332 1598 2371 cum
1622 2317 1974 2397 “immani
1999 2322 2013 2338 ⁸
2191 2342 2540 2397 Observanda
2580 2341 2818 2410 denique
2861 2339 3113 2395 recensio
3149 2338 3440 2402 librorum,
3478 2338 3544 2392 de
3577 2353 3691 2407 qua

439 2402 967 2502 fugisenpmripunf
1119 2496 1131 2502 _
1258 2497 1270 2502 _
1502 2498 1524 2502 _
1730 2501 1741 2502 ί
2116 2432 2324 2502 egimus
2368 2430 2424 2483 in
2453 2445 2571 2499 cap.
2602 2428 2655 2481 Ξ.

509 2494 598 2549 1V.
640 2494 993 2550 Observanda
1017 2496 1224 2567 pariter
1257 2497 1392 2551 ista:
1439 2517 1457 2549 ‹
1490 2498 1662 2564 Quam
1694 2501 1764 2554 ob
1797 2516 2015 2555 causam

444 2600 544 2639 oro
571 2587 914 2642 sanctitatem
934 2596 1104 2653 tuam,
1124 2589 1476 2645 sanctissimo
1502 2600 1558 2645 et
1591 2592 1906 2647 beatissimo
1929 2611 2019 2648 ar-

444 2678 801 2749 chiepiscopo
829 2679 1179 2749 persuadeat,
1206 2686 1267 2733 ut
1286 2681 1587 2750 apostolica
1607 2692 1875 2752 potestate
1896 2694 2018 2738 uta-

441 2778 555 2835 tur,
583 2777 637 2824 et
670 2770 738 2823 ad
783 2771 1076 2825 concilium
1122 2779 1364 2824 vestrum
1415 2772 1670 2826 advolare
1702 2774 2017 2843 praecipiat:

398 2933 405 2939 ι
443 2860 610 2913 habet
630 2860 777 2913 enim
806 2860 1151 2915 sanctissima
1188 2861 1276 2914 illa
1297 2861 1456 2915 sedes
1479 2862 1869 2927 Ecclesiarum,
1901 2879 2022 2931 qtne

498 567 704 621 Eodem
746 575 1026 634 tempore,
1060 564 1254 618 eodem
1301 575 1661 636 argumento:
1706 566 1798 620 hic
1834 566 1999 619 etiam

425 657 615 727 Apella
648 655 1059 725 magnificentia:
1078 654 1300 710 nomine
1324 656 1649 725 appellatur.

496 766 739 839 Epistola
768 766 890 830 116,
941 757 1371 839 commendatitio
1402 767 1472 821 ad
1511 767 1777 822 Renatum
1816 783 1933 838 pre-

1075 837 1362 906 sbyterum.

497 949 545 1002 l.‘
574 949 708 1001 Data
739 962 864 1001 cum
895 947 1098 1002 litteris
1118 946 1185 1001 ad
1222 956 1473 1004 sanctum
1498 949 1761 1005 Leonem.

492 1040 558 1093 ll.
594 1040 840 1093 chatus
862 1040 1150 1111 presbyter
1181 1039 1289 1094 fuit
1308 1057 1451 1095 unus
1471 1041 1539 1095 de
1569 1041 1762 1112 legatis
1776 1059 1807 1096 a
1822 1042 2004 1097 Leone

426 1131 612 1188 missis
635 1131 702 1184 ad
724 1130 1060 1200 Ephesinam
1084 1130 1378 1201 synodum,
1401 1132 1706 1186 secundum
1725 1132 1887 1202 epist.
1908 1133 2001 1186 1οε

433 1244 451 1274 ‹
483 1223 561 1277 Ad
593 1237 813 1276 omnem
844 1237 1067 1276 causam
1114 1221 1204 1291 pie
1234 1238 1298 1277 ac
1333 1222 1572 1278 ﬁdeliter
1596 1224 2004 1294 exsequendam

425 1316 629 1368 fratres
651 1322 870 1367 nostros
893 1313 1097 1367 Julium
1129 1313 1467 1382 episcopum,
1496 1321 1551 1368 et
1581 1312 1848 1368 Renatum
1878 1330 2006 1384 pre-

425 1407 707 1476 sbyterum
758 1403 905 1458 tituli
965 1403 1139 1457 sancti
1190 1403 1530 1470 Clementis,
1582 1404 1678 1459 sed
1731 1414 1787 1459 et
1836 1404 2006 1459 ﬁlium

429 1510 613 1548 meum
644 1493 890 1547 Hilarum
917 1494 1230 1548 diaconum.
1269 1512 1288 1545 ι

2120 2541 2363 2613 Epistola
2390 2542 2511 2603 H7,
2532 2541 2893 2613 deprecatoria
2920 2540 2989 2594 ad
3017 2538 3342 2613 Florentium
3375 2539 3691 2608 episCOpum,

2211 2611 2293 2665 vel
2324 2615 2494 2682 potius
2533 2608 2603 2663 ad
2629 2610 2827 2663 clerum
2857 2619 2951 2664 aut
2977 2608 3255 2663 concilium
3278 2608 3596 2663 Romanum.

2192 2702 2233 2755 1.
2265 2702 2464 2755 Notum
2494 2711 2729 2771 tempus,
2754 2717 2862 2771 quo
2884 2701 3009 2755 data
3040 2709 3125 2756 est
3153 2718 3166 2753 :
3193 2701 3335 2754 hanc
3360 2700 3505 2754 enim
3535 2699 3697 2754 detu-

2124 2791 2305 2844 lerunt
2325 2791 2485 2861 legati
2511 2808 2541 2844 a
2568 2790 2915 2845 Thcodoreto
2943 2789 3094 2843 missi
3127 2790 3388 2855 Romam;
3426 2790 3691 2859 ignotum,

2125 2882 2212 2935 cui
2243 2881 2447 2950 scripta
2477 2882 2566 2935 sit.
2594 2882 2653 2934 In
2686 2881 2970 2935 codicibus
2997 2880 3232 2950 vulgatis
3251 2888 3548 2950 nostroque
3581 2896 3698 2934 ma-

444 2953 501 3007 in
537 2960 652 3007 toto
683 2960 811 3006 sunt
832 2952 988 3015 orbe,
1025 2951 1395 3021 principatum
1450 2953 1638 3007 multis
1680 2952 2016 3017 nominibus,
2051 2948 2090 3001 C
2125 2948 2408 3041 nuscripis
2452 2973 2769 3027 inscribiiur
2812 2948 3407 3041 Florentio'episcopo;
3440 2948 3531 3027 sed
3574 2972 3696 3042 cpi-

441 3053 606 3116 atque
634 3046 738 3099 hoc
769 3051 897 3099 ante
919 3043 1121 3101 omnia.
1142 3043 1288 3112 quod
1318 3043 1386 3097 ab
1428 3044 1680 3098 hmretica
1715 3044 1835 3098 tabe
1862 3044 2019 3115 3A3

444 3134 705 3189 immunis
730 3134 949 3199 mansit,
987 3148 1089 3187 nec
1122 3134 1267 3187 ullus
1294 3133 1567 3189 contraria
1605 3134 1849 3188 sentiens
1875 3133 1929 3187 in
1958 3150 2023 3185 ca

444 3227 609 3290 sedit,
649 3226 745 3281 sed
770 3226 1124 3296 apostolicam
1155 3225 1382 3296 gratiam
1425 3224 1692 3296 integram
1731 3240 2023 3279 conserva-

444 3318 542 3370 vit.
575 3316 707 3382 Qua:
738 3332 767 3369 a
790 3315 948 3369 vobis
970 3314 1177 3369 fuerint
1201 3314 1466 3385 iudicata,
1497 3314 1552 3367 in
1581 3313 1669 3377 iis,
1697 3314 2022 3383 qualiacun-
2060 3324 2073 3329 ‘

447 3422 556 3476 que
579 3415 764 3469 erunt,
798 3404 993 3476 judicii
1042 3404 1209 3458 vestri
1255 3403 1498 3473 aequitati
1553 3403 1893 3458 conﬁdentes
1932 3420 2023 3458 ac~

446 3499 818 3568 quiescemus,
849 3506 904 3552 et
955 3510 1230 3566 rogamus,
1271 3505 1330 3548 ut
1378 3495 1646 3566 judicium
1701 3511 1769 3549 ex
1806 3495 2026 3564 scriptis

446 3589 837 3643 constituatur.
872 3607 890 3637 ι
927 3587 1171 3641 Probant
1215 3585 1486 3654 siquidem
1517 3594 1741 3656 aperte,
1776 3603 1887 3640 non
1923 3587 2024 3663 im-

448 3684 723 3753 ploratum
756 3681 1018 3734 duntaxat
1046 3678 1248 3734 Leonis
1271 3678 1671 3748 patrocinium,
1714 3678 1810 3733 sed
1841 3680 2023 3748 appel-

451 3774 620 3827 latum
656 3786 684 3824 a
715 3770 1063 3824 Theodoreto
1083 3770 1229 3825 sedis
1254 3770 1566 3839 apostolica:
1599 3768 1858 3823 tribunal.

524 3863 584 3917 V.
618 3861 1035 3917 Observandum
1063 3861 1248 3922 tertio,
1285 3859 1691 3914 Theodoretum
1736 3874 1848 3914 non
1893 3859 2029 3914 satis

2125 3064 2263 3116 stola
2293 3063 2510 3117 titulum
2545 3064 2662 3117 falsi
2690 3064 2888 3134 arguit.

2194 3154 2376 3225 344.
2423 3156 2487 3209 ll.
2522 3155 2765 3210 Fuerunt
2809 3172 2869 3210 ea
2920 3164 3239 3226 tempestate
3284 3155 3535 3210 Florentii
3583 3155 3699 3210 duo

2125 3244 2421 3299 admodum
2445 3246 2719 3308 celebres;
2764 3262 2906 3300 unus
2933 3245 3186 3301 Sardium
3211 3247 3515 3315 episcopus,
3556 3247 3700 3300 alter

2128 3335 2392 3404 patricius
2430 3336 2678 3391 doctrina
2701 3336 2949 3406 insignis.
2982 3335 3251 3407 Scriptam
3289 3338 3515 3391 fortasse
3548 3337 3706 3407 quis-

2128 3426 2271 3495 piam
2322 3427 2575 3497 conjiciat
2620 3426 2686 3480 ad
2737 3426 2991 3481 Sardium
3051 3427 3367 3497 episcopum
3415 3445 3428 3480 :
3476 3443 3601 3481 nam
3644 3435 3702 3481 et

2132 3514 2417 3585 inscriptio
2453 3516 2695 3584 epistolm
2732 3515 3051 3584 episcopum
3076 3514 3227 3577 dicit,
3250 3523 3304 3569 et
3327 3514 3494 3567 verba
3525 3513 3703 3567 Theo-

2131 3604 2306 3658 doretl
2344 3620 2470 3658 eum
2495 3644 2509 3668 ,
2538 3604 2627 3657 cui
2669 3604 2949 3668 scribitur,
2989 3619 3196 3672 magnae
3241 3603 3456 3658 cuidam
3493 3602 3700 3657 civitati

2130 3696 2471 3768 prmsedisse,
2507 3711 2833 3765 morumque
2871 3695 3157 3749 sanctitate
3195 3710 3260 3749 ac
3302 3693 3552 3748 doctrina
3592 3694 3709 3747 cla-

2131 3788 2308 3841 ruisse
2350 3785 2690 3856 signiﬁcant;
2735 3786 2815 3840 sic
2857 3786 3004 3839 enim
3047 3801 3105 3840 se
3146 3785 3391 3839 habent;
3441 3803 3458 3834 1
3500 3783 3707 3837 Huma-

2130 3894 2262 3933 num
2288 3892 2461 3948 genus
2488 3877 2582 3931 Dei
2608 3892 2670 3931 ac
2701 3876 2999 3931 Salvatoris
3036 3875 3208 3928 nostri
3242 3873 3413 3944 gratia
3452 3872 3599 3925 omni
3635 3886 3705 3925 ex

453 3950 622 4007 fuisse
662 3952 917 4006 edoctum
961 3951 1029 4006 de
1073 3952 1240 4006 rebus
1270 3950 1605 4021 legatorum;
1650 3949 1848 4005 scribit
1878 3949 2027 4003 enim
2130 3977 2285 4042 parte
2329 3984 2441 4024 ηοη
2484 3968 2753 4032 desumit,
2781 3967 2875 4022 sed
2922 3966 3142 4035 reiiquii
3168 3965 3328 4019 nobis
3356 3979 3542 4018 semen
3572 3977 3703 4016 san-

452 4039 523 4093 ad
551 4041 841 4102 chatum,
874 4041 1027 4110 quasi
1068 4040 1407 4097 interfuisset
1450 4041 1756 4096 latrocinali
1798 4041 2026 4112 synodo,
2132 4039 2377 4116 summm
2421 4070 2567 4115 “iam
2588 4060 2656 4123 aa,
2687 4075 2757 4114 ne
2790 4059 2985 4113 ﬁamus
3024 4060 3166 4112 sicut
3203 4056 3458 4119 Sodoma,
3491 4064 3549 4109 ει
3590 4054 3704 4110 co-

453 4142 512 4187 et
553 4133 677 4186 inde
712 4133 941 4186 Romam
980 4135 1321 4198 revertisset,
1354 4149 1481 4189 cum
1526 4143 1709 4187 tamen
1748 4149 1780 4187 a
1825 4132 2026 4196 Felice,
2132 4152 2367 4206 ηιοηιιω
2408 4151 2615 4205 similes
2642 4165 2710 4203 ne
2741 4149 2931 4204 simus
2976 4148 3088 4203 ῃοε
3125 4162 3224 4201 nos
3262 4146 3445 4200 animo
3481 4145 3707 4214 penitus

459 4225 718 4277 Actorum
760 4223 827 4277 de
870 4224 1092 4278 nomine
1124 4225 1329 4291 Acacii,
1369 4240 1466 4279 seu
1499 4224 1762 4278 Breviarii
1804 4224 2020 4279 hmresis

2134 4243 2371 4299 deﬁcere
2404 4259 2513 4297 non
2550 4242 2703 4304 sinit,
2727 4240 2823 4295 sed
2855 4240 3094 4294 molesta:
3129 4237 3467 4307 tempestatis
3495 4236 3706 4292 exitum

459 4314 811 4385 Eutychianm
839 4322 1085 4376 auctore,
1119 4315 1335 4370 dicatur
1369 4317 1425 4371 in
1462 4316 1636 4371 insula
1672 4314 1802 4369 Deio
1834 4315 2029 4369 defun-
2062 4286 2104 4340 Β
2132 4333 2372 4404 opperiri
2396 4348 2500 4387 nos
2526 4286 2703 4402 iubet:
2731 4331 2846 4385 Hoc
2866 4346 2968 4385 nos
2997 4331 3053 4384 in
3083 4286 3282 4384 bona;
3306 4345 3458 4399 spem
3490 4329 3655 4400 erigi;
3690 4347 3706 4383 ε

456 4414 579 4460 etus
604 4405 659 4458 in
692 4406 777 4460 via
807 4405 875 4459 ad
902 4405 1238 4475 Ephesinum
1269 4408 1582 4462 concilium.
1615 4407 1706 4462 Sic
1728 4406 1875 4462 enim
1898 4406 2030 4476 legi-
2134 4432 2418 4494 propterea
2457 4422 2620 4475 etiam
2650 4419 3095 4490 religiosissimos
3130 4419 3482 4490 presbyteros
3528 4418 3710 4489 Hyps.

459 4507 551 4551 tur
593 4514 604 4548 :
655 4515 672 4546 ι
723 4495 1094 4550 interfuerunt
1143 4497 1310 4552 ctiam
1361 4498 1550 4552 vicarii
1602 4497 1671 4552 ab
1732 4498 2030 4567 apostolica
2132 4515 2268 4567 ιίυηι
2299 4520 2356 4566 ει
2387 4511 2706 4566 Abramium
2735 4511 3195 4581 chorepiscopos,
3228 4519 3285 4565 et
3308 4510 3561 4581 Alypium
3592 4526 3712 4565 mo-

460 4588 591 4642 sede
626 4587 842 4648 directi.
876 4586 1055 4642 Julius
1085 4589 1417 4643 Puteolanas
1448 4590 1758 4659 episcopus,
1787 4596 1842 4641 et
1879 4587 2029 4641 Hila-
2134 4603 2435 4658 nimborum
2473 4600 2619 4670 apud
2652 4615 2755 4654 nos
2790 4601 3087 4655 emi-chum
3131 4599 3198 4654 ad
3229 4599 3575 4654 sancliiaiem
3609 4615 3709 4655 se-

462 4678 578 4730 rius
609 4676 1047 4740 archidiaconus,
1080 4678 1207 4745 quia
1240 4678 1528 4748 presbyter
1555 4679 1800 4733 Renatus
1822 4676 1876 4730 in
1898 4677 2030 4731 Delo
2136 4704 2303 4749 suam
2358 4693 2641 4755 misimus,
2694 4700 2755 4745 υι
2813 4690 3178 4746 calamitatem
3231 4691 3545 4761 dispensus,
3588 4706 3712 4759 qua,

464 4766 641 4821 insula
674 4774 847 4820 mone
879 4775 1204 4835 Ρτωνθηίυδν
1236 4784 1254 4816 ³
1284 4774 1391 4820 cm-
2137 4786 2379 4842 Orientis
2416 4785 2694 4841 Ecclesias
2726 4783 3033 4853 occuparit.
3071 4803 3089 4835 ι
3129 4783 3197 4837 Et
3218 4793 3405 4854 postea
3438 4800 3452 4835 :
3483 4801 3504 4834 ι
3544 4782 3714 4836 Decet

533 4879 705 4945 Quem
746 4878 953 4934 Julium
986 4876 1137 4931 Felix
1172 4885 1352 4942 vocat,
1381 4878 1658 4932 Julianum
1689 4879 1822 4936 Acta
1861 4881 2017 4935 latro-
2139 4894 2307 4948 porro
2339 4878 2682 4932 sanctitatem
2726 4884 2985 4938 vestram,
3031 4872 3221 4927 eadem
3264 4873 3552 4927 nobiscum
3586 4886 3717 4924 sen-

461 4969 658 5024 cmalis
690 4967 884 5040 synodi
917 4967 1206 5022 nominant
1243 4984 1256 5020 :
1294 4965 1370 5021 ibi
1408 4966 1557 5020 enim
1589 4975 1712 5037 post
1746 4968 2031 5037 praesidem
2139 4967 2337 5021 tientes
2361 4980 2459 5034 per
2480 4964 2732 5036 injuriam
2757 4961 2943 5031 pulsos
2972 4976 3082 5015 non
3104 4959 3419 5030 despicere;
3445 4958 3542 5013 sed
3562 4959 3714 5028 justo

465 5060 784 5114 Dioscorum
821 5077 946 5116 mox
987 5059 1134 5115 sedis
1169 5060 1479 5131 apostolica:
1525 5060 1736 5131 legatus
1783 5060 2034 5115 Julianus
2139 5057 2387 5112 subsidio
2442 5056 2695 5127 injuriam
2740 5053 3078 5124 reprimere,
3122 5068 3186 5107 ac
3228 5054 3516 5108 veritatem
3562 5065 3717 5119 pne-

464 5147 754 5217 episcopns
808 5161 1097 5218 censetur;
1151 5167 1386 5221 cumque
1444 5160 1718 5215 censetur,
1767 5149 2034 5205 Coensem
2138 5149 2310 5204 fracte
2340 5150 2723 5218 impugnantes
2754 5147 2975 5211 docere,
2999 5161 3109 5200 non
3143 5145 3327 5199 omnia
3363 5142 3591 5212 exsequi
3616 5155 3722 5197 eos

466 5236 723 5305 opinatur
742 5237 1089 5305 Quesnelius,
1124 5258 1288 5312 quem
1326 5242 1471 5298 Julio
1501 5241 1556 5296 in
1593 5241 1791 5296 itinere
1815 5240 1882 5295 ad
1905 5256 2038 5294 con-
2139 5255 2320 5310 posse,
2348 5239 2443 5309 qui
2468 5238 2698 5294 licenter
2723 5236 2995 5306 quidlibet
3026 5235 3247 5306 aggredi
3273 5241 3567 5289 conantur.
3604 5249 3625 5285 ι

1807 5396 2121 5453 SClliiLle
2173 5395 2402 5451 NOTE.

539 5533 585 5565 “
611 5532 832 5588 Caedem.
871 5533 1017 5587 Etlit.
1061 5535 1208 5599 prior
1258 5536 1491 5592 habebat
1524 5543 1719 5593 sedem.
1798 5540 1843 5569 “3
1870 5538 2052 5592 Tuum.
2093 5537 2282 5591 Potius
2319 5544 2568 5590 vestram.
2600 5545 2658 5589 ut
2690 5535 2719 5605 ς
2749 5536 2802 5601 6,
2852 5533 3103 5606 legimus.
