4040 6172
264 197 366 260 293

264 418 581 471 maganue
606 404 983 470 auctoritatis;
1029 406 1133 460 fuit
1154 420 1209 463 et
1238 410 1546 465 Florentius
1570 412 1838 481 patricius

259 491 517 544 doctrina
542 500 598 546 et
623 507 836 547 morum
861 493 1172 565 integritate
1199 498 1414 562 nobilis,
1449 499 1516 552 de
1544 515 1653 568 quo
1681 508 1837 554 antea

260 581 469 635 dictum
499 592 604 636 est.

329 672 421 727 IV.
447 673 652 727 Verum
677 676 957 743 quomodo
981 680 1309 733 conveniant
1333 681 1576 749 epistola:
1603 682 1746 736 dicta
1783 684 1837 737 in

259 767 603 835 episcopum,
647 766 741 834 qui
789 766 1211 823 haeresiarcham
1262 771 1543 841 Eutychen
1581 773 1833 838 absolvit,

261 864 623 924 sanctumque
653 855 972 910 Flavianum
1014 857 1295 913 damnavit
1321 860 1376 912 in
1406 861 1640 915 concilio
1674 863 1839 916 Iatro-

261 944 446 1010 cinali,
476 945 684 1014 quique
712 946 981 1017 indulgeri
1014 947 1120 1002 sibi
1142 957 1250 1002 tam
1286 949 1518 1018 grande‘
1551 960 1835 1020 peccatum

265 1036 514 1105 poposcit
540 1035 911 1102 Chalcedone,
939 1039 1087 1107 quod
1114 1038 1243 1094 fecit
1273 1040 1612 1108 Florentius;
1652 1043 1837 1099 nullus

266 1124 444 1178 video.

332 1213 393 1266 V.
432 1212 590 1278 Quod
615 1212 660 1266 si
694 1212 820 1281 quis
851 1212 1143 1268 delendum
1174 1224 1329 1285 putet
1351 1216 1592 1286 episcopi
1637 1232 1837 1271 nomen

263 1319 325 1356 ex
358 1304 721 1372 inscriptione
745 1344 760 1368 ,
794 1305 1169 1375 scriptumque
1199 1307 1457 1377 conjiciat
1499 1307 1566 1361 ad
1612 1308 1836 1361 Floren-

264 1395 396 1447 tium
424 1394 719 1463 patricium
742 1410 855 1450 suae
873 1396 1050 1450 atatis
1087 1395 1549 1465 potentissimum,
1582 1394 1839 1450 doetissi-

266 1500 524 1553 mumque
550 1500 614 1539 ac
640 1486 1087 1555 integerrimum;
1124 1487 1350 1541 habebit
1378 1488 1691 1558 conjectura
1714 1488 1837 1556 plus

264 1574 466 1644 aliquid
514 1576 919 1643 probabilitatis
966 1586 1024 1632 et
1073 1578 1446 1648 congruentiae
1491 1593 1617 1632 cum
1670 1578 1834 1633 dictis

1428 210 1521 268 DE
1561 210 1815 268 LIBRIS
1850 210 2358 279 THEODORETI.

328 312 421 365 ll].
461 311 588 366 Fuit
627 328 757 367 vero
793 312 1047 369 Sardium
1076 317 1368 387 episcopus
1396 320 1577 391 Lydia:
1604 323 1837 391 primas,
1869 326 1914 381 Α

3403 230 3509 295 294

2020 326 2130 380 VII.
2161 330 2365 386 Indicia
2393 348 2488 387 sex
2513 334 2636 398 ista,
2668 336 2775 390 nisi
2812 336 3202 393 occidentalem
3240 346 3506 410 synodum

1943 415 2341 486 demonstrent,
2382 440 2489 478 non
2514 426 2673 480 video
2716 443 2837 495 qua:
2879 429 2988 483 alia
3028 440 3239 499 possunt
3282 435 3505 493 clarius.

1939 506 2092 562 Adde
2119 512 2265 579 quod
2305 528 2373 567 ex
2408 516 2638 584 epistola
2672 517 2773 570 116
2804 528 3039 585 constet,
3085 532 3301 592 optasse
3329 525 3509 582 Theo.

1938 598 2212 667 doretum,
2241 619 2458 658 causam
2487 621 2640 661 suam
2669 609 2754 679 agi
2792 608 2847 663 in
2873 610 3196 666 occidentali
3227 616 3461 671 concilio
3489 636 3502 672 :

1947 707 1964 738 ι
2014 689 2348 746 Persuadeat
2401 697 2663 751 sanctitas
2710 708 2798 752 tua
2851 701 3197 756 sanctissimo
3238 707 3510 777 archiepi-

1937 794 2123 848 scopo,
2156 790 2215 836 ut
2240 786 2537 852 apostolica
2572 791 2900 845 auctoritate
2935 800 3143 857 utatur,
3177 802 3233 849 et
3258 796 3325 850 ad
3373 813 3505 851 cou-

1938 867 2124 921 cilium
2148 878 2389 924 vestrum
2427 875 2679 929 advolare
2710 878 3007 947 prmcipiat.
3043 900 3060 930 ι
3094 880 3151 934 ld
3181 882 3357 951 ipsum
3384 900 3506 954 pre—

1937 956 2092 1011 cibus
2133 958 2369 1014 Anatolii
2399 963 2466 1016 ab
2491 964 2819 1034 imperatore
2846 969 3200 1025 obtenturum
3234 962 3291 1027 se
3315 990 3502 1043 spera-

1936 1061 2092 1102 verat
2141 1052 2303 1119 epist.
2334 1053 2476 1107 119;
2516 1074 2532 1104 ι
2594 1056 3017 1126 Magnitudinem
3066 1071 3211 1116 tuam
3262 1064 3505 1120 obtestor

1938 1136 2079 1192 hanc
2105 1154 2133 1192 a
2157 1141 2364 1195 victore
2402 1143 2644 1212 Augusto
2686 1148 2915 1215 gratiam
2952 1157 3121 1218 petat,
3161 1163 3221 1206 ut
3260 1152 3315 1207 in
3349 1153 3504 1209 Occi-

1936 1228 2155 1283 dentem
2188 1231 2423 1295 veniam,
2458 1232 2645 1303 ibique
2667 1250 2697 1287 a
2722 1235 2834 1291 Deo
2861 1238 3195 1295 charissimis
3220 1245 3501 1298 sanctissi-

1936 1321 2148 1389 misque
2185 1322 2458 1392 episcopis
2478 1326 2714 1394 judicer.
2758 1346 2774 1377 ι

2005 1412 2141 1465 V’lll.
2174 1411 2300 1469 Hmc
2327 1425 2511 1469 autem
2542 1416 2586 1470 si
2615 1416 2688 1470 ita
2726 1432 2784 1471 se
2816 1418 3036 1484 habent,
3066 1432 3126 1475 ut
3150 1421 3353 1477 habent
3378 1441 3503 1495 pro-

1934 1503 2023 1557 cul
2047 1502 2234 1569 dubio,
2257 1505 2435 1560 lucem
2457 1507 2693 1561 afferunt
2718 1509 2968 1565 obscuris
2993 1511 3048 1565 in
3070 1512 3300 1569 historia
3325 1532 3498 1585 qures-

1937 1595 2183 1650 tionibus
2208 1638 2222 1660 ,
2278 1606 2339 1652 ut
2374 1607 2503 1667 puta
2548 1598 2617 1654 de
2662 1603 3026 1670 appellatione
3068 1605 3395 1664 Theodoreti
3432 1610 3499 1664 ad

265 1667 615 1767 Τξιεοάοΐθιί·
872 1668 1073 1769 οδεξῑίὶῑν
1104 1669 1250 1738 (ιυοά
1290 1670 1712 1769 ξίκδθηοῑξίξηίξι
1734 1686 1835 1769 "9‘
1866 1663 1905 1715 B
1935 1703 2209 1742 summum
2245 1663 2560 1759 pontificem
2598 1701 2654 1746 et
2698 1663 2818 1764 ejus
2856 1697 3146 1766 synodum,
3170 1698 3237 1753 de
3265 1702 3503 1769 appella-

260 1757 402 1811 mine
434 1757 798 1826 compelletur
823 1757 869 1811 is
910 1757 978 1811 ad
1007 1772 1170 1827 quem
1201 1757 1480 1821 scribitur,
1509 1766 1566 1813 et
1588 1758 1643 1812 in
1672 1757 1833 1814 Occi-

257 1847 421 1902 dente
449 1848 666 1917 positus
697 1863 808 1901 non
841 1847 1075 1903 obscure
1118 1848 1399 1903 innuatur.
1426 1848 1670 1902 Primum
1700 1863 1832 1904 vero

257 1939 503 1992 saaculari
556 1938 788 2002 homini,
832 1939 1063 1992 alterum
1103 1938 1338 2008 patricio
1361 1938 1832 2009 Constantinopoli

257 2030 436 2083 sedem
463 2028 715 2091 ha'benti,
747 2045 855 2083 non
884 2031 1157 2085 convenit.
1179 2030 1235 2085 Si
1274 2030 1403 2085 licet
1432 2030 1487 2084 in
1516 2046 1574 2084 re
1606 2038 1713 2084 tam
1738 2031 1833 2085 ob-

256 2136 411 2175 scura
435 2120 768 2176 sententiam
801 2120 1005 2186 dicere,
1046 2120 1243 2191 opinor
1279 2122 1563 2191 irrepsisse
1584 2136 1827 2176 errorem

258 2213 308 2267 in
341 2213 564 2267 titulum
586 2254 600 2277 ,
631 2221 913 2283 totamque
954 2214 1243 2283 epistolam
1281 2230 1402 2269 esse
1442 2214 1707 2269 directam
1741 2216 1827 2269 vel

254 2303 316 2357 ad
357 2305 569 2357 clerum
605 2305 932 2365 Romanum,
952 2303 1097 2373 quod
1127 2304 1309 2358 minus
1332 2304 1617 2366 afﬁrmem,
1643 2305 1728 2359 vel
1759 2305 1825 2358 ad

253 2390 540 2459 episcopos
576 2392 837 2446 Romamn
880 2392 995 2446 sive
1037 2392 1393 2447 occidentalis
1432 2394 1644 2465 synodi,
1680 2396 1825 2465 quod

253 2482 593 2549 probabilius
614 2482 851 2536 videtur.

318 2592 405 2647 Vl.
430 2593 492 2648 In
535 2594 676 2648 hanc
708 2595 1022 2664 Opinionem
1051 2595 1253 2650 indicia
1281 2612 1375 2651 sex
1414 2613 1499 2653 me
1524 2598 1822 2653 adducunt.

257 2682 303 2736 1.
352 2681 513 2748 Quod
570 2683 953 2738 Theodoretus
1000 2684 1068 2739 ad
1130 2686 1318 2755 plures
1369 2687 1607 2753 scribat;
1653 2689 1826 2742 utitur

253 2774 393 2827 enim
421 2788 645 2843 semper
679 2790 911 2829 numero
938 2775 1328 2841 multitudinis,
1362 2778 1556 2832 solitus
1584 2778 1826 2848 singula-

254 2878 339 2917 res
389 2879 788 2933 quoscunque,
839 2865 1002 2919 etiam
1057 2882 1333 2921 summum
1390 2868 1726 2937 pontificem,
1769 2878 1825 2924 et

257 2954 548 3026 Augustam
567 2956 914 3011 Pulcheriam
941 2958 1203 3028 singulari
1231 2958 1451 3013 nomine
1473 2960 1819 3030 compellare.
1850 2994 1892 3052 ο

258 3044 403 3111 Quod
458 3054 648 3100 autem
706 3046 977 3116 interpres
1023 3047 1228 3117 posuit,
1269 3052 1603 3104 sanctitatem
1652 3060 1820 3114 tuam,

265 3152 363 3190 non
389 3147 658 3192 consonat
678 3136 888 3202 Graeco,
917 3139 1185 3209 ὑμετέραν
1218 3139 1582 3211 ἁγιωσύνῃ-»⁸⁷⁵
1610 3157 1624 3192 :
1661 3139 1822 3210 3&5

262 3230 714 3299 quemadmodum
733 3242 836 3285 nec
857 3230 1000 3300 quod
1017 3232 1172 3296 dixit,
1184 3233 1263 3285 vir
1276 3234 1619 3295 sanctisainw;
1640 3232 1825 3285 Graece

264 3323 408 3375 enim
454 3322 657 3393 legitur
720 3321 1031 3388 ἁγιώτατοι.
1075 3322 1128 3375 2.
1175 3321 1330 3388 Quod
1392 3323 1575 3391 plures
1614 3322 1712 3384 illi,
1756 3322 1821 3374 ad

260 3429 401 3483 quos
427 3415 705 3477 scribitur,
744 3414 925 3467 forent
955 3412 1385 3467 Occidentalium
1429 3413 1693 3483 partium;
1727 3428 1826 3481 0p-

258 3505 410 3574 ponit
447 3504 717 3573 siquidem
761 3501 1151 3557 Orientalibus.
1195 3502 1247 3556 5.
1308 3501 1694 3570 Quod‘plures
1746 3500 1823 3557 illi

258 3611 464 3665 quoque
485 3594 867 3650 Occidentales
906 3594 1110 3648 fuerint
1140 3594 1412 3663 episcopi;
1456 3601 1819 3663 praeterquam

258 3686 393 3755 quod
430 3686 582 3741 enim
620 3685 675 3739 id
725 3685 919 3739 titulus
958 3685 1183 3747 indicat,
1220 3684 1559 3738 demonstrat
1601 3685 1824 3753 insuper

257 3791 351 3829 vox
394 3778 701 3831 sanctitatis
744 3784 948 3839 vestrae,
993 3776 1215 3830 tertium
1268 3774 1531 3829 adhibita.
1568 3775 1622 3829 4.
1665 3773 1821 3840 Quod

255 3870 485 3939 episcOpi
520 3870 613 3924 isti
643 3885 752 3923 non
779 3868 1083 3923 defecerint
1125 3884 1154 3922 a
1205 3868 1331 3931 fide,
1357 3866 1596 3922 Orientis
1629 3868 1820 3921 Eccle-

253 3961 341 4015 siis
377 3975 730 4014 communem
764 3958 1127 4013 calamitatem
1162 3957 1355 4027 passis,
1384 3965 1545 4025 atque
1592 3956 1666 4010 ita
1692 3955 1819 4009 inde

253 4067 367 4121 spes
411 4051 585 4105 fuerit
642 4050 992 4105 restituendae
1022 4050 1100 4103 rei
1135 4067 1148 4102 :
1183 4068 1200 4099 ‹
1236 4049 1332 4103 Dei
1377 4048 1550 4118 gratia
1596 4047 1819 4117 reliquit

251 4143 401 4196 nobis
431 4158 628 4204 semen
667 4140 1013 4195 sanctitatem
1046 4148 1280 4194 vestram
1304 4180 1318 4202 ,
1344 4156 1411 4193 ne
1448 4138 1639 4192 fiamus
1676 4138 1820 4193 sicut

250 4230 500 4294 Sodoma,
545 4250 562 4279 ι
594 4239 701 4283 etc.
732 4229 784 4283 5.
828 4228 984 4293 Quod
1013 4236 1172 4281 tanta:
1203 4228 1279 4280 illi
1312 4227 1491 4281 forent
1518 4226 1816 4299 auctorita-

1935 1777 2102 1832 tionis
2130 1778 2313 1843 modo,
2341 1779 2410 1835 de
2428 1779 2653 1850 judiciis
2688 1797 3025 1841 summorum
3066 1789 3384 1859 pontificum
3410 1790 3501 1845 illa

1932 1875 2277 1939 tempestate,
2299 1878 2408 1925 etc.

2128 1985 2370 2057 Epistola
2401 1986 2523 2054 118,
2556 2004 2625 2042 aa
2649 1989 3075 2043 archidiaconum
3095 1988 3296 2045 Rome.

1998 2097 2040 2151 l.
2070 2097 2326 2169 Ejusdem
2370 2102 2632 2172 temporis
2669 2110 2831 2172 atque
2880 2100 3187 2170 argumenti
3218 2118 3343 2157 cum
3374 2105 3495 2160 116.

1928 2187 2189 2254 Queritur
2216 2191 2363 2246 enim
2400 2192 2594 2247 factam
2624 2193 2728 2247 sibi
2772 2193 3031 2264 injuriam
3073 2196 3295 2265 Ephesi,
3320 2208 3499 2267 rogat-

1927 2295 2034 2348 que
2077 2295 2229 2335 suam
2269 2290 2326 2337 et
2368 2284 2738 2338 Ecclesiarum
2785 2299 3001 2339 causam
3046 2286 3189 2354 apud
3223 2302 3496 2341 summum

1928 2369 2238 2438 pontificem
2272 2372 2603 2440 promoveri.

1996 2461 2063 2515 ll.
2108 2460 2241 2527 Quis
2290 2459 2471 2517 autem
2516 2464 2607 2517 ille
2655 2464 3112 2521 archidiaconus?
3154 2464 3393 2532 Hilarus,
3427 2482 3497 2521 an

1926 2552 2108 2606 alter?
2134 2554 2319 2608 Hilaro
2353 2562 2502 2609 certe
2536 2570 2645 2609 non
2677 2556 2970 2612 admodum
2996 2558 3347 2622 conveniunt,
3378 2574 3500 2628 qua:

1924 2642 2207 2697 dicuntur.
2240 2644 2624 2699 Verumtamen
2663 2644 2781 2699 fieri
2818 2648 3017 2716 potuit,
3052 2650 3197 2717 quod
3227 2649 3282 2701 in
3305 2664 3500 2718 repen-

1926 2732 2059 2788 tinis
2087 2733 2304 2788 casibus
2340 2736 2498 2799 solet,
2532 2745 2593 2790 ut
2624 2735 3022 2802 Theodoretus,
3052 2752 3176 2792 cum
3209 2738 3495 2802 scriberet,

1923 2824 2167 2878 nendum
2204 2826 2336 2880 satis
2355 2825 2583 2880 edoctus
2610 2825 2777 2880 fuerit
2801 2826 2869 2880 de
2903 2827 3067 2882 rebus
3096 2828 3164 2880 ab
3200 2827 3384 2882 Hilaro
3408 2844 3493 2898 ge-

1925 2916 2024 2970 stis
2075 2916 2298 2985 Ephesi,
2341 2916 2785 2986 quandoquidem
2840 2918 3051 2972 Renato
3108 2917 3336 2981 tribuit,
3376 2934 3499 2987 quae

1926 3005 2097 3059 Hilari
2120 3012 2268 3069 sunt,
2308 3012 2365 3058 et
2391 3006 2611 3061 sciverit
2643 3015 2823 3060 tamen
2849 3015 3027 3070 antea,
3052 3015 3253 3076 quanta
3280 3007 3498 3061 Hilarus

1922 3098 2154 3165 polleret
2188 3097 2372 3150 Romae
2400 3096 2749 3159 auctoritate,
2769 3106 2880 3149 tum
2916 3106 3141 3166 propter
3175 3096 3496 3167 dignitatem

1923 3186 2085 3257 346
2116 3186 2523 3251 archidiaconi,
2552 3187 2709 3257 cujus
2758 3196 2875 3241 erat
2915 3202 3105 3241 causas
3145 3203 3336 3257 agere;
3378 3196 3495 3242 tum

1923 3286 2148 3347 propter
2169 3278 2538 3347 praestantiam
2564 3278 2691 3342 viri,
2715 3278 2809 3347 qui
2842 3277 3039 3332 merito
3077 3287 3263 3348 postea
3287 3281 3494 3335 electus

1922 3369 2087 3423 estin
2122 3368 2322 3424 Leonis
2352 3384 2764 3423 successorem:
2797 3384 2965 3437 quare
2997 3385 3125 3424 suas
3166 3370 3265 3441 ipsi
3304 3387 3496 3441 preces

1922 3458 2139 3511 obtulit.

1922 3570 2162 3641 Epistola
2200 3571 2318 3636 119,
2353 3556 2713 3641 deprecatoria
2747 3571 2817 3624 ad
2852 3570 3159 3625 Anatolium
3193 3574 3491 3642 patritium.

1990 3684 2031 3739 l.
2072 3684 2278 3739 Eodem
2326 3694 2592 3755 tempore,
2624 3701 2747 3740 cum
2786 3684 3030 3740 nondum
3062 3702 3315 3756 egressus
3354 3687 3496 3746 foret

1918 3776 2078 3848 Cyro,
2119 3778 2216 3832 sed
2268 3778 2570 3847 ejiciendus
2616 3778 2952 3833 crederetur.
3003 3798 3021 3830 ι
3073 3779 3200 3834 lltec
3251 3790 3311 3835 ut
3348 3796 3494 3836 nunc

1919 3869 2239 3932 scriberem,
2282 3885 2348 3923 eo
2394 3885 2513 3922 sum
2557 3869 2801 3933 adactus,
2850 3869 2994 3939 quod
3030 3878 3091 3923 ut
3137 3870 3266 3925 hinc
3296 3871 3491 3941 jubear

1917 3959 2091 4020 abire,
2118 3957 2297 4011 moliri
2328 3957 2592 4026 quosdam
2619 3957 2989 4027 cognoverim.
3023 3976 3040 4007 ι

1988 4049 2052 4102 ll.
2088 4047 2350 4114 Queritur
2370 4048 2436 4109 ⁸⁵,
2465 4063 2523 4101 se
2567 4056 2755 4100 contra
2801 4048 2892 4115 jus
2935 4046 3124 4116 fasque
3157 4047 3489 4117 depositum,

1917 4136 2286 4207 efflagitatque
2312 4136 2754 4200 lamentabiliter,
2780 4137 2884 4189 sibi
2920 4136 2988 4189 ab
3018 4136 3346 4206 imperatore
3373 4138 3489 4191 fieri

1919 4229 2238 4282 alterutram
2258 4236 2603 4296 potestatem,
2637 4236 2731 4299 aut
2761 4227 2827 4280 ad
2854 4227 3124 4297 judicium
3157 4229 3327 4282 sancti
3352 4228 3509 4293 Leo-ﬂ

250 4324 331 4386 tis,
370 4342 387 4373 ι
425 4330 490 4375 ιιι
525 4330 749 4390 possent
771 4319 1046 4387 depellere
1070 4317 1312 4371 Orientis
1336 4317 1702 4370 ECﬂeSiarum
1727 4331 1816 4369 ϐει-
1848 4324 1889 4377 D
1918 4320 2004 4373 nis
2030 4319 2233 4373 eundi:
2270 4339 2287 4369 ‹
2326 4319 2749 4389 Magnitudinem
2797 4328 2944 4371 tuam
2978 4319 3243 4383 obtestor,
3272 4320 3414 4374 hanc
3460 4336 3489 4375 a

248 4414 567 4475 lamitatem,
604 4419 852 4465 exortam
886 4408 1116 4463 hmresin
1163 4408 1507 4477 proscribere
1532 4448 1545 4472 ,
1583 4423 1679 4462 eos
1718 4406 1812 4476 qui

249 4503 637 4559 incarnationis
658 4503 962 4556 doctrinam
987 4502 1296 4556 adulterare
1317 4501 1434 4554 ausi
1465 4508 1612 4564 sunt,
1628 4509 1813 4569 aperte

248 4594 597 4662 redarguere,
631 4591 848 4643 illorum
901 4590 994 4660 qui
1043 4590 1260 4659 pietatis
1312 4604 1476 4643 causa
1525 4597 1810 4653 vexantur,

246 4682 609 4750 patrocinium
626 4688 682 4735 et
708 4680 1078 4735 defensionem
1112 4679 1411 4748 suscipere,
1440 4693 1537 4747 per
1560 4679 1813 4749 injuriam

246 4770 429 4838 pulsos
458 4784 575 4822 non
624 4767 910 4837 despicere
934 4808 948 4832 ,
975 4767 1071 4823 sed
1110 4768 1258 4837 justo
1284 4767 1531 4822 subsidio
1563 4766 1815 4836 injuriam

248 4861 565 4928 reprimere,
598 4874 662 4913 ac
689 4858 974 4912 veritatem
1001 4857 1286 4927 praefracte
1315 4858 1696 4927 impugnantes
1720 4856 1817 4910 do-

248 4965 388 5014 cere,
431 4967 545 5005 non
592 4955 775 5006 omnia
826 4967 921 5007 eos
969 4966 1127 5021 posse
1168 4949 1412 5017 exsequi,
1456 4949 1550 5016 qui
1589 4948 1818 5001 licenter

248 5042 517 5110 quidlibet
545 5043 768 5113 aggredi
790 5052 1083 5106 conantur.
1120 5058 1138 5092 ι
1179 5039 1233 5095 6.
1270 5039 1424 5107 Quod
1454 5037 1522 5092 ad
1549 5054 1644 5093 eos
1664 5038 1816 5093 missi

250 5131 353 5185 sint
404 5131 567 5199 legati
594 5149 607 5184 :
636 5150 682 5182 ιι
728 5130 1188 5201 Religiosissimos
1234 5128 1588 5199 presbyteros
1639 5125 1817 5199 Hypa-

251 5215 381 5268 tium
412 5225 469 5271 et
498 5216 819 5271 Ahramium
861 5218 1305 5287 chorepiscopos,
1330 5225 1387 5270 et
1418 5216 1669 5288 Alypium
1702 5231 1820 5271 mo—

251 5307 545 5362 nachorum
573 5310 716 5378 apud
764 5325 866 5364 nos
909 5310 1205 5366 exarchum
1242 5308 1309 5363 ad
1356 5307 1699 5364 sanctitatem
1729 5321 1821 5361 ve-

250 5407 412 5453 stram
438 5401 714 5455 misimus.
750 5421 768 5452 ι

1917 4408 2124 4461 victore
2167 4408 2411 4476 Augusto
2458 4413 2609 4474 petat
2655 4406 2904 4475 gratiam,
2933 4414 2993 4459 ut
3036 4407 3089 4459 in
3137 4406 3490 4462 Occidentem

1918 4499 2155 4560 veniam,
2192 4498 2379 4565 ibique
2418 4511 2447 4549 a
2491 4495 2603 4549 Deo
2649 4494 2987 4548 charissimis
3021 4495 3491 4563 sanctissimisque

1918 4589 2193 4659 episcopis
2235 4586 2491 4657 judicer:
2523 4600 2586 4638 ac
2621 4586 2665 4639 si
2706 4585 2794 4638 vel
2826 4584 3115 4639 minimum
3147 4603 3176 4639 a
3200 4589 3212 4605 ’
3240 4584 3364 4639 fidei
3401 4601 3489 4640 re-

1920 4680 2043 4749 gula
2092 4676 2382 4733 deflectere
2425 4675 2632 4737 videar,
2671 4675 2727 4728 in
2769 4673 3013 4728 medium
3055 4675 3224 4729 maris
3270 4672 3493 4743 profun-

1922 4769 2051 4823 dmn
2094 4765 2348 4836 dejiciar;
2389 4784 2406 4815 ι
2465 4774 2559 4818 aut
2612 4764 2667 4818 in
2706 4766 3103 4821 monasterium
3160 4763 3491 4819 secedendi:

1929 4879 1947 4911 ς
1985 4858 2141 4926 Quod
2162 4857 2207 4912 si
2238 4856 2324 4911 his
2354 4856 2611 4926 precibus
2633 4855 2831 4910 vestris
2878 4873 2987 4912 non
3029 4857 3218 4921 cedet,
3242 4853 3492 4909 habitare

1924 4967 2013 5005 me
2056 4950 2249 5004 saltem
2287 4948 2478 5019 jubeat
2518 4947 2572 5001 in
2599 4949 2936 5003 monasterio
2960 4956 3170 5012 nostro,
3196 4944 3341 5016 quod
3367 4944 3492 5014 qui-

1919 5042 2044 5097 dem
2066 5057 2098 5096 a
2116 5040 2392 5113 Cyrestica
2420 5040 2752 5097 milliaribus
2772 5042 2927 5096 abest
2956 5049 3176 5095 centum
3199 5048 3254 5094 et
3276 5036 3490 5109 viginti,

1919 5133 1988 5186 ab
2022 5132 2366 5187 Antiochena
2411 5132 2656 5200 quinque
2683 5142 2742 5187 et
2767 5131 3138 5202 septuaginta;
3186 5129 3362 5185 tribus
3389 5145 3491 5184 au-

1920 5231 2028 5277 tem
2050 5221 2383 5275 milliaribus
2407 5221 2572 5275 distat
2594 5221 2659 5276 ah
2690 5224 2827 5277 urbe
2858 5221 3151 5291 Apamena.
3193 5241 3210 5272 ι

1990 5312 2076 5366 Ill.
2102 5310 2538 5375 Observandum,
2579 5312 2725 5380 quod
2768 5313 2845 5367 ait
2885 5312 2952 5366 (te
2991 5327 3092 5367 suo
3136 5313 3509 5373 monasterio..

1920 5403 2078 5471 cujus
2101 5403 2267 5456 situm
2299 5401 2564 5456 describit
2594 5421 2607 5457 :
2642 5404 2767 5460 inde
2796 5403 2944 5460 enim
2972 5403 3179 5475 liquet,
3206 5404 3261 5458 in
3300 5418 3491 5458 mona-

1582 5531 1898 5589 SCllULle
1938 5532 2167 5588 NOTAE.

320 5626 365 5659 ⁸
387 5626 513 5701 Legi
545 5630 685 5685 solet
715 5630 992 5701 ἁγιότητα.
1033 5629 1155 5686 Vid.
1190 5639 1229 5684 t.
1259 5629 1347 5693 iV,
1379 5644 1433 5697 p.
1462 5627 1614 5681 H99.
1691 5626 1737 5657 ⁸⁸
1766 5625 1828 5679 Vi

1928 5641 2099 5696 supra,
2128 5641 2182 5695 p.
2218 5626 2334 5680 l85.
