  <div class='ocr_page' id='page_1' title='image "/cluster/home/n/w/nwhite01/storage/ocr_20150623/84/hvd.32044073502213/157.png"; bbox 0 0 4024 6152; ppageno 0'>
   <div class='ocr_carea' id='block_1_1' title="bbox 475 151 585 214">
    <p class='ocr_par' dir='ltr' id='par_1_1' title="bbox 475 151 585 214">
     <span class='ocr_line' id='line_1_1' title="bbox 475 151 585 214; baseline 0.009 -1"><span class='ocrx_word' id='word_1_1' title='bbox 475 151 585 214; x_wconf 79' lang='lat'><strong>295</strong></span> 
     </span>
    </p>
   </div>
   <div class='ocr_carea' id='block_1_2' title="bbox 1613 146 2650 210">
    <p class='ocr_par' dir='ltr' id='par_1_2' title="bbox 1613 146 2650 210">
     <span class='ocr_line' id='line_1_2' title="bbox 1613 146 2650 210; baseline 0.005 -5"><span class='ocrx_word' id='word_1_2' title='bbox 1613 146 1992 207; x_wconf 78' lang='lat' dir='ltr'><strong>GARNERII</strong></span> <span class='ocrx_word' id='word_1_3' title='bbox 2034 146 2528 209; x_wconf 77' lang='lat' dir='ltr'><strong>DISSERTATIO</strong></span> <span class='ocrx_word' id='word_1_4' title='bbox 2575 152 2650 210; x_wconf 86' lang='lat' dir='ltr'><strong>ll.</strong></span> 
     </span>
    </p>
   </div>
   <div class='ocr_carea' id='block_1_3' title="bbox 3641 149 3750 214">
    <p class='ocr_par' dir='ltr' id='par_1_3' title="bbox 3641 149 3750 214">
     <span class='ocr_line' id='line_1_3' title="bbox 3641 149 3750 214; baseline 0 0"><span class='ocrx_word' id='word_1_5' title='bbox 3641 149 3750 214; x_wconf 69' lang='lat'><strong>296</strong></span> 
     </span>
    </p>
   </div>
   <div class='ocr_carea' id='block_1_4' title="bbox 482 255 3754 331">
    <p class='ocr_par' dir='ltr' id='par_1_4' title="bbox 482 255 3754 331">
     <span class='ocr_line' id='line_1_4' title="bbox 482 255 3754 331; baseline -0 -14"><span class='ocrx_word' id='word_1_6' title='bbox 482 260 652 317; x_wconf 77' lang='lat' dir='ltr'><strong>sterio</strong></span> <span class='ocrx_word' id='word_1_7' title='bbox 689 259 951 330; x_wconf 85' lang='lat' dir='ltr'><strong>Euprepii</strong></span> <span class='ocrx_word' id='word_1_8' title='bbox 989 257 1305 313; x_wconf 82' lang='lat' dir='ltr'><strong>exercuisse</strong></span> <span class='ocrx_word' id='word_1_9' title='bbox 1339 271 1398 310; x_wconf 88' lang='lat' dir='ltr'><strong>se</strong></span> <span class='ocrx_word' id='word_1_10' title='bbox 1432 255 1675 326; x_wconf 89' lang='lat' dir='ltr'><strong>primum</strong></span> <span class='ocrx_word' id='word_1_11' title='bbox 1703 297 1716 321; x_wconf 97' lang='lat'><strong>,</strong></span> <span class='ocrx_word' id='word_1_12' title='bbox 1750 256 1883 310; x_wconf 89' lang='lat' dir='ltr'><strong>dum</strong></span> <span class='ocrx_word' id='word_1_13' title='bbox 1913 257 2064 312; x_wconf 88' lang='lat' dir='ltr'><strong>vive-</strong></span> <span class='ocrx_word' id='word_1_14' title='bbox 2098 268 2142 320; x_wconf 76' lang='grc' dir='ltr'><strong>Α</strong></span> <span class='ocrx_word' id='word_1_15' title='bbox 2240 259 2329 313; x_wconf 87' lang='lat' dir='ltr'><strong>Ill.</strong></span> <span class='ocrx_word' id='word_1_16' title='bbox 2363 260 2598 315; x_wconf 88' lang='lat' dir='ltr'><strong>Uranius</strong></span> <span class='ocrx_word' id='word_1_17' title='bbox 2627 275 2788 331; x_wconf 91' lang='lat' dir='ltr'><strong>porro</strong></span> <span class='ocrx_word' id='word_1_18' title='bbox 2813 260 3023 314; x_wconf 62' lang='lat' dir='ltr'><strong>Emesa:</strong></span> <span class='ocrx_word' id='word_1_19' title='bbox 3054 259 3110 314; x_wconf 90' lang='lat' dir='ltr'><strong>in</strong></span> <span class='ocrx_word' id='word_1_20' title='bbox 3134 259 3413 314; x_wconf 72' lang='lat' dir='ltr'><strong>thnicia</strong></span> <span class='ocrx_word' id='word_1_21' title='bbox 3439 260 3754 317; x_wconf 82' lang='lat' dir='ltr'><strong>Liba&#39;nitide</strong></span> 
     </span>
    </p>
   </div>
   <div class='ocr_carea' id='block_1_5' title="bbox 484 347 2067 422">
    <p class='ocr_par' dir='ltr' id='par_1_5' title="bbox 484 347 2067 422">
     <span class='ocr_line' id='line_1_5' title="bbox 484 347 2067 422; baseline -0.002 -16"><span class='ocrx_word' id='word_1_22' title='bbox 484 360 610 408; x_wconf 88' lang='lat' dir='ltr'><strong>rent</strong></span> <span class='ocrx_word' id='word_1_23' title='bbox 636 360 893 422; x_wconf 87' lang='lat' dir='ltr'><strong>parentes</strong></span> <span class='ocrx_word' id='word_1_24' title='bbox 919 369 931 405; x_wconf 95' lang='lat'>:</span> <span class='ocrx_word' id='word_1_25' title='bbox 954 365 1078 406; x_wconf 91' lang='lat' dir='ltr'><strong>cum</strong></span> <span class='ocrx_word' id='word_1_26' title='bbox 1103 359 1286 403; x_wconf 89' lang='lat' dir='ltr'><strong>autem</strong></span> <span class='ocrx_word' id='word_1_27' title='bbox 1312 347 1600 409; x_wconf 74' lang='lat' dir='ltr'><strong>vixissent,</strong></span> <span class='ocrx_word' id='word_1_28' title='bbox 1637 348 1694 402; x_wconf 92' lang='lat' dir='ltr'><strong>in</strong></span> <span class='ocrx_word' id='word_1_29' title='bbox 1723 348 2067 418; x_wconf 88' lang='lat' dir='ltr'><strong>Apamenum</strong></span> 
     </span>
    </p>
   </div>
   <div class='ocr_carea' id='block_1_6' title="bbox 483 440 2068 510">
    <p class='ocr_par' dir='ltr' id='par_1_6' title="bbox 483 440 2068 510">
     <span class='ocr_line' id='line_1_6' title="bbox 483 440 2068 510; baseline -0.003 -12"><span class='ocrx_word' id='word_1_30' title='bbox 483 445 703 499; x_wconf 84' lang='lat' dir='ltr'><strong>venisse</strong></span> <span class='ocrx_word' id='word_1_31' title='bbox 726 485 741 509; x_wconf 96' lang='lat'><strong>,</strong></span> <span class='ocrx_word' id='word_1_32' title='bbox 769 444 865 499; x_wconf 87' lang='lat' dir='ltr'><strong>sed</strong></span> <span class='ocrx_word' id='word_1_33' title='bbox 914 452 1230 498; x_wconf 75' lang='lat' dir='ltr'><strong>revocatum</strong></span> <span class='ocrx_word' id='word_1_34' title='bbox 1263 441 1319 494; x_wconf 89' lang='lat' dir='ltr'><strong>in</strong></span> <span class='ocrx_word' id='word_1_35' title='bbox 1353 440 1594 510; x_wconf 89' lang='lat' dir='ltr'><strong>priorem</strong></span> <span class='ocrx_word' id='word_1_36' title='bbox 1607 440 1822 503; x_wconf 90' lang='lat' dir='ltr'><strong>&#39;locum,</strong></span> <span class='ocrx_word' id='word_1_37' title='bbox 1848 440 2068 510; x_wconf 83' lang='lat' dir='ltr'><strong>quando</strong></span> 
     </span>
    </p>
   </div>
   <div class='ocr_carea' id='block_1_7' title="bbox 486 529 2068 601">
    <p class='ocr_par' dir='ltr' id='par_1_7' title="bbox 486 529 2068 601">
     <span class='ocr_line' id='line_1_7' title="bbox 486 529 2068 601; baseline -0.004 -11"><span class='ocrx_word' id='word_1_38' title='bbox 486 536 716 590; x_wconf 74' lang='lat' dir='ltr'><strong>allectus</strong></span> <span class='ocrx_word' id='word_1_39' title='bbox 736 543 820 590; x_wconf 88' lang='lat' dir='ltr'><strong>est</strong></span> <span class='ocrx_word' id='word_1_40' title='bbox 860 535 930 588; x_wconf 90' lang='lat' dir='ltr'><strong>ab</strong></span> <span class='ocrx_word' id='word_1_41' title='bbox 968 531 1278 587; x_wconf 90' lang='lat' dir='ltr'><strong>Alexandro</strong></span> <span class='ocrx_word' id='word_1_42' title='bbox 1299 531 1559 601; x_wconf 90' lang='lat' dir='ltr'><strong>episcopo</strong></span> <span class='ocrx_word' id='word_1_43' title='bbox 1584 529 1641 584; x_wconf 89' lang='lat' dir='ltr'><strong>in</strong></span> <span class='ocrx_word' id='word_1_44' title='bbox 1665 531 2068 585; x_wconf 88' lang='lat' dir='ltr'><strong>Antiochenum</strong></span> 
     </span>
    </p>
   </div>
   <div class='ocr_carea' id='block_1_8' title="bbox 487 628 714 682">
    <p class='ocr_par' dir='ltr' id='par_1_8' title="bbox 487 628 714 682">
     <span class='ocr_line' id='line_1_8' title="bbox 487 628 714 682; baseline -0.004 -1"><span class='ocrx_word' id='word_1_45' title='bbox 487 628 714 682; x_wconf 92' lang='lat' dir='ltr'><strong>clerum.</strong></span> 
     </span>
    </p>
   </div>
   <div class='ocr_carea' id='block_1_9' title="bbox 651 735 1891 808">
    <p class='ocr_par' dir='ltr' id='par_1_9' title="bbox 651 735 1891 808">
     <span class='ocr_line' id='line_1_9' title="bbox 651 735 1891 808; baseline -0.001 -17"><span class='ocrx_word' id='word_1_46' title='bbox 651 738 895 808; x_wconf 80' lang='lat' dir='ltr'><strong>Epistola</strong></span> <span class='ocrx_word' id='word_1_47' title='bbox 924 738 1042 805; x_wconf 72' lang='lat'><strong>120,</strong></span> <span class='ocrx_word' id='word_1_48' title='bbox 1065 737 1416 792; x_wconf 78' lang='lat' dir='ltr'><strong>consolatoria</strong></span> <span class='ocrx_word' id='word_1_49' title='bbox 1459 737 1528 790; x_wconf 88' lang='lat' dir='ltr'><strong>ad</strong></span> <span class='ocrx_word' id='word_1_50' title='bbox 1563 735 1891 808; x_wconf 78' lang='lat' dir='ltr'><strong>Lupicinum.</strong></span> 
     </span>
    </p>
   </div>
   <div class='ocr_carea' id='block_1_10' title="bbox 557 851 1762 925">
    <p class='ocr_par' dir='ltr' id='par_1_10' title="bbox 557 851 1762 925">
     <span class='ocr_line' id='line_1_10' title="bbox 557 851 1762 925; baseline -0.005 -16"><span class='ocrx_word' id='word_1_51' title='bbox 557 854 599 909; x_wconf 92' lang='lat' dir='ltr'><strong>l.</strong></span> <span class='ocrx_word' id='word_1_52' title='bbox 636 854 840 908; x_wconf 86' lang='lat' dir='ltr'><strong>Eodem</strong></span> <span class='ocrx_word' id='word_1_53' title='bbox 870 865 1117 925; x_wconf 90' lang='lat' dir='ltr'><strong>tempore</strong></span> <span class='ocrx_word' id='word_1_54' title='bbox 1145 861 1200 908; x_wconf 92' lang='lat' dir='ltr'><strong>et</strong></span> <span class='ocrx_word' id='word_1_55' title='bbox 1232 853 1425 908; x_wconf 90' lang='lat' dir='ltr'><strong>eadem</strong></span> <span class='ocrx_word' id='word_1_56' title='bbox 1453 851 1762 906; x_wconf 84' lang='lat' dir='ltr'><strong>occasione.</strong></span> 
     </span>
    </p>
   </div>
   <div class='ocr_carea' id='block_1_11' title="bbox 557 943 2067 1018">
    <p class='ocr_par' dir='ltr' id='par_1_11' title="bbox 557 943 2067 1018">
     <span class='ocr_line' id='line_1_11' title="bbox 557 943 2067 1018; baseline -0.003 -16"><span class='ocrx_word' id='word_1_57' title='bbox 557 948 622 1002; x_wconf 87' lang='lat' dir='ltr'><strong>ll.</strong></span> <span class='ocrx_word' id='word_1_58' title='bbox 657 949 1087 1003; x_wconf 87' lang='lat' dir='ltr'><strong>Emendavimus</strong></span> <span class='ocrx_word' id='word_1_59' title='bbox 1122 949 1477 1018; x_wconf 89' lang='lat' dir='ltr'><strong>scriptionem</strong></span> <span class='ocrx_word' id='word_1_60' title='bbox 1503 987 1517 1012; x_wconf 95' lang='lat'><strong>,</strong></span> <span class='ocrx_word' id='word_1_61' title='bbox 1559 962 1679 1016; x_wconf 75' lang='lat' dir='ltr'><strong>qua:</strong></span> <span class='ocrx_word' id='word_1_62' title='bbox 1707 945 1870 1014; x_wconf 81' lang='lat' dir='ltr'><strong>vulgo</strong></span> <span class='ocrx_word' id='word_1_63' title='bbox 1905 943 2067 998; x_wconf 85' lang='lat' dir='ltr'><strong>habet</strong></span> 
     </span>
    </p>
   </div>
   <div class='ocr_carea' id='block_1_12' title="bbox 488 1039 2067 1110">
    <p class='ocr_par' dir='ltr' id='par_1_12' title="bbox 488 1039 2067 1110">
     <span class='ocr_line' id='line_1_12' title="bbox 488 1039 2067 1110; baseline -0.005 -17"><span class='ocrx_word' id='word_1_64' title='bbox 488 1039 777 1108; x_wconf 89' lang='lat' dir='ltr'><strong>Lupieium</strong></span> <span class='ocrx_word' id='word_1_65' title='bbox 808 1058 821 1093; x_wconf 89' lang='lat'><strong>:</strong></span> <span class='ocrx_word' id='word_1_66' title='bbox 852 1058 918 1095; x_wconf 86' lang='lat' dir='ltr'><strong>ex</strong></span> <span class='ocrx_word' id='word_1_67' title='bbox 963 1041 1240 1110; x_wconf 86' lang='lat' dir='ltr'><strong>adjunctis</strong></span> <span class='ocrx_word' id='word_1_68' title='bbox 1282 1039 1429 1093; x_wconf 90' lang='lat' dir='ltr'><strong>enim</strong></span> <span class='ocrx_word' id='word_1_69' title='bbox 1474 1047 1723 1108; x_wconf 89' lang='lat' dir='ltr'><strong>apertum</strong></span> <span class='ocrx_word' id='word_1_70' title='bbox 1769 1044 1875 1099; x_wconf 87' lang='lat' dir='ltr'><strong>est,</strong></span> <span class='ocrx_word' id='word_1_71' title='bbox 1918 1050 2067 1097; x_wconf 89' lang='lat' dir='ltr'><strong>cum,</strong></span> 
     </span>
    </p>
   </div>
   <div class='ocr_carea' id='block_1_13' title="bbox 487 1126 2071 1201">
    <p class='ocr_par' dir='ltr' id='par_1_13' title="bbox 487 1126 2071 1201">
     <span class='ocr_line' id='line_1_13' title="bbox 487 1126 2071 1201; baseline -0.003 -16"><span class='ocrx_word' id='word_1_72' title='bbox 487 1132 554 1185; x_wconf 88' lang='lat' dir='ltr'><strong>ad</strong></span> <span class='ocrx_word' id='word_1_73' title='bbox 586 1149 748 1201; x_wconf 83' lang='lat' dir='ltr'><strong>quem</strong></span> <span class='ocrx_word' id='word_1_74' title='bbox 794 1133 1078 1196; x_wconf 85' lang='lat' dir='ltr'><strong>scribitur,</strong></span> <span class='ocrx_word' id='word_1_75' title='bbox 1105 1148 1214 1186; x_wconf 91' lang='lat' dir='ltr'><strong>non</strong></span> <span class='ocrx_word' id='word_1_76' title='bbox 1255 1145 1377 1185; x_wconf 90' lang='lat' dir='ltr'><strong>esse</strong></span> <span class='ocrx_word' id='word_1_77' title='bbox 1409 1130 1597 1192; x_wconf 87' lang='lat' dir='ltr'><strong>alium,</strong></span> <span class='ocrx_word' id='word_1_78' title='bbox 1639 1144 1800 1198; x_wconf 91' lang='lat' dir='ltr'><strong>quam</strong></span> <span class='ocrx_word' id='word_1_79' title='bbox 1832 1127 1920 1180; x_wconf 92' lang='lat' dir='ltr'><strong>cui</strong></span> <span class='ocrx_word' id='word_1_80' title='bbox 1946 1126 2071 1180; x_wconf 90' lang='lat' dir='ltr'><strong>data</strong></span> 
     </span>
    </p>
   </div>
   <div class='ocr_carea' id='block_1_14' title="bbox 486 1217 2069 1294">
    <p class='ocr_par' dir='ltr' id='par_1_14' title="bbox 486 1217 2069 1294">
     <span class='ocr_line' id='line_1_14' title="bbox 486 1217 2069 1294; baseline -0.004 -17"><span class='ocrx_word' id='word_1_81' title='bbox 486 1232 572 1277; x_wconf 88' lang='lat' dir='ltr'><strong>est</strong></span> <span class='ocrx_word' id='word_1_82' title='bbox 617 1225 848 1293; x_wconf 82' lang='lat' dir='ltr'><strong>epistola</strong></span> <span class='ocrx_word' id='word_1_83' title='bbox 888 1225 995 1290; x_wconf 87' lang='lat'><strong>90;</strong></span> <span class='ocrx_word' id='word_1_84' title='bbox 1037 1239 1201 1294; x_wconf 91' lang='lat' dir='ltr'><strong>quam</strong></span> <span class='ocrx_word' id='word_1_85' title='bbox 1242 1222 1402 1286; x_wconf 84' lang='lat' dir='ltr'><strong>vide,</strong></span> <span class='ocrx_word' id='word_1_86' title='bbox 1435 1230 1494 1274; x_wconf 93' lang='lat' dir='ltr'><strong>ut</strong></span> <span class='ocrx_word' id='word_1_87' title='bbox 1531 1221 1598 1274; x_wconf 89' lang='lat' dir='ltr'><strong>de</strong></span> <span class='ocrx_word' id='word_1_88' title='bbox 1632 1220 1902 1289; x_wconf 86' lang='lat' dir='ltr'><strong>Lupicino</strong></span> <span class='ocrx_word' id='word_1_89' title='bbox 1934 1217 2069 1272; x_wconf 89' lang='lat' dir='ltr'><strong>edo-</strong></span> 
     </span>
    </p>
   </div>
   <div class='ocr_carea' id='block_1_15' title="bbox 487 1329 684 1369">
    <p class='ocr_par' dir='ltr' id='par_1_15' title="bbox 487 1329 684 1369">
     <span class='ocr_line' id='line_1_15' title="bbox 487 1329 684 1369; baseline 0.015 -3"><span class='ocrx_word' id='word_1_90' title='bbox 487 1329 684 1369; x_wconf 75' lang='lat' dir='ltr'><strong>C(‘al‘lS.</strong></span> 
     </span>
    </p>
   </div>
   <div class='ocr_carea' id='block_1_16' title="bbox 561 1401 2083 1476">
    <p class='ocr_par' dir='ltr' id='par_1_16' title="bbox 561 1401 2083 1476">
     <span class='ocr_line' id='line_1_16' title="bbox 561 1401 2083 1476; baseline -0.005 -14"><span class='ocrx_word' id='word_1_91' title='bbox 561 1409 649 1462; x_wconf 90' lang='lat' dir='ltr'><strong>Ill.</strong></span> <span class='ocrx_word' id='word_1_92' title='bbox 675 1407 1092 1464; x_wconf 79' lang='lat' dir='ltr'><strong>Observandum</strong></span> <span class='ocrx_word' id='word_1_93' title='bbox 1129 1417 1334 1471; x_wconf 89' lang='lat' dir='ltr'><strong>autem,</strong></span> <span class='ocrx_word' id='word_1_94' title='bbox 1367 1405 1514 1476; x_wconf 91' lang='lat' dir='ltr'><strong>quod</strong></span> <span class='ocrx_word' id='word_1_95' title='bbox 1540 1403 1841 1473; x_wconf 88' lang='lat' dir='ltr'><strong>Lupicinus</strong></span> <span class='ocrx_word' id='word_1_96' title='bbox 1866 1401 2083 1470; x_wconf 44' lang='lat' dir='ltr'><strong>dicitur.</strong></span> 
     </span>
    </p>
   </div>
   <div class='ocr_carea' id='block_1_17' title="bbox 493 1489 2070 1568">
    <p class='ocr_par' dir='ltr' id='par_1_17' title="bbox 493 1489 2070 1568">
     <span class='ocr_line' id='line_1_17' title="bbox 493 1489 2070 1568; baseline -0.005 -18"><span class='ocrx_word' id='word_1_97' title='bbox 493 1495 830 1551; x_wconf 74' lang='lat' dir='ltr'><strong>alumnarum</strong></span> <span class='ocrx_word' id='word_1_98' title='bbox 868 1498 1077 1568; x_wconf 82' lang='lat' dir='ltr'><strong>pietatis</strong></span> <span class='ocrx_word' id='word_1_99' title='bbox 1110 1498 1371 1566; x_wconf 76' lang='lat' dir='ltr'><strong>princeps,</strong></span> <span class='ocrx_word' id='word_1_100' title='bbox 1406 1494 1457 1548; x_wconf 90' lang='lat' dir='ltr'><strong>id</strong></span> <span class='ocrx_word' id='word_1_101' title='bbox 1489 1504 1594 1557; x_wconf 91' lang='lat' dir='ltr'><strong>est,</strong></span> <span class='ocrx_word' id='word_1_102' title='bbox 1625 1491 1862 1562; x_wconf 89' lang='lat' dir='ltr'><strong>partium</strong></span> <span class='ocrx_word' id='word_1_103' title='bbox 1886 1489 2070 1544; x_wconf 83' lang='lat' dir='ltr'><strong>Theo-</strong></span> 
     </span>
    </p>
   </div>
   <div class='ocr_carea' id='block_1_18' title="bbox 491 1589 1006 1645">
    <p class='ocr_par' dir='ltr' id='par_1_18' title="bbox 491 1589 1006 1645">
     <span class='ocr_line' id='line_1_18' title="bbox 491 1589 1006 1645; baseline -0.008 -1"><span class='ocrx_word' id='word_1_104' title='bbox 491 1589 669 1645; x_wconf 89' lang='lat' dir='ltr'><strong>doreti</strong></span> <span class='ocrx_word' id='word_1_105' title='bbox 708 1589 1006 1643; x_wconf 89' lang='lat' dir='ltr'><strong>studiosus.</strong></span> 
     </span>
    </p>
   </div>
   <div class='ocr_carea' id='block_1_19' title="bbox 699 1698 1870 1772">
    <p class='ocr_par' dir='ltr' id='par_1_19' title="bbox 699 1698 1870 1772">
     <span class='ocr_line' id='line_1_19' title="bbox 699 1698 1870 1772; baseline -0.003 -17"><span class='ocrx_word' id='word_1_106' title='bbox 699 1701 939 1772; x_wconf 82' lang='lat' dir='ltr'><strong>Epistola</strong></span> <span class='ocrx_word' id='word_1_107' title='bbox 973 1700 1092 1765; x_wconf 76' lang='grc'><strong>121,</strong></span> <span class='ocrx_word' id='word_1_108' title='bbox 1126 1700 1195 1752; x_wconf 83' lang='lat' dir='ltr'><strong>ad</strong></span> <span class='ocrx_word' id='word_1_109' title='bbox 1222 1698 1527 1754; x_wconf 79' lang='lat' dir='ltr'><strong>Anatolium</strong></span> <span class='ocrx_word' id='word_1_110' title='bbox 1569 1699 1870 1770; x_wconf 85' lang='lat' dir='ltr'><strong>patricium.</strong></span> 
     </span>
    </p>
   </div>
   <div class='ocr_carea' id='block_1_20' title="bbox 559 1813 2072 1884">
    <p class='ocr_par' dir='ltr' id='par_1_20' title="bbox 559 1813 2072 1884">
     <span class='ocr_line' id='line_1_20' title="bbox 559 1813 2072 1884; baseline -0.004 -15"><span class='ocrx_word' id='word_1_111' title='bbox 559 1817 602 1870; x_wconf 90' lang='grc' dir='ltr'><strong>ι.</strong></span> <span class='ocrx_word' id='word_1_112' title='bbox 626 1817 757 1870; x_wconf 87' lang='lat' dir='ltr'><strong>Data</strong></span> <span class='ocrx_word' id='word_1_113' title='bbox 779 1825 862 1869; x_wconf 91' lang='lat' dir='ltr'><strong>est</strong></span> <span class='ocrx_word' id='word_1_114' title='bbox 886 1815 1048 1884; x_wconf 90' lang='lat' dir='ltr'><strong>paulo</strong></span> <span class='ocrx_word' id='word_1_115' title='bbox 1085 1823 1208 1884; x_wconf 87' lang='lat' dir='ltr'><strong>post</strong></span> <span class='ocrx_word' id='word_1_116' title='bbox 1241 1815 1529 1884; x_wconf 79' lang='lat' dir='ltr'><strong>epistolam</strong></span> <span class='ocrx_word' id='word_1_117' title='bbox 1573 1813 1694 1876; x_wconf 81' lang='lat' dir='ltr'><strong>H9,</strong></span> <span class='ocrx_word' id='word_1_118' title='bbox 1721 1827 1846 1866; x_wconf 91' lang='lat' dir='ltr'><strong>cum</strong></span> <span class='ocrx_word' id='word_1_119' title='bbox 1873 1825 2072 1880; x_wconf 88' lang='lat' dir='ltr'><strong>nempe</strong></span> 
     </span>
    </p>
   </div>
   <div class='ocr_carea' id='block_1_21' title="bbox 484 1899 2087 1975">
    <p class='ocr_par' dir='ltr' id='par_1_21' title="bbox 484 1899 2087 1975">
     <span class='ocr_line' id='line_1_21' title="bbox 484 1899 2087 1975; baseline -0.004 -17"><span class='ocrx_word' id='word_1_120' title='bbox 484 1905 596 1975; x_wconf 87' lang='lat' dir='ltr'><strong>jam</strong></span> <span class='ocrx_word' id='word_1_121' title='bbox 635 1905 938 1973; x_wconf 84' lang='lat' dir='ltr'><strong>accepisset</strong></span> <span class='ocrx_word' id='word_1_122' title='bbox 968 1903 1372 1974; x_wconf 87' lang='lat' dir='ltr'><strong>antigraphum,</strong></span> <span class='ocrx_word' id='word_1_123' title='bbox 1405 1912 1500 1958; x_wconf 92' lang='lat' dir='ltr'><strong>aut</strong></span> <span class='ocrx_word' id='word_1_124' title='bbox 1532 1903 1792 1957; x_wconf 80' lang='lat' dir='ltr'><strong>Actorum</strong></span> <span class='ocrx_word' id='word_1_125' title='bbox 1838 1899 2087 1971; x_wconf 79' lang='lat' dir='ltr'><strong>Ephesi-.</strong></span> 
     </span>
    </p>
   </div>
   <div class='ocr_carea' id='block_1_22' title="bbox 489 1992 2070 2063">
    <p class='ocr_par' dir='ltr' id='par_1_22' title="bbox 489 1992 2070 2063">
     <span class='ocr_line' id='line_1_22' title="bbox 489 1992 2070 2063; baseline -0.004 -13"><span class='ocrx_word' id='word_1_126' title='bbox 489 2011 712 2061; x_wconf 87' lang='lat' dir='ltr'><strong>norum,</strong></span> <span class='ocrx_word' id='word_1_127' title='bbox 749 2005 843 2048; x_wconf 91' lang='lat' dir='ltr'><strong>aut</strong></span> <span class='ocrx_word' id='word_1_128' title='bbox 884 1995 1076 2049; x_wconf 85' lang='lat' dir='ltr'><strong>saltem</strong></span> <span class='ocrx_word' id='word_1_129' title='bbox 1116 1994 1449 2058; x_wconf 83' lang='lat' dir='ltr'><strong>litterarum,</strong></span> <span class='ocrx_word' id='word_1_130' title='bbox 1476 1996 1590 2049; x_wconf 82' lang='lat' dir='ltr'><strong>sive</strong></span> <span class='ocrx_word' id='word_1_131' title='bbox 1623 2009 1760 2063; x_wconf 90' lang='lat' dir='ltr'><strong>quas</strong></span> <span class='ocrx_word' id='word_1_132' title='bbox 1788 1992 2070 2054; x_wconf 86' lang='lat' dir='ltr'><strong>Flaviano,</strong></span> 
     </span>
    </p>
   </div>
   <div class='ocr_carea' id='block_1_23' title="bbox 491 2079 2074 2154">
    <p class='ocr_par' dir='ltr' id='par_1_23' title="bbox 491 2079 2074 2154">
     <span class='ocr_line' id='line_1_23' title="bbox 491 2079 2074 2154; baseline -0.004 -15"><span class='ocrx_word' id='word_1_133' title='bbox 491 2084 605 2140; x_wconf 84' lang='lat' dir='ltr'><strong>sive</strong></span> <span class='ocrx_word' id='word_1_134' title='bbox 630 2101 765 2154; x_wconf 89' lang='lat' dir='ltr'><strong>quas</strong></span> <span class='ocrx_word' id='word_1_135' title='bbox 793 2084 992 2154; x_wconf 86' lang='lat' dir='ltr'><strong>Ephesi</strong></span> <span class='ocrx_word' id='word_1_136' title='bbox 1018 2084 1363 2154; x_wconf 79' lang='lat' dir='ltr'><strong>congregatis</strong></span> <span class='ocrx_word' id='word_1_137' title='bbox 1387 2085 1662 2153; x_wconf 87' lang='lat' dir='ltr'><strong>episcopis</strong></span> <span class='ocrx_word' id='word_1_138' title='bbox 1704 2091 1927 2137; x_wconf 89' lang='lat' dir='ltr'><strong>sanctus</strong></span> <span class='ocrx_word' id='word_1_139' title='bbox 1963 2079 2074 2134; x_wconf 85' lang='lat' dir='ltr'><strong>Leo</strong></span> 
     </span>
    </p>
   </div>
   <div class='ocr_carea' id='block_1_24' title="bbox 493 2175 2073 2244">
    <p class='ocr_par' dir='ltr' id='par_1_24' title="bbox 493 2175 2073 2244">
     <span class='ocr_line' id='line_1_24' title="bbox 493 2175 2073 2244; baseline -0.004 -14"><span class='ocrx_word' id='word_1_140' title='bbox 493 2175 806 2244; x_wconf 86' lang='lat' dir='ltr'><strong>scripserat.</strong></span> <span class='ocrx_word' id='word_1_141' title='bbox 831 2175 1147 2230; x_wconf 88' lang='lat' dir='ltr'><strong>Gratulatus</strong></span> <span class='ocrx_word' id='word_1_142' title='bbox 1185 2176 1330 2228; x_wconf 88' lang='lat' dir='ltr'><strong>enim</strong></span> <span class='ocrx_word' id='word_1_143' title='bbox 1380 2175 1482 2228; x_wconf 87' lang='lat' dir='ltr'><strong>sibi</strong></span> <span class='ocrx_word' id='word_1_144' title='bbox 1527 2175 1791 2228; x_wconf 65' lang='lat' dir='ltr'><strong>doctrina:</strong></span> <span class='ocrx_word' id='word_1_145' title='bbox 1839 2187 2073 2226; x_wconf 74' lang='lat' dir='ltr'><strong>consm-~</strong></span> 
     </span>
    </p>
   </div>
   <div class='ocr_carea' id='block_1_25' title="bbox 492 2265 2075 2337">
    <p class='ocr_par' dir='ltr' id='par_1_25' title="bbox 492 2265 2075 2337">
     <span class='ocr_line' id='line_1_25' title="bbox 492 2265 2075 2337; baseline -0.004 -16"><span class='ocrx_word' id='word_1_146' title='bbox 492 2267 703 2321; x_wconf 87' lang='lat' dir='ltr'><strong>sionem</strong></span> <span class='ocrx_word' id='word_1_147' title='bbox 749 2283 873 2320; x_wconf 90' lang='lat' dir='ltr'><strong>cum</strong></span> <span class='ocrx_word' id='word_1_148' title='bbox 920 2277 1109 2320; x_wconf 89' lang='lat' dir='ltr'><strong>sancto</strong></span> <span class='ocrx_word' id='word_1_149' title='bbox 1155 2266 1370 2331; x_wconf 85' lang='lat' dir='ltr'><strong>Leone,</strong></span> <span class='ocrx_word' id='word_1_150' title='bbox 1405 2284 1567 2337; x_wconf 83' lang='lat' dir='ltr'><strong>quem</strong></span> <span class='ocrx_word' id='word_1_151' title='bbox 1591 2267 1756 2336; x_wconf 77' lang='lat' dir='ltr'><strong>facem</strong></span> <span class='ocrx_word' id='word_1_152' title='bbox 1784 2265 2075 2317; x_wconf 79' lang='lat' dir='ltr'><strong>maximam</strong></span> 
     </span>
    </p>
   </div>
   <div class='ocr_carea' id='block_1_26' title="bbox 493 2359 2072 2426">
    <p class='ocr_par' dir='ltr' id='par_1_26' title="bbox 493 2359 2072 2426">
     <span class='ocr_line' id='line_1_26' title="bbox 493 2359 2072 2426; baseline -0.001 -16"><span class='ocrx_word' id='word_1_153' title='bbox 493 2361 648 2412; x_wconf 79' lang='lat' dir='ltr'><strong>totius</strong></span> <span class='ocrx_word' id='word_1_154' title='bbox 671 2360 807 2412; x_wconf 76' lang='lat' dir='ltr'><strong>orbis</strong></span> <span class='ocrx_word' id='word_1_155' title='bbox 835 2367 1102 2413; x_wconf 85' lang='lat' dir='ltr'><strong>terrarum</strong></span> <span class='ocrx_word' id='word_1_156' title='bbox 1127 2369 1320 2424; x_wconf 88' lang='lat' dir='ltr'><strong>vocat,</strong></span> <span class='ocrx_word' id='word_1_157' title='bbox 1357 2359 1643 2413; x_wconf 89' lang='lat' dir='ltr'><strong>continere</strong></span> <span class='ocrx_word' id='word_1_158' title='bbox 1680 2373 1800 2412; x_wconf 87' lang='lat' dir='ltr'><strong>sese</strong></span> <span class='ocrx_word' id='word_1_159' title='bbox 1828 2373 1938 2410; x_wconf 89' lang='lat' dir='ltr'><strong>non</strong></span> <span class='ocrx_word' id='word_1_160' title='bbox 1977 2371 2072 2426; x_wconf 87' lang='lat' dir='ltr'><strong>po-</strong></span> 
     </span>
    </p>
   </div>
   <div class='ocr_carea' id='block_1_27' title="bbox 495 2448 2073 2520">
    <p class='ocr_par' dir='ltr' id='par_1_27' title="bbox 495 2448 2073 2520">
     <span class='ocr_line' id='line_1_27' title="bbox 495 2448 2073 2520; baseline -0.001 -19"><span class='ocrx_word' id='word_1_161' title='bbox 495 2448 617 2512; x_wconf 91' lang='lat' dir='ltr'><strong>tuit,</strong></span> <span class='ocrx_word' id='word_1_162' title='bbox 641 2449 772 2518; x_wconf 89' lang='lat' dir='ltr'><strong>quin</strong></span> <span class='ocrx_word' id='word_1_163' title='bbox 805 2448 930 2503; x_wconf 89' lang='lat' dir='ltr'><strong>inde</strong></span> <span class='ocrx_word' id='word_1_164' title='bbox 959 2449 1104 2519; x_wconf 91' lang='lat' dir='ltr'><strong>apud</strong></span> <span class='ocrx_word' id='word_1_165' title='bbox 1129 2451 1365 2504; x_wconf 90' lang='lat' dir='ltr'><strong>amicum</strong></span> <span class='ocrx_word' id='word_1_166' title='bbox 1406 2449 1849 2520; x_wconf 87' lang='lat' dir='ltr'><strong>potentissimum</strong></span> <span class='ocrx_word' id='word_1_167' title='bbox 1884 2448 2073 2517; x_wconf 81' lang='lat' dir='ltr'><strong>apolo-</strong></span> 
     </span>
    </p>
   </div>
   <div class='ocr_carea' id='block_1_28' title="bbox 492 2538 2076 2610">
    <p class='ocr_par' dir='ltr' id='par_1_28' title="bbox 492 2538 2076 2610">
     <span class='ocr_line' id='line_1_28' title="bbox 492 2538 2076 2610; baseline -0.001 -18"><span class='ocrx_word' id='word_1_168' title='bbox 492 2538 634 2609; x_wconf 83' lang='lat' dir='ltr'><strong>giam</strong></span> <span class='ocrx_word' id='word_1_169' title='bbox 672 2539 776 2593; x_wconf 87' lang='lat' dir='ltr'><strong>sibi</strong></span> <span class='ocrx_word' id='word_1_170' title='bbox 811 2539 1130 2604; x_wconf 82' lang='lat' dir='ltr'><strong>conficeret,</strong></span> <span class='ocrx_word' id='word_1_171' title='bbox 1161 2556 1390 2610; x_wconf 88' lang='lat' dir='ltr'><strong>eamque</strong></span> <span class='ocrx_word' id='word_1_172' title='bbox 1416 2540 1563 2594; x_wconf 85' lang='lat' dir='ltr'><strong>oumi</strong></span> <span class='ocrx_word' id='word_1_173' title='bbox 1602 2539 1954 2594; x_wconf 88' lang='lat' dir='ltr'><strong>accusatione</strong></span> <span class='ocrx_word' id='word_1_174' title='bbox 1984 2553 2076 2591; x_wconf 91' lang='lat' dir='ltr'><strong>su-</strong></span> 
     </span>
    </p>
   </div>
   <div class='ocr_carea' id='block_1_29' title="bbox 493 2631 2073 2702">
    <p class='ocr_par' dir='ltr' id='par_1_29' title="bbox 493 2631 2073 2702">
     <span class='ocr_line' id='line_1_29' title="bbox 493 2631 2073 2702; baseline 0 -16"><span class='ocrx_word' id='word_1_175' title='bbox 493 2631 808 2701; x_wconf 85' lang='lat' dir='ltr'><strong>periorem,</strong></span> <span class='ocrx_word' id='word_1_176' title='bbox 871 2633 915 2686; x_wconf 92' lang='lat' dir='ltr'><strong>si</strong></span> <span class='ocrx_word' id='word_1_177' title='bbox 981 2633 1144 2687; x_wconf 88' lang='lat' dir='ltr'><strong>modo</strong></span> <span class='ocrx_word' id='word_1_178' title='bbox 1199 2633 1515 2688; x_wconf 84' lang='lat' dir='ltr'><strong>conferatur</strong></span> <span class='ocrx_word' id='word_1_179' title='bbox 1576 2632 1809 2702; x_wconf 85' lang='lat' dir='ltr'><strong>epistola</strong></span> <span class='ocrx_word' id='word_1_180' title='bbox 1875 2634 2073 2686; x_wconf 90' lang='lat' dir='ltr'><strong>summi</strong></span> 
     </span>
    </p>
   </div>
   <div class='ocr_carea' id='block_1_30' title="bbox 494 2720 2074 2792">
    <p class='ocr_par' dir='ltr' id='par_1_30' title="bbox 494 2720 2074 2792">
     <span class='ocr_line' id='line_1_30' title="bbox 494 2720 2074 2792; baseline 0.001 -18"><span class='ocrx_word' id='word_1_181' title='bbox 494 2721 770 2790; x_wconf 80' lang='lat' dir='ltr'><strong>pontificis</strong></span> <span class='ocrx_word' id='word_1_182' title='bbox 799 2738 923 2776; x_wconf 90' lang='lat' dir='ltr'><strong>cum</strong></span> <span class='ocrx_word' id='word_1_183' title='bbox 950 2723 1068 2786; x_wconf 87' lang='lat' dir='ltr'><strong>his,</strong></span> <span class='ocrx_word' id='word_1_184' title='bbox 1097 2738 1218 2792; x_wconf 72' lang='lat' dir='ltr'><strong>qua:</strong></span> <span class='ocrx_word' id='word_1_185' title='bbox 1253 2722 1538 2777; x_wconf 81' lang='lat' dir='ltr'><strong>Anatolius</strong></span> <span class='ocrx_word' id='word_1_186' title='bbox 1578 2723 1692 2792; x_wconf 86' lang='lat' dir='ltr'><strong>ipse</strong></span> <span class='ocrx_word' id='word_1_187' title='bbox 1727 2720 2074 2775; x_wconf 87' lang='lat' dir='ltr'><strong>Theodoreto</strong></span> 
     </span>
    </p>
   </div>
   <div class='ocr_carea' id='block_1_31' title="bbox 495 2811 1472 2867">
    <p class='ocr_par' dir='ltr' id='par_1_31' title="bbox 495 2811 1472 2867">
     <span class='ocr_line' id='line_1_31' title="bbox 495 2811 1472 2867; baseline 0.002 -2"><span class='ocrx_word' id='word_1_188' title='bbox 495 2812 790 2866; x_wconf 82' lang='lat' dir='ltr'><strong>conciones</strong></span> <span class='ocrx_word' id='word_1_189' title='bbox 817 2813 1053 2867; x_wconf 84' lang='lat' dir='ltr'><strong>habente</strong></span> <span class='ocrx_word' id='word_1_190' title='bbox 1080 2813 1380 2867; x_wconf 81' lang='lat' dir='ltr'><strong>audivisset</strong></span> <span class='ocrx_word' id='word_1_191' title='bbox 1405 2811 1472 2867; x_wconf 80' lang='grc'><strong>³⁸.</strong></span> 
     </span>
    </p>
   </div>
   <div class='ocr_carea' id='block_1_32' title="bbox 563 2901 2142 2990">
    <p class='ocr_par' dir='ltr' id='par_1_32' title="bbox 563 2901 2142 2990">
     <span class='ocr_line' id='line_1_32' title="bbox 563 2901 2142 2990; baseline -0.003 -32"><span class='ocrx_word' id='word_1_192' title='bbox 563 2903 627 2958; x_wconf 92' lang='lat' dir='ltr'><strong>ll.</strong></span> <span class='ocrx_word' id='word_1_193' title='bbox 673 2903 1025 2959; x_wconf 88' lang='lat' dir='ltr'><strong>Observanda</strong></span> <span class='ocrx_word' id='word_1_194' title='bbox 1067 2903 1372 2975; x_wconf 65' lang='grc' dir='ltr'><strong>ὀρθοδῡξίας</strong></span> <span class='ocrx_word' id='word_1_195' title='bbox 1413 2904 1728 2974; x_wconf 87' lang='lat' dir='ltr'><strong>plenissima</strong></span> <span class='ocrx_word' id='word_1_196' title='bbox 1757 2901 2028 2973; x_wconf 78' lang='lat' dir='ltr'><strong>professio</strong></span> <span class='ocrx_word' id='word_1_197' title='bbox 2057 2918 2071 2954; x_wconf 89' lang='lat'>:</span> <span class='ocrx_word' id='word_1_198' title='bbox 2102 2935 2142 2990; x_wconf 61' lang='grc' dir='ltr'>ο</span> 
     </span>
    </p>
   </div>
   <div class='ocr_carea' id='block_1_33' title="bbox 501 2993 2076 3065">
    <p class='ocr_par' dir='ltr' id='par_1_33' title="bbox 501 2993 2076 3065">
     <span class='ocr_line' id='line_1_33' title="bbox 501 2993 2076 3065; baseline 0 -19"><span class='ocrx_word' id='word_1_199' title='bbox 501 3015 519 3046; x_wconf 74' lang='grc' dir='ltr'>ι</span> <span class='ocrx_word' id='word_1_200' title='bbox 555 2993 685 3060; x_wconf 70' lang='lat' dir='ltr'><strong>Qua:</strong></span> <span class='ocrx_word' id='word_1_201' title='bbox 706 3011 735 3048; x_wconf 91' lang='lat' dir='ltr'><strong>a</strong></span> <span class='ocrx_word' id='word_1_202' title='bbox 759 2995 964 3049; x_wconf 87' lang='lat' dir='ltr'><strong>sanctis</strong></span> <span class='ocrx_word' id='word_1_203' title='bbox 989 2995 1272 3064; x_wconf 89' lang='lat' dir='ltr'><strong>beatisque</strong></span> <span class='ocrx_word' id='word_1_204' title='bbox 1309 2996 1590 3065; x_wconf 83' lang='lat' dir='ltr'><strong>prophetis</strong></span> <span class='ocrx_word' id='word_1_205' title='bbox 1622 3004 1678 3049; x_wconf 92' lang='lat' dir='ltr'><strong>et</strong></span> <span class='ocrx_word' id='word_1_206' title='bbox 1713 2994 1993 3064; x_wconf 88' lang='lat' dir='ltr'><strong>apostolis,</strong></span> <span class='ocrx_word' id='word_1_207' title='bbox 2019 3002 2076 3047; x_wconf 91' lang='lat' dir='ltr'><strong>et</strong></span> 
     </span>
    </p>
   </div>
   <div class='ocr_carea' id='block_1_34' title="bbox 491 3082 2072 3156">
    <p class='ocr_par' dir='ltr' id='par_1_34' title="bbox 491 3082 2072 3156">
     <span class='ocr_line' id='line_1_34' title="bbox 491 3082 2072 3156; baseline -0.003 -17"><span class='ocrx_word' id='word_1_208' title='bbox 491 3085 650 3156; x_wconf 71' lang='grc'><strong>347</strong></span> <span class='ocrx_word' id='word_1_209' title='bbox 683 3085 750 3138; x_wconf 90' lang='lat' dir='ltr'><strong>ab</strong></span> <span class='ocrx_word' id='word_1_210' title='bbox 775 3085 863 3147; x_wconf 84' lang='lat' dir='ltr'><strong>iis,</strong></span> <span class='ocrx_word' id='word_1_211' title='bbox 893 3084 985 3154; x_wconf 90' lang='lat' dir='ltr'><strong>qui</strong></span> <span class='ocrx_word' id='word_1_212' title='bbox 1015 3093 1137 3154; x_wconf 87' lang='lat' dir='ltr'><strong>post</strong></span> <span class='ocrx_word' id='word_1_213' title='bbox 1157 3085 1279 3139; x_wconf 89' lang='lat' dir='ltr'><strong>illos</strong></span> <span class='ocrx_word' id='word_1_214' title='bbox 1309 3084 1663 3156; x_wconf 86' lang='lat' dir='ltr'><strong>Evangelium</strong></span> <span class='ocrx_word' id='word_1_215' title='bbox 1687 3082 2072 3154; x_wconf 75' lang='lat' dir='ltr'><strong>praedicarunt,</strong></span> 
     </span>
    </p>
   </div>
   <div class='ocr_carea' id='block_1_35' title="bbox 493 3172 2075 3244">
    <p class='ocr_par' dir='ltr' id='par_1_35' title="bbox 493 3172 2075 3244">
     <span class='ocr_line' id='line_1_35' title="bbox 493 3172 2075 3244; baseline -0.001 -16"><span class='ocrx_word' id='word_1_216' title='bbox 493 3191 723 3244; x_wconf 68' lang='lat' dir='ltr'><strong>quaeque</strong></span> <span class='ocrx_word' id='word_1_217' title='bbox 772 3191 801 3228; x_wconf 91' lang='lat' dir='ltr'><strong>a</strong></span> <span class='ocrx_word' id='word_1_218' title='bbox 835 3175 1040 3228; x_wconf 84' lang='lat' dir='ltr'><strong>sanctis</strong></span> <span class='ocrx_word' id='word_1_219' title='bbox 1083 3175 1338 3228; x_wconf 84' lang='lat' dir='ltr'><strong>Patribus</strong></span> <span class='ocrx_word' id='word_1_220' title='bbox 1367 3175 1558 3228; x_wconf 64' lang='lat' dir='ltr'><strong>Nicaeae</strong></span> <span class='ocrx_word' id='word_1_221' title='bbox 1587 3172 1930 3244; x_wconf 86' lang='lat' dir='ltr'><strong>congregatis</strong></span> <span class='ocrx_word' id='word_1_222' title='bbox 1966 3180 2075 3226; x_wconf 87' lang='lat' dir='ltr'><strong>tra-</strong></span> 
     </span>
    </p>
   </div>
   <div class='ocr_carea' id='block_1_36' title="bbox 494 3263 2075 3332">
    <p class='ocr_par' dir='ltr' id='par_1_36' title="bbox 494 3263 2075 3332">
     <span class='ocr_line' id='line_1_36' title="bbox 494 3263 2075 3332; baseline -0.002 -13"><span class='ocrx_word' id='word_1_223' title='bbox 494 3267 604 3320; x_wconf 88' lang='lat' dir='ltr'><strong>dita</strong></span> <span class='ocrx_word' id='word_1_224' title='bbox 641 3274 787 3328; x_wconf 89' lang='lat' dir='ltr'><strong>sunt,</strong></span> <span class='ocrx_word' id='word_1_225' title='bbox 824 3265 1014 3319; x_wconf 88' lang='lat' dir='ltr'><strong>eadem</strong></span> <span class='ocrx_word' id='word_1_226' title='bbox 1047 3266 1101 3318; x_wconf 91' lang='lat' dir='ltr'><strong>in</strong></span> <span class='ocrx_word' id='word_1_227' title='bbox 1129 3265 1214 3319; x_wconf 91' lang='lat' dir='ltr'><strong>his</strong></span> <span class='ocrx_word' id='word_1_228' title='bbox 1237 3265 1438 3320; x_wconf 90' lang='lat' dir='ltr'><strong>litteris</strong></span> <span class='ocrx_word' id='word_1_229' title='bbox 1461 3265 1605 3318; x_wconf 89' lang='lat' dir='ltr'><strong>nacti</strong></span> <span class='ocrx_word' id='word_1_230' title='bbox 1640 3280 1849 3327; x_wconf 91' lang='lat' dir='ltr'><strong>sumus,</strong></span> <span class='ocrx_word' id='word_1_231' title='bbox 1874 3263 2075 3332; x_wconf 90' lang='lat' dir='ltr'><strong>quibus</strong></span> 
     </span>
    </p>
   </div>
   <div class='ocr_carea' id='block_1_37' title="bbox 493 3353 2074 3424">
    <p class='ocr_par' dir='ltr' id='par_1_37' title="bbox 493 3353 2074 3424">
     <span class='ocr_line' id='line_1_37' title="bbox 493 3353 2074 3424; baseline -0.003 -13"><span class='ocrx_word' id='word_1_232' title='bbox 493 3365 550 3412; x_wconf 91' lang='lat' dir='ltr'><strong>et</strong></span> <span class='ocrx_word' id='word_1_233' title='bbox 583 3372 684 3410; x_wconf 91' lang='lat' dir='ltr'><strong>nos</strong></span> <span class='ocrx_word' id='word_1_234' title='bbox 729 3357 982 3410; x_wconf 78' lang='lat' dir='ltr'><strong>insistere</strong></span> <span class='ocrx_word' id='word_1_235' title='bbox 1017 3355 1360 3424; x_wconf 79' lang='lat' dir='ltr'><strong>profitemur,</strong></span> <span class='ocrx_word' id='word_1_236' title='bbox 1397 3365 1453 3409; x_wconf 90' lang='lat' dir='ltr'><strong>et</strong></span> <span class='ocrx_word' id='word_1_237' title='bbox 1484 3371 1600 3418; x_wconf 89' lang='lat' dir='ltr'><strong>eos,</strong></span> <span class='ocrx_word' id='word_1_238' title='bbox 1631 3355 1724 3423; x_wconf 90' lang='lat' dir='ltr'><strong>qui</strong></span> <span class='ocrx_word' id='word_1_239' title='bbox 1764 3354 1833 3408; x_wconf 92' lang='lat' dir='ltr'><strong>ab</strong></span> <span class='ocrx_word' id='word_1_240' title='bbox 1862 3354 1948 3408; x_wconf 90' lang='lat' dir='ltr'><strong>his</strong></span> <span class='ocrx_word' id='word_1_241' title='bbox 1987 3353 2074 3406; x_wconf 94' lang='lat' dir='ltr'><strong>di-</strong></span> 
     </span>
    </p>
   </div>
   <div class='ocr_carea' id='block_1_38' title="bbox 493 3444 1710 3512">
    <p class='ocr_par' dir='ltr' id='par_1_38' title="bbox 493 3444 1710 3512">
     <span class='ocr_line' id='line_1_38' title="bbox 493 3444 1710 3512; baseline -0.006 -12"><span class='ocrx_word' id='word_1_242' title='bbox 493 3462 653 3500; x_wconf 87' lang='lat' dir='ltr'><strong>versa</strong></span> <span class='ocrx_word' id='word_1_243' title='bbox 686 3445 950 3508; x_wconf 87' lang='lat' dir='ltr'><strong>sentiunt,</strong></span> <span class='ocrx_word' id='word_1_244' title='bbox 983 3444 1280 3512; x_wconf 84' lang='lat' dir='ltr'><strong>impietatis</strong></span> <span class='ocrx_word' id='word_1_245' title='bbox 1313 3445 1656 3497; x_wconf 79' lang='lat' dir='ltr'><strong>damnamus.</strong></span> <span class='ocrx_word' id='word_1_246' title='bbox 1692 3463 1710 3493; x_wconf 73' lang='grc' dir='ltr'><strong><em>ι</em></strong></span> 
     </span>
    </p>
   </div>
   <div class='ocr_carea' id='block_1_39' title="bbox 565 3533 2073 3603">
    <p class='ocr_par' dir='ltr' id='par_1_39' title="bbox 565 3533 2073 3603">
     <span class='ocr_line' id='line_1_39' title="bbox 565 3533 2073 3603; baseline -0.005 -10"><span class='ocrx_word' id='word_1_247' title='bbox 565 3539 654 3593; x_wconf 86' lang='lat' dir='ltr'><strong>Ill.</strong></span> <span class='ocrx_word' id='word_1_248' title='bbox 695 3537 800 3592; x_wconf 90' lang='lat' dir='ltr'><strong>Sed</strong></span> <span class='ocrx_word' id='word_1_249' title='bbox 843 3535 1246 3589; x_wconf 84' lang='lat' dir='ltr'><strong>observandum</strong></span> <span class='ocrx_word' id='word_1_250' title='bbox 1282 3536 1446 3589; x_wconf 89' lang='lat' dir='ltr'><strong>etiam</strong></span> <span class='ocrx_word' id='word_1_251' title='bbox 1480 3533 1759 3587; x_wconf 88' lang='lat' dir='ltr'><strong>silentium</strong></span> <span class='ocrx_word' id='word_1_252' title='bbox 1793 3534 1861 3588; x_wconf 87' lang='lat' dir='ltr'><strong>de</strong></span> <span class='ocrx_word' id='word_1_253' title='bbox 1891 3533 2073 3603; x_wconf 88' lang='lat' dir='ltr'><strong>Ephe-</strong></span> 
     </span>
    </p>
   </div>
   <div class='ocr_carea' id='block_1_40' title="bbox 495 3624 2074 3700">
    <p class='ocr_par' dir='ltr' id='par_1_40' title="bbox 495 3624 2074 3700">
     <span class='ocr_line' id='line_1_40' title="bbox 495 3624 2074 3700; baseline -0.004 -15"><span class='ocrx_word' id='word_1_254' title='bbox 495 3633 614 3686; x_wconf 88' lang='lat' dir='ltr'><strong>sina</strong></span> <span class='ocrx_word' id='word_1_255' title='bbox 668 3631 876 3700; x_wconf 78' lang='lat' dir='ltr'><strong>synodo</strong></span> <span class='ocrx_word' id='word_1_256' title='bbox 921 3628 1296 3690; x_wconf 72' lang='lat' dir='ltr'><strong>meumenica,</strong></span> <span class='ocrx_word' id='word_1_257' title='bbox 1331 3625 1387 3679; x_wconf 89' lang='lat' dir='ltr'><strong>in</strong></span> <span class='ocrx_word' id='word_1_258' title='bbox 1434 3640 1541 3694; x_wconf 90' lang='lat' dir='ltr'><strong>qua</strong></span> <span class='ocrx_word' id='word_1_259' title='bbox 1586 3624 1874 3678; x_wconf 86' lang='lat' dir='ltr'><strong>Nestorius</strong></span> <span class='ocrx_word' id='word_1_260' title='bbox 1909 3636 2074 3694; x_wconf 88' lang='lat' dir='ltr'><strong>atque</strong></span> 
     </span>
    </p>
   </div>
   <div class='ocr_carea' id='block_1_41' title="bbox 493 3714 1948 3788">
    <p class='ocr_par' dir='ltr' id='par_1_41' title="bbox 493 3714 1948 3788">
     <span class='ocr_line' id='line_1_41' title="bbox 493 3714 1948 3788; baseline -0.003 -14"><span class='ocrx_word' id='word_1_261' title='bbox 493 3721 657 3776; x_wconf 91' lang='lat' dir='ltr'><strong>etiam</strong></span> <span class='ocrx_word' id='word_1_262' title='bbox 685 3719 1010 3773; x_wconf 87' lang='lat' dir='ltr'><strong>Theodorus</strong></span> <span class='ocrx_word' id='word_1_263' title='bbox 1035 3718 1090 3772; x_wconf 91' lang='lat' dir='ltr'><strong>in</strong></span> <span class='ocrx_word' id='word_1_264' title='bbox 1122 3733 1222 3772; x_wconf 91' lang='lat' dir='ltr'><strong>suo</strong></span> <span class='ocrx_word' id='word_1_265' title='bbox 1255 3715 1503 3788; x_wconf 82' lang='lat' dir='ltr'><strong>symbolo</strong></span> <span class='ocrx_word' id='word_1_266' title='bbox 1533 3714 1821 3770; x_wconf 89' lang='lat' dir='ltr'><strong>damnatus</strong></span> <span class='ocrx_word' id='word_1_267' title='bbox 1846 3726 1948 3770; x_wconf 91' lang='lat' dir='ltr'><strong>est.</strong></span> 
     </span>
    </p>
   </div>
   <div class='ocr_carea' id='block_1_42' title="bbox 600 3843 1967 3918">
    <p class='ocr_par' dir='ltr' id='par_1_42' title="bbox 600 3843 1967 3918">
     <span class='ocr_line' id='line_1_42' title="bbox 600 3843 1967 3918; baseline -0.001 -16"><span class='ocrx_word' id='word_1_268' title='bbox 600 3845 840 3918; x_wconf 72' lang='lat' dir='ltr'><strong>Epistola</strong></span> <span class='ocrx_word' id='word_1_269' title='bbox 876 3847 978 3900; x_wconf 69' lang='grc'><strong>122</strong></span> <span class='ocrx_word' id='word_1_270' title='bbox 1020 3845 1238 3918; x_wconf 19' lang='grc' dir='ltr'><strong>ειᾼ125,</strong></span> <span class='ocrx_word' id='word_1_271' title='bbox 1271 3843 1564 3918; x_wconf 69' lang='lat' dir='ltr'><strong>familiares</strong></span> <span class='ocrx_word' id='word_1_272' title='bbox 1599 3844 1669 3898; x_wconf 87' lang='lat' dir='ltr'><strong>ad</strong></span> <span class='ocrx_word' id='word_1_273' title='bbox 1710 3843 1967 3901; x_wconf 82' lang='lat' dir='ltr'><strong>Uranium</strong></span> 
     </span>
    </p>
   </div>
   <div class='ocr_carea' id='block_1_43' title="bbox 1009 3914 1558 3987">
    <p class='ocr_par' dir='ltr' id='par_1_43' title="bbox 1009 3914 1558 3987">
     <span class='ocr_line' id='line_1_43' title="bbox 1009 3914 1558 3987; baseline -0.002 -18"><span class='ocrx_word' id='word_1_274' title='bbox 1009 3916 1306 3987; x_wconf 82' lang='lat' dir='ltr'><strong>episcopum</strong></span> <span class='ocrx_word' id='word_1_275' title='bbox 1334 3914 1558 3968; x_wconf 75' lang='lat' dir='ltr'><strong>Emme.</strong></span> 
     </span>
    </p>
   </div>
   <div class='ocr_carea' id='block_1_44' title="bbox 566 4027 2072 4099">
    <p class='ocr_par' dir='ltr' id='par_1_44' title="bbox 566 4027 2072 4099">
     <span class='ocr_line' id='line_1_44' title="bbox 566 4027 2072 4099; baseline -0.001 -15"><span class='ocrx_word' id='word_1_276' title='bbox 566 4029 606 4084; x_wconf 92' lang='lat' dir='ltr'><strong>l.</strong></span> <span class='ocrx_word' id='word_1_277' title='bbox 637 4029 842 4084; x_wconf 88' lang='lat' dir='ltr'><strong>Scribit</strong></span> <span class='ocrx_word' id='word_1_278' title='bbox 883 4045 914 4082; x_wconf 92' lang='lat' dir='ltr'><strong>e</strong></span> <span class='ocrx_word' id='word_1_279' title='bbox 946 4043 1186 4087; x_wconf 86' lang='lat' dir='ltr'><strong>secessu,</strong></span> <span class='ocrx_word' id='word_1_280' title='bbox 1217 4027 1272 4080; x_wconf 91' lang='lat' dir='ltr'><strong>in</strong></span> <span class='ocrx_word' id='word_1_281' title='bbox 1307 4042 1470 4096; x_wconf 90' lang='lat' dir='ltr'><strong>quem</strong></span> <span class='ocrx_word' id='word_1_282' title='bbox 1509 4042 1568 4081; x_wconf 88' lang='lat' dir='ltr'><strong>se</strong></span> <span class='ocrx_word' id='word_1_283' title='bbox 1595 4031 1896 4098; x_wconf 85' lang='lat' dir='ltr'><strong>receperat,</strong></span> <span class='ocrx_word' id='word_1_284' title='bbox 1931 4027 2072 4099; x_wconf 81' lang='lat' dir='ltr'><strong>Cyro</strong></span> 
     </span>
    </p>
   </div>
   <div class='ocr_carea' id='block_1_45' title="bbox 495 4118 2070 4192">
    <p class='ocr_par' dir='ltr' id='par_1_45' title="bbox 495 4118 2070 4192">
     <span class='ocr_line' id='line_1_45' title="bbox 495 4118 2070 4192; baseline -0.001 -16"><span class='ocrx_word' id='word_1_285' title='bbox 495 4123 688 4192; x_wconf 90' lang='lat' dir='ltr'><strong>pulsus</strong></span> <span class='ocrx_word' id='word_1_286' title='bbox 733 4139 745 4174; x_wconf 91' lang='lat'><strong>:</strong></span> <span class='ocrx_word' id='word_1_287' title='bbox 805 4136 974 4190; x_wconf 90' lang='lat' dir='ltr'><strong>quare</strong></span> <span class='ocrx_word' id='word_1_288' title='bbox 1021 4119 1251 4188; x_wconf 88' lang='lat' dir='ltr'><strong>epistola</strong></span> <span class='ocrx_word' id='word_1_289' title='bbox 1303 4118 1454 4187; x_wconf 87' lang='lat' dir='ltr'><strong>prior</strong></span> <span class='ocrx_word' id='word_1_290' title='bbox 1492 4119 1711 4174; x_wconf 87' lang='lat' dir='ltr'><strong>videtur</strong></span> <span class='ocrx_word' id='word_1_291' title='bbox 1759 4119 1885 4174; x_wconf 91' lang='lat' dir='ltr'><strong>data</strong></span> <span class='ocrx_word' id='word_1_292' title='bbox 1925 4121 2070 4176; x_wconf 87' lang='lat' dir='ltr'><strong>circa</strong></span> 
     </span>
    </p>
   </div>
   <div class='ocr_carea' id='block_1_46' title="bbox 497 4207 1785 4278">
    <p class='ocr_par' dir='ltr' id='par_1_46' title="bbox 497 4207 1785 4278">
     <span class='ocr_line' id='line_1_46' title="bbox 497 4207 1785 4278; baseline -0.005 -12"><span class='ocrx_word' id='word_1_293' title='bbox 497 4213 660 4266; x_wconf 79' lang='lat' dir='ltr'><strong>finem</strong></span> <span class='ocrx_word' id='word_1_294' title='bbox 688 4211 815 4264; x_wconf 89' lang='lat' dir='ltr'><strong>anni</strong></span> <span class='ocrx_word' id='word_1_295' title='bbox 842 4211 964 4273; x_wconf 82' lang='grc'><strong>449,</strong></span> <span class='ocrx_word' id='word_1_296' title='bbox 999 4207 1268 4278; x_wconf 85' lang='lat' dir='ltr'><strong>posterior</strong></span> <span class='ocrx_word' id='word_1_297' title='bbox 1302 4207 1457 4260; x_wconf 88' lang='lat' dir='ltr'><strong>initio</strong></span> <span class='ocrx_word' id='word_1_298' title='bbox 1487 4209 1785 4275; x_wconf 85' lang='lat' dir='ltr'><strong>sequentis.</strong></span> 
     </span>
    </p>
   </div>
   <div class='ocr_carea' id='block_1_47' title="bbox 567 4297 2070 4368">
    <p class='ocr_par' dir='ltr' id='par_1_47' title="bbox 567 4297 2070 4368">
     <span class='ocr_line' id='line_1_47' title="bbox 567 4297 2070 4368; baseline -0.001 -12"><span class='ocrx_word' id='word_1_299' title='bbox 567 4302 632 4357; x_wconf 92' lang='lat' dir='ltr'><strong>ll.</strong></span> <span class='ocrx_word' id='word_1_300' title='bbox 679 4301 1028 4357; x_wconf 87' lang='lat' dir='ltr'><strong>Observanda</strong></span> <span class='ocrx_word' id='word_1_301' title='bbox 1077 4300 1192 4354; x_wconf 73' lang='lat' dir='ltr'><strong>haec</strong></span> <span class='ocrx_word' id='word_1_302' title='bbox 1231 4298 1554 4368; x_wconf 87' lang='lat' dir='ltr'><strong>posterioris</strong></span> <span class='ocrx_word' id='word_1_303' title='bbox 1605 4298 1771 4352; x_wconf 88' lang='lat' dir='ltr'><strong>verba</strong></span> <span class='ocrx_word' id='word_1_304' title='bbox 1816 4316 1830 4352; x_wconf 89' lang='lat'><strong>:</strong></span> <span class='ocrx_word' id='word_1_305' title='bbox 1885 4317 1904 4350; x_wconf 81' lang='grc' dir='ltr'>ι</span> <span class='ocrx_word' id='word_1_306' title='bbox 1953 4297 2070 4355; x_wconf 80' lang='lat' dir='ltr'><strong>Hoc</strong></span> 
     </span>
    </p>
   </div>
   <div class='ocr_carea' id='block_1_48' title="bbox 495 4389 2068 4464">
    <p class='ocr_par' dir='ltr' id='par_1_48' title="bbox 495 4389 2068 4464">
     <span class='ocr_line' id='line_1_48' title="bbox 495 4389 2068 4464; baseline -0.003 -16"><span class='ocrx_word' id='word_1_307' title='bbox 495 4393 718 4464; x_wconf 89' lang='lat' dir='ltr'><strong>quidem</strong></span> <span class='ocrx_word' id='word_1_308' title='bbox 742 4432 757 4456; x_wconf 94' lang='lat'><strong>,</strong></span> <span class='ocrx_word' id='word_1_309' title='bbox 787 4392 1009 4446; x_wconf 90' lang='lat' dir='ltr'><strong>domine</strong></span> <span class='ocrx_word' id='word_1_310' title='bbox 1033 4431 1049 4456; x_wconf 90' lang='lat'><strong>,</strong></span> <span class='ocrx_word' id='word_1_311' title='bbox 1085 4391 1164 4446; x_wconf 89' lang='lat' dir='ltr'><strong>sic</strong></span> <span class='ocrx_word' id='word_1_312' title='bbox 1192 4390 1392 4444; x_wconf 89' lang='lat' dir='ltr'><strong>habeto</strong></span> <span class='ocrx_word' id='word_1_313' title='bbox 1411 4430 1425 4453; x_wconf 94' lang='lat'><strong>,</strong></span> <span class='ocrx_word' id='word_1_314' title='bbox 1456 4391 1689 4444; x_wconf 90' lang='lat' dir='ltr'><strong>aliorum</strong></span> <span class='ocrx_word' id='word_1_315' title='bbox 1724 4405 1810 4444; x_wconf 89' lang='lat' dir='ltr'><strong>me</strong></span> <span class='ocrx_word' id='word_1_316' title='bbox 1847 4389 1959 4444; x_wconf 91' lang='lat' dir='ltr'><strong>Deo</strong></span> <span class='ocrx_word' id='word_1_317' title='bbox 1982 4389 2068 4444; x_wconf 90' lang='lat' dir='ltr'><strong>di-</strong></span> 
     </span>
    </p>
   </div>
   <div class='ocr_carea' id='block_1_49' title="bbox 495 4480 2068 4552">
    <p class='ocr_par' dir='ltr' id='par_1_49' title="bbox 495 4480 2068 4552">
     <span class='ocr_line' id='line_1_49' title="bbox 495 4480 2068 4552; baseline -0.002 -12"><span class='ocrx_word' id='word_1_318' title='bbox 495 4483 917 4540; x_wconf 89' lang='lat' dir='ltr'><strong>lectissimorum</strong></span> <span class='ocrx_word' id='word_1_319' title='bbox 958 4483 1343 4552; x_wconf 87' lang='lat' dir='ltr'><strong>episcoporum</strong></span> <span class='ocrx_word' id='word_1_320' title='bbox 1381 4481 1625 4551; x_wconf 81' lang='lat' dir='ltr'><strong>eulogias</strong></span> <span class='ocrx_word' id='word_1_321' title='bbox 1653 4480 1719 4534; x_wconf 90' lang='lat' dir='ltr'><strong>ad</strong></span> <span class='ocrx_word' id='word_1_322' title='bbox 1761 4497 1846 4534; x_wconf 90' lang='lat' dir='ltr'><strong>me</strong></span> <span class='ocrx_word' id='word_1_323' title='bbox 1877 4482 2068 4537; x_wconf 87' lang='lat' dir='ltr'><strong>missas</strong></span> 
     </span>
    </p>
   </div>
   <div class='ocr_carea' id='block_1_50' title="bbox 493 4572 2070 4645">
    <p class='ocr_par' dir='ltr' id='par_1_50' title="bbox 493 4572 2070 4645">
     <span class='ocr_line' id='line_1_50' title="bbox 493 4572 2070 4645; baseline -0.003 -15"><span class='ocrx_word' id='word_1_324' title='bbox 493 4592 605 4630; x_wconf 91' lang='lat' dir='ltr'><strong>non</strong></span> <span class='ocrx_word' id='word_1_325' title='bbox 637 4576 912 4645; x_wconf 87' lang='lat' dir='ltr'><strong>accepisse</strong></span> <span class='ocrx_word' id='word_1_326' title='bbox 941 4591 954 4627; x_wconf 90' lang='lat'><strong>:</strong></span> <span class='ocrx_word' id='word_1_327' title='bbox 990 4589 1098 4627; x_wconf 92' lang='lat' dir='ltr'><strong>non</strong></span> <span class='ocrx_word' id='word_1_328' title='bbox 1151 4572 1296 4642; x_wconf 91' lang='lat' dir='ltr'><strong>quod</strong></span> <span class='ocrx_word' id='word_1_329' title='bbox 1330 4588 1426 4626; x_wconf 89' lang='lat' dir='ltr'><strong>eos</strong></span> <span class='ocrx_word' id='word_1_330' title='bbox 1467 4574 1561 4642; x_wconf 90' lang='lat' dir='ltr'><strong>qui</strong></span> <span class='ocrx_word' id='word_1_331' title='bbox 1609 4572 1910 4637; x_wconf 89' lang='lat' dir='ltr'><strong>miserant,</strong></span> <span class='ocrx_word' id='word_1_332' title='bbox 1939 4588 2070 4626; x_wconf 90' lang='lat' dir='ltr'><strong>con-</strong></span> 
     </span>
    </p>
   </div>
   <div class='ocr_carea' id='block_1_51' title="bbox 494 4664 2067 4732">
    <p class='ocr_par' dir='ltr' id='par_1_51' title="bbox 494 4664 2067 4732">
     <span class='ocr_line' id='line_1_51' title="bbox 494 4664 2067 4732; baseline -0.001 -12"><span class='ocrx_word' id='word_1_333' title='bbox 494 4676 819 4730; x_wconf 87' lang='lat' dir='ltr'><strong>temnerem,</strong></span> <span class='ocrx_word' id='word_1_334' title='bbox 858 4665 1031 4718; x_wconf 80' lang='lat' dir='ltr'><strong>absit!</strong></span> <span class='ocrx_word' id='word_1_335' title='bbox 1064 4664 1160 4718; x_wconf 87' lang='lat' dir='ltr'><strong>sed</strong></span> <span class='ocrx_word' id='word_1_336' title='bbox 1197 4664 1342 4732; x_wconf 92' lang='lat' dir='ltr'><strong>quod</strong></span> <span class='ocrx_word' id='word_1_337' title='bbox 1370 4664 1740 4718; x_wconf 85' lang='lat' dir='ltr'><strong>necessarium</strong></span> <span class='ocrx_word' id='word_1_338' title='bbox 1767 4666 1969 4718; x_wconf 90' lang='lat' dir='ltr'><strong>victum</strong></span> <span class='ocrx_word' id='word_1_339' title='bbox 1999 4664 2067 4719; x_wconf 83' lang='lat' dir='ltr'><strong>ab</strong></span> 
     </span>
    </p>
   </div>
   <div class='ocr_carea' id='block_1_52' title="bbox 493 4754 2067 4824">
    <p class='ocr_par' dir='ltr' id='par_1_52' title="bbox 493 4754 2067 4824">
     <span class='ocr_line' id='line_1_52' title="bbox 493 4754 2067 4824; baseline -0.003 -11"><span class='ocrx_word' id='word_1_340' title='bbox 493 4774 562 4813; x_wconf 92' lang='lat' dir='ltr'><strong>eo</strong></span> <span class='ocrx_word' id='word_1_341' title='bbox 597 4758 807 4812; x_wconf 87' lang='lat' dir='ltr'><strong>interea</strong></span> <span class='ocrx_word' id='word_1_342' title='bbox 831 4772 1103 4812; x_wconf 88' lang='lat' dir='ltr'><strong>sumerem</strong></span> <span class='ocrx_word' id='word_1_343' title='bbox 1132 4795 1147 4818; x_wconf 95' lang='lat'><strong>,</strong></span> <span class='ocrx_word' id='word_1_344' title='bbox 1177 4756 1272 4824; x_wconf 90' lang='lat' dir='ltr'><strong>qui</strong></span> <span class='ocrx_word' id='word_1_345' title='bbox 1303 4754 1450 4809; x_wconf 88' lang='lat' dir='ltr'><strong>hunc</strong></span> <span class='ocrx_word' id='word_1_346' title='bbox 1476 4756 1642 4810; x_wconf 87' lang='lat' dir='ltr'><strong>etiam</strong></span> <span class='ocrx_word' id='word_1_347' title='bbox 1683 4757 1864 4810; x_wconf 79' lang='lat' dir='ltr'><strong>corvis</strong></span> <span class='ocrx_word' id='word_1_348' title='bbox 1888 4756 2067 4810; x_wconf 88' lang='lat' dir='ltr'><strong>abun-</strong></span> 
     </span>
    </p>
   </div>
   <div class='ocr_carea' id='block_1_53' title="bbox 493 4846 2066 4919">
    <p class='ocr_par' dir='ltr' id='par_1_53' title="bbox 493 4846 2066 4919">
     <span class='ocr_line' id='line_1_53' title="bbox 493 4846 2066 4919; baseline -0.001 -17"><span class='ocrx_word' id='word_1_349' title='bbox 493 4849 691 4904; x_wconf 85' lang='lat' dir='ltr'><strong>danter</strong></span> <span class='ocrx_word' id='word_1_350' title='bbox 733 4848 1064 4919; x_wconf 87' lang='lat' dir='ltr'><strong>suppeditat.</strong></span> <span class='ocrx_word' id='word_1_351' title='bbox 1109 4846 1249 4916; x_wconf 82' lang='lat' dir='ltr'><strong>Erga</strong></span> <span class='ocrx_word' id='word_1_352' title='bbox 1284 4861 1415 4900; x_wconf 90' lang='lat' dir='ltr'><strong>vero</strong></span> <span class='ocrx_word' id='word_1_353' title='bbox 1459 4855 1606 4900; x_wconf 89' lang='lat' dir='ltr'><strong>tuam</strong></span> <span class='ocrx_word' id='word_1_354' title='bbox 1651 4848 1910 4916; x_wconf 84' lang='lat' dir='ltr'><strong>pietatem</strong></span> <span class='ocrx_word' id='word_1_355' title='bbox 1962 4847 2066 4900; x_wconf 87' lang='lat' dir='ltr'><strong>tale</strong></span> 
     </span>
    </p>
   </div>
   <div class='ocr_carea' id='block_1_54' title="bbox 491 4933 2065 5008">
    <p class='ocr_par' dir='ltr' id='par_1_54' title="bbox 491 4933 2065 5008">
     <span class='ocr_line' id='line_1_54' title="bbox 491 4933 2065 5008; baseline -0.003 -17"><span class='ocrx_word' id='word_1_356' title='bbox 491 4933 628 4991; x_wconf 73' lang='lat' dir='ltr'><strong>nihil</strong></span> <span class='ocrx_word' id='word_1_357' title='bbox 673 4936 952 5008; x_wconf 78' lang='lat' dir='ltr'><strong>egizvicit</strong></span> <span class='ocrx_word' id='word_1_358' title='bbox 993 4933 1139 4988; x_wconf 88' lang='lat' dir='ltr'><strong>enim</strong></span> <span class='ocrx_word' id='word_1_359' title='bbox 1189 4949 1378 4988; x_wconf 90' lang='lat' dir='ltr'><strong>revera</strong></span> <span class='ocrx_word' id='word_1_360' title='bbox 1435 4933 1720 4987; x_wconf 89' lang='lat' dir='ltr'><strong>charitatis</strong></span> <span class='ocrx_word' id='word_1_361' title='bbox 1771 4934 1956 4997; x_wconf 88' lang='lat' dir='ltr'><strong>ardor,</strong></span> <span class='ocrx_word' id='word_1_362' title='bbox 2012 4935 2065 4987; x_wconf 83' lang='lat' dir='ltr'><strong>id</strong></span> 
     </span>
    </p>
   </div>
   <div class='ocr_carea' id='block_1_55' title="bbox 491 5023 2066 5097">
    <p class='ocr_par' dir='ltr' id='par_1_55' title="bbox 491 5023 2066 5097">
     <span class='ocr_line' id='line_1_55' title="bbox 491 5023 2066 5097; baseline 0 -17"><span class='ocrx_word' id='word_1_363' title='bbox 491 5029 630 5097; x_wconf 84' lang='lat' dir='ltr'><strong>quod</strong></span> <span class='ocrx_word' id='word_1_364' title='bbox 677 5028 802 5082; x_wconf 81' lang='lat' dir='ltr'><strong>mihi</strong></span> <span class='ocrx_word' id='word_1_365' title='bbox 863 5025 1066 5081; x_wconf 85' lang='lat' dir='ltr'><strong>tamdiu</strong></span> <span class='ocrx_word' id='word_1_366' title='bbox 1111 5026 1434 5096; x_wconf 75' lang='lat' dir='ltr'><strong>propositum</strong></span> <span class='ocrx_word' id='word_1_367' title='bbox 1491 5027 1666 5095; x_wconf 78' lang='lat' dir='ltr'><strong>fuerat</strong></span> <span class='ocrx_word' id='word_1_368' title='bbox 1688 5024 1754 5077; x_wconf 76' lang='grc'><strong>⁸⁷.</strong></span> <span class='ocrx_word' id='word_1_369' title='bbox 1794 5043 1812 5074; x_wconf 85' lang='grc'><strong>›</strong></span> <span class='ocrx_word' id='word_1_370' title='bbox 1857 5023 1936 5078; x_wconf 79' lang='lat' dir='ltr'><strong>Ex</strong></span> <span class='ocrx_word' id='word_1_371' title='bbox 1980 5024 2066 5080; x_wconf 91' lang='lat' dir='ltr'><strong>his</strong></span> 
     </span>
    </p>
   </div>
   <div class='ocr_carea' id='block_1_56' title="bbox 489 5114 2062 5185">
    <p class='ocr_par' dir='ltr' id='par_1_56' title="bbox 489 5114 2062 5185">
     <span class='ocr_line' id='line_1_56' title="bbox 489 5114 2062 5185; baseline -0.003 -11"><span class='ocrx_word' id='word_1_372' title='bbox 489 5120 636 5174; x_wconf 89' lang='lat' dir='ltr'><strong>enim</strong></span> <span class='ocrx_word' id='word_1_373' title='bbox 671 5128 902 5185; x_wconf 85' lang='lat' dir='ltr'><strong>constat,</strong></span> <span class='ocrx_word' id='word_1_374' title='bbox 931 5119 1338 5174; x_wconf 87' lang='lat' dir='ltr'><strong>Theodorelum</strong></span> <span class='ocrx_word' id='word_1_375' title='bbox 1371 5118 1456 5172; x_wconf 90' lang='lat' dir='ltr'><strong>vel</strong></span> <span class='ocrx_word' id='word_1_376' title='bbox 1489 5125 1715 5171; x_wconf 78' lang='lat' dir='ltr'><strong>exutum</strong></span> <span class='ocrx_word' id='word_1_377' title='bbox 1740 5130 1860 5170; x_wconf 89' lang='lat' dir='ltr'><strong>esse</strong></span> <span class='ocrx_word' id='word_1_378' title='bbox 1885 5114 2062 5180; x_wconf 91' lang='lat' dir='ltr'><strong>bonis,</strong></span> 
     </span>
    </p>
   </div>
   <div class='ocr_carea' id='block_1_57' title="bbox 489 5206 2066 5282">
    <p class='ocr_par' dir='ltr' id='par_1_57' title="bbox 489 5206 2066 5282">
     <span class='ocr_line' id='line_1_57' title="bbox 489 5206 2066 5282; baseline -0.001 -19"><span class='ocrx_word' id='word_1_379' title='bbox 489 5225 615 5263; x_wconf 91' lang='lat' dir='ltr'><strong>eum</strong></span> <span class='ocrx_word' id='word_1_380' title='bbox 643 5213 786 5282; x_wconf 84' lang='lat' dir='ltr'><strong>Cyro</strong></span> <span class='ocrx_word' id='word_1_381' title='bbox 814 5213 1202 5280; x_wconf 81' lang='lat' dir='ltr'><strong>expelleretur,</strong></span> <span class='ocrx_word' id='word_1_382' title='bbox 1229 5210 1316 5264; x_wconf 90' lang='lat' dir='ltr'><strong>vel</strong></span> <span class='ocrx_word' id='word_1_383' title='bbox 1351 5208 1550 5279; x_wconf 90' lang='lat' dir='ltr'><strong>spretis</strong></span> <span class='ocrx_word' id='word_1_384' title='bbox 1572 5206 1792 5277; x_wconf 90' lang='lat' dir='ltr'><strong>penitus</strong></span> <span class='ocrx_word' id='word_1_385' title='bbox 1812 5206 2066 5262; x_wconf 90' lang='lat' dir='ltr'><strong>omnibus</strong></span> 
     </span>
    </p>
   </div>
   <div class='ocr_carea' id='block_1_58' title="bbox 487 5299 1400 5358">
    <p class='ocr_par' dir='ltr' id='par_1_58' title="bbox 487 5299 1400 5358">
     <span class='ocr_line' id='line_1_58' title="bbox 487 5299 1400 5358; baseline 0 -4"><span class='ocrx_word' id='word_1_386' title='bbox 487 5299 555 5354; x_wconf 90' lang='lat' dir='ltr'><strong>ad</strong></span> <span class='ocrx_word' id='word_1_387' title='bbox 582 5309 976 5356; x_wconf 75' lang='lat' dir='ltr'><strong>monasterium</strong></span> <span class='ocrx_word' id='word_1_388' title='bbox 995 5316 1054 5356; x_wconf 92' lang='lat' dir='ltr'><strong>se</strong></span> <span class='ocrx_word' id='word_1_389' title='bbox 1079 5301 1400 5358; x_wconf 86' lang='lat' dir='ltr'><strong>contulisse.</strong></span> 
     </span>
    </p>
   </div>
   <div class='ocr_carea' id='block_1_59' title="bbox 2167 352 3756 422">
    <p class='ocr_par' dir='ltr' id='par_1_59' title="bbox 2167 352 3756 422">
     <span class='ocr_line' id='line_1_59' title="bbox 2167 352 3756 422; baseline 0.003 -18"><span class='ocrx_word' id='word_1_390' title='bbox 2167 352 2461 422; x_wconf 84' lang='lat' dir='ltr'><strong>episcopus</strong></span> <span class='ocrx_word' id='word_1_391' title='bbox 2515 353 2618 406; x_wconf 85' lang='lat' dir='ltr'><strong>sub</strong></span> <span class='ocrx_word' id='word_1_392' title='bbox 2669 353 3001 406; x_wconf 84' lang='lat' dir='ltr'><strong>Damasceno</strong></span> <span class='ocrx_word' id='word_1_393' title='bbox 3055 352 3438 422; x_wconf 88' lang='lat' dir='ltr'><strong>metropolita,</strong></span> <span class='ocrx_word' id='word_1_394' title='bbox 3505 353 3756 408; x_wconf 81' lang='lat' dir='ltr'><strong>interfuit</strong></span> 
     </span>
    </p>
   </div>
   <div class='ocr_carea' id='block_1_60' title="bbox 2169 442 3756 513">
    <p class='ocr_par' dir='ltr' id='par_1_60' title="bbox 2169 442 3756 513">
     <span class='ocr_line' id='line_1_60' title="bbox 2169 442 3756 513; baseline 0.001 -17"><span class='ocrx_word' id='word_1_395' title='bbox 2169 443 2390 513; x_wconf 87' lang='lat' dir='ltr'><strong>utrique</strong></span> <span class='ocrx_word' id='word_1_396' title='bbox 2415 443 2627 513; x_wconf 84' lang='lat' dir='ltr'><strong>judicio</strong></span> <span class='ocrx_word' id='word_1_397' title='bbox 2653 442 2718 497; x_wconf 91' lang='lat' dir='ltr'><strong>de</strong></span> <span class='ocrx_word' id='word_1_398' title='bbox 2739 444 2863 497; x_wconf 81' lang='lat' dir='ltr'><strong>Iba:</strong></span> <span class='ocrx_word' id='word_1_399' title='bbox 2889 444 3017 513; x_wconf 78' lang='lat' dir='ltr'><strong>Tyri</strong></span> <span class='ocrx_word' id='word_1_400' title='bbox 3050 459 3270 512; x_wconf 90' lang='lat' dir='ltr'><strong>nempe,</strong></span> <span class='ocrx_word' id='word_1_401' title='bbox 3302 459 3492 497; x_wconf 83' lang='lat' dir='ltr'><strong>mense</strong></span> <span class='ocrx_word' id='word_1_402' title='bbox 3517 443 3756 498; x_wconf 84' lang='lat' dir='ltr'><strong>Februa-</strong></span> 
     </span>
    </p>
   </div>
   <div class='ocr_carea' id='block_1_61' title="bbox 2169 535 3756 608">
    <p class='ocr_par' dir='ltr' id='par_1_61' title="bbox 2169 535 3756 608">
     <span class='ocr_line' id='line_1_61' title="bbox 2169 535 3756 608; baseline 0.001 -18"><span class='ocrx_word' id='word_1_403' title='bbox 2169 535 2273 601; x_wconf 87' lang='lat' dir='ltr'><strong>rio,</strong></span> <span class='ocrx_word' id='word_1_404' title='bbox 2304 547 2361 592; x_wconf 89' lang='lat' dir='ltr'><strong>et</strong></span> <span class='ocrx_word' id='word_1_405' title='bbox 2384 537 2587 608; x_wconf 85' lang='lat' dir='ltr'><strong>Beryti,</strong></span> <span class='ocrx_word' id='word_1_406' title='bbox 2623 551 2813 590; x_wconf 83' lang='lat' dir='ltr'><strong>mense</strong></span> <span class='ocrx_word' id='word_1_407' title='bbox 2839 535 3150 604; x_wconf 88' lang='lat' dir='ltr'><strong>Septembri</strong></span> <span class='ocrx_word' id='word_1_408' title='bbox 3179 551 3322 588; x_wconf 91' lang='lat' dir='ltr'><strong>anno</strong></span> <span class='ocrx_word' id='word_1_409' title='bbox 3345 535 3466 590; x_wconf 82' lang='grc'><strong>448.</strong></span> <span class='ocrx_word' id='word_1_410' title='bbox 3508 537 3756 592; x_wconf 90' lang='lat' dir='ltr'><strong>Interfuit</strong></span> 
     </span>
    </p>
   </div>
   <div class='ocr_carea' id='block_1_62' title="bbox 2168 627 3754 697">
    <p class='ocr_par' dir='ltr' id='par_1_62' title="bbox 2168 627 3754 697">
     <span class='ocr_line' id='line_1_62' title="bbox 2168 627 3754 697; baseline 0.001 -16"><span class='ocrx_word' id='word_1_411' title='bbox 2168 637 2226 682; x_wconf 87' lang='lat' dir='ltr'><strong>et</strong></span> <span class='ocrx_word' id='word_1_412' title='bbox 2256 629 2490 683; x_wconf 90' lang='lat' dir='ltr'><strong>concilio</strong></span> <span class='ocrx_word' id='word_1_413' title='bbox 2519 627 2953 683; x_wconf 87' lang='lat' dir='ltr'><strong>Chalcedonensi</strong></span> <span class='ocrx_word' id='word_1_414' title='bbox 2983 642 3126 680; x_wconf 89' lang='lat' dir='ltr'><strong>anno</strong></span> <span class='ocrx_word' id='word_1_415' title='bbox 3148 627 3272 690; x_wconf 84' lang='grc'><strong>451,</strong></span> <span class='ocrx_word' id='word_1_416' title='bbox 3296 635 3352 680; x_wconf 88' lang='lat' dir='ltr'><strong>et</strong></span> <span class='ocrx_word' id='word_1_417' title='bbox 3386 628 3661 697; x_wconf 61' lang='lat' dir='ltr'><strong>synodica:</strong></span> <span class='ocrx_word' id='word_1_418' title='bbox 3685 628 3754 682; x_wconf 87' lang='lat' dir='ltr'><strong>ad</strong></span> 
     </span>
    </p>
   </div>
   <div class='ocr_carea' id='block_1_63' title="bbox 2171 716 3501 788">
    <p class='ocr_par' dir='ltr' id='par_1_63' title="bbox 2171 716 3501 788">
     <span class='ocr_line' id='line_1_63' title="bbox 2171 716 3501 788; baseline -0.002 -14"><span class='ocrx_word' id='word_1_419' title='bbox 2171 718 2412 774; x_wconf 87' lang='lat' dir='ltr'><strong>Leonem</strong></span> <span class='ocrx_word' id='word_1_420' title='bbox 2447 719 2833 788; x_wconf 87' lang='lat' dir='ltr'><strong>imperatorem</strong></span> <span class='ocrx_word' id='word_1_421' title='bbox 2856 716 3183 786; x_wconf 86' lang='lat' dir='ltr'><strong>subscripsit</strong></span> <span class='ocrx_word' id='word_1_422' title='bbox 3209 733 3354 771; x_wconf 88' lang='lat' dir='ltr'><strong>anno</strong></span> <span class='ocrx_word' id='word_1_423' title='bbox 3377 717 3501 771; x_wconf 82' lang='grc'><strong>458.</strong></span> 
     </span>
    </p>
   </div>
   <div class='ocr_carea' id='block_1_64' title="bbox 2170 855 3752 930">
    <p class='ocr_par' dir='ltr' id='par_1_64' title="bbox 2170 855 3752 930">
     <span class='ocr_line' id='line_1_64' title="bbox 2170 855 3752 930; baseline -0.001 -17"><span class='ocrx_word' id='word_1_424' title='bbox 2170 857 2413 930; x_wconf 79' lang='lat' dir='ltr'><strong>Epistola</strong></span> <span class='ocrx_word' id='word_1_425' title='bbox 2445 857 2579 922; x_wconf 53' lang='lat' dir='ltr'><strong>lii,</strong></span> <span class='ocrx_word' id='word_1_426' title='bbox 2614 855 2900 926; x_wconf 71' lang='lat' dir='ltr'><strong>familiaris</strong></span> <span class='ocrx_word' id='word_1_427' title='bbox 2931 857 3002 910; x_wconf 87' lang='lat' dir='ltr'><strong>ad</strong></span> <span class='ocrx_word' id='word_1_428' title='bbox 3041 855 3326 910; x_wconf 76' lang='lat' dir='ltr'><strong>Maranam</strong></span> <span class='ocrx_word' id='word_1_429' title='bbox 3365 855 3752 912; x_wconf 75' lang='lat' dir='ltr'><strong>scltolasticum.</strong></span> 
     </span>
    </p>
   </div>
   <div class='ocr_carea' id='block_1_65' title="bbox 2242 991 3759 1063">
    <p class='ocr_par' dir='ltr' id='par_1_65' title="bbox 2242 991 3759 1063">
     <span class='ocr_line' id='line_1_65' title="bbox 2242 991 3759 1063; baseline 0.001 -17"><span class='ocrx_word' id='word_1_430' title='bbox 2242 992 2458 1062; x_wconf 90' lang='lat' dir='ltr'><strong>Scripta</strong></span> <span class='ocrx_word' id='word_1_431' title='bbox 2489 1002 2572 1048; x_wconf 88' lang='lat' dir='ltr'><strong>est</strong></span> <span class='ocrx_word' id='word_1_432' title='bbox 2603 1009 2634 1048; x_wconf 89' lang='lat' dir='ltr'><strong>e</strong></span> <span class='ocrx_word' id='word_1_433' title='bbox 2664 992 2806 1056; x_wconf 91' lang='lat' dir='ltr'><strong>loco,</strong></span> <span class='ocrx_word' id='word_1_434' title='bbox 2835 992 2888 1046; x_wconf 93' lang='lat' dir='ltr'><strong>in</strong></span> <span class='ocrx_word' id='word_1_435' title='bbox 2931 1007 3094 1062; x_wconf 90' lang='lat' dir='ltr'><strong>quem</strong></span> <span class='ocrx_word' id='word_1_436' title='bbox 3133 991 3455 1063; x_wconf 87' lang='lat' dir='ltr'><strong>confugerat</strong></span> <span class='ocrx_word' id='word_1_437' title='bbox 3494 994 3759 1063; x_wconf 82' lang='lat' dir='ltr'><strong>expulsus</strong></span> 
     </span>
    </p>
   </div>
   <div class='ocr_carea' id='block_1_66' title="bbox 2169 1082 3757 1155">
    <p class='ocr_par' dir='ltr' id='par_1_66' title="bbox 2169 1082 3757 1155">
     <span class='ocr_line' id='line_1_66' title="bbox 2169 1082 3757 1155; baseline 0 -16"><span class='ocrx_word' id='word_1_438' title='bbox 2169 1083 2332 1155; x_wconf 87' lang='lat' dir='ltr'><strong>Cyro,</strong></span> <span class='ocrx_word' id='word_1_439' title='bbox 2356 1093 2413 1138; x_wconf 92' lang='lat' dir='ltr'><strong>et</strong></span> <span class='ocrx_word' id='word_1_440' title='bbox 2432 1084 2525 1138; x_wconf 88' lang='lat' dir='ltr'><strong>ubi</strong></span> <span class='ocrx_word' id='word_1_441' title='bbox 2559 1082 2714 1138; x_wconf 88' lang='lat' dir='ltr'><strong>iratis</strong></span> <span class='ocrx_word' id='word_1_442' title='bbox 2742 1083 3076 1139; x_wconf 90' lang='lat' dir='ltr'><strong>adversariis</strong></span> <span class='ocrx_word' id='word_1_443' title='bbox 3107 1083 3413 1147; x_wconf 83' lang='lat' dir='ltr'><strong>fruebatur,</strong></span> <span class='ocrx_word' id='word_1_444' title='bbox 3441 1084 3634 1154; x_wconf 89' lang='lat' dir='ltr'><strong>procul</strong></span> <span class='ocrx_word' id='word_1_445' title='bbox 3666 1095 3757 1139; x_wconf 91' lang='lat' dir='ltr'><strong>tu-</strong></span> 
     </span>
    </p>
   </div>
   <div class='ocr_carea' id='block_1_67' title="bbox 2171 1171 3666 1242">
    <p class='ocr_par' dir='ltr' id='par_1_67' title="bbox 2171 1171 3666 1242">
     <span class='ocr_line' id='line_1_67' title="bbox 2171 1171 3666 1242; baseline -0.002 -14"><span class='ocrx_word' id='word_1_446' title='bbox 2171 1173 2456 1228; x_wconf 86' lang='lat' dir='ltr'><strong>multibus.</strong></span> <span class='ocrx_word' id='word_1_447' title='bbox 2481 1173 2555 1228; x_wconf 83' lang='lat' dir='ltr'><strong>De</strong></span> <span class='ocrx_word' id='word_1_448' title='bbox 2581 1173 2797 1227; x_wconf 79' lang='lat' dir='ltr'><strong>Marana</strong></span> <span class='ocrx_word' id='word_1_449' title='bbox 2821 1172 3028 1228; x_wconf 90' lang='lat' dir='ltr'><strong>dictum</strong></span> <span class='ocrx_word' id='word_1_450' title='bbox 3047 1180 3132 1227; x_wconf 85' lang='lat' dir='ltr'><strong>est</strong></span> <span class='ocrx_word' id='word_1_451' title='bbox 3163 1171 3230 1226; x_wconf 91' lang='lat' dir='ltr'><strong>ad</strong></span> <span class='ocrx_word' id='word_1_452' title='bbox 3264 1172 3549 1242; x_wconf 68' lang='lat' dir='ltr'><strong>epistolam</strong></span> <span class='ocrx_word' id='word_1_453' title='bbox 3579 1171 3666 1226; x_wconf 83' lang='lat'><strong>61.</strong></span> 
     </span>
    </p>
   </div>
   <div class='ocr_carea' id='block_1_68' title="bbox 2173 1310 3758 1433">
    <p class='ocr_par' dir='ltr' id='par_1_68' title="bbox 2173 1310 3758 1433">
     <span class='ocr_line' id='line_1_68' title="bbox 2173 1310 3758 1433; baseline -0.001 -64"><span class='ocrx_word' id='word_1_454' title='bbox 2173 1313 2418 1385; x_wconf 81' lang='lat' dir='ltr'><strong>Epistola</strong></span> <span class='ocrx_word' id='word_1_455' title='bbox 2455 1313 2578 1377; x_wconf 73' lang='grc'><strong>125,</strong></span> <span class='ocrx_word' id='word_1_456' title='bbox 2613 1312 2913 1383; x_wconf 84' lang='lat' dir='ltr'><strong>dogmatica</strong></span> <span class='ocrx_word' id='word_1_457' title='bbox 2951 1312 3020 1433; x_wconf 55' lang='lat' dir='ltr'><strong>at:</strong></span> <span class='ocrx_word' id='word_1_458' title='bbox 3050 1312 3428 1382; x_wconf 76' lang='lat' dir='ltr'><strong>magistratum</strong></span> <span class='ocrx_word' id='word_1_459' title='bbox 3469 1310 3758 1382; x_wconf 74' lang='lat' dir='ltr'><strong>Zeugmate</strong></span> 
     </span>
     <span class='ocr_line' id='line_1_69' title="bbox 2835 1399 3095 1433; baseline 0 0"><span class='ocrx_word' id='word_1_460' title='bbox 2835 1399 2992 1433; x_wconf 80' lang='lat' dir='ltr'><strong>aeren</strong></span> <span class='ocrx_word' id='word_1_461' title='bbox 3022 1399 3095 1433; x_wconf 81' lang='lat' dir='ltr'><strong>es.</strong></span> 
     </span>
    </p>
   </div>
   <div class='ocr_carea' id='block_1_69' title="bbox 2833 1399 3095 1453">
    <p class='ocr_par' dir='ltr' id='par_1_69' title="bbox 2833 1399 3095 1453">
     <span class='ocr_line' id='line_1_70' title="bbox 2833 1399 3095 1453; baseline 0 -18"><span class='ocrx_word' id='word_1_462' title='bbox 2833 1399 3095 1453; x_wconf 77' lang='lat' dir='ltr'><strong>gerentes.</strong></span> 
     </span>
    </p>
   </div>
   <div class='ocr_carea' id='block_1_70' title="bbox 2133 1515 3754 1588">
    <p class='ocr_par' dir='ltr' id='par_1_70' title="bbox 2133 1515 3754 1588">
     <span class='ocr_line' id='line_1_71' title="bbox 2133 1515 3754 1588; baseline -0.001 -16"><span class='ocrx_word' id='word_1_463' title='bbox 2133 1561 2156 1572; x_wconf 55' lang='grc' dir='ltr'><em>κ</em></span> <span class='ocrx_word' id='word_1_464' title='bbox 2242 1519 2282 1574; x_wconf 88' lang='grc'><strong>1.</strong></span> <span class='ocrx_word' id='word_1_465' title='bbox 2326 1517 2557 1588; x_wconf 92' lang='lat' dir='ltr'><strong>Scripsit</strong></span> <span class='ocrx_word' id='word_1_466' title='bbox 2603 1516 2990 1572; x_wconf 86' lang='lat' dir='ltr'><strong>Theodoretus</strong></span> <span class='ocrx_word' id='word_1_467' title='bbox 3041 1531 3108 1570; x_wconf 84' lang='lat' dir='ltr'><strong>ex</strong></span> <span class='ocrx_word' id='word_1_468' title='bbox 3147 1515 3344 1571; x_wconf 85' lang='lat' dir='ltr'><strong>eodem</strong></span> <span class='ocrx_word' id='word_1_469' title='bbox 3394 1516 3536 1582; x_wconf 88' lang='lat' dir='ltr'><strong>loco,</strong></span> <span class='ocrx_word' id='word_1_470' title='bbox 3587 1515 3754 1586; x_wconf 81' lang='lat' dir='ltr'><strong>idque</strong></span> 
     </span>
    </p>
   </div>
   <div class='ocr_carea' id='block_1_71' title="bbox 2102 1601 3757 1678">
    <p class='ocr_par' dir='ltr' id='par_1_71' title="bbox 2102 1601 3757 1678">
     <span class='ocr_line' id='line_1_72' title="bbox 2102 1601 3757 1678; baseline -0.001 -14"><span class='ocrx_word' id='word_1_471' title='bbox 2102 1601 2145 1656; x_wconf 88' lang='grc' dir='ltr'><strong>Β</strong></span> <span class='ocrx_word' id='word_1_472' title='bbox 2173 1610 2301 1664; x_wconf 91' lang='lat' dir='ltr'><strong>inde</strong></span> <span class='ocrx_word' id='word_1_473' title='bbox 2325 1617 2560 1673; x_wconf 89' lang='lat' dir='ltr'><strong>constat,</strong></span> <span class='ocrx_word' id='word_1_474' title='bbox 2605 1607 2775 1678; x_wconf 91' lang='lat' dir='ltr'><strong>quod,</strong></span> <span class='ocrx_word' id='word_1_475' title='bbox 2815 1617 2877 1662; x_wconf 89' lang='lat' dir='ltr'><strong>ut</strong></span> <span class='ocrx_word' id='word_1_476' title='bbox 2919 1607 3206 1672; x_wconf 87' lang='lat' dir='ltr'><strong>scriberet,</strong></span> <span class='ocrx_word' id='word_1_477' title='bbox 3232 1616 3452 1677; x_wconf 85' lang='lat' dir='ltr'><strong>rogatus</strong></span> <span class='ocrx_word' id='word_1_478' title='bbox 3473 1607 3544 1662; x_wconf 92' lang='lat' dir='ltr'><strong>sit</strong></span> <span class='ocrx_word' id='word_1_479' title='bbox 3571 1607 3640 1662; x_wconf 89' lang='lat' dir='ltr'><strong>ab</strong></span> <span class='ocrx_word' id='word_1_480' title='bbox 3668 1623 3757 1662; x_wconf 86' lang='lat' dir='ltr'><strong>ar-</strong></span> 
     </span>
    </p>
   </div>
   <div class='ocr_carea' id='block_1_72' title="bbox 2172 1698 3757 1770">
    <p class='ocr_par' dir='ltr' id='par_1_72' title="bbox 2172 1698 3757 1770">
     <span class='ocr_line' id='line_1_73' title="bbox 2172 1698 3757 1770; baseline -0.001 -15"><span class='ocrx_word' id='word_1_481' title='bbox 2172 1701 2560 1764; x_wconf 87' lang='lat' dir='ltr'><strong>chimandrita,</strong></span> <span class='ocrx_word' id='word_1_482' title='bbox 2589 1700 2682 1770; x_wconf 89' lang='lat' dir='ltr'><strong>qui</strong></span> <span class='ocrx_word' id='word_1_483' title='bbox 2708 1699 3000 1770; x_wconf 84' lang='lat' dir='ltr'><strong>Zeugmate</strong></span> <span class='ocrx_word' id='word_1_484' title='bbox 3034 1698 3101 1752; x_wconf 91' lang='lat' dir='ltr'><strong>ad</strong></span> <span class='ocrx_word' id='word_1_485' title='bbox 3129 1699 3304 1769; x_wconf 92' lang='lat' dir='ltr'><strong>ipsum</strong></span> <span class='ocrx_word' id='word_1_486' title='bbox 3333 1708 3556 1753; x_wconf 86' lang='lat' dir='ltr'><strong>venerat</strong></span> <span class='ocrx_word' id='word_1_487' title='bbox 3593 1699 3757 1770; x_wconf 80' lang='lat' dir='ltr'><strong>longo</strong></span> 
     </span>
    </p>
   </div>
   <div class='ocr_carea' id='block_1_73' title="bbox 2173 1789 3756 1860">
    <p class='ocr_par' dir='ltr' id='par_1_73' title="bbox 2173 1789 3756 1860">
     <span class='ocr_line' id='line_1_74' title="bbox 2173 1789 3756 1860; baseline 0.001 -15"><span class='ocrx_word' id='word_1_488' title='bbox 2173 1792 2414 1848; x_wconf 90' lang='lat' dir='ltr'><strong>itinere:</strong></span> <span class='ocrx_word' id='word_1_489' title='bbox 2448 1807 2558 1845; x_wconf 90' lang='lat' dir='ltr'><strong>non</strong></span> <span class='ocrx_word' id='word_1_490' title='bbox 2607 1790 2802 1844; x_wconf 88' lang='lat' dir='ltr'><strong>fuisset</strong></span> <span class='ocrx_word' id='word_1_491' title='bbox 2852 1797 3038 1845; x_wconf 90' lang='lat' dir='ltr'><strong>autem</strong></span> <span class='ocrx_word' id='word_1_492' title='bbox 3083 1789 3188 1844; x_wconf 76' lang='lat' dir='ltr'><strong>iter</strong></span> <span class='ocrx_word' id='word_1_493' title='bbox 3216 1789 3374 1844; x_wconf 73' lang='lat' dir='ltr'><strong>valde</strong></span> <span class='ocrx_word' id='word_1_494' title='bbox 3414 1789 3659 1860; x_wconf 82' lang='lat' dir='ltr'><strong>longum,</strong></span> <span class='ocrx_word' id='word_1_495' title='bbox 3707 1791 3756 1846; x_wconf 86' lang='lat' dir='ltr'><strong>si</strong></span> 
     </span>
    </p>
   </div>
   <div class='ocr_carea' id='block_1_74' title="bbox 2173 1881 3761 1954">
    <p class='ocr_par' dir='ltr' id='par_1_74' title="bbox 2173 1881 3761 1954">
     <span class='ocr_line' id='line_1_75' title="bbox 2173 1881 3761 1954; baseline -0.002 -15"><span class='ocrx_word' id='word_1_496' title='bbox 2173 1894 2306 1940; x_wconf 92' lang='lat' dir='ltr'><strong>tunc</strong></span> <span class='ocrx_word' id='word_1_497' title='bbox 2349 1883 2478 1954; x_wconf 84' lang='lat' dir='ltr'><strong>Cyri</strong></span> <span class='ocrx_word' id='word_1_498' title='bbox 2529 1881 2898 1947; x_wconf 87' lang='lat' dir='ltr'><strong>constitisset;</strong></span> <span class='ocrx_word' id='word_1_499' title='bbox 2941 1881 3047 1936; x_wconf 92' lang='lat' dir='ltr'><strong>fuit</strong></span> <span class='ocrx_word' id='word_1_500' title='bbox 3079 1896 3250 1944; x_wconf 90' lang='lat' dir='ltr'><strong>vero,</strong></span> <span class='ocrx_word' id='word_1_501' title='bbox 3295 1881 3341 1936; x_wconf 90' lang='lat' dir='ltr'><strong>si</strong></span> <span class='ocrx_word' id='word_1_502' title='bbox 3386 1897 3558 1952; x_wconf 89' lang='lat' dir='ltr'><strong>prope</strong></span> <span class='ocrx_word' id='word_1_503' title='bbox 3615 1884 3761 1952; x_wconf 87' lang='lat' dir='ltr'><strong>Apa-</strong></span> 
     </span>
    </p>
   </div>
   <div class='ocr_carea' id='block_1_75' title="bbox 2173 1973 3756 2030">
    <p class='ocr_par' dir='ltr' id='par_1_75' title="bbox 2173 1973 3756 2030">
     <span class='ocr_line' id='line_1_76' title="bbox 2173 1973 3756 2030; baseline -0.001 0"><span class='ocrx_word' id='word_1_504' title='bbox 2173 1991 2348 2030; x_wconf 87' lang='lat' dir='ltr'><strong>meam</strong></span> <span class='ocrx_word' id='word_1_505' title='bbox 2375 1993 2391 2028; x_wconf 89' lang='lat'>:</span> <span class='ocrx_word' id='word_1_506' title='bbox 2421 1974 2475 2028; x_wconf 91' lang='lat' dir='ltr'><strong>in</strong></span> <span class='ocrx_word' id='word_1_507' title='bbox 2513 1974 2782 2028; x_wconf 88' lang='lat' dir='ltr'><strong>alterutro</strong></span> <span class='ocrx_word' id='word_1_508' title='bbox 2817 1981 3000 2027; x_wconf 88' lang='lat' dir='ltr'><strong>autem</strong></span> <span class='ocrx_word' id='word_1_509' title='bbox 3049 1973 3366 2027; x_wconf 88' lang='lat' dir='ltr'><strong>constitisse</strong></span> <span class='ocrx_word' id='word_1_510' title='bbox 3395 1989 3618 2028; x_wconf 88' lang='lat' dir='ltr'><strong>necesse</strong></span> <span class='ocrx_word' id='word_1_511' title='bbox 3647 1985 3756 2028; x_wconf 90' lang='lat' dir='ltr'><strong>est.</strong></span> 
     </span>
    </p>
   </div>
   <div class='ocr_carea' id='block_1_76' title="bbox 2244 2063 3761 2134">
    <p class='ocr_par' dir='ltr' id='par_1_76' title="bbox 2244 2063 3761 2134">
     <span class='ocr_line' id='line_1_77' title="bbox 2244 2063 3761 2134; baseline -0.002 -13"><span class='ocrx_word' id='word_1_512' title='bbox 2244 2067 2310 2121; x_wconf 95' lang='lat' dir='ltr'><strong>ll.</strong></span> <span class='ocrx_word' id='word_1_513' title='bbox 2335 2064 2689 2121; x_wconf 87' lang='lat' dir='ltr'><strong>Observanda</strong></span> <span class='ocrx_word' id='word_1_514' title='bbox 2713 2079 2880 2134; x_wconf 89' lang='lat' dir='ltr'><strong>porro</strong></span> <span class='ocrx_word' id='word_1_515' title='bbox 2909 2072 3100 2118; x_wconf 85' lang='lat' dir='ltr'><strong>exacta</strong></span> <span class='ocrx_word' id='word_1_516' title='bbox 3123 2063 3394 2133; x_wconf 83' lang='lat' dir='ltr'><strong>dogmatis</strong></span> <span class='ocrx_word' id='word_1_517' title='bbox 3418 2063 3484 2118; x_wconf 91' lang='lat' dir='ltr'><strong>de</strong></span> <span class='ocrx_word' id='word_1_518' title='bbox 3506 2065 3761 2118; x_wconf 77' lang='lat' dir='ltr'><strong>incarna-</strong></span> 
     </span>
    </p>
   </div>
   <div class='ocr_carea' id='block_1_77' title="bbox 2178 2153 3755 2226">
    <p class='ocr_par' dir='ltr' id='par_1_77' title="bbox 2178 2153 3755 2226">
     <span class='ocr_line' id='line_1_78' title="bbox 2178 2153 3755 2226; baseline -0.003 -16"><span class='ocrx_word' id='word_1_519' title='bbox 2178 2157 2325 2210; x_wconf 89' lang='lat' dir='ltr'><strong>tione</strong></span> <span class='ocrx_word' id='word_1_520' title='bbox 2356 2156 2648 2226; x_wconf 75' lang='lat' dir='ltr'><strong>expositio,</strong></span> <span class='ocrx_word' id='word_1_521' title='bbox 2669 2155 2774 2210; x_wconf 90' lang='lat' dir='ltr'><strong>nisi</strong></span> <span class='ocrx_word' id='word_1_522' title='bbox 2799 2153 2947 2225; x_wconf 91' lang='lat' dir='ltr'><strong>quod</strong></span> <span class='ocrx_word' id='word_1_523' title='bbox 2973 2153 3042 2208; x_wconf 92' lang='lat' dir='ltr'><strong>de</strong></span> <span class='ocrx_word' id='word_1_524' title='bbox 3065 2153 3254 2206; x_wconf 82' lang='grc' dir='ltr'><strong>ὲνώσει</strong></span> <span class='ocrx_word' id='word_1_525' title='bbox 3280 2153 3403 2208; x_wconf 80' lang='grc' dir='ltr'>καθ’</span> <span class='ocrx_word' id='word_1_526' title='bbox 3435 2155 3755 2221; x_wconf 72' lang='grc' dir='ltr'><strong>ὑπόστασιν,</strong></span> 
     </span>
    </p>
   </div>
   <div class='ocr_carea' id='block_1_78' title="bbox 2177 2253 2722 2320">
    <p class='ocr_par' dir='ltr' id='par_1_78' title="bbox 2177 2253 2722 2320">
     <span class='ocr_line' id='line_1_79' title="bbox 2177 2253 2722 2320; baseline -0.007 -14"><span class='ocrx_word' id='word_1_527' title='bbox 2177 2267 2274 2306; x_wconf 90' lang='lat' dir='ltr'><strong>seu</strong></span> <span class='ocrx_word' id='word_1_528' title='bbox 2304 2253 2528 2320; x_wconf 77' lang='grc' dir='ltr'><strong>φυσικῇ,</strong></span> <span class='ocrx_word' id='word_1_529' title='bbox 2558 2258 2722 2304; x_wconf 91' lang='lat' dir='ltr'><strong>tacet.</strong></span> 
     </span>
    </p>
   </div>
   <div class='ocr_carea' id='block_1_79' title="bbox 2307 2385 3626 2470">
    <p class='ocr_par' dir='ltr' id='par_1_79' title="bbox 2307 2385 3626 2470">
     <span class='ocr_line' id='line_1_80' title="bbox 2307 2385 3626 2470; baseline -0.002 -26"><span class='ocrx_word' id='word_1_530' title='bbox 2307 2394 2324 2412; x_wconf 83' lang='lat'><strong><em>‘</em></strong></span> <span class='ocrx_word' id='word_1_531' title='bbox 2355 2388 2597 2456; x_wconf 75' lang='lat' dir='ltr'><strong>Epistola</strong></span> <span class='ocrx_word' id='word_1_532' title='bbox 2629 2389 2750 2452; x_wconf 72' lang='grc'><strong>126,</strong></span> <span class='ocrx_word' id='word_1_533' title='bbox 2787 2389 3147 2470; x_wconf 68' lang='lat' dir='ltr'><strong>increpatoria</strong></span> <span class='ocrx_word' id='word_1_534' title='bbox 3180 2388 3252 2442; x_wconf 87' lang='lat' dir='ltr'><strong>ad</strong></span> <span class='ocrx_word' id='word_1_535' title='bbox 3273 2385 3626 2442; x_wconf 86' lang='lat' dir='ltr'><strong>Sabinianum</strong></span> 
     </span>
    </p>
   </div>
   <div class='ocr_carea' id='block_1_80' title="bbox 2811 2474 3133 2529">
    <p class='ocr_par' dir='ltr' id='par_1_80' title="bbox 2811 2474 3133 2529">
     <span class='ocr_line' id='line_1_81' title="bbox 2811 2474 3133 2529; baseline 0.003 -18"><span class='ocrx_word' id='word_1_536' title='bbox 2811 2474 3133 2529; x_wconf 69' lang='lat' dir='ltr'><strong>episcopum.</strong></span> 
     </span>
    </p>
   </div>
   <div class='ocr_carea' id='block_1_81' title="bbox 2246 2591 3686 2650">
    <p class='ocr_par' dir='ltr' id='par_1_81' title="bbox 2246 2591 3686 2650">
     <span class='ocr_line' id='line_1_82' title="bbox 2246 2591 3686 2650; baseline -0.003 0"><span class='ocrx_word' id='word_1_537' title='bbox 2246 2597 2288 2650; x_wconf 89' lang='lat' dir='ltr'><strong>l.</strong></span> <span class='ocrx_word' id='word_1_538' title='bbox 2315 2595 2438 2650; x_wconf 64' lang='lat' dir='ltr'><strong>Haec</strong></span> <span class='ocrx_word' id='word_1_539' title='bbox 2466 2594 2631 2650; x_wconf 91' lang='lat' dir='ltr'><strong>etiam</strong></span> <span class='ocrx_word' id='word_1_540' title='bbox 2654 2609 2721 2648; x_wconf 81' lang='lat' dir='ltr'><strong>ex</strong></span> <span class='ocrx_word' id='word_1_541' title='bbox 2754 2591 2948 2647; x_wconf 91' lang='lat' dir='ltr'><strong>eodem</strong></span> <span class='ocrx_word' id='word_1_542' title='bbox 2975 2592 3097 2647; x_wconf 92' lang='lat' dir='ltr'><strong>loco</strong></span> <span class='ocrx_word' id='word_1_543' title='bbox 3123 2592 3250 2647; x_wconf 87' lang='lat' dir='ltr'><strong>data</strong></span> <span class='ocrx_word' id='word_1_544' title='bbox 3285 2600 3369 2647; x_wconf 93' lang='lat' dir='ltr'><strong>est</strong></span> <span class='ocrx_word' id='word_1_545' title='bbox 3395 2608 3537 2647; x_wconf 91' lang='lat' dir='ltr'><strong>anno</strong></span> <span class='ocrx_word' id='word_1_546' title='bbox 3559 2593 3686 2649; x_wconf 82' lang='grc'><strong>450.</strong></span> 
     </span>
    </p>
   </div>
   <div class='ocr_carea' id='block_1_82' title="bbox 2246 2683 3762 2742">
    <p class='ocr_par' dir='ltr' id='par_1_82' title="bbox 2246 2683 3762 2742">
     <span class='ocr_line' id='line_1_83' title="bbox 2246 2683 3762 2742; baseline -0.002 0"><span class='ocrx_word' id='word_1_547' title='bbox 2246 2689 2311 2742; x_wconf 89' lang='lat' dir='ltr'><strong>ll.</strong></span> <span class='ocrx_word' id='word_1_548' title='bbox 2340 2687 2670 2742; x_wconf 88' lang='lat' dir='ltr'><strong>Sabinianus</strong></span> <span class='ocrx_word' id='word_1_549' title='bbox 2709 2700 2834 2738; x_wconf 91' lang='lat' dir='ltr'><strong>cum</strong></span> <span class='ocrx_word' id='word_1_550' title='bbox 2860 2685 3184 2738; x_wconf 90' lang='lat' dir='ltr'><strong>Perrhensis</strong></span> <span class='ocrx_word' id='word_1_551' title='bbox 3210 2684 3466 2740; x_wconf 73' lang='lat' dir='ltr'><strong>Ecclesia:</strong></span> <span class='ocrx_word' id='word_1_552' title='bbox 3490 2683 3675 2739; x_wconf 90' lang='lat' dir='ltr'><strong>sedem</strong></span> <span class='ocrx_word' id='word_1_553' title='bbox 3702 2683 3762 2740; x_wconf 91' lang='lat' dir='ltr'><strong>in</strong></span> 
     </span>
    </p>
   </div>
   <div class='ocr_carea' id='block_1_83' title="bbox 2177 2775 3762 2849">
    <p class='ocr_par' dir='ltr' id='par_1_83' title="bbox 2177 2775 3762 2849">
     <span class='ocr_line' id='line_1_84' title="bbox 2177 2775 3762 2849; baseline -0.002 -16"><span class='ocrx_word' id='word_1_554' title='bbox 2177 2778 2451 2849; x_wconf 86' lang='lat' dir='ltr'><strong>Ephesina</strong></span> <span class='ocrx_word' id='word_1_555' title='bbox 2484 2776 2724 2832; x_wconf 88' lang='lat' dir='ltr'><strong>Dioscori</strong></span> <span class='ocrx_word' id='word_1_556' title='bbox 2759 2775 2967 2846; x_wconf 89' lang='lat' dir='ltr'><strong>synodo</strong></span> <span class='ocrx_word' id='word_1_557' title='bbox 2997 2776 3289 2840; x_wconf 88' lang='lat' dir='ltr'><strong>amisisset,</strong></span> <span class='ocrx_word' id='word_1_558' title='bbox 3305 2785 3611 2830; x_wconf 89' lang='lat' dir='ltr'><strong>tentaverat</strong></span> <span class='ocrx_word' id='word_1_559' title='bbox 3635 2791 3762 2830; x_wconf 90' lang='lat' dir='ltr'><strong>eam</strong></span> 
     </span>
    </p>
   </div>
   <div class='ocr_carea' id='block_1_84' title="bbox 2178 2867 3760 2939">
    <p class='ocr_par' dir='ltr' id='par_1_84' title="bbox 2178 2867 3760 2939">
     <span class='ocr_line' id='line_1_85' title="bbox 2178 2867 3760 2939; baseline -0.003 -13"><span class='ocrx_word' id='word_1_560' title='bbox 2178 2871 2446 2926; x_wconf 90' lang='lat' dir='ltr'><strong>redimere</strong></span> <span class='ocrx_word' id='word_1_561' title='bbox 2470 2870 2676 2939; x_wconf 85' lang='lat' dir='ltr'><strong>abjecta</strong></span> <span class='ocrx_word' id='word_1_562' title='bbox 2701 2868 2935 2938; x_wconf 86' lang='lat' dir='ltr'><strong>quadam</strong></span> <span class='ocrx_word' id='word_1_563' title='bbox 2966 2869 3051 2922; x_wconf 91' lang='lat' dir='ltr'><strong>vel</strong></span> <span class='ocrx_word' id='word_1_564' title='bbox 3079 2883 3241 2938; x_wconf 91' lang='lat' dir='ltr'><strong>prece</strong></span> <span class='ocrx_word' id='word_1_565' title='bbox 3259 2869 3345 2922; x_wconf 90' lang='lat' dir='ltr'><strong>vel</strong></span> <span class='ocrx_word' id='word_1_566' title='bbox 3369 2869 3675 2923; x_wconf 76' lang='lat' dir='ltr'><strong>(economia</strong></span> <span class='ocrx_word' id='word_1_567' title='bbox 3691 2867 3760 2921; x_wconf 82' lang='grc'><strong>⁸⁸.</strong></span> 
     </span>
    </p>
   </div>
   <div class='ocr_carea' id='block_1_85' title="bbox 2176 2959 3762 3032">
    <p class='ocr_par' dir='ltr' id='par_1_85' title="bbox 2176 2959 3762 3032">
     <span class='ocr_line' id='line_1_86' title="bbox 2176 2959 3762 3032; baseline -0.001 -16"><span class='ocrx_word' id='word_1_568' title='bbox 2176 2963 2368 3032; x_wconf 83' lang='lat' dir='ltr'><strong>Arguit</strong></span> <span class='ocrx_word' id='word_1_569' title='bbox 2399 2970 2697 3015; x_wconf 90' lang='lat' dir='ltr'><strong>tentantem</strong></span> <span class='ocrx_word' id='word_1_570' title='bbox 2728 2959 2894 3031; x_wconf 64' lang='grc'><strong>348</strong></span> <span class='ocrx_word' id='word_1_571' title='bbox 2919 2959 3304 3014; x_wconf 89' lang='lat' dir='ltr'><strong>Theodoretus</strong></span> <span class='ocrx_word' id='word_1_572' title='bbox 3329 3001 3343 3024; x_wconf 94' lang='lat'><strong>,</strong></span> <span class='ocrx_word' id='word_1_573' title='bbox 3368 2976 3604 3029; x_wconf 88' lang='lat' dir='ltr'><strong>cumque</strong></span> <span class='ocrx_word' id='word_1_574' title='bbox 3630 2975 3762 3016; x_wconf 85' lang='lat' dir='ltr'><strong>eum</strong></span> 
     </span>
    </p>
   </div>
   <div class='ocr_carea' id='block_1_86' title="bbox 2178 3051 3762 3123">
    <p class='ocr_par' dir='ltr' id='par_1_86' title="bbox 2178 3051 3762 3123">
     <span class='ocr_line' id='line_1_87' title="bbox 2178 3051 3762 3123; baseline 0 -15"><span class='ocrx_word' id='word_1_575' title='bbox 2178 3054 2482 3108; x_wconf 74' lang='lat' dir='ltr'><strong>induxisset</strong></span> <span class='ocrx_word' id='word_1_576' title='bbox 2506 3053 2783 3108; x_wconf 88' lang='lat' dir='ltr'><strong>dicentem</strong></span> <span class='ocrx_word' id='word_1_577' title='bbox 2816 3072 2828 3107; x_wconf 91' lang='lat'>:</span> <span class='ocrx_word' id='word_1_578' title='bbox 2863 3073 2881 3104; x_wconf 76' lang='grc' dir='ltr'>ι</span> <span class='ocrx_word' id='word_1_579' title='bbox 2915 3051 3056 3119; x_wconf 88' lang='lat' dir='ltr'><strong>Quid</strong></span> <span class='ocrx_word' id='word_1_580' title='bbox 3089 3051 3254 3122; x_wconf 85' lang='lat' dir='ltr'><strong>igitur</strong></span> <span class='ocrx_word' id='word_1_581' title='bbox 3282 3053 3428 3107; x_wconf 89' lang='lat' dir='ltr'><strong>facto</strong></span> <span class='ocrx_word' id='word_1_582' title='bbox 3467 3069 3606 3123; x_wconf 89' lang='lat' dir='ltr'><strong>opus</strong></span> <span class='ocrx_word' id='word_1_583' title='bbox 3650 3062 3762 3120; x_wconf 86' lang='lat' dir='ltr'><strong>est,</strong></span> 
     </span>
    </p>
   </div>
   <div class='ocr_carea' id='block_1_87' title="bbox 2177 3142 3766 3214">
    <p class='ocr_par' dir='ltr' id='par_1_87' title="bbox 2177 3142 3766 3214">
     <span class='ocr_line' id='line_1_88' title="bbox 2177 3142 3766 3214; baseline -0.001 -16"><span class='ocrx_word' id='word_1_584' title='bbox 2177 3144 2246 3198; x_wconf 89' lang='lat' dir='ltr'><strong>iis</strong></span> <span class='ocrx_word' id='word_1_585' title='bbox 2269 3143 2363 3212; x_wconf 90' lang='lat' dir='ltr'><strong>qui</strong></span> <span class='ocrx_word' id='word_1_586' title='bbox 2403 3143 2504 3197; x_wconf 92' lang='lat' dir='ltr'><strong>ista</strong></span> <span class='ocrx_word' id='word_1_587' title='bbox 2529 3143 2914 3198; x_wconf 87' lang='lat' dir='ltr'><strong>detestantur?</strong></span> <span class='ocrx_word' id='word_1_588' title='bbox 2945 3163 2964 3195; x_wconf 74' lang='grc' dir='ltr'><strong><em>ι</em></strong></span> <span class='ocrx_word' id='word_1_589' title='bbox 3003 3143 3276 3214; x_wconf 82' lang='lat' dir='ltr'><strong>(dogmata</strong></span> <span class='ocrx_word' id='word_1_590' title='bbox 3306 3143 3514 3197; x_wconf 87' lang='lat' dir='ltr'><strong>scilicet</strong></span> <span class='ocrx_word' id='word_1_591' title='bbox 3543 3142 3610 3196; x_wconf 91' lang='lat' dir='ltr'><strong>de</strong></span> <span class='ocrx_word' id='word_1_592' title='bbox 3651 3159 3766 3197; x_wconf 88' lang='lat' dir='ltr'><strong>una</strong></span> 
     </span>
    </p>
   </div>
   <div class='ocr_carea' id='block_1_88' title="bbox 2177 3234 3766 3307">
    <p class='ocr_par' dir='ltr' id='par_1_88' title="bbox 2177 3234 3766 3307">
     <span class='ocr_line' id='line_1_89' title="bbox 2177 3234 3766 3307; baseline -0.001 -17"><span class='ocrx_word' id='word_1_593' title='bbox 2177 3244 2371 3290; x_wconf 89' lang='lat' dir='ltr'><strong>natura</strong></span> <span class='ocrx_word' id='word_1_594' title='bbox 2407 3243 2464 3289; x_wconf 89' lang='lat' dir='ltr'><strong>et</strong></span> <span class='ocrx_word' id='word_1_595' title='bbox 2497 3235 2608 3289; x_wconf 87' lang='lat' dir='ltr'><strong>Deo</strong></span> <span class='ocrx_word' id='word_1_596' title='bbox 2649 3236 2863 3307; x_wconf 89' lang='lat' dir='ltr'><strong>passo);</strong></span> <span class='ocrx_word' id='word_1_597' title='bbox 2906 3235 3200 3305; x_wconf 88' lang='lat' dir='ltr'><strong>respondet</strong></span> <span class='ocrx_word' id='word_1_598' title='bbox 3238 3234 3606 3305; x_wconf 60' lang='lat' dir='ltr'><strong>praestandum</strong></span> <span class='ocrx_word' id='word_1_599' title='bbox 3635 3249 3766 3289; x_wconf 87' lang='lat' dir='ltr'><strong>esse</strong></span> 
     </span>
    </p>
   </div>
   <div class='ocr_carea' id='block_1_89' title="bbox 2183 3326 3764 3396">
    <p class='ocr_par' dir='ltr' id='par_1_89' title="bbox 2183 3326 3764 3396">
     <span class='ocr_line' id='line_1_90' title="bbox 2183 3326 3764 3396; baseline 0 -19"><span class='ocrx_word' id='word_1_600' title='bbox 2183 3346 2200 3377; x_wconf 76' lang='grc' dir='ltr'>ι</span> <span class='ocrx_word' id='word_1_601' title='bbox 2238 3326 2470 3380; x_wconf 90' lang='lat' dir='ltr'><strong>duorum</strong></span> <span class='ocrx_word' id='word_1_602' title='bbox 2523 3327 2756 3380; x_wconf 87' lang='lat' dir='ltr'><strong>alterum</strong></span> <span class='ocrx_word' id='word_1_603' title='bbox 2793 3344 2807 3380; x_wconf 88' lang='lat'><strong>:</strong></span> <span class='ocrx_word' id='word_1_604' title='bbox 2837 3341 3055 3396; x_wconf 89' lang='lat' dir='ltr'><strong>nempe,</strong></span> <span class='ocrx_word' id='word_1_605' title='bbox 3088 3335 3149 3381; x_wconf 94' lang='lat' dir='ltr'><strong>ut</strong></span> <span class='ocrx_word' id='word_1_606' title='bbox 3186 3334 3282 3380; x_wconf 92' lang='lat' dir='ltr'><strong>aut</strong></span> <span class='ocrx_word' id='word_1_607' title='bbox 3324 3327 3508 3396; x_wconf 88' lang='lat' dir='ltr'><strong>potius</strong></span> <span class='ocrx_word' id='word_1_608' title='bbox 3536 3340 3764 3378; x_wconf 89' lang='lat' dir='ltr'><strong>manum</strong></span> 
     </span>
    </p>
   </div>
   <div class='ocr_carea' id='block_1_90' title="bbox 2175 3415 3767 3486">
    <p class='ocr_par' dir='ltr' id='par_1_90' title="bbox 2175 3415 3767 3486">
     <span class='ocr_line' id='line_1_91' title="bbox 2175 3415 3767 3486; baseline -0.001 -15"><span class='ocrx_word' id='word_1_609' title='bbox 2175 3425 2487 3480; x_wconf 91' lang='lat' dir='ltr'><strong>conserant,</strong></span> <span class='ocrx_word' id='word_1_610' title='bbox 2529 3424 2586 3484; x_wconf 85' lang='lat' dir='ltr'><strong>e_t</strong></span> <span class='ocrx_word' id='word_1_611' title='bbox 2635 3416 2951 3486; x_wconf 86' lang='lat' dir='ltr'><strong>dogmatum</strong></span> <span class='ocrx_word' id='word_1_612' title='bbox 2997 3416 3292 3470; x_wconf 84' lang='lat' dir='ltr'><strong>falsitatem</strong></span> <span class='ocrx_word' id='word_1_613' title='bbox 3342 3415 3616 3478; x_wconf 87' lang='lat' dir='ltr'><strong>refellant,</strong></span> <span class='ocrx_word' id='word_1_614' title='bbox 3665 3423 3767 3469; x_wconf 88' lang='lat' dir='ltr'><strong>aut</strong></span> 
     </span>
    </p>
   </div>
   <div class='ocr_carea' id='block_1_91' title="bbox 2174 3505 3755 3578">
    <p class='ocr_par' dir='ltr' id='par_1_91' title="bbox 2174 3505 3755 3578">
     <span class='ocr_line' id='line_1_92' title="bbox 2174 3505 3755 3578; baseline -0.004 -15"><span class='ocrx_word' id='word_1_615' title='bbox 2174 3509 2385 3578; x_wconf 80' lang='lat' dir='ltr'><strong>fugiant</strong></span> <span class='ocrx_word' id='word_1_616' title='bbox 2412 3519 2670 3576; x_wconf 89' lang='lat' dir='ltr'><strong>tanquam</strong></span> <span class='ocrx_word' id='word_1_617' title='bbox 2701 3517 2890 3577; x_wconf 87' lang='lat' dir='ltr'><strong>aperte</strong></span> <span class='ocrx_word' id='word_1_618' title='bbox 2915 3506 3209 3576; x_wconf 90' lang='lat' dir='ltr'><strong>impiorum</strong></span> <span class='ocrx_word' id='word_1_619' title='bbox 3231 3505 3699 3560; x_wconf 90' lang='lat' dir='ltr'><strong>communionem.</strong></span> <span class='ocrx_word' id='word_1_620' title='bbox 3734 3523 3755 3556; x_wconf 74' lang='grc' dir='ltr'><strong><em>ι</em></strong></span> 
     </span>
    </p>
   </div>
   <div class='ocr_carea' id='block_1_92' title="bbox 2244 3595 3760 3666">
    <p class='ocr_par' dir='ltr' id='par_1_92' title="bbox 2244 3595 3760 3666">
     <span class='ocr_line' id='line_1_93' title="bbox 2244 3595 3760 3666; baseline -0.002 -15"><span class='ocrx_word' id='word_1_621' title='bbox 2244 3598 2333 3653; x_wconf 87' lang='lat' dir='ltr'><strong>lli.</strong></span> <span class='ocrx_word' id='word_1_622' title='bbox 2367 3597 2670 3660; x_wconf 90' lang='lat' dir='ltr'><strong>Sabiniani,</strong></span> <span class='ocrx_word' id='word_1_623' title='bbox 2696 3605 2984 3666; x_wconf 90' lang='lat' dir='ltr'><strong>postquam</strong></span> <span class='ocrx_word' id='word_1_624' title='bbox 3009 3597 3146 3651; x_wconf 78' lang='lat' dir='ltr'><strong>dixit</strong></span> <span class='ocrx_word' id='word_1_625' title='bbox 3166 3596 3457 3650; x_wconf 89' lang='lat' dir='ltr'><strong>anathema</strong></span> <span class='ocrx_word' id='word_1_626' title='bbox 3480 3595 3760 3660; x_wconf 83' lang='lat' dir='ltr'><strong>Nestorio,</strong></span> 
     </span>
    </p>
   </div>
   <div class='ocr_carea' id='block_1_93' title="bbox 2173 3685 3764 3747">
    <p class='ocr_par' dir='ltr' id='par_1_93' title="bbox 2173 3685 3764 3747">
     <span class='ocr_line' id='line_1_94' title="bbox 2173 3685 3764 3747; baseline -0.004 -1"><span class='ocrx_word' id='word_1_627' title='bbox 2173 3706 2337 3747; x_wconf 89' lang='lat' dir='ltr'><strong>causa</strong></span> <span class='ocrx_word' id='word_1_628' title='bbox 2360 3690 2625 3745; x_wconf 89' lang='lat' dir='ltr'><strong>adversus</strong></span> <span class='ocrx_word' id='word_1_629' title='bbox 2653 3689 3014 3743; x_wconf 84' lang='lat' dir='ltr'><strong>Athanasium</strong></span> <span class='ocrx_word' id='word_1_630' title='bbox 3048 3688 3116 3742; x_wconf 90' lang='lat' dir='ltr'><strong>de</strong></span> <span class='ocrx_word' id='word_1_631' title='bbox 3139 3687 3267 3743; x_wconf 89' lang='lat' dir='ltr'><strong>sede</strong></span> <span class='ocrx_word' id='word_1_632' title='bbox 3299 3685 3624 3743; x_wconf 86' lang='lat' dir='ltr'><strong>Perrhensis</strong></span> <span class='ocrx_word' id='word_1_633' title='bbox 3649 3685 3764 3739; x_wconf 81' lang='lat' dir='ltr'><strong>Ec-</strong></span> 
     </span>
    </p>
   </div>
   <div class='ocr_carea' id='block_1_94' title="bbox 2173 3776 3761 3851">
    <p class='ocr_par' dir='ltr' id='par_1_94' title="bbox 2173 3776 3761 3851">
     <span class='ocr_line' id='line_1_95' title="bbox 2173 3776 3761 3851; baseline -0.003 -15"><span class='ocrx_word' id='word_1_634' title='bbox 2173 3782 2352 3836; x_wconf 69' lang='lat' dir='ltr'><strong>clesia:</strong></span> <span class='ocrx_word' id='word_1_635' title='bbox 2391 3797 2489 3851; x_wconf 91' lang='lat' dir='ltr'><strong>per</strong></span> <span class='ocrx_word' id='word_1_636' title='bbox 2519 3788 2688 3833; x_wconf 90' lang='lat' dir='ltr'><strong>totam</strong></span> <span class='ocrx_word' id='word_1_637' title='bbox 2736 3779 3004 3833; x_wconf 90' lang='lat' dir='ltr'><strong>decimam</strong></span> <span class='ocrx_word' id='word_1_638' title='bbox 3041 3787 3294 3849; x_wconf 89' lang='lat' dir='ltr'><strong>quartam</strong></span> <span class='ocrx_word' id='word_1_639' title='bbox 3330 3777 3553 3833; x_wconf 75' lang='lat' dir='ltr'><strong>concilii</strong></span> <span class='ocrx_word' id='word_1_640' title='bbox 3588 3776 3761 3832; x_wconf 84' lang='lat' dir='ltr'><strong>Chal-</strong></span> 
     </span>
    </p>
   </div>
   <div class='ocr_carea' id='block_1_95' title="bbox 2173 3869 3156 3939">
    <p class='ocr_par' dir='ltr' id='par_1_95' title="bbox 2173 3869 3156 3939">
     <span class='ocr_line' id='line_1_96' title="bbox 2173 3869 3156 3939; baseline -0.004 -13"><span class='ocrx_word' id='word_1_641' title='bbox 2173 3871 2499 3926; x_wconf 88' lang='lat' dir='ltr'><strong>cedonensis</strong></span> <span class='ocrx_word' id='word_1_642' title='bbox 2523 3871 2794 3926; x_wconf 91' lang='lat' dir='ltr'><strong>actionem</strong></span> <span class='ocrx_word' id='word_1_643' title='bbox 2821 3869 3025 3939; x_wconf 84' lang='lat' dir='ltr'><strong>agitata</strong></span> <span class='ocrx_word' id='word_1_644' title='bbox 3053 3877 3156 3925; x_wconf 88' lang='lat' dir='ltr'><strong>est.</strong></span> 
     </span>
    </p>
   </div>
   <div class='ocr_carea' id='block_1_96' title="bbox 2173 4006 3758 4083">
    <p class='ocr_par' dir='ltr' id='par_1_96' title="bbox 2173 4006 3758 4083">
     <span class='ocr_line' id='line_1_97' title="bbox 2173 4006 3758 4083; baseline -0.004 -19"><span class='ocrx_word' id='word_1_645' title='bbox 2173 4010 2413 4083; x_wconf 79' lang='lat' dir='ltr'><strong>Epistula</strong></span> <span class='ocrx_word' id='word_1_646' title='bbox 2459 4010 2581 4073; x_wconf 71' lang='grc'><strong>127,</strong></span> <span class='ocrx_word' id='word_1_647' title='bbox 2621 4007 2978 4083; x_wconf 76' lang='lat' dir='ltr'><strong>gratulatoria</strong></span> <span class='ocrx_word' id='word_1_648' title='bbox 3021 4006 3345 4083; x_wconf 79' lang='lat' dir='ltr'><strong>a_d_Jobium</strong></span> <span class='ocrx_word' id='word_1_649' title='bbox 3395 4006 3758 4077; x_wconf 74' lang='lat' dir='ltr'><strong>presbyterum</strong></span> 
     </span>
    </p>
   </div>
   <div class='ocr_carea' id='block_1_97' title="bbox 2671 4078 3248 4132">
    <p class='ocr_par' dir='ltr' id='par_1_97' title="bbox 2671 4078 3248 4132">
     <span class='ocr_line' id='line_1_98' title="bbox 2671 4078 3248 4132; baseline -0.005 -1"><span class='ocrx_word' id='word_1_650' title='bbox 2671 4087 2719 4131; x_wconf 84' lang='lat' dir='ltr'><strong>et</strong></span> <span class='ocrx_word' id='word_1_651' title='bbox 2752 4078 3248 4132; x_wconf 76' lang='lat' dir='ltr'><strong>arcltimaudritant.</strong></span> 
     </span>
    </p>
   </div>
   <div class='ocr_carea' id='block_1_98' title="bbox 2242 4209 3755 4283">
    <p class='ocr_par' dir='ltr' id='par_1_98' title="bbox 2242 4209 3755 4283">
     <span class='ocr_line' id='line_1_99' title="bbox 2242 4209 3755 4283; baseline -0.004 -13"><span class='ocrx_word' id='word_1_652' title='bbox 2242 4215 2282 4270; x_wconf 89' lang='lat' dir='ltr'><strong>l.</strong></span> <span class='ocrx_word' id='word_1_653' title='bbox 2331 4213 2648 4270; x_wconf 86' lang='lat' dir='ltr'><strong>Gratulatur</strong></span> <span class='ocrx_word' id='word_1_654' title='bbox 2675 4213 2834 4268; x_wconf 87' lang='lat' dir='ltr'><strong>Jobio</strong></span> <span class='ocrx_word' id='word_1_655' title='bbox 2873 4213 2941 4267; x_wconf 91' lang='lat' dir='ltr'><strong>de</strong></span> <span class='ocrx_word' id='word_1_656' title='bbox 2985 4228 3248 4283; x_wconf 82' lang='lat' dir='ltr'><strong>generosa</strong></span> <span class='ocrx_word' id='word_1_657' title='bbox 3289 4209 3530 4281; x_wconf 90' lang='lat' dir='ltr'><strong>pietatis,</strong></span> <span class='ocrx_word' id='word_1_658' title='bbox 3558 4209 3614 4264; x_wconf 92' lang='lat' dir='ltr'><strong>id</strong></span> <span class='ocrx_word' id='word_1_659' title='bbox 3642 4219 3755 4276; x_wconf 89' lang='lat' dir='ltr'><strong>est,</strong></span> 
     </span>
    </p>
   </div>
   <div class='ocr_carea' id='block_1_99' title="bbox 2173 4303 3128 4359">
    <p class='ocr_par' dir='ltr' id='par_1_99' title="bbox 2173 4303 3128 4359">
     <span class='ocr_line' id='line_1_100' title="bbox 2173 4303 3128 4359; baseline -0.002 0"><span class='ocrx_word' id='word_1_660' title='bbox 2173 4304 2406 4359; x_wconf 89' lang='lat' dir='ltr'><strong>duarum</strong></span> <span class='ocrx_word' id='word_1_661' title='bbox 2433 4313 2753 4358; x_wconf 89' lang='lat' dir='ltr'><strong>naturarum</strong></span> <span class='ocrx_word' id='word_1_662' title='bbox 2787 4303 3128 4358; x_wconf 89' lang='lat' dir='ltr'><strong>defensione.</strong></span> 
     </span>
    </p>
   </div>
   <div class='ocr_carea' id='block_1_100' title="bbox 2243 4390 3757 4462">
    <p class='ocr_par' dir='ltr' id='par_1_100' title="bbox 2243 4390 3757 4462">
     <span class='ocr_line' id='line_1_101' title="bbox 2243 4390 3757 4462; baseline -0.002 -13"><span class='ocrx_word' id='word_1_663' title='bbox 2243 4395 2309 4450; x_wconf 92' lang='lat' dir='ltr'><strong>ll.</strong></span> <span class='ocrx_word' id='word_1_664' title='bbox 2339 4394 2473 4461; x_wconf 86' lang='lat' dir='ltr'><strong>Quis</strong></span> <span class='ocrx_word' id='word_1_665' title='bbox 2500 4395 2664 4448; x_wconf 90' lang='lat' dir='ltr'><strong>fuerit</strong></span> <span class='ocrx_word' id='word_1_666' title='bbox 2705 4410 2873 4449; x_wconf 82' lang='lat' dir='ltr'><strong>senex</strong></span> <span class='ocrx_word' id='word_1_667' title='bbox 2906 4395 3026 4457; x_wconf 91' lang='lat' dir='ltr'><strong>ille,</strong></span> <span class='ocrx_word' id='word_1_668' title='bbox 3066 4403 3124 4449; x_wconf 90' lang='lat' dir='ltr'><strong>et</strong></span> <span class='ocrx_word' id='word_1_669' title='bbox 3167 4393 3255 4449; x_wconf 93' lang='lat' dir='ltr'><strong>cui</strong></span> <span class='ocrx_word' id='word_1_670' title='bbox 3293 4394 3536 4448; x_wconf 73' lang='lat' dir='ltr'><strong>mandra:</strong></span> <span class='ocrx_word' id='word_1_671' title='bbox 3561 4390 3757 4462; x_wconf 59' lang='lat' dir='ltr'><strong>praefe-</strong></span> 
     </span>
    </p>
   </div>
   <div class='ocr_carea' id='block_1_101' title="bbox 2173 4485 3756 4556">
    <p class='ocr_par' dir='ltr' id='par_1_101' title="bbox 2173 4485 3756 4556">
     <span class='ocr_line' id='line_1_102' title="bbox 2173 4485 3756 4556; baseline -0.004 -15"><span class='ocrx_word' id='word_1_672' title='bbox 2173 4494 2316 4551; x_wconf 89' lang='lat' dir='ltr'><strong>ctus,</strong></span> <span class='ocrx_word' id='word_1_673' title='bbox 2356 4486 2626 4540; x_wconf 90' lang='lat' dir='ltr'><strong>incertum</strong></span> <span class='ocrx_word' id='word_1_674' title='bbox 2656 4485 2790 4539; x_wconf 87' lang='lat' dir='ltr'><strong>mihi</strong></span> <span class='ocrx_word' id='word_1_675' title='bbox 2827 4495 2912 4541; x_wconf 92' lang='lat' dir='ltr'><strong>est</strong></span> <span class='ocrx_word' id='word_1_676' title='bbox 2936 4503 2948 4540; x_wconf 89' lang='lat'><strong>:</strong></span> <span class='ocrx_word' id='word_1_677' title='bbox 2976 4502 3156 4556; x_wconf 86' lang='lat' dir='ltr'><strong>neque</strong></span> <span class='ocrx_word' id='word_1_678' title='bbox 3183 4486 3331 4540; x_wconf 90' lang='lat' dir='ltr'><strong>enim</strong></span> <span class='ocrx_word' id='word_1_679' title='bbox 3360 4485 3502 4539; x_wconf 88' lang='lat' dir='ltr'><strong>ratio</strong></span> <span class='ocrx_word' id='word_1_680' title='bbox 3534 4493 3756 4552; x_wconf 84' lang='lat' dir='ltr'><strong>tempo-</strong></span> 
     </span>
    </p>
   </div>
   <div class='ocr_carea' id='block_1_102' title="bbox 2174 4575 3759 4648">
    <p class='ocr_par' dir='ltr' id='par_1_102' title="bbox 2174 4575 3759 4648">
     <span class='ocr_line' id='line_1_103' title="bbox 2174 4575 3759 4648; baseline -0.001 -17"><span class='ocrx_word' id='word_1_681' title='bbox 2174 4593 2295 4631; x_wconf 88' lang='lat' dir='ltr'><strong>rum</strong></span> <span class='ocrx_word' id='word_1_682' title='bbox 2323 4577 2474 4640; x_wconf 89' lang='lat' dir='ltr'><strong>sinit,</strong></span> <span class='ocrx_word' id='word_1_683' title='bbox 2512 4587 2571 4632; x_wconf 93' lang='lat' dir='ltr'><strong>ut</strong></span> <span class='ocrx_word' id='word_1_684' title='bbox 2602 4577 2820 4632; x_wconf 90' lang='lat' dir='ltr'><strong>dicatur</strong></span> <span class='ocrx_word' id='word_1_685' title='bbox 2857 4594 2977 4633; x_wconf 88' lang='lat' dir='ltr'><strong>esse</strong></span> <span class='ocrx_word' id='word_1_686' title='bbox 3014 4579 3209 4634; x_wconf 85' lang='lat' dir='ltr'><strong>Jobius</strong></span> <span class='ocrx_word' id='word_1_687' title='bbox 3239 4579 3350 4641; x_wconf 87' lang='lat' dir='ltr'><strong>ille,</strong></span> <span class='ocrx_word' id='word_1_688' title='bbox 3380 4592 3543 4648; x_wconf 89' lang='lat' dir='ltr'><strong>quem</strong></span> <span class='ocrx_word' id='word_1_689' title='bbox 3566 4575 3759 4630; x_wconf 87' lang='lat' dir='ltr'><strong>laudat</strong></span> 
     </span>
    </p>
   </div>
   <div class='ocr_carea' id='block_1_103' title="bbox 2173 4664 3758 4735">
    <p class='ocr_par' dir='ltr' id='par_1_103' title="bbox 2173 4664 3758 4735">
     <span class='ocr_line' id='line_1_104' title="bbox 2173 4664 3758 4735; baseline -0.003 -15"><span class='ocrx_word' id='word_1_690' title='bbox 2173 4665 2422 4729; x_wconf 87' lang='lat' dir='ltr'><strong>Pbotius,</strong></span> <span class='ocrx_word' id='word_1_691' title='bbox 2467 4664 2743 4735; x_wconf 89' lang='lat' dir='ltr'><strong>traditque</strong></span> <span class='ocrx_word' id='word_1_692' title='bbox 2781 4665 3044 4722; x_wconf 90' lang='lat' dir='ltr'><strong>adversus</strong></span> <span class='ocrx_word' id='word_1_693' title='bbox 3074 4665 3343 4721; x_wconf 88' lang='lat' dir='ltr'><strong>Severum</strong></span> <span class='ocrx_word' id='word_1_694' title='bbox 3388 4665 3458 4720; x_wconf 89' lang='lat' dir='ltr'><strong>de</strong></span> <span class='ocrx_word' id='word_1_695' title='bbox 3499 4664 3758 4718; x_wconf 79' lang='lat' dir='ltr'><strong>incarna-</strong></span> 
     </span>
    </p>
   </div>
   <div class='ocr_carea' id='block_1_104' title="bbox 2173 4759 3226 4828">
    <p class='ocr_par' dir='ltr' id='par_1_104' title="bbox 2173 4759 3226 4828">
     <span class='ocr_line' id='line_1_105' title="bbox 2173 4759 3226 4828; baseline -0.002 -16"><span class='ocrx_word' id='word_1_696' title='bbox 2173 4759 2322 4813; x_wconf 89' lang='lat' dir='ltr'><strong>tione</strong></span> <span class='ocrx_word' id='word_1_697' title='bbox 2345 4759 2652 4828; x_wconf 88' lang='lat' dir='ltr'><strong>scripsisse.</strong></span> <span class='ocrx_word' id='word_1_698' title='bbox 3217 4785 3226 4810; x_wconf 91' lang='lat'><strong>-.</strong></span> 
     </span>
    </p>
   </div>
   <div class='ocr_carea' id='block_1_105' title="bbox 2242 4843 3754 4918">
    <p class='ocr_par' dir='ltr' id='par_1_105' title="bbox 2242 4843 3754 4918">
     <span class='ocr_line' id='line_1_106' title="bbox 2242 4843 3754 4918; baseline -0.003 -16"><span class='ocrx_word' id='word_1_699' title='bbox 2242 4849 2331 4903; x_wconf 92' lang='lat' dir='ltr'><strong>lll.</strong></span> <span class='ocrx_word' id='word_1_700' title='bbox 2377 4849 2510 4902; x_wconf 88' lang='lat' dir='ltr'><strong>Data</strong></span> <span class='ocrx_word' id='word_1_701' title='bbox 2553 4857 2640 4903; x_wconf 92' lang='lat' dir='ltr'><strong>est</strong></span> <span class='ocrx_word' id='word_1_702' title='bbox 2689 4849 2920 4918; x_wconf 90' lang='lat' dir='ltr'><strong>epistola</strong></span> <span class='ocrx_word' id='word_1_703' title='bbox 2969 4858 3095 4904; x_wconf 89' lang='lat' dir='ltr'><strong>ante</strong></span> <span class='ocrx_word' id='word_1_704' title='bbox 3135 4846 3488 4904; x_wconf 88' lang='lat' dir='ltr'><strong>latrocinium</strong></span> <span class='ocrx_word' id='word_1_705' title='bbox 3519 4843 3754 4914; x_wconf 74' lang='lat' dir='ltr'><strong>Ephesi-</strong></span> 
     </span>
    </p>
   </div>
   <div class='ocr_carea' id='block_1_106' title="bbox 2171 4933 3752 5009">
    <p class='ocr_par' dir='ltr' id='par_1_106' title="bbox 2171 4933 3752 5009">
     <span class='ocr_line' id='line_1_107' title="bbox 2171 4933 3752 5009; baseline -0.003 -19"><span class='ocrx_word' id='word_1_706' title='bbox 2171 4951 2326 5000; x_wconf 91' lang='lat' dir='ltr'><strong>num,</strong></span> <span class='ocrx_word' id='word_1_707' title='bbox 2353 4953 2463 5005; x_wconf 92' lang='lat' dir='ltr'><strong>quo</strong></span> <span class='ocrx_word' id='word_1_708' title='bbox 2499 4945 2743 5007; x_wconf 91' lang='lat' dir='ltr'><strong>tempore</strong></span> <span class='ocrx_word' id='word_1_709' title='bbox 2782 4936 3132 4992; x_wconf 89' lang='lat' dir='ltr'><strong>detinebatur</strong></span> <span class='ocrx_word' id='word_1_710' title='bbox 3166 4937 3313 5009; x_wconf 87' lang='lat' dir='ltr'><strong>Cyri.</strong></span> <span class='ocrx_word' id='word_1_711' title='bbox 3354 4956 3372 4988; x_wconf 74' lang='grc' dir='ltr'>ι</span> <span class='ocrx_word' id='word_1_712' title='bbox 3408 4933 3752 5005; x_wconf 86' lang='lat' dir='ltr'><strong>Amplexari,</strong></span> 
     </span>
    </p>
   </div>
   <div class='ocr_carea' id='block_1_107' title="bbox 2167 5023 3756 5097">
    <p class='ocr_par' dir='ltr' id='par_1_107' title="bbox 2167 5023 3756 5097">
     <span class='ocr_line' id='line_1_108' title="bbox 2167 5023 3756 5097; baseline -0.003 -16"><span class='ocrx_word' id='word_1_713' title='bbox 2167 5027 2380 5097; x_wconf 91' lang='lat' dir='ltr'><strong>inquit,</strong></span> <span class='ocrx_word' id='word_1_714' title='bbox 2407 5026 2936 5082; x_wconf 88' lang='lat' dir='ltr'><strong>venerandissimam</strong></span> <span class='ocrx_word' id='word_1_715' title='bbox 2982 5029 3241 5083; x_wconf 89' lang='lat' dir='ltr'><strong>canitiem</strong></span> <span class='ocrx_word' id='word_1_716' title='bbox 3278 5036 3456 5091; x_wconf 89' lang='lat' dir='ltr'><strong>tuam,</strong></span> <span class='ocrx_word' id='word_1_717' title='bbox 3485 5024 3582 5081; x_wconf 90' lang='lat' dir='ltr'><strong>sed</strong></span> <span class='ocrx_word' id='word_1_718' title='bbox 3621 5023 3756 5093; x_wconf 87' lang='lat' dir='ltr'><strong>quia</strong></span> 
     </span>
    </p>
   </div>
   <div class='ocr_carea' id='block_1_108' title="bbox 2167 5115 3754 5192">
    <p class='ocr_par' dir='ltr' id='par_1_108' title="bbox 2167 5115 3754 5192">
     <span class='ocr_line' id='line_1_109' title="bbox 2167 5115 3754 5192; baseline -0.003 -20"><span class='ocrx_word' id='word_1_719' title='bbox 2167 5118 2272 5174; x_wconf 85' lang='lat' dir='ltr'><strong>hoc</strong></span> <span class='ocrx_word' id='word_1_720' title='bbox 2307 5118 2488 5174; x_wconf 90' lang='lat' dir='ltr'><strong>facere</strong></span> <span class='ocrx_word' id='word_1_721' title='bbox 2520 5133 2733 5189; x_wconf 88' lang='lat' dir='ltr'><strong>nequeo</strong></span> <span class='ocrx_word' id='word_1_722' title='bbox 2757 5159 2772 5185; x_wconf 91' lang='lat'><strong>,</strong></span> <span class='ocrx_word' id='word_1_723' title='bbox 2800 5135 2867 5174; x_wconf 92' lang='lat' dir='ltr'><strong>eo</strong></span> <span class='ocrx_word' id='word_1_724' title='bbox 2905 5120 3052 5190; x_wconf 91' lang='lat' dir='ltr'><strong>quod</strong></span> <span class='ocrx_word' id='word_1_725' title='bbox 3095 5122 3357 5192; x_wconf 88' lang='lat' dir='ltr'><strong>pietatem</strong></span> <span class='ocrx_word' id='word_1_726' title='bbox 3398 5129 3548 5175; x_wconf 91' lang='lat' dir='ltr'><strong>tuam</strong></span> <span class='ocrx_word' id='word_1_727' title='bbox 3600 5115 3754 5170; x_wconf 92' lang='lat' dir='ltr'><strong>domi</strong></span> 
     </span>
    </p>
   </div>
   <div class='ocr_carea' id='block_1_109' title="bbox 2166 5211 3757 5283">
    <p class='ocr_par' dir='ltr' id='par_1_109' title="bbox 2166 5211 3757 5283">
     <span class='ocr_line' id='line_1_110' title="bbox 2166 5211 3757 5283; baseline -0.003 -19"><span class='ocrx_word' id='word_1_728' title='bbox 2166 5220 2422 5265; x_wconf 89' lang='lat' dir='ltr'><strong>senectus</strong></span> <span class='ocrx_word' id='word_1_729' title='bbox 2473 5213 2710 5279; x_wconf 87' lang='lat' dir='ltr'><strong>retinet;</strong></span> <span class='ocrx_word' id='word_1_730' title='bbox 2763 5227 2849 5267; x_wconf 91' lang='lat' dir='ltr'><strong>me</strong></span> <span class='ocrx_word' id='word_1_731' title='bbox 2900 5227 3033 5267; x_wconf 91' lang='lat' dir='ltr'><strong>vero</strong></span> <span class='ocrx_word' id='word_1_732' title='bbox 3092 5211 3182 5268; x_wconf 87' lang='lat' dir='ltr'><strong>lex</strong></span> <span class='ocrx_word' id='word_1_733' title='bbox 3243 5212 3392 5283; x_wconf 75' lang='lat' dir='ltr'><strong>regia</strong></span> <span class='ocrx_word' id='word_1_734' title='bbox 3444 5211 3534 5266; x_wconf 89' lang='lat' dir='ltr'><strong>hic</strong></span> <span class='ocrx_word' id='word_1_735' title='bbox 3595 5221 3757 5263; x_wconf 83' lang='lat' dir='ltr'><strong>coer-</strong></span> 
     </span>
    </p>
   </div>
   <div class='ocr_carea' id='block_1_110' title="bbox 2168 5310 2468 5366">
    <p class='ocr_par' dir='ltr' id='par_1_110' title="bbox 2168 5310 2468 5366">
     <span class='ocr_line' id='line_1_111' title="bbox 2168 5310 2468 5366; baseline -0.003 -11"><span class='ocrx_word' id='word_1_736' title='bbox 2168 5310 2277 5366; x_wconf 87' lang='lat' dir='ltr'><strong>cet,</strong></span> <span class='ocrx_word' id='word_1_737' title='bbox 2311 5319 2328 5351; x_wconf 74' lang='grc'><strong>»</strong></span> <span class='ocrx_word' id='word_1_738' title='bbox 2360 5310 2468 5355; x_wconf 87' lang='lat' dir='ltr'><strong>etc.</strong></span> 
     </span>
    </p>
   </div>
   <div class='ocr_carea' id='block_1_111' title="bbox 1817 5411 2402 5469">
    <p class='ocr_par' dir='ltr' id='par_1_111' title="bbox 1817 5411 2402 5469">
     <span class='ocr_line' id='line_1_112' title="bbox 1817 5411 2402 5469; baseline -0.002 0"><span class='ocrx_word' id='word_1_739' title='bbox 1817 5411 2130 5469; x_wconf 81' lang='lat' dir='ltr'><strong>SCHULZII</strong></span> <span class='ocrx_word' id='word_1_740' title='bbox 2172 5413 2402 5468; x_wconf 66' lang='lat' dir='ltr'><strong>NOTAE.</strong></span> 
     </span>
    </p>
   </div>
   <div class='ocr_carea' id='block_1_112' title="bbox 554 5504 3752 5581">
    <p class='ocr_par' dir='ltr' id='par_1_112' title="bbox 554 5504 3752 5581">
     <span class='ocr_line' id='line_1_113' title="bbox 554 5504 3752 5581; baseline -0.001 -19"><span class='ocrx_word' id='word_1_741' title='bbox 554 5504 600 5581; x_wconf 62' lang='grc'><strong>[⁸</strong></span> <span class='ocrx_word' id='word_1_742' title='bbox 631 5504 754 5562; x_wconf 77' lang='lat' dir='ltr'><strong>Vid.</strong></span> <span class='ocrx_word' id='word_1_743' title='bbox 803 5521 988 5576; x_wconf 89' lang='lat' dir='ltr'><strong>supra,</strong></span> <span class='ocrx_word' id='word_1_744' title='bbox 1024 5523 1144 5580; x_wconf 75' lang='lat' dir='ltr'><strong>pag.</strong></span> <span class='ocrx_word' id='word_1_745' title='bbox 1194 5507 1314 5562; x_wconf 81' lang='grc'><strong>188.</strong></span> <span class='ocrx_word' id='word_1_746' title='bbox 1389 5508 1434 5540; x_wconf 85' lang='grc'><strong>⁸⁷</strong></span> <span class='ocrx_word' id='word_1_747' title='bbox 1460 5507 1558 5563; x_wconf 83' lang='lat' dir='ltr'><strong>Ed.</strong></span> <span class='ocrx_word' id='word_1_748' title='bbox 1597 5507 1768 5576; x_wconf 89' lang='lat' dir='ltr'><strong>prior,</strong></span> <span class='ocrx_word' id='word_1_749' title='bbox 1803 5507 1854 5560; x_wconf 84' lang='lat' dir='ltr'><strong>id</strong></span> <span class='ocrx_word' id='word_1_750' title='bbox 1913 5507 2049 5576; x_wconf 87' lang='lat' dir='ltr'><strong>quod</strong></span> <span class='ocrx_word' id='word_1_751' title='bbox 2089 5507 2212 5561; x_wconf 76' lang='lat' dir='ltr'><strong>mihi</strong></span> <span class='ocrx_word' id='word_1_752' title='bbox 2251 5508 2570 5581; x_wconf 79' lang='lat' dir='ltr'><strong>propositum</strong></span> <span class='ocrx_word' id='word_1_753' title='bbox 2611 5511 2823 5562; x_wconf 83' lang='lat' dir='ltr'><strong>tandem</strong></span> <span class='ocrx_word' id='word_1_754' title='bbox 2865 5508 3061 5577; x_wconf 81' lang='lat' dir='ltr'><strong>fuerat.</strong></span> <span class='ocrx_word' id='word_1_755' title='bbox 3139 5507 3184 5539; x_wconf 85' lang='grc'><strong>⁸⁸</strong></span> <span class='ocrx_word' id='word_1_756' title='bbox 3231 5506 3354 5562; x_wconf 83' lang='lat' dir='ltr'><strong>Vid.</strong></span> <span class='ocrx_word' id='word_1_757' title='bbox 3402 5519 3590 5574; x_wconf 85' lang='lat' dir='ltr'><strong>supra.</strong></span> <span class='ocrx_word' id='word_1_758' title='bbox 3622 5518 3752 5576; x_wconf 69' lang='lat' dir='ltr'><strong>pag.</strong></span> 
     </span>
    </p>
   </div>
   <div class='ocr_carea' id='block_1_113' title="bbox 485 5572 607 5629">
    <p class='ocr_par' dir='ltr' id='par_1_113' title="bbox 485 5572 607 5629">
     <span class='ocr_line' id='line_1_114' title="bbox 485 5572 607 5629; baseline -0.025 -1"><span class='ocrx_word' id='word_1_759' title='bbox 485 5572 607 5629; x_wconf 86' lang='grc'><strong>187.</strong></span> 
     </span>
    </p>
   </div>
  </div>
