4048 6174
309 274 422 337 297

1497 263 1592 322 DE
1632 256 1885 318 LlBBlS
1920 253 2429 314 THEODORETI.

3475 256 3582 322 298

320 388 568 464 arma“
607 386 740 451 128,
771 387 1063 464 hortator}?
1109 383 1178 435 αα
1202 380 1509 464 ,δμηάίάπυη
1553 374 1910 446 presbyterum
1941 371 1980 426 Α
2015 378 2256 422 Strorum
2290 365 2588 421 sententias
2615 379 2708 420 eas
2755 365 2900 435 ipsas
2939 379 3078 430 esse,
3108 380 3228 436 quae
3269 373 3322 421 et
3344 365 3584 426 secundo

817 465 867 509 et
899 453 1398 508 archimandritam.

395 577 672 632 Videntur
713 571 885 642 magis
925 569 1158 624 indicari
1205 573 1450 636 tempora
1492 561 1675 632 priora
1698 557 1906 630 synodo

313 666 758 727 Chalcedonensi
780 706 794 729 ,
821 678 986 733 quam
1029 656 1441 728 consequentia.
1465 654 1600 721 Quis
1642 651 1731 705 ille
1766 649 1909 704 Can-

316 759 495 813 didus
521 755 723 819 fuerit,
750 754 994 824 ignotum
1019 763 1105 806 est
1130 769 1143 803 :
1169 751 1318 803 hunc
1353 748 1604 800 hortatur
1636 742 1706 796 ad
1748 756 1908 795 oran-

317 851 459 904 dum
486 861 588 918 pro
610 844 832 916 pietatis
860 841 1265 904 defensoribus,
1295 839 1346 894 id
1379 847 1484 901 est,
1510 836 1644 891 suis.

321 957 573 1030 Epistola
617 952 1155 1030 l?9,_e:rhortatoria
1193 951 1264 1030 qd
1303 951 1555 1030 Magnum
1584 948 1908 1002 Antoninum

640 1025 1000 1097 presbyterum
1030 1032 1079 1077 et
1111 1022 1605 1077 arcltimandritam.

395 1143 439 1198 l.
473 1141 620 1196 ldem
647 1138 936 1194 ferendum
969 1136 1038 1190 de
1069 1136 1172 1190 hac
1196 1133 1486 1205 judicium,
1521 1146 1585 1184 ac
1606 1129 1674 1184 de
1705 1143 1908 1199 prace—

323 1240 517 1294 dente.
551 1233 967 1291 Observandum
989 1246 1143 1295 vero,
1179 1237 1386 1298 quanta
1408 1223 1688 1296 diligentia
1716 1237 1909 1277 mona-

321 1331 625 1387 steriorum
673 1325 972 1380 amicitiam
1012 1320 1394 1377 Theodoretus
1432 1316 1671 1380 foveret;
1705 1321 1911 1384 quanta

321 1422 576 1476 vicissim
611 1418 680 1472 ab
719 1417 787 1471 iis
814 1414 1166 1470 observantia
1186 1413 1490 1470 coleretur.

401 1513 468 1567 ll.
508 1510 634 1565 Fuit
674 1508 760 1562 his
789 1505 1131 1576 temporibus
1159 1503 1394 1558 celebris
1429 1499 1650 1571 quidam
1677 1497 1910 1552 Antoni—

324 1620 459 1669 nus,
495 1604 650 1674 cujus
676 1601 924 1656 meminit
948 1607 1203 1667 tanquam
1231 1592 1546 1649 exsistentis
1585 1591 1729 1645 inter
1758 1588 1913 1642 vivos

2008 455 2275 510 Eranistae
2301 455 2537 526 dialogo,
2566 466 2622 511 et
2645 455 2844 510 litteris
2865 457 3035 511 sancti
3060 455 3260 512 Leonis
3282 458 3588 528 subjunctao

2007 559 2156 605 sunt.

2009 661 2252 732 Epistula
2287 662 2378 715 151
2410 702 2423 726 ,
2454 661 2805 732 eucharistico
2831 661 2902 714 ad
2955 659 3247 732 Longinum
3286 666 3586 718 archiman—

2537 733 2750 792 dritam,
2778 731 3038 785 Dolichos.

2083 845 2121 898 l.
2166 845 2327 899 Missa
2357 854 2442 899 est
2481 860 2606 900 cum
2651 843 2956 913 superiore,
2995 857 3063 896 ex
3093 843 3289 898 eodem
3328 845 3484 912 loco,
3519 848 3588 902 ad

2010 937 2260 991 eamdem
2283 936 2585 991 civitatem.

2082 1029 2146 1082 ll.
2196 1029 2271 1082 De
2323 1029 2572 1099 Longino
2626 1030 2760 1084 nihil
2789 1030 3083 1088 admodum
3121 1043 3465 1102 compertum
3484 1046 3587 1103 est,

2012 1120 2116 1175 nisi
2138 1120 2284 1190 quod
2296 1121 2364 1174 ad
2382 1121 2790 1176 Theodoretum
2802 1123 3160 1180 invisendum
3179 1127 3439 1182 diaconos
3451 1128 3592 1184 duos

2014 1216 2248 1279 miserit,
2270 1215 2529 1286 quodque
2543 1215 2763 1286 pietatis
2790 1216 2973 1272 studio
2994 1226 3047 1273 et
3065 1219 3354 1275 sanctitate
3375 1234 3590 1274 morum

2013 1307 2268 1362 eluserit.

2017 1417 2257 1487 Epistola
2296 1418 2418 1483 152,
2449 1419 2803 1473 consolatoria
2839 1420 2910 1473 ad
2951 1420 3102 1476 Ibant
3138 1422 3352 1478 Edessa:
3398 1426 3595 1495 episco-

2729 1507 2876 1559 pum.

2087 1600 2128 1655 l.
2157 1601 2239 1655 Ex
2268 1600 2462 1656 eodem
2508 1601 2652 1665 loco,
2684 1601 2752 1656 ad
2813 1603 2984 1669 lbam,
3039 1605 3158 1674 pari
3213 1621 3397 1662 secum
3452 1608 3593 1664 torte

325 1695 719 1752 Theodoretus
753 1709 872 1762 cap.
904 1691 1002 1745 251
1051 1689 1300 1744 Historia:
1327 1687 1586 1757 religiosae
1615 1701 1630 1738 :
1664 1682 1758 1737 sed
1785 1681 1915 1737 soli-
1951 1711 1989 1764 Β
2019 1692 2331 1761 depositum
2369 1693 2423 1747 in
2456 1693 2694 1748 concilio
2715 1694 2965 1754 υίοεοονί
3001 1715 3012 1748 ε
3051 1707 3284 1769 uterque
3310 1701 3456 1756 enim
3501 1704 3595 1758 ab_

327 1789 512 1843 tarius
549 1787 718 1841 fuisse
763 1784 1004 1849 videtur,
1037 1798 1149 1836 non
1187 1782 1316 1835 item
1360 1775 1794 1833 archimandrita
1829 1773 1912 1827 vel

327 1881 645 1951 presbyter,
683 1877 794 1932 nisi
819 1876 996 1930 factus
1017 1875 1087 1930 sit
1125 1883 1247 1944 post
1276 1885 1480 1927 annum
1512 1869 1636 1931 445,
1674 1883 1784 1938 quo
1815 1866 1915 1920 Hi-

325 1975 502 2027 storia
527 1970 775 2041 religiosa
799 1968 1106 2037 composita
1127 1974 1231 2021 est.

328 2085 581 2159 Epistula
617 2082 1064 2154 l'50,dogmatica
1106 2080 1176 2134 ad
1221 2080 1545 2134 Timotheum
1592 2081 1911 2149 episcopum.

403 2201 446 2256 l.
483 2200 695 2270 Scripta
735 2211 880 2251 anno
903 2195 1006 2250 450
1030 2209 1094 2248 ex
1134 2193 1255 2247 loco
1279 2191 1479 2254 exsilii,
1512 2189 1567 2244 id
1598 2197 1704 2253 est,
1734 2205 1764 2244 e
1796 2203 1915 2242 mo-

327 2293 578 2350 naSterio
608 2289 787 2344 tribus
826 2285 1154 2342 milliaribus
1180 2284 1417 2338 distante
1445 2298 1474 2336 a
1508 2282 1731 2337 civitate
1771 2280 1914 2350 Apa-

331 2400 519 2440 mena.

403 2478 472 2532 Il.
514 2475 838 2531 Timotheus
879 2471 970 2527 ille
1006 2471 1109 2526 fuit
1136 2469 1428 2540 episcopus
1468 2465 1722 2520 Dolichos
1750 2482 1762 2516 :
1795 2477 1917 2531 quae
1991 2484 2008 2490 ιι

333 2570 531 2624 civitas
557 2569 613 2621 in
645 2563 1006 2636 Ettphratesia
1030 2559 1330 2632 provincia,
1361 2560 1472 2611 non
1505 2555 1696 2625 procul
1717 2553 1752 2607 ’a
1775 2553 1914 2606 civi-

334 2675 446 2720 tate
486 2654 628 2734 Cyro
650 2665 668 2724 ,'
691 2661 792 2714 sub
826 2657 1019 2713 eade’m
1052 2639 1345 2723 metropoli
1373 2692 1387 2716 ,
1421 2651 1687 2705 nimirum
1721 2647 1916 2702 Hiera-

334 2755 470 2829 poli.
499 2733 753 2809 Interfuit
778 2749 1015 2806 concilio
1036 2735 1494 2803 Chalcedonensi.
1621 2733 1634 2738 "

407 2847 498 2904 lll.
526 2839 768 2901 Petierat
789 2885 801 2909 ,
827 2853 890 2896 ut
917 2839 1146 2896 ardebat
1171 2835 1355 2892 Studia
1377 2831 1712 2890 defendendi
1735 2835 1918 2902 partes

334 2937 714 3001 Theodoreti,
757 2951 891 3006 quas
923 2933 1148 2989 nomine
1193 2928 1416 3000 pietatis
1456 2923 1914 2990 vocabat,scribi

335 3033 485 3098 sibi,
536 3041 782 3102 quautam
829 3029 894 3082 de
919 3025 1161 3081 salutari
1213 3021 1455 3094 passione
1507 3020 1796 3090 praedicare
1835 3015 1917 3070 vel

337 3129 534 3184 sentire
572 3129 828 3195 oporteat.
864 3121 996 3176 Erat
1023 3118 1182 3172 enim
1211 3124 1344 3170 tunc
1371 3113 1636 3182 temporis
1658 3126 1722 3165 ea
1759 3109 1922 3179 quasi

343 3234 555 3276 summa
584 3213 973 3285 disputationis
991 3252 1005 3275 ,
1029 3209 1370 3277 formulaque
1401 3203 1568 3276 3&9
1595 3201 1720 3256 lidei
1744 3241 1756 3262 ,
1780 3201 1917 3253 Deus

342 3325 546 3381 passus.
588 3305 864 3361 Rescribit
907 3301 1290 3357 Theodoretus
1312 3337 1328 3362 ,
1361 3297 1436 3350 ita
1476 3303 1538 3350 ut
1569 3310 1636 3347 ex
1666 3291 1917 3348 Eranista

345 3415 594 3470 magnam
631 3396 835 3467 dialogi
876 3392 1106 3450 Secundi
1157 3398 1367 3460 partem
1427 3385 1484 3444 in
1530 3381 1917 3455 compendium

343 3489 653 3545 contrahat.

413 3576 883 3636 lV.0bservanda
948 3573 1135 3635 verba,
1188 3569 1392 3641 quibus
1435 3581 1576 3637 pene
1643 3563 1920 3619 clauditur

342 3672 577 3743 epistola
608 3689 621 3723 :
657 3689 675 3721 ι
716 3670 822 3723 Ista
847 3681 947 3738 ego
978 3681 1125 3720 nunc
1157 3660 1485 3731 compendio
1534 3657 1771 3722 dictavi;
1798 3655 1920 3709 misi

343 3774 548 3829 autem,
565 3770 621 3816 et
635 3775 804 3830 quam
828 3773 1007 3828 nuper
1030 3756 1358 3826 scripseram
1383 3753 1600 3807 hortatu
1621 3747 1920 3819 religiosis-

343 3854 467 3910 simi
492 3851 936 3920 sanctissimique
962 3847 1203 3903 hominis
1249 3846 1341 3900 Dei
1377 3843 1664 3899 Domini...
1696 3842 1919 3895 brevem

345 3946 774 4007 institutionem,
805 3959 927 4014 qum
973 3951 1028 3997 et
1068 3942 1183 4011 ipsa
1238 3938 1472 3994 sullieiat
1518 3937 1586 3991 ad
1617 3933 1922 3989 docendam

342 4037 775 4108 apostolicorum
824 4035 1140 4106 dogmatum
1172 4032 1481 4086 veritatem.
1515 4027 1670 4094 Quod
1702 4026 1746 4080 si
1775 4023 1926 4079 calli—

342 4130 614 4200 graphum
643 4136 837 4182 nactus
871 4126 1049 4189 fuero,
1095 4123 1308 4178 mittam
1353 4118 1628 4176 sanctitati
1685 4126 1791 4170 tuae
1835 4114 1926 4166 illa

344 4227 534 4285 etiam,
560 4236 684 4290 quae
721 4219 919 4290 dialogi
954 4233 1106 4273 more
1168 4231 1266 4286 per
1310 4213 1792 4284 interrogationem
1872 4220 1928 4263 et

344 4313 764 4383 responsionem
804 4309 1128 4379 conscripsi,
1171 4307 1477 4362 orationem
1531 4305 1746 4375 longius
1795 4319 1924 4374 pro-

2017 1797 2143 1837 sens
2179 1782 2474 1837 damnatus
2510 1793 2614 1848 est,
2640 1800 2767 1839 cum
2795 1785 3174 1844 Tltcodoretus
3201 1789 3349 1862 Cyri,
3385 1793 3507 1849 lbas
3539 1795 3593 1849 in

2016 1874 2210 1928 exsilio
2233 1883 2591 1930 versaretur:
2637 1875 2727 1930 ille
2764 1876 3116 1946 imperatoris
3158 1881 3438 1947 mandato,
3491 1884 3593 1940 istc

2017 1965 2281 2037 Etttychis
2307 1977 2364 2022 et
2385 1966 2712 2038 Chrysaphii
2738 1969 2974 2024 artibus.

2088 2060 2153 2113 ll.
2213 2059 2461 2114 V’idenda
2501 2075 2661 2114 nomn
2710 2070 2766 2116 et
2818 2062 3047 2118 decima:
3097 2066 3333 2122 actionis
3371 2068 3594 2124 concilii

2015 2151 2482 2206 Chalcedonensis
2513 2153 2668 2211 Acta.
2697 2153 2902 2220 quibus
2949 2156 3263 2212 continetur
3290 2167 3403 2214 tota
3455 2161 3595 2214 κατὰ

2021 2244 2186 2314 μέρος
2222 2245 2329 2299 lba:
2357 2260 2541 2298 causa.

2017 2357 2259 2428 Epistola
2291 2357 2414 2420 155,
2473 2359 2760 2443 (ciuilium:
2801 2362 2872 2414 ad
2930 2361 3190 2417 Joannem
3249 2364 3597 2421 Germaniciur

2637 2448 2961 2502 episcopum.

2087 2541 2128 2594 Ι.
2172 2541 2306 2596 Data
2327 2551 2410 2596 est
2433 2544 2535 2597 sub
2562 2542 2725 2596 linem
2751 2544 2877 2596 anni
2908 2544 3044 2598 449.-

2085 2634 2157 2689 ιι.
2169 2652 2172 2658 '
2183 2635 2524 2690 lnvitaverat-
2540 2633 2951 2690 Thoodoretum
2977 2663 2982 2670 -
2997 2637 3244 2693 Joannes
3298 2639 3596 2695 Germani-

2011 2727 2184 2790 ciam,
2209 2727 2364 2784 velut
2395 2727 2452 2780 in
2473 2728 2661 2781 locum
2699 2727 3064 2798 refugii-,.cum
3095 2731 3466 2800 expelleretur
3495 2731 3597 2804 Cy-

1985 2819 2118 2883 iro;
2153 2819 2244 2873 ille
2269 2819 2409 2873 actis
2431 2818 2626 2889 gratiis
2649 2819 2906 2873 rescribit
2924 2819 3204 2892 eCyrensi
3227 2823 3386 2887 urbe,
3416 2838 3474 2878 se
3493 2837 3596 2878 ex-

2017 2917 2264 2980 spectare
2285 2919 2615 2980 praeceptum
2639 2911 2986 2979 imperatoris
3021 2912 3091 2966 de
3130 2913 3249 2967 loco
3277 2913 3490 2979 exsilii;
3543 2915 3599 2968 id

2019 3003 2168 3056 enim
2197 3001 2402 3056 litteris
2425 3003 2492 3056 ad
2519 3001 2829 3056 Anatolium
2857 3003 3000 3057 datis
3054 3005 3358 3073 expetierat
3389 3023 3402 3058 :
3444 3023 3465 3056 ‹
3521 3007 3599 3062 De

2022 3101 2209 3146 nostra
2263 3093 2453 3146 isthuc
2483 3092 2845 3161 profectione
2875 3093 3122 3148 scribere
3169 3094 3310 3150 nihil
3351 3109 3595 3165 possunt,

2021 3184 2343 3254 priusquam
2393 3196 2745 3253 cognoscam,
2801 3183 2936 3253 quid
2977 3183 3044 3238 de
3095 3185 3256 3238 nobis
3277 3188 3600 3256 praeceperit

2019 3276 2301 3346 piissimus
2342 3275 2661 3344 imperator.
2695 3293 2712 3325 ι

2091 3366 2256 3436 350
2287 3365 2376 3420 lll.
2407 3364 2584 3435 llujus
2615 3364 2859 3434 epistolae
2883 3365 3219 3420 mentionem
3249 3365 3380 3420 facit
3433 3365 3488 3419 in
3515 3367 3599 3420 al-

2023 3469 2142 3513 tera
2177 3460 2340 3528 paulo
2367 3465 2489 3528 post
2514 3458 2637 3511 data
2673 3455 2719 3489 ⁸³
2754 3474 2767 3510 :
2831 3476 2850 3508 ε
2912 3457 2994 3512 Ad
3043 3457 3257 3526 priores
3293 3460 3603 3514 sanctitatis

2023 3557 2132 3603 tum
2170 3549 2381 3602 litteras
2441 3547 2724 3614 rescripsi.
2791 3561 2920 3600 cum
2967 3546 3210 3616 primum
3269 3551 3495 3618 accepi;
3532 3548 3601 3603 de

2024 3640 2278 3712 prtesenti
2302 3648 2507 3701 autem,
2546 3657 2561 3689 ι
2590 3647 2696 3692 etc.

2027 3755 2265 3827 Epistola
2305 3755 2436 3816 151,
2496 3752 2896 3827 ρπρνοὺναιονὶα
2933 3753 3000 3806 ad
3037 3753 3385 3808 Tlteoctist-um
3409 3753 3604 3810 Berct-az

2651 3826 2964 3895 episcopum.

2098 3941 2139 3995 l.
2165 3939 2626 4009 Expressissimus
2668 3938 2931 4008 temporis
2963 3938 3268 3994 character.
3304 3957 3321 3988 ι
3356 3940 3604 3994 Proscri-

2025 4043 2179 4104 ptum
2218 4040 2321 4097 est,
2367 4032 2545 4101 inquit
2567 4031 3237 4099 Theodoretus,h:eresis
3271 4047 3426 4086 novae
3453 4047 3608 4087 τηρη-

2027 4126 2268 4187 dacium,
2299 4133 2353 4178 et
2389 4124 2700 4178 divinorum
2741 4122 3162 4192 Evangeliorum
3197 4123 3402 4177 veritas
3424 4124 3603 4193 palam

2027 4217 2375 4287 praedicatur.
2421 4234 2438 4265 ι
2471 4214 2703 4280 Quando
2737 4228 2931 4282 nempe
2966 4213 3278 4267 Theodosio
3325 4213 3434 4267 vita
3480 4213 3598 4266 l‘un-

2029 4316 2138 4372 cto,
2178 4306 2466 4376 imperium
2493 4304 2799 4357 Marcianus
2819 4311 2874 4356 et
2902 4304 3192 4358 Pulcheria
3219 4312 3602 4374 susceperunt,

344 4405 576 4466 ducens,
605 4414 661 4458 et
682 4404 904 4457 Patrum
963 4399 1227 4455 doctrinis
1279 4405 1468 4452 nostra
1524 4395 1926 4451 communiens.
1959 4415 2004 4470 ι)
2034 4414 2156 4452 mox
2195 4396 2482 4466 Eutychen
2525 4394 2579 4447 in
2615 4394 2867 4448 exsilium
2894 4394 3039 4463 ejici,
3075 4396 3316 4449 revocari
3349 4396 3606 4449 Theodo-

345 4497 464 4552 Misi
495 4503 681 4550 autem
715 4509 860 4549 nunc
885 4493 1051 4548 etiam
1088 4507 1288 4560 paucas
1323 4499 1569 4543 veterum
1632 4489 1922 4558 magistro-

345 4603 465 4640 rum
489 4585 811 4648 sententias,
863 4599 983 4654 quze
1003 4583 1138 4637 satis
1173 4589 1300 4635 sunt
1334 4580 1401 4633 ad
1449 4579 1756 4633 doctrinam
1805 4578 1926 4632 illo-

343 4691 466 4732 rum
498 4678 723 4732 Patrum
745 4673 1247 4729 demonstrandam.
1277 4675 1318 4720 'r‘

413 4769 480 4823 γ.
516 4768 647 4823 lude
672 4769 1032 4837 intelligimus
1063 4785 1075 4819 :
1107 4767 1155 4819 1.
1214 4765 1622 4819 lnstitutionem
1676 4764 1921 4826 brevem,

344 4860 414 4914 de
444 4874 553 4928 qua
591 4859 683 4914 hic
715 4873 895 4914 sermo
921 4866 1025 4922 est,
1060 4872 1170 4912 non
1203 4856 1427 4910 dill‘errc
1481 4873 1510 4909 a
1546 4854 1775 4925 scripto,
1826 4870 1925 4908 cu-

339 4951 432 5020 jus
459 4948 668 5003 mentio
692 4947 751 5002 ﬁt
787 4948 842 5002 in
870 4947 1034 5018 epist,
1063 4947 1166 5001 l09
1223 4944 1290 4999 ad
1343 4945 1642 5000 Eusebium
1703 4945 1926 5015 Ancyrae

343 5040 686 5110 episcopum.
709 5039 763 5094 2.
797 5040 1152 5110 Episcopum,
1179 5039 1336 5108 cujus
1363 5051 1564 5090 nomen
1593 5035 1680 5091 hic
1709 5035 1926 5090 deside-

347 5141 526 5195 ratur,
559 5147 678 5186 esse
704 5132 1025 5194 Eusebium,
1067 5145 1229 5201 quem
1259 5144 1380 5182 mox
1410 5127 1651 5182 laudavi.
1692 5133 1750 5185 3.
1797 5128 1928 5182 Dia-

345 5225 501 5294 logos
531 5223 768 5292 scriptos
789 5238 909 5278 esse
938 5231 1064 5278 ante
1085 5221 1380 5278 concilium
1408 5223 1424 5235 ⁴
1450 5220 1925 5283 Chalcedonense,

345 5317 462 5370 imo
489 5323 548 5370 et
602 5315 762 5384 longe
811 5324 938 5370 ante
985 5315 1326 5384 Ephesinum
1374 5313 1700 5377 secundum,
1762 5323 1926 5383 atque

344 5405 486 5460 adeo
503 5414 632 5462 ante
663 5405 923 5476 scriptam
963 5421 993 5458 a
1042 5413 1230 5459 sancto
1279 5405 1462 5460 Leone
1510 5403 1576 5457 ad
1606 5404 1924 5458 Flavianum

344 5497 1043 5568 cpistolamdogmaticam.
1080 5497 1129 5549 4.
1186 5498 1392 5549 Paucas
1447 5503 1694 5547 veterum
1749 5493 1922 5555 magi-

2034 4500 2234 4551 retum,
2269 4485 2672 4556 Chrysaphium
2715 4485 2956 4538 interimi
2994 4486 3300 4553 jusserunt.
3341 4485 3397 4537 ld
3426 4486 3607 4539 conti-

2033 4578 2109 4647 git
2154 4577 2256 4631 sub
2289 4583 2612 4629 autumnum
2649 4573 2777 4626 anni
2826 4571 2966 4635 450;
3009 4588 3120 4641 quo
3167 4588 3311 4626 anno
3349 4572 3606 4626 Theodo-

2034 4669 2150 4723 sius
2189 4665 2327 4721 obiit
2365 4665 2453 4719 die
2495 4664 2564 4718 29
2623 4663 2773 4726 Julii,
2823 4662 3130 4717 Marcuanus
3169 4662 3470 4732 imperator
3517 4678 3605 4717 re-

2035 4758 2319 4816 nuntiatus
2343 4764 2427 4809 est
2448 4755 2536 4808 die
2571 4755 2639 4809 25
2669 4753 2923 4825 Augusti.

2103 4851 2166 4904 ll.
2199 4847 2572 4911 Theoctistus,
2604 4847 2670 4902 de
2702 4863 2812 4918 quo
2855 4847 3062 4902 dictum
3106 4855 3190 4901 est
3223 4845 3288 4901 ad
3321 4846 3608 4916 epistolam

2033 4943 2102 4996 52
2122 4952 2178 4997 et
2213 4941 2300 5002 73.
2347 4955 2457 4996 non
2505 4940 2846 4994 sanctissime
2883 4939 3272 4994 observaverat
3293 4939 3439 5008 leges
3469 4938 3611 4992 ami-

2035 5036 2180 5090 citiae
2231 5035 2497 5090 adversus
2531 5032 2937 5087 Theodoretum
2995 5030 3137 5101 Cyro
3197 5031 3604 5100 pulsu'm:cum

2034 5129 2179 5182 enim
2220 5133 2366 5182 esset
2398 5126 2589 5181 Bercea
2633 5122 2774 5193 Cyro
2815 5121 3086 5191 proxima,
3133 5120 3391 5178 amictum
3429 5136 3608 5190 neque

2034 5221 2251 5292 opibus,
2292 5219 2402 5274 imo
2442 5232 2542 5272 nec
2578 5215 2798 5277 litteris,
2838 5212 3044 5266 solatus
3076 5212 3272 5268 fuerat.
3315 5232 3330 5262 ι
3372 5212 3425 5266 Si
3477 5227 3607 5267 cru-

2034 5311 2312 5365 delitatem
2371 5309 2527 5363 istam
2588 5303 2760 5359 secuti
2818 5318 3010 5358 omnes
3065 5314 3270 5374 essent,
3337 5304 3610 5372 reliquum

2036 5401 2184 5454 aliud
2231 5415 2338 5453 non
2389 5405 2528 5456 erat.
2588 5410 2749 5464 quam
2805 5402 2866 5446 ut
2913 5392 2997 5447 vel
3047 5393 3374 5463 superstites
3423 5391 3610 5462 inopia

2036 5492 2452 5553 conficerentur,
2492 5487 2576 5540 vel
2618 5486 2818 5539 mortui
2854 5485 3131 5554 sepultura
3170 5497 3521 5550 careremus,
3568 5488 3619 5533 ct

1630 5650 1942 5706 SCIlULZIl
2005 5649 2230 5705 ΝΟΤᾹΞ.

421 5725 468 5758 ⁸⁸
497 5723 620 5779 Vid.
645 5731 684 5776 ι.
712 5722 800 5788 IV,
834 5725 995 5794 epist.
1040 5723 1160 5787 M7,
1191 5723 1257 5776 ah
1304 5724 1480 5778 initio.

681 5817 950 5880 PA'ﬂtOL.
995 5824 1109 5881 Gn.
1149 5817 1456 5880 LXXXlV.

3179 5805 3247 5867 10
