4024 6152
501 203 612 271 299

1623 203 2003 263 ‘GARNERII
2039 202 2533 262 DISSERTATIO
2572 203 2647 264 II.

3646 203 3754 268 3M

507 317 736 374 mnibus
760 316 1003 388 terisque
1038 313 1236 388 prada:
1271 327 1536 370 essemus.
1570 333 1588 365 ι
1617 314 1748 382 Quae
1777 315 2076 385 cxprobra-
2108 318 2148 373 Α
2181 329 2323 377 mur,
2365 315 2418 369 in
2446 331 2552 386 qua
2597 315 2912 371 laborantes
2956 325 3174 386 tempus
3219 329 3382 372 omne
3409 317 3756 388 consumpsi-

508 412 587 469 tio
626 425 726 484 per
769 426 829 466 se
889 408 1090 482 gravis,
1141 406 1210 461 'ﬁt
1232 405 1396 462 etiam
1450 421 1550 476 per
1611 406 2076 476 comparationem

507 502 852 576 gravissima.
901 518 920 552 ι
971 497 1415 554 Sed-adfuerunt
1445 497 1627 563 nobis,
1675 499 1770 569 qui
1820 499 1961 553 hanc
1994 499 2075 552 vi-

513 603 627 649 tam
649 599 1035 664 aspernantur,
1069 595 1124 643 et
1163 597 1496 643 aeternorum
1536 587 1806 644 bonorum
1834 589 2075 645 fructum

506 690 848 753 exspectant,
876 679 1135 749 omnique
1168 694 1271 733 nos
1294 675 1684 735 consolationis
1709 695 1908 752 genere
1942 681 2075 737 sub-

505 777 774 832 levarunt.
811 791 830 824 ι

561 868 664 922 ‘lll.
716 867 792 920 De
842 864 1128 920 monachis
1186 862 1481 936 Cyresticis
1530 875 1585 919 et
1638 865 2074 936 Apameensibus

501 959 767 1028 loquitur,
820 970 1056 1026 quorum
1099 954 1177 1008 illi
1240 955 1594 1010 interdictum
1645 954 1769 1026 igne
1829 964 1886 1010 et
1931 970 2072 1027 aqua

503 1058 966 1112 sustentaverant,
1005 1047 1094 1101 isti
1133 1047 1422 1117 expulsum
1443 1055 1792 1116 receperant.

705 1155 946 1228 Epistola
973 1156 1094 1221 155,
1129 1157 1198 1210 ad
1226 1155 1508 1210 Romulum
1546 1159 1860 1228 episcopum.

570 1274 611 1326 l.
644 1271 849 1326 Eodem
874 1279 1143 1340 tempore,
1166 1280 1222 1325 et
1253 1271 1446 1326 eodem
1476 1271 1590 1325 fere
1621 1280 1961 1342 argumento.

567 1363 638 1417 ll.
677 1363 945 1416 Romulus
980 1360 1360 1416 Chalcidensis
1397 1361 1709 1430 episc0pus,
1745 1362 1816 1416 ob
1861 1362 2070 1417 timidi-

503 1464 666 1509 tatem
721 1454 989 1508 servierat
1045 1453 1299 1521 tempori,
1357 1460 1413 1505 et
1470 1466 1595 1506 cum
1643 1452 1710 1507 iis
1766 1472 1783 1504 ι
1820 1462 2071 1509 versatus

496 1555 637 1610 erat,
695 1545 792 1615 qui
839 1546 1090 1616 ingentes
1128 1543 1327 1598 ﬂuctus
1381 1542 1752 1599 concitabant.
1801 1564 1819 1597 ι
1865 1545 2070 1601 Causas

499 1636 712 1691 timoris
769 1637 1011 1692 sublatas
1069 1641 1256 1688 monet
1320 1632 1724 1700 Theodoretus,
1790 1636 2068 1692 Marciano
2101 1665 2144 1720 Β

2180 421 2320 469 nius,
2362 425 2379 456 ι
2417 418 2523 462 etc.

2249 497 2335 551 Ill.
2370 497 2504 564 Quis
2541 513 2674 552 vero
2721 497 2813 552 ille
2840 497 3079 552 Joannes
3117 496 3307 562 fuerit,
3352 505 3410 552 et
3433 497 3593 568 cujus
3634 514 3753 554 mo-

2177 587 2400 642 nasterii
2430 604 2650 662 praeses,
2677 603 2744 642 an
2776 587 3073 642 Orientalis
3102 588 3354 660 alicujus,
3387 605 3455 643 an
3486 587 3754 644 Constan-

2181 678 2524 750 tinopolitani
2547 696 2561 744 ;
2588 677 2723 732 mihi
2759 679 3004 733 nondum
3041 685 3387 751 compertum
3413 688 3519 734 est.
3548 679 3752 749 Appel-

2177 771 2323 824 latur
2347 779 2496 824 certe
2535 770 2680 825 inter
2728 770 3189 825 archimandritas
3215 770 3369 824 urbis
3394 769 3579 840 regite,
3616 778 3754 824 tem-

2176 877 2308 932 pore
2350 862 2570 916 concilii
2618 861 3102 926 Chalcedonensis,
3134 863 3375 918 Joannes
3428 861 3654 931 quidam
3698 861 3753 916 in

2175 954 2364 1008 libello
2403 954 2469 1009 ad
2499 955 2854 1020 Marcianum,
2905 957 3120 1011 inserto
3153 956 3306 1012 Actis
3340 967 3552 1026 quartae
3582 956 3756 1010 actio-

2175 1045 2290 1109 nis;
2323 1045 2414 1099 vix
2443 1058 2625 1102 tamen
2658 1048 2988 1103 crediderim
3024 1049 3154 1103 alibi
3185 1047 3470 1118 praefuisse
3500 1056 3753 1102 nostrum

2175 1135 2339 1201 hunc,
2367 1152 2531 1206 quam
2568 1139 2622 1193 in
2669 1137 2891 1194 Oriente
2913 1181 2926 1205 ,
2953 1149 3012 1194 et
3044 1156 3109 1195 ea
3158 1140 3381 1210 quidem
3413 1147 3571 1210 parte
3592 1180 3606 1204 ,
3630 1155 3755 1210 quae

2173 1241 2281 1280 non
2307 1229 2494 1297 procul
2519 1229 2758 1299 Apamea
2785 1230 3024 1286 abesset.

2245 1317 2332 1374 IV.
2375 1320 2709 1376 Numeratur
2749 1323 2915 1377 etiam
2964 1339 2995 1377 a
3039 1323 3390 1378 Theodoreto
3431 1322 3579 1376 inter
3629 1338 3753 1376 sano

2173 1421 2291 1466 ctos
2316 1424 2528 1468 ascetas
2556 1429 2670 1468 suae
2703 1416 2942 1484 regionis
2955 1417 3195 1471 Joannes
3230 1415 3495 1485 quidam:
3528 1414 3624 1468 sed
3659 1430 3752 1468 ar-

2173 1501 2540 1557 chimandrita
2578 1519 2689 1558 non
2722 1513 2841 1558 erat
2882 1519 3029 1560 anno
3052 1504 3191 1570 “5;
3222 1518 3292 1557 an
3331 1509 3523 1573 postea
3562 1501 3635 1555 sit
3668 1499 3750 1554 fa-

2173 1602 2316 1658 ειυς,
2348 1610 2460 1648 non
2489 1603 2727 1650 constat.

496 1727 789 1797 imperium
831 1727 1134 1794 auspicato,
1169 1719 1334 1793 atque
1362 1731 1424 1776 ut
1457 1723 1742 1792 pristinam
1768 1726 2064 1781 amicitiam

2173 1706 2418 1778 Epistola
2447 1708 2567 1774 158,
2602 1709 2672 1762 ad
2711 1709 3019 1764 Anatolium
3049 1710 3332 1780 patricium
3368 1706 3747 1778 gratulatoria.

493 1826 800 1882 conservet,
849 1817 1036 1872 timori
1081 1817 1344 1887 ignoscit;
1385 1831 1663 1888 quamque
1706 1817 1796 1873 ille
1853 1820 2069 1874 veniam

493 1911 720 1980 supplex
751 1909 949 1964 litteris
977 1908 1228 1979 petierat,
1262 1909 1500 1965 libenter
1521 1910 1788 1980 indulget.

572 2001 1040 2058 lll.0bservanda
1064 2000 1182 2057 haec
1210 2002 1378 2056 verba
1407 2019 1421 2056 :
1466 2021 1484 2054 ι
1525 2002 1853 2058 Audivimus
1889 2003 2067 2072 ipsum

491 2092 656 2146 etiam
682 2091 903 2162 pietatis
937 2101 1044 2147 tua:
1075 2091 1552 2157 contubernalem,
1581 2107 1708 2148 cum
1746 2093 2067 2148 anathema-

495 2185 682 2242 tismos
745 2183 799 2236 in
857 2183 1068 2253 magnis
1121 2183 1353 2239 urbibus
1402 2183 1581 2240 editos
1634 2194 1944 2256 cognosset,
1998 2186 2068 2241 ab

489 2276 716 2347 obliquo
769 2290 1096 2332 cancrorum
1161 2275 1380 2332 incessu
1449 2277 1748 2342 destitisse,
1808 2287 2067 2348 rectaque

491 2371 800 2441 ingressum
847 2383 990 2434 esse,
1035 2383 1160 2424 cum
1210 2367 1279 2424 de
1315 2369 1664 2440 dogmatibus
1703 2369 1758 2425 in
1789 2379 2066 2426 conventu

489 2459 727 2532 quodam
752 2459 1070 2516 dissereret.
1102 2478 1124 2514 ι

557 2549 649 2607 IV.
678 2550 758 2606 Ex
798 2549 888 2605 bis
925 2549 1099 2615 enim,
1153 2564 1470 2623 quanquam
1518 2558 1607 2608 est
1649 2550 2068 2608 contubernalis

487 2639 582 2697 ille
615 2640 856 2712 ignotus,
894 2637 1171 2710 coniicere
1207 2639 1361 2708 licet,
1393 2640 1585 2698 statim
1626 2649 1794 2714 atque
1839 2642 2068 2700 lancis-

487 2746 596 2789 nus
646 2731 826 2787 edicta
900 2727 1152 2796 rescidit,
1198 2729 1404 2802 quibus
1449 2729 1817 2802 pradatorins
1861 2731 2066 2804 Ephesi

486 2833 790 2880 conventus
849 2821 1194 2889 ﬁrmabatur,
1240 2822 1298 2878 in
1321 2822 1643 2879 civitatibus
1677 2823 1854 2879 tribus
1887 2823 2065 2879 maxi-

485 2914 624 2978 mis,
671 2912 1180 2986 Constantinopoli,
1212 2913 1506 2970 Antiochia
1559 2921 1618 2972 et
1646 2913 2062 2988 Hierosolymis,

2239 1816 2280 1871 l.
2309 1817 2603 1887 Postquam
2642 1832 2798 1872 suam
2847 1817 2952 1874 sibi
2997 1816 3406 1873 restitutionem
3447 1824 3504 1870 et
3541 1815 3752 1886 iniqua:

2172 1909 2460 1962 sententiae
2529 1909 2916 1963 rescissionem
2969 1923 3094 1962 cum
3141 1907 3397 1962 Anatolio
3447 1906 3752 1976 gratulatus

2167 2004 2273 2060 est,
2305 1998 2603 2053 Patricium
2643 2008 2938 2068 patronum
2965 2008 3142 2070 rogat,
3179 2008 3240 2052 ut
3271 1999 3502 2053 suadeat
3543 2013 3750 2052 convo-

2169 2091 2283 2145 cari
2336 2091 2626 2162 synodum,
2670 2092 2760 2147 cui
2815 2091 3124 2146 Marcianus
3170 2107 3297 2145 cum
3347 2092 3587 2160 Augusta
3624 2089 3754 2145 Pnl-

2167 2183 2358 2237 cheria
2407 2183 2648 2250 intersit,
2691 2183 2758 2239 ad
2816 2185 3246 2254 compescendas
3295 2183 3749 2239 tumultuantium

2168 2275 2382 2330 turbas.

2237 2367 2304 2424 ιι.
2334 2367 2414 2423 Ex
2457 2367 2547 2424 bis
2589 2375 2840 2424 constat:
2890 2370 2946 2425 l.
2983 2368 3288 2440 Epistolam
3328 2367 3592 2439 scriptam
3626 2383 3752 2424 esse

2165 2459 2272 2514 sub
2312 2459 2482 2516 tinem
2535 2460 2789 2517 autumni
2834 2460 2966 2518 anni
3025 2460 3152 2517 450.
3204 2460 3264 2518 2.
3319 2460 3753 2516 Revocationem

2164 2553 2501 2612 Theodoreti
2539 2556 2756 2614 ceteris
2796 2556 2854 2638 in
2889 2557 2997 2613 hoc
3036 2555 3262 2628 negotio
3299 2555 3462 2614 factis
3502 2554 3754 2626 priore-

2163 2647 2357 2705 l’nisse.
2399 2649 2456 2706 3.
2501 2649 2581 2706 De
2604 2649 2882 2708 scutatis
2909 2649 3247 2706 Theodoreti
3295 2657 3542 2706 coactam
3579 2647 3754 2706 fuisse

2161 2740 2670 2801 Chalcedonam.
2703 2743 2998 2818 synodum.
3025 2745 3082 2802 4.
3110 2743 3286 2813 Quam
3309 2743 3367 2799 in
3409 2753 3530 2800 toto
3565 2743 3755 2801 Theo-

2162 2832 2342 2890 doreti
2394 2849 2486 2893 res
2527 2835 2729 2894 totum
2769 2845 2960 2894 essem
3006 2836 3064 2895 in
3098 2836 3329 2908 synodo,
3361 2851 3457 2893 eas
3492 2835 3754 2894 Anatolio

2163 2925 2522 2997 patricion
2558 2929 2758 3000 primo,
2802 2928 3059 3001 aliisque,
3093 2938 3155 2985 ut
3185 2945 3313 2984 mox
3359 2928 3600 2995 dicetur,
3641 2945 3751 3001 po-

485 3005 693 3064 dictum
727 3003 896 3060 fuisse
915 3003 1210 3060 anathema
1247 3003 1506 3077 Eutychi,
1544 3019 1810 3076 noveque
1842 3007 2058 3064 haeresi.

2173 3019 2491 3075 tontissimis
2512 3022 2684 3078 totius
2711 3021 2931 3092 imperii
2960 3022 3094 3079 viris
3119 3031 3228 3078 tam
3260 3035 3532 3093 propenso
3551 3061 3568 3088 ,
3609 3029 3754 3078 tam-

557 3096 622 3150 γ.
673 3096 961 3160 Romulus,
993 3095 1063 3152 ad
1101 3111 1266 3166 quem
1299 3104 1386 3152 est
1407 3095 1662 3167 epistola,
1700 3097 1807 3153 fuit
1841 3097 2061 3154 Chalci-

483 3181 671 3238 densis
693 3183 1008 3253 episcopus,
1043 3191 1104 3238 ut
1131 3184 1344 3242 dictum
1371 3194 1474 3240 est.
1505 3189 1522 3206 ”
1550 3186 1806 3242 Interfuit
1827 3188 2064 3244 concilio

481 3271 918 3328 Chalcedonensi
949 3288 1102 3330 anno
1130 3273 1257 3339 451,
1291 3289 1396 3330 nec
1420 3273 1516 3330 diu
1553 3274 1713 3346 351
1750 3277 2058 3348 superfuit:

482 3379 628 3418 anno
657 3363 804 3419 enim
849 3363 976 3429 458,
1019 3364 1218 3422 litteris
1249 3364 1526 3436 synodicis
1575 3365 1744 3437 Syria
1778 3369 1967 3438 prima:
1990 3367 2059 3424 ad

486 3458 719 3512 Leonem
749 3457 1140 3528 imperatorem
1173 3457 1417 3512 Domuus
1437 3457 1818 3515 Chalcidensis
1849 3461 2062 3528 episeo-

483 3566 588 3620 pus
612 3548 960 3618 subscripsit.

482 3659 724 3732 Epistolis
761 3659 883 3732 156,
921 3656 1207 3732 angrum
1261 3656 1670 3732 Magistrianum
1706 3661 2057 3717 consolatoria

728 3732 781 3783 in
815 3730 998 3797 funere
1024 3727 1203 3784 uxoris
1239 3735 1288 3781 et
1310 3727 1411 3796 ﬁlii
1445 3728 1809 3784 adolescentis.

552 3843 768 3898 Nullam
795 3841 1019 3912 praefert
1035 3844 1302 3913 temporis
1315 3853 1519 3900 certam
1550 3853 1765 3912 notam;
1789 3847 2056 3903 credibile

488 3944 670 3988 tamen
700 3941 785 3989 est
817 3934 965 3988 circa
1015 3934 1204 3990 isthmc
1235 3944 1481 4005 tempora
1525 3936 1782 4006 scriptam
1815 3955 1956 4005 esse,
2009 3941 2054 3996 si

480 4026 645 4081 modo
675 4026 868 4096 Cyrus,
904 4040 1069 4095 quem
1107 4026 1490 4083 Theodoretus
1519 4029 1572 4083 in
1619 4033 1878 4100 praesenti
1907 4027 2055 4089 icon-

480 4115 710 4179 solatur,
767 4115 837 4168 ab
879 4131 946 4170 eo
999 4130 1109 4170 non
1161 4115 1368 4181 differt,
1414 4117 1505 4172 cui
1550 4120 1755 4190 gratias
1798 4123 1910 4193 agit
1938 4124 2056 4193 epi-

468 4206 619 4261 stola
679 4207 766 4272 i5,
820 4207 892 4262 ob
963 4207 1188 4262 missum
1231 4207 1420 4262 vinum
1472 4209 1730 4266 Lesbium
1771 4231 1784 4267 :
1835 4214 2054 4270 videtur

480 4297 629 4353 enim
666 4308 722 4354 et
755 4299 959 4370 gratias
997 4299 1206 4370 egisse,
1239 4315 1363 4355 cum
1411 4302 1562 4373 regio
1607 4304 1864 4360 mandato
1910 4306 2053 4378 Cyro

465 4391 845 4457 detineretur,
911 4402 968 4448 et
1023 4393 1338 4448 consolatus
1398 4394 1682 4461 amictum,
1759 4401 2051 4468 posteriori

471 4491 747 4552 tempore.

585 4593 826 4666 Epistola
864 4597 986 4662 137,
1017 4599 1086 4650 ad
1116 4598 1379 4654 Joannem
1417 4601 1910 4657 archimandritam.

547 4707 588 4760 l.
619 4706 882 4760 Hortatur
913 4707 981 4761 ad
1004 4709 1208 4778 gratias
1238 4709 1350 4764 Deo
1381 4711 1640 4781 agendas,
1677 4712 1823 4782 quod
1852 4733 1869 4765 ε
1896 4714 2048 4770 adul-

467 4797 652 4850 terina
679 4812 743 4851 ac
787 4798 972 4867 Spurio
1016 4797 1269 4869 dogmata
1303 4799 1657 4871 dissipasset;
1701 4819 1822 4873 quas
1864 4816 2046 4860 autem

463 4887 528 4943 .in
582 4888 754 4944 sacris
801 4890 1109 4960 Evangeliis
1159 4892 1319 4946 nobis
1368 4893 1617 4960 tradidit,
1673 4910 1740 4950 ea
1769 4904 1828 4950 ut
1869 4897 2043 4953 libere

463 4980 858 5048 .pmdicentnr,
890 4979 1091 5037 eil‘ecit.
1128 5002 1143 5034 ι

538 5070 605 5124 ιι.
646 5070 887 5140 Epistula
928 5071 1094 5143 igitur
1139 5075 1343 5146 scripta
1375 5086 1492 5144 est,
1540 5078 1815 5134 Marciano
1868 5078 2045 5149 impe-

464 5161 616 5214 rium
658 5163 956 5232 auspicato,
1002 5181 1032 5220 e
1063 5170 1420 5235 monasterio,
1452 5170 1508 5224 in
1535 5169 1682 5240 quod
1716 5169 2042 5227 Theodore-

465 5262 563 5307 tus
615 5264 934 5318 recesserat,
975 5273 1087 5312 non
1112 5260 1364 5315 restituta
1407 5261 1558 5325 sede,
1609 5261 1757 5332 quod
1799 5261 2046 5320 indicant

464 5346 606 5401 satis
646 5344 761 5400 haec
807 5345 1016 5402 verba:
1073 5365 1089 5400 ι
1122 5349 1372 5407 Civitatis
1420 5352 1700 5409 desiderio
1742 5369 1852 5410 non
1887 5365 2044 5412 tene-

2163 3122 2271 3178 quo
2305 3107 2601 3179 diligenter
2635 3111 2982 3168 curantibus.

2163 3217 2405 3289 Epistolo
2431 3218 2550 3283 l59,
2590 3219 2660 3274 ad
2679 3220 2940 3276 Aristium
2981 3219 3251 3276 consulem
3276 3229 3326 3276 et
3359 3221 3640 3292 patricium
3671 3220 3751 3276 ”.

2233 3327 2273 3382 1.
2300 3326 2519 3383 Gratias
2547 3327 2658 3398 agit
2686 3327 2921 3394 Avieno,
2961 3328 3107 3398 quod
3148 3329 3480 3385 Marcianum
3507 3329 3754 3401 impera-

2163 3422 2340 3470 torem
2391 3414 2459 3469 de
2503 3414 2704 3485 injuria
2747 3415 2853 3470 sibi
2909 3416 3057 3470 illata
3103 3417 3400 3481 monuerit,
3442 3426 3753 3488 auctorque

2161 3500 2328 3556 fuerit
2354 3501 2726 3565 rescindendi,
2754 3517 2875 3571 quae
2918 3502 3119 3572 Ephesi
3162 3519 3451 3573 perperam
3491 3504 3655 3576 352
3692 3507 3750 3560 in

2160 3601 2262 3641 suo
2283 3588 2506 3658 negotio
2534 3588 2673 3642 facta
2709 3598 2932 3643 essent:
2977 3590 3218 3659 postulat
3258 3590 3508 3660 insuper,
3555 3603 3616 3646 ut
3646 3609 3753 3649 suo

2160 3675 2384 3730 nomine
2445 3675 2650 3745 gratias
2700 3675 3024 3746 imperatori
3089 3677 3461 3749 Angustaque
3516 3680 3748 3741 referat.

2159 3763 2496 3833 suadeatque
2524 3778 2719 3833 cogere
2758 3765 3052 3834 synodum.

2233 3850 2295 3905 ll.
2345 3851 2676 3920 lnscriptum
2715 3850 2821 3905 fuit
2868 3851 2926 3905 in
2977 3851 3265 3907 codicibus
3312 3851 3480 3908 editis
3518 3853 3753 3926 Asparis

2158 3953 2400 3993 nomen:
2447 3938 2540 3993 sed
2568 3954 2694 3993 cum
2736 3937 2982 3994 Avienus
3047 3956 3194 3994 anno
3239 3940 3346 3996 450
3392 3943 3753 3998 consulatum

2157 4030 2410 4100 gesserit,
2444 4039 2499 4084 et
2534 4030 2918 4086 Theodoretus
2959 4033 3245 4086 consulem
3278 4033 3560 4089 neminem
3591 4049 3753 4090 com-

2157 4123 2362 4191 pellare
2425 4122 2622 4178 solitus
2669 4123 2761 4188 sit,
2815 4123 2921 4180 nisi
2966 4139 3080 4194 quo
3140 4132 3390 4194 tempore
3447 4127 3753 4182 consulatu

2157 4215 2497 4285 fungeretur,
2553 4215 2896 4270 emendanda
2959 4215 3065 4271 fuit
3122 4216 3310 4281 lectio,
3374 4216 3504 4272 inde
3554 4217 3753 4274 forsan

2156 4314 2436 4374 corrupta,
2464 4306 2613 4374 quod
2639 4307 2770 4360 olim
2792 4307 2929 4372 sola,
2959 4318 3021 4361 ut
3057 4307 3135 4372 lit,
3160 4309 3226 4362 A.
3254 4308 3439 4363 littera
3476 4309 3753 4382 inscripta

2155 4396 2324 4452 fuerit
2349 4396 2614 4464 epistolas.

2224 4489 2313 4544 ιιι.
2340 4489 2530 4544 Lectio
2556 4489 2778 4559 vulgata
2806 4491 3037 4546 retineri
3068 4508 3178 4547 non
3209 4501 3418 4562 potest,
3447 4494 3559 4548 nisi
3584 4497 3748 4550 dica—

2151 4591 2240 4636 tur
2291 4579 2499 4635 Avieno
2553 4582 2768 4636 consuli
2825 4583 3111 4638 ordinario
3147 4585 3482 4655 subrogatus
3539 4585 3745 4656 Aspar,

2149 4673 2236 4726 vel
2273 4672 2346 4726 ob
2403 4672 2602 4727 Avieni
2654 4680 2912 4739 mortem,
2971 4674 3057 4729 vel
3091 4674 3201 4729 alia
3248 4675 3318 4731 de
3371 4692 3561 4743 causa,
3616 4694 3750 4748 quae

2148 4767 2335 4822 lateat.

2316 4878 2555 4951 Epistola
2594 4877 2716 4943 140,
2752 4881 2820 4934 ad
2862 4880 3226 4937 Vincomalum
3257 4888 3568 4955 patricium.

2221 4991 2262 5048 l.
2306 4992 2483 5049 Causa
2524 4991 2839 5055 scribendi,
2889 4999 3222 5062 tempusque
3265 4996 3450 5052 missa:
3490 4998 3755 5068 epistola

2151 5095 2338 5156 aperte
2375 5083 2710 5139 ostenditur.
2766 5103 2784 5136 ι
2817 5084 2990 5140 Valde
3033 5100 3157 5140 sum
3195 5087 3454 5154 miratus,
3507 5091 3604 5145 ubi
3652 5107 3758 5147 co-

2150 5175 2312 5248 gnovi
2361 5173 2822 5246 magnificentiam
2891 5183 3156 5243 vestram,
3209 5187 3336 5232 cum
3394 5195 3487 5236 res
3517 5182 3758 5252 penitus

2150 5269 2448 5340 ignoraret.
2476 5281 2540 5321 ac
2563 5266 2760 5329 solam,
2787 5282 2910 5336 qua:
2937 5267 2994 5321 in
3025 5284 3128 5324 nos
3160 5269 3307 5326 facta
3335 5279 3442 5338 est,
3474 5273 3758 5345 iniuriam

2151 5358 2453 5424 didicisset,
2517 5358 2888 5428 patrocinium
2934 5369 3188 5416 nostrum
3239 5363 3579 5436 suscepisse,
3613 5379 3759 5423 ora-

1803 5507 2122 5567 SCHULZII
2149 5507 2372 5567 ΝΟΤΕ.

533 5613 586 5644 ⁸⁸
606 5612 886 5669 Asinium.
935 5613 1062 5672 Yid.
1099 5627 1283 5684 supra,
1322 5632 1376 5686 p.
1414 5619 1540 5688 194,
1569 5621 1744 5678 schol.
1771 5623 1826 5674 l.
