4024 6152
288 282 391 346 301

1462 283 1556 342 DE
1590 280 1843 341 LIBRIS
1881 280 1979 339 TH
1991 281 2363 346 EODORETI

3440 298 3543 360 302

290 393 495 461 niaquc
554 388 941 455 commovisse,
995 399 1055 447 ut
1107 401 1450 461 comparatas
1510 402 1701 448 contra
1764 408 1867 447 nos
1898 394 2183 452 Amorum
2232 402 2729 470 compositionem,
2788 406 3044 463 blandam
3105 418 3160 464 et
3213 412 3543 468 allicientem

290 483 575 538 machinas
609 493 906 538 everteret.
940 502 957 534 i

361 576 427 630 ll.
455 574 660 630 Gratiis
692 576 957 644 impense
999 576 1141 631 actis
1176 576 1557 632 Theodoretns
1578 617 1592 639 ,
1646 577 1867 632 easdem

288 665 632 728 Vincomalo,
661 680 799 735 quas
824 666 947 720 aliis
970 665 1189 722 duobus
1215 667 1481 739 patriciis,
1514 666 1625 723 fert
1652 683 1864 738 preces,

290 766 353 812 ut
374 772 477 811 suo
526 758 751 813 nomine
799 756 1002 827 gratias
1034 758 1298 830 Augustis
1342 768 1487 832 agat,
1541 768 1597 815 et
1642 760 1868 816 suadeat

286 849 486 904 haberi
520 849 810 920 synodum.

287 967 307 984 '
338 962 587 1033 Epistolas
619 963 742 1028 141,
771 964 844 1018 ad
878 962 1195 1018 Marcellum
1222 964 1701 1020 arcliimaudritant
1733 980 1866 1018 acm-

924 1044 1207 1090 metarum.

356 1147 398 1200 Ι.
428 1145 719 1201 Marcellus
758 1144 850 1202 ille
879 1154 1273 1202 acmmetarum
1311 1154 1465 1217 pater
1492 1146 1597 1201 fuit
1628 1160 1773 1201 unus
1798 1143 1866 1200 de

280 1234 756 1298 archimandritis,
802 1235 919 1304 qui,
980 1235 1167 1290 oblato
1209 1236 1420 1300 libello,
1476 1236 1865 1305 imperatorem

282 1328 624 1382 Marcianum
650 1336 931 1397 rogarunt,
960 1327 1081 1383 dari
1120 1329 1226 1383 sibi
1265 1336 1595 1398 potestatem
1628 1326 1865 1396 compri-

284 1416 474 1470 mendi
524 1416 787 1485 reliquias
820 1417 1105 1488 Eutychis,
1157 1420 1213 1474 in
1255 1419 1609 1472 monasteriis
1655 1426 1711 1472 et
1737 1431 1861 1486 spe-

280 1508 468 1563 luncis
516 1508 817 1572 latitantes,
864 1517 1037 1579 atque
1089 1510 1325 1565 haeresin
1376 1509 1647 1575 foventes,
1698 1509 1767 1564 ad
1811 1526 1863 1563 1v

279 1602 483 1656 conci].
510 1601 768 1658 Cbalced.

357 1694 426 1747 l-l.
454 1694 681 1748 Biennio
705 1704 887 1757 antea,
923 1695 979 1749 in
1021 1693 1231 1766 synodo
1256 1692 1862 1764 Constantinopolitana
1897 1733 1936 1789 Β

282 1786 549 1851 Flaviani,
586 1802 732 1841 anno
759 1787 863 1841 448
906 1796 1184 1856 postremo
1218 1787 1339 1841 loco
1383 1787 1710 1856 subscripsit
1744 1802 1863 1841 sen-

280 1880 490 1943 tentiae,
526 1894 633 1949 qua
669 1878 955 1948 depositus
1003 1889 1087 1933 est
1110 1880 1405 1947 Eutyches,
1458 1888 1520 1933 ut
1556 1888 1772 1933 constat
1796 1896 1861 1933 ex

278 1971 439 2024 Actis
485 1970 679 2040 synodi
732 1970 1375 2041 Constantinopolitanae,
1427 1986 1549 2041 qua:
1584 1970 1737 2025 Actis
1770 1986 1860 2040 sy-

278 2062 415 2115 nodi
442 2061 907 2116 Chalcedonensis
938 2062 1277 2118 inseruntur.

352 2156 443 2209 Ill.
481 2156 594 2210 Nec
620 2154 953 2224 subscripsit
989 2165 1202 2209 tantum
1232 2155 1287 2209 in
1324 2154 1555 2226 synodo,
1581 2154 1679 2209 sed
1696 2154 1860 2208 etiam

277 2248 468 2301 verbis
495 2255 680 2316 postea
720 2247 962 2300 Flaviani
989 2247 1318 2301 sententiam
1347 2246 1733 2316 propugnavit,
1767 2261 1863 2300 ne-

274 2338 582 2409 quidquam
611 2346 852 2393 ternente
871 2330 1030 2403 'aula,
1056 2345 1119 2393 ut
1132 2354 1200 2393 ex
1227 2338 1330 2393 hac
1352 2338 1583 2408 epistola
1606 2339 1863 2409 colligere

275 2443 384 2488 est.
1561 2473 1564 2477 .

348 2522 439 2577 ΙΥ.
469 2521 698 2576 Tantam
733 2521 786 2576 ei
820 2521 1186 2576 constantiam
1216 2521 1524 2592 gratulatur
1550 2522 1861 2580 Theodore-

277 2622 389 2678 tus,
418 2615 697 2683 simulque
716 2615 944 2685 exponit
975 2614 1062 2669 sui
1083 2628 1338 2670 secessus
1361 2615 1604 2685 quietem
1633 2632 1697 2671 ae
1724 2633 1860 2688 gau-

273 2706 429 2761 dium
466 2706 538 2761 de
581 2705 883 2762 obstructis
923 2705 1116 2761 oribus
1142 2721 1360 2774 eorum,
1389 2708 1486 2778 qui
1515 2709 1623 2764 sibi
1653 2711 1862 2783 Deique

274 2798 633 2869 dogmatibus
661 2798 1118 2853 adversabantur.

346 2892 412 2946 ν.
435 2888 591 2945 Hanc
624 2890 792 2961 igitur
819 2890 1110 2960 epistolam
1151 2906 1224 2947 ex
1262 2906 1365 2947 suo
1416 2907 1638 2949 secessu
1685 2893 1858 2960 dedit,

266 2981 580 3040 inclinante
632 2989 919 3042 autumno.
987 2992 1283 3051 postquam
1350 2981 1419 3038 de
1478 2983 1748 3039 Marciani
1804 2993 1861 3039 et

1970 501 2295 557 congressus
2323 492 2690 560 dulcedinem,
2723 507 2780 552 et
2822 499 2926 554 alia
2960 517 3300 571 qumcunque
3347 504 3543 574 depin-

1969 592 2103 648 gunt
2130 582 2430 649 perfectum
2466 587 2750 641 alumnum
2776 590 3154 661 philosophiae.
3183 613 3199 644 ι

2039 670 2125 726 IV.
2172 672 2525 731 Observanda
2574 679 2689 734 haec
2724 681 2931 738 verba:
2970 703 2988 734 ι
3036 685 3294 754 Ρεηθψιε
3346 688 3545 758 impios

1968 764 2154 818 censui
2203 782 2299 820 eos
2324 808 2338 830 ,
2382 769 2478 837 qui
2526 769 2663 825 duas
2695 772 2971 841 Unigcniti
3007 784 3231 830 naturas
3284 777 3339 831 in
3378 795 3541 835 unam

1967 871 2162 925 cogere
2211 859 2448 925 audent,
2506 870 2562 915 et
2591 864 2686 931 qui
2730 865 3023 919 Dominum
3052 874 3301 921 nostrum
3353 870 3541 924 Jesum

1967 944 2267 1013 Christum,
2289 950 2488 1005 Filium
2514 953 2610 1008 Dei
2646 954 2790 1019 vivi,
2831 956 3111 1013 hominem
3138 960 3341 1015 factum
3370 962 3541 1016 Deum

1968 1036 2230 1102 Verbum,
2285 1040 2342 1095 in
2392 1041 2531 1097 duos
2575 1043 2716 1099 filios
2757 1047 3008 1104 dividere
3040 1063 3328 1119 conantur,
3371 1054 3541 1125 siqui

1967 1139 2093 1184 sunt
2121 1132 2361 1199 tandem,
2391 1150 2491 1205 ego
2521 1137 2667 1191 enim
2704 1154 2815 1193 non
2848 1150 3009 1209 puto;
3039 1144 3133 1197 sed
3165 1144 3304 1198 hanc
3326 1160 3544 1216 semper

1966 1222 2295 1278 calumniam
2331 1225 2607 1293 Ecclesiae,
2645 1231 2737 1299 qui
2780 1231 2895 1285 Arii
2937 1244 2992 1288 et
3030 1234 3306 1301 Eunomii,
3339 1239 3543 1308 quique

1965 1313 2291 1384 Apollinarii
2336 1328 2522 1389 partes
2574 1331 2902 1392 sequuntur,
2945 1325 3297 1396 impudenter
3316 1330 3544 1386 al’flnxe-

1966 1414 2125 1472 runt;
2164 1416 2219 1462 at
2244 1425 2376 1464 vero
2408 1410 2569 1466 facile
2609 1422 2695 1468 est
2736 1414 3097 1485 diligentibus
3123 1420 3543 1487 pervidere,ce-

1964 1496 2287 1555 leberrimos
2300 1501 2487 1557 Patres
2506 1512 2741 1567 nostros,
2765 1506 2971 1561 lumina
2990 1509 3379 1575 Ecclesiarum,
3400 1512 3540 1569 hanc

1965 1587 2139 1657 ipsam
2184 1605 2216 1644 a
2262 1592 2512 1647 veritatis
2556 1593 2810 1649 hostibus
2862 1597 3305 1655 criminationem
3352 1618 3540 1671 passos

1965 1695 2107 1746 esse,
2132 1698 2295 1751 quam
2324 1699 2424 1738 nos
2471 1684 2577 1739 hoc
2605 1693 2849 1755 tempore
2890 1688 2959 1742 ab
2998 1691 3220 1759 optimis
3242 1708 3396 1748 novae
3427 1695 3539 1750 hac

1964 1771 2105 1825 resis
2135 1773 2519 1830 inventoribus
2545 1777 2903 1843 sustinemus,
2932 1796 3168 1849 quorum
3202 1785 3538 1854 impietatem

1963 1863 2403 1931 sapientissimus
2445 1868 2709 1922 Dominus
2740 1869 3016 1937 patefecit,
3063 1887 3174 1926 non
3216 1876 3542 1941 permittens

1964 1951 2227 2008 diuturna
2264 1958 2529 2026 patientia
2555 1958 2821 2013 nefariam
2848 1960 3084 2017 haeresim
3115 1966 3481 2022 corroborari.
3514 1988 3533 2017 ι

1965 2043 2092 2099 Inde
2116 2046 2273 2113 plura
2298 2049 2702 2119 intelliguntur.

2037 2135 2096 2190 V.
2131 2136 2395 2206 Primum,
2452 2158 2562 2210 quo
2595 2146 2760 2200 etiam
2800 2156 2915 2202 tum
2950 2149 3133 2203 animo
3158 2148 3543 2206 Theodoretus

1964 2225 2105 2280 foret
2137 2244 2265 2299 erga
2295 2231 2595 2288 Diodorum
2626 2237 2952 2294 Tarsensem
2970 2248 3025 2295 et
3051 2238 3397 2295 Theodorum
3430 2243 3543 2297 Mo-

1963 2327 2343 2388 psuestenum,
2380 2324 2617 2380 Nestorii
2667 2331 2979 2400 magistros,
3005 2346 3281 2401 quamque
3307 2333 3376 2389 de
3406 2333 3543 2403 ipsis

1963 2411 2281 2481 opinionem
2322 2417 2607 2484 retineret,
2644 2422 2812 2475 etiam
2845 2430 2969 2492 post
3010 2425 3300 2495 utriusque
3335 2426 3542 2481 doctri-

1960 2518 2089 2558 nam
2112 2519 2143 2557 a
2164 2504 2359 2561 Proclo
2392 2510 2574 2564 tacitis
2620 2512 2939 2568 nominibus
2967 2513 3023 2567 in
3064 2522 3212 2569 tomo
3250 2515 3319 2570 ad
3342 2516 3542 2573 Arme~~

1948 2609 2084 2659 nos,
2112 2610 2143 2649 a
2167 2579 2374 2666 Cyl-illo
2394 2608 2583 2669 aperte
2616 2601 2777 2658 libris
2801 2603 3019 2659 duobus
3049 2605 3362 2663 refutatam.

2031 2686 2182 2753 Quos
2194 2697 2380 2745 autem
2396 2690 2762 2749 celeberrimos
2785 2693 2975 2751 Patres
3000 2708 3206 2753 nostros
3225 2709 3403 2768 vocat,
3420 2701 3542 2758 Dio-

1961 2777 2158 2835 dorum
2195 2790 2252 2836 et
2298 2780 2653 2840 Theodorum
2704 2801 2828 2843 esse
2875 2803 3040 2844 nemo
3080 2794 3396 2863 negaverit,
3438 2795 3539 2867 qui

1961 2871 2249 2940 epistolam
2276 2873 2416 2929 hanc
2447 2877 2747 2934 contulerit
2773 2894 2900 2934 eum
2932 2881 3146 2948 verbis,
3174 2892 3291 2939 tum
3335 2887 3544 2956 episto-

1963 2961 2028 3017 lae
2045 2961 2112 3016 16
2147 2977 2211 3017 ac
2234 2963 2434 3035 dialogi
2460 2966 2516 3031 1,
2544 2966 2648 3022 sub
2672 2966 2868 3035 finem;
2899 2976 3015 3024 tum
3046 2971 3335 3042 utriusque
3361 2974 3543 3032 Histo-

276 3075 586 3130 hlcheria
648 3073 891 3129 decretis
940 3074 1211 3131 adversus
1280 3075 1569 3149 Eutychen
1632 3076 1859 3133 τεηίίε,
1887 3078 1929 3136 C
1964 3054 2077 3149 riae,
2098 3054 2461 3149 ecclesiastica:
2500 3071 2700 3127 nempe
2732 3068 2789 3114 et
2834 3060 3124 3131 religiose,-
3152 3070 3264 3118 tum
3300 3065 3541 3139 denique

277 3179 379 3225 set.

699 3280 940 3352 Epistola
975 3282 1094 3347 142,
1123 3283 1192 3336 ad
1219 3282 1476 3337 eumdem.

352 3388 575 3444 LMissa
602 3400 685 3443 est
726 3391 891 3459 paulo
915 3399 1038 3461 post
1065 3392 1485 3462 praecedentem.
1520 3410 1537 3443 ι
1593 3392 1725 3448 Aliis
1747 3395 1857 3464 jam

273 3480 482 3539 litteris
504 3480 763 3549 pietatem
794 3489 941 3536 tuam
969 3482 1120 3537 aﬂ‘ati
1146 3499 1355 3539 sumus.
1386 3504 1403 3537 ι

343 3573 410 3628 ll.
439 3572 653 3626 Laudat
667 3589 800 3628 vero
823 3575 1203 3630 Theodoretus
1222 3576 1667 3633 archimandritae
1702 3597 1717 3627 t
1742 3586 1857 3632 tum

274 3662 659 3717 admirandam
687 3665 878 3729 vitam,
906 3673 1020 3718 tum
1052 3665 1385 3720 laudabilem
1441 3666 1640 3731 zelum,
1694 3683 1857 3736 quem

276 3753 597 3821 apostolica:
623 3753 749 3807 ﬁdei
774 3769 936 3809 causa
959 3754 1358 3821 declaraverat,
1382 3771 1484 3810 nec
1523 3757 1727 3827 regiam
1758 3773 1858 3828 po-

277 3844 511 3898 tentiam
564 3844 889 3911 formidans,
952 3862 1057 3901 nec
1102 3847 1491 3918 episcoporum
1535 3848 1857 3904 consensio-

277 3950 427 3999 nem,
468 3953 486 3985 ι
516 3942 626 3989 etc.

277 4051 439 4123 353
489 4052 726 4123 Epistola
750 4055 870 4120 M3,
897 4057 966 4109 ad
976 4056 1247 4111 Andream
1270 4058 1582 4112 monachum
1599 4057 1860 4113 Constan-

736 4126 1025 4197 tinopoleos
1063 4128 1400 4197 parwnetica.

352 4234 393 4288 Ι.
426 4234 559 4289 Data
580 4244 663 4291 est
695 4252 725 4291 e
752 4253 971 4294 secessu
996 4239 1319 4294 monasterii
1341 4239 1718 4311 Apamcensis,
1748 4258 1858 4313 quo

279 4334 533 4396 tempore
582 4346 599 4378 ι
650 4344 805 4383 nova:
842 4329 1069 4385 haaresis
1108 4330 1461 4386 defensorum
1509 4331 1857 4402 iniquitatem

1963 3145 2202 3218 Catalogi
2231 3146 2559 3216 scriptorum
2589 3150 2657 3204 ab
2685 3150 3031 3207 Hebed-Jesu
3054 3158 3345 3225 compositi
3375 3172 3539 3215 :nam

1964 3238 2020 3293 in
2055 3238 2237 3308 priore
2265 3240 2386 3295 loco
2421 3239 2719 3297 Diodorum
2763 3249 2821 3296 et
2859 3242 3211 3300 Theodorum
3256 3259 3467 3303 sanctos
3490 3261 3543 3305 et

1964 3331 2141 3386 beatos
2186 3332 2403 3396 Patres,
2434 3337 2818 3408 magistrosque
2849 3352 2971 3393 suos
3001 3339 3257 3410 appellat.
3291 3341 3543 3411 Appellat

1964 3438 2181 3493 quoque
2208 3424 2263 3478 in
2287 3425 2504 3496 dialogo
2544 3428 2594 3493 1,
2623 3428 2934 3498 fortissimos
2966 3434 3203 3487 veritatis
3234 3450 3539 3507 propugna-

1968 3522 2123 3580 tores,
2160 3517 2397 3587 rivosque
2422 3516 2649 3589 Spiritus
2670 3522 2861 3575 sancti.

2036 3606 2334 3662 Diodorum
2386 3624 2517 3663 vero
2542 3610 2597 3663 in
2618 3609 3003 3667 Ecclesiasticte
3048 3613 3296 3669 Historiae
3337 3616 3435 3670 lib.
3463 3633 3535 3681 tv,

1965 3712 2085 3767 cap.
2114 3697 2204 3762 22,
2232 3701 2454 3769 quantis
2482 3701 2741 3756 laudibus
2762 3702 2963 3758 allicitl
3008 3723 3026 3755 ‹
3063 3704 3535 3775 Sapientissimus,

1964 3788 2129 3860 355
2170 3789 2370 3859 inquit,
2413 3790 2852 3862 fortissimusque
2904 3794 3197 3861 Diodorus,
3246 3798 3402 3866 quasi
3442 3798 3542 3853 flu-

1964 3880 2087 3935 vius
2110 3881 2333 3950 quidam
2360 3882 2624 3952 limpidus
2654 3892 2711 3939 et
2749 3884 2942 3955 ingens
2972 3902 3116 3941 suos
3151 3888 3375 3958 quidem
3416 3890 3542 3945 irri-

1964 3972 2159 4041 gabat;
2188 3974 2628 4030 adversariorum
2662 3992 2793 4031 vero
2818 3977 3189 4048 blasphemias
3212 3981 3475 4037 diluebat.
3515 4004 3533 4035 ι

1966 4062 2033 4118 Ει
2091 4063 2364 4133 Religiosaz
2412 4066 2659 4123 Historia:
2695 4083 2815 4139 cap.
2850 4071 2954 4124 11;
3001 4089 3020 4121 ι
3072 4071 3252 4127 Divini
3282 4072 3541 4146 beatique
3598 4103 3605 4109 -

1965 4154 2067 4207 viri
2092 4155 2378 4212 Flavianus
2404 4167 2459 4213 et
2488 4159 2761 4216 Diodorus
2783 4162 2985 4231 populo
3017 4163 3405 4232 praesidebant.
3443 4185 3462 4218 ι

2035 4248 2050 4265 ⁴
2086 4247 2161 4301 De
2192 4248 2483 4304 Theodoro
2524 4251 2655 4319 quid
2682 4253 2881 4308 habeat
2909 4254 3007 4308 lib.
3037 4271 3068 4307 v
3119 4255 3323 4311 Eccles.
3361 4258 3543 4313 Histe-

1967 4340 2078 4403 riw,
2110 4340 2307 4407 saepius
2336 4340 2558 4395 allatum
2586 4350 2689 4395 est.

278 4420 724 4487 sapientissimus
758 4421 1026 4476 Dominus
1058 4422 1335 4493 patefecit,
1390 4439 1498 4477 non
1534 4424 1859 4493 permittens
1893 4439 1936 4493 ι)
2031 4432 2379 4486 llebed-Jesu
2414 4447 2708 4489 recensens
2739 4434 3070 4491 Theodoreti
3108 4452 3296 4506 opera,
3329 4457 3346 4488 ‹
3376 4439 3538 4494 Com-

280 4512 544 4568 diuturna
569 4516 835 4584 patientia
869 4516 1133 4571 nefariam
1162 4518 1397 4573 hteresin
1426 4519 1796 4573 corroborari.
1836 4538 1852 4570 ι

277 4606 498 4672 Quibus
553 4608 742 4661 verbis
794 4608 1111 4662 indicantur
1162 4609 1420 4664 Marciani
1462 4609 1638 4664 initia.
1678 4610 1860 4675 Quare

280 4716 412 4753 cum
462 4700 632 4755 altera
660 4702 1091 4770 praecedentium
1127 4702 1359 4755 duarum
1402 4702 1566 4756 missa
1598 4711 1682 4757 est
1713 4701 1859 4756 Con-

280 4794 695 4863 stantinopolim
727 4809 825 4863 per
873 4795 1171 4849 monachos
1200 4810 1265 4850 eo
1291 4795 1606 4850 redeuntes.
1686 4832 1687 4835 η

356 4883 423 4939 ll.
450 4883 577 4938 Fuit
598 4885 844 4939 Andreas
879 4886 991 4949 ille,
1039 4894 1100 4939 ut
1130 4885 1372 4950 videtur,
1403 4885 1857 4952 archimandrita,

282 4976 380 5045 qui
433 4976 761 5046 depositioni
804 4979 1069 5051 Eutychis
1116 4979 1295 5050 primo
1352 4979 1495 5031 inter
1546 4978 1859 5031 archiman-

284 5068 464 5122 dritas
513 5070 634 5124 loco
673 5086 773 5139 per
798 5071 1153 5127 Timotheum
1196 5071 1580 5141 presbyterum
1621 5070 1860 5125 subscri-

284 5160 396 5231 psit
424 5159 480 5214 in
508 5162 743 5216 concilio
769 5162 1009 5217 Flaviani
1035 5179 1181 5217 anno
1208 5162 1333 5217 448.

356 5250 449 5305 III.
476 5251 750 5309 Andream
776 5252 1156 5308 Thcodoretus
1184 5253 1380 5307 invitat
1406 5251 1473 5305 ad
1510 5250 1862 5306 scribendum

286 5343 395 5396 sibi
422 5343 576 5397 velut
614 5344 855 5398 consorti
894 5344 1043 5409 ﬁdei,
1076 5350 1253 5414 eoque
1295 5353 1355 5397 ut
1404 5342 1667 5412 impellat,
1708 5342 1865 5395 miris

290 5427 469 5498 ipsum
493 5430 752 5485 laudibus
780 5432 1011 5487 extollit.
1046 5451 1063 5484 ‹
1095 5433 1363 5487 Mirantur
1400 5447 1593 5486 omnes
1621 5430 1746 5485 ﬁdei
1780 5446 1864 5486 re-

288 5519 653 5585 ctitudinem,
714 5520 838 5575 vita:
873 5522 1178 5579 claritatem
1204 5564 1217 5587 ,
1264 5523 1625 5577 constantiam
1669 5518 1861 5585 animi,

1963 4524 2165 4593 posuit,
2197 4523 2397 4592 inquit,
2437 4524 2741 4594 apologiam
2774 4541 2873 4594 pro
2895 4527 3151 4582 Patribus
3174 4530 3378 4583 nostris
3402 4531 3540 4587 duo—

1963 4613 2069 4667 bus
2102 4612 2364 4678 tomis“;
2403 4633 2420 4664 ι
2457 4629 2558 4682 pro
2588 4614 2656 4668 iis
2700 4629 2899 4685 nempe
2925 4616 3200 4681 Patribus,
3243 4634 3383 4688 quos
3410 4635 3540 4675 san-

1963 4714 2087 4759 ctus
2135 4703 2371 4775 Cyrillns
2431 4705 2816 4775 impugnavit,
2868 4722 3216 4778 quorumque
3262 4719 3538 4766 tomorum

1961 4795 2262 4864 fragmenta
2298 4795 2501 4851 inserta
2520 4805 2650 4853 sunt
2671 4797 2819 4852 Actis
2848 4800 3055 4868 quintae
3080 4800 3293 4871 synodi,
3336 4802 3461 4855 coll.
3484 4802 3535 4856 5.

2041 4886 2377 4951 Secundum,
2414 4887 2547 4955 quid
2580 4887 2833 4943 similiter
2870 4899 2993 4958 post
3028 4890 3321 4944 concilium
3351 4891 3533 4960 Ephe-

1968 4978 2168 5041 sinum,
2204 4986 2325 5047 post
2356 4977 2545 5032 initam
2565 4978 2931 5033 Ecclesiarum
2968 4996 3177 5049 pacem,
3208 4989 3329 5049 post
3351 4982 3538 5051 expla-

1968 5076 2149 5122 natam
2184 5083 2213 5122 a
2255 5067 2457 5138 Cyrillo
2497 5069 2656 5122 toties
2703 5069 2770 5123 de
2820 5071 3196 5125 incarnatione
3248 5070 3429 5139 (idem,
3471 5073 3539 5128 de

1967 5158 2202 5212 Nestorii
2224 5158 2475 5229 degmate
2512 5159 2740 5213 sentiret
2774 5177 2785 5211 :
2817 5159 3074 5213 credebat
3111 5174 3307 5237 nempe
3347 5163 3540 5219 catho-

1962 5249 2151 5313 licum,
2177 5249 2619 5319 quandoquidem
2646 5250 2952 5305 communis
2977 5260 3097 5304 erat
3127 5250 3533 5308 Catholicorum

1966 5341 2171 5409 pariter
2209 5350 2372 5409 atque
2425 5341 2785 5395 sectariorum
2828 5341 3051 5410 opinio;
3103 5341 3249 5412 quod
3298 5342 3541 5397 Nestorii

1965 5427 2159 5496 dogma
2174 5442 2203 5481 a
2221 5425 2469 5482 doetrina
2501 5429 2721 5484 Diodori
2746 5441 2802 5485 et
2826 5430 3096 5485 Theodori
3124 5448 3235 5487 non
3257 5431 3504 5486 differret
3530 5467 3546 5492 ,

1967 5519 2290 5573 catholitam
2353 5536 2483 5575 vero
2558 5522 2847 5593 utriusque
2915 5521 3219 5576 doctrinam
3284 5519 3557 5579 censeba-

1646 5632 1823 5689 SCHU
1836 5626 1964 5686 [.le
1994 5629 2217 5692 NOT/E.

360 5702 405 5735 "
431 5701 559 5757 Vid.
597 5718 782 5774 supra,
806 5720 859 5775 p.
895 5703 1019 5759 Ωθο.
