4024 6152
343 225 454 290 305

1517 256 1616 316 DE
1655 260 1727 318 LI
1737 261 1908 323 BRIS
1947 267 2444 340 THEODORE’I‘T.

345 341 616 398 beneﬁcio
644 361 778 420 erga
804 365 862 406 se
894 352 1072 421 sileat,
1108 361 1350 417 ostendit
1387 365 1531 421 clare
1559 385 1617 424 se
1663 387 1735 426 eo
1779 381 1920 429 tem-
1949 383 1994 440 Α
2023 377 2091 434 de
2117 380 2221 436 ﬁde
2249 399 2609 453 personarum
2635 401 3010 460 exerceretur,

345 450 481 460 un
516 439 750 460 “AM
935 446 946 460 .
1051 450 1064 460 .

3497 297 3604 358 eos

339 450 483 504 pore
513 439 778 509 scribere,
802 446 948 514 quod
983 450 1337 509 subsecutum
1379 465 1457 512 est
1484 471 1716 517 mortem
1745 463 1924 522 'l‘heo-
2024 439 2290 529 minibus.
2325 495 2344 527 ›

339 527 484 582 desii
534 530 914 603 imperatoris,
948 556 1069 610 qua:
1119 548 1352 618 contigit
1395 566 1540 607 anno
1579 553 1701 620 450,
1728 557 1817 612 die
1852 560 1922 616 29

336 615 494 679 Julii,
531 629 586 674 et
631 622 949 695 inchoatum
985 630 1073 686 die
1097 633 1166 688 25
1201 615 1432 707 Augusti
1467 615 1758 711 imperium
1781 647 1924 702 Mar-
2019 670 2086 708 ex

333 709 505 774 ciani,
539 713 970 788 cujus‘jussione
995 723 1270 795 Eutyches
1302 729 1510 800 ejectus
1535 743 1638 799 est,
1672 745 1728 790 et
1752 740 1920 795 resci-

335 810 456 856 tum
510 803 644 859 illud
675 805 932 864 Marciani
961 811 1189 882 factum,
1220 818 1288 873 de
1331 837 1441 891 quo
1475 840 1584 879 non
1613 829 1791 896 potuit
1815 846 1916 884 au-

329 889 441 944 diri
466 904 594 949 ante
617 897 778 952 linem
825 899 1181 971 Septembris.
1222 889 1464 978 Epistola
1496 889 1662 984 igitur
1684 919 1810 976 data
1832 928 1918 976 est

331 979 420 1037 vel
454 981 767 1053 Septembri
814 1005 1000 1046 mense
1047 994 1265 1062 aﬂ'ecto,
1299 1000 1384 1054 vel
1422 979 1719 1072 incipiente
1747 1006 1914 1064 Octo-

327 1071 442 1136 bri,
472 1090 583 1142 quo
618 1084 862 1147 tempore
896 1083 1140 1138 nondum
1165 1096 1341 1144 erata
1375 1071 1654 1150 Marciano
1697 1098 1765 1152 ad
1821 1115 1910 1154 se-

324 1159 456 1213 dem
485 1177 638 1216 suam
667 1166 952 1224 remissus.

397 1248 487 1304 Ill.
527 1251 638 1306 Hos
669 1271 836 1324 porro
887 1264 1208 1330 monachos,
1237 1268 1439 1337 quibus
1476 1273 1694 1338 scribit,
1741 1285 1909 1334 teme-

324 1340 538 1395 rarium
587 1343 732 1400 haud
779 1347 945 1405 fuerit
972 1354 1185 1422 opinari
1226 1371 1540 1428 accemetas,
1600 1368 1742 1435 apud
1768 1386 1908 1440 quos

321 1427 474 1484 forte
508 1434 822 1504 suspicione
855 1439 1082 1499 haeresis
1107 1445 1409 1505 laborabat.

390 1522 481 1578 IV.
511 1524 713 1581 Scribit
736 1545 867 1592 vero
891 1548 991 1603 per
1007 1538 1305 1594 monachos
1327 1557 1357 1595 a
1383 1542 1639 1600 Marcello
1669 1563 1905 1605 aemine-

320 1621 502 1668 tarum
542 1619 969 1678 archimandrita
997 1625 1053 1680 in
1096 1627 1434 1689 Phceniciam
1468 1635 1590 1689 aliis
1626 1638 1693 1694 de
1733 1641 1898 1697 rebus

316 1704 519 1761 missos
548 1727 560 1760 :
592 1726 715 1763 cum
741 1711 876 1782 ipsis
895 1730 1090 1789 nempe
1120 1735 1447 1793 congressus
1473 1725 1762 1796 didicerat,
1793 1749 1902 1803 qua
1937 1719 1977 1774 Β

313 1799 466 1866 apud
491 1800 706 1858 sodales
740 1804 797 1859 in
822 1806 1081 1874 opinione
1111 1822 1256 1867 esset
1279 1832 1291 1879 ;
1332 1816 1506 1885 ipsam
1530 1835 1662 1874 vero
1687 1837 1755 1876 ex
1780 1825 1900 1878 aui-

313 1890 422 1944 mis
445 1893 686 1949 evellere
711 1897 1041 1966 referebant,
1071 1911 1296 1974 propter
1315 1907 1600 1966 hominum
1629 1915 1900 1984 ejusmodi

310 1981 610 2036 maximam
641 1984 694 2039 in
727 1987 861 2042 urbe
889 1991 1036 2062 regia
1062 1997 1470 2056 auctoritatem.

382 2069 450 2126 γ.
484 2072 615 2140 Quae
632 2076 700 2133 de
726 2080 840 2136 suis
862 2081 1022 2138 libris
1043 2096 1250 2154 narrat,
1282 2093 1528 2162 exposita
1562 2106 1689 2152 sunt
1719 2100 1897 2170 capite

304 2164 582 2219 secundo.

528 2303 774 2376 Epistolis
799 2309 916 2378 146,
949 2314 1022 2368 ad
1051 2315 1313 2375 Joannem
1337 2337 1676 2384 oeconomiam.

375 2441 506 2498 Haec
539 2446 705 2501 etiam
751 2450 1016 2521 epistola,
1059 2457 1166 2513 etsi
1213 2461 1442 2532 mutila,
1493 2468 1679 2540 magni
1707 2479 1888 2528 tamen

304 2542 575 2591 tractatus
593 2537 827 2594 formam
868 2543 1056 2601 habet.
1089 2547 1383 2608 Historiam
1404 2537 1906 2626 ipsiusvtexuimus-

301 2627 357 2680 in
384 2628 508 2684 Vita
534 2630 867 2690 Theodoreti
894 2637 960 2703 9‘,
1003 2641 1456 2715 ostendimusque
1485 2650 1748 2721 scriptam
1765 2670 1888 2710 esse

299 2727 425 2788 post
469 2722 766 2777 concilium
789 2725 1268 2798 Chalcedonense,
1311 2749 1437 2789 cum
1481 2741 1799 2798 secessisset
1829 2745 1892 2801 in.

300 2813 726 2880 monasterium,
749 2825 804 2870 et
827 2819 1018 2888 procul
1044 2823 1302 2879 omnibus
1331 2830 1587 2897 negotiis,
1631 2833 1882 2890 scriben-

298 2900 385 2956 dis
424 2903 588 2959 libris
617 2914 673 2961 et
709 2909 955 2978 pristinae
982 2911 1108 2969 vita:
1137 2915 1406 2987 religiosa:
1430 2922 1712 2979 exercitiis
1736 2933 1883 2984 totus

302 3002 540 3048 ηοω-ει.

306 3130 545 3201 Epistola
567 3133 692 3201 M7,
725 3138 796 3191 ad
820 3137 1081 3196 Joannem
1117 3142 1462 3202 Germaniciaz
1485 3152 1781 3222 episcopum
1811 3155 1876 3208 ".

365 3267 413 3322 1.
445 3269 528 3323 Ad
567 3287 731 3341 quem
753 3273 962 3331 scilicet
991 3277 1094 3334 fuit
1124 3282 1355 3352 epistola
1385 3284 1507 3350 155,
1535 3288 1724 3356 paucis
1749 3298 1878 3346 ante

298 3356 504 3412 diebus
537 3363 752 3432 scripta.
787 3365 920 3421 Data
949 3377 1033 3423 est
1063 3370 1230 3441 igitur
1256 3374 1362 3429 sub
1397 3375 1560 3432 ﬁnem
1596 3381 1724 3434 anni
1751 3383 1875 3450 449,

292 3457 388 3503 aut
429 3451 618 3505 statim
649 3453 808 3508 initio
845 3461 1145 3526 sequentis.

214 3629 222 3634 ’
288 3629 405 3686 fere
434 3635 621 3704 ignota
651 3645 797 3691 sunt.
837 3640 885 3693 1.
937 3641 1208 3699 Damnum
1251 3629 1556 3710 Antiochiae
1585 3659 1874 3730 praisulem

288 3721 462 3778 fuisse
512 3724 825 3795 depositum
855 3770 870 3794 ,
933 3733 1072 3802 quod
1118 3737 1354 3806 capitula
1417 3759 1521 3796 non
1575 3721 1870 3817 reciperet,

286 3812 702 3904 Tbeodoretum
729 3837 880 3886 vero,
910 3825 1048 3893 quod
1081 3825 1332 3883 hwreseos
1373 3833 1652 3906 princeps;
1682 3812 1870 3896 Craace

282 3915 369 3960 est
393 3900 650 3980 ἔξαρχος
674 3928 793 3981 quae
840 3929 945 3968 vox
975 3900 1381 3988 signiﬁcantiorﬁ
1421 3900 1585 3994 quam
1634 3900 1867 3984 Latina:

282 3997 486 4053 ducem
525 4001 676 4055 enim
705 4013 759 4058 et
785 4007 938 4075 quasi
961 4006 1333 4066 dominantem
1359 4013 1648 4086 signiﬁcat.

349 4091 409 4144 2.
437 4091 766 4148 Dioscorum
812 4099 986 4166 palam
1022 4107 1278 4158 testatum
1316 4121 1458 4174 esse,
1509 4108 1658 4179 quod
1689 4109 1869 4182 Ephe-

280 4182 407 4234 sina
431 4199 465 4236 ιι
497 4185 742 4256 synodus
769 4191 1113 4250 convenisset
1143 4194 1428 4265 duntaxat,
1470 4218 1488 4251 ‹
1525 4207 1586 4254 ut
1599 4201 1871 4273 judicium

2090 564 2143 618 ὅ.
2165 565 2247 620 Ad
2273 567 2420 625 hunc
2451 587 2626 642 usque
2650 553 3172 634 diem'Theodoreto
3204 581 3379 639 invisa
3427 583 3596 643 fuisse

2088 671 2291 728 osaque
2316 663 2576 732 capitula.
2621 685 2639 718 ‹
2671 667 3049 738 Explodantur
3072 688 3220 728 nunc
3254 677 3475 734 tandem
3499 696 3595 735 ca-

2011 1023 2137 1078 dem
2171 1024 2569 1084 Antiochenam
2595 1071 2612 1097 ,
2665 1050 2774 1089 non
2813 1035 2984 1094 fuisse
3027 1043 3340 1100 ordinatum
3391 1047 3446 1102 in
3473 1048 3591 1118 ipsa

2012 1115 2220 1184 synodo
2257 1118 2554 1187 Ephesina,
2589 1123 2686 1179 sed
2731 1136 2854 1194 post
2900 1129 3034 1184 istas
3068 1132 3279 1188 litteras
3333 1115 3586 1207 scriptas.

2017 1223 2034 1256 ι
2073 1206 2202 1262 Post
2237 1209 2640 1269 ordinationem
2684 1231 2814 1272 sane
2871 1221 3120 1288 praesidis
3147 1223 3410 1292 Orientis,
3437 1206 3590 1298 pate-

2009 1295 2102 1350 ﬁet
2129 1314 2358 1368 prorsus
2386 1319 2546 1360 mens
2577 1313 2635 1360 et
2665 1311 2944 1365 sententia
2979 1295 3482 1388 uniuscujusqueas
3509 1319 3589 1375 Ne

2006 1389 2131 1454 quis
2157 1392 2396 1460 praesidis
2421 1395 2648 1453 nomine
2679 1400 2995 1457 saecularem
3032 1414 3358 1474 potestatem
3385 1409 3588 1465 intelli-

2001 1489 2123 1548 gat;
2152 1496 2278 1536 nam
2303 1481 2361 1538 in
2386 1483 2575 1542 Graeco
2595 1497 2700 1554 est,
2723 1493 3055 1560 χειροτονίαν
3079 1495 3172 1550 τοῦ
3187 1494 3280 1567 τῆς
3301 1501 3590 1570 Ἀνατολῆς

2004 1570 2288 1641 προέδρου.
2329 1572 2726 1632 Ordinationem
2759 1579 2926 1647 illius,
2961 1587 3053 1654 qui
3083 1587 3315 1656 primam
3355 1588 3590 1646 Orienti:

2001 1661 2305 1718 cathedram
2335 1665 2574 1722 obtinuit.
2686 1739 2690 1744 ι

2074 1751 2126 1806 5.
2163 1753 2245 1809 Ab
2276 1754 2768 1816 iisTheodoreturn
2807 1762 3124 1820 damnatum
3158 1768 3229 1823 ob
3254 1769 3524 1835 haeresin,»
3551 1787 3588 1826 α

2001 1843 2204 1913 quibus
2232 1846 2364 1900 olim
2395 1848 2624 1906 miriﬁce
2655 1851 3012 1909 laudabatur-
3039 1875 3058 1907 ι
3088 1856 3410 1913 Laudabant
3461 1875 3586 1930 quas

1999 1948 2032 1988 a
2069 1951 2156 1990 me
2199 1935 2506 1994 Antiochia;
2552 1957 2656 2011 pro
2691 1944 2960 2002 concione
3005 1945 3352 2012 dicebantur,
3391 1959 3524 2005 tum
3547 1966 3580 2006 ο

1998 2040 2233 2082 numero
2256 2026 2488 2083 fratrum
2525 2045 2654 2086 cum
2685 2041 2890 2098 essent,
2930 2041 3048 2090 tum
3078 2035 3494 2102 lectores-facti,
3521 2049 3591 2095 et.

1996 2115 2212 2171 diaconi
2242 2118 2506 2185 ordinati,
2527 2130 2586 2176 et
2604 2123 2929 2195 presbyteri,
2945 2134 3002 2181 et
3023 2126 3268 2198 episcOpi
3290 2147 3308 2194 ;
3340 2137 3399 2184 et
3420 2129 3580 2186 ﬁnito

1995 2221 2250 2263 sermone
2279 2212 2735 2280 amplexabantur
2781 2215 3360 2289 deosculabanturque
3405 2230 3460 2276 et
3485 2237 3577 2277 ca-

1994 2306 2129 2367 put,
2187 2308 2243 2356 et
2287 2311 2504 2372 pectus,
2531 2314 2589 2360 et
2626 2321 2854 2375 manus;
2885 2311 3140 2367 nonnulli
3191 2312 3356 2368 etiam
3393 2329 3589 2384 genua.

1991 2391 2310 2461 tangebam,
2333 2394 2644 2453 doctrinam
2681 2408 2928 2456 nostram
2948 2398 2973 2426 "
3001 2403 3355 2472 apostolicam
3381 2406 3576 2474 appel-

1988 2478 2166 2537 lantes
2189 2500 2211 2536 :.
2227 2493 2284 2538 et
2312 2484 2452 2542 hanc
2478 2488 2643 2544 modo
2672 2490 3196 2560 damnarunt,.hanc
3221 2495 3585 2558 anathemate"

1988 2570 2368 2642 conﬁxerunt;
2399 2584 2562 2647 atque
2585 2594 2688 2650 ego
2713 2581 2824 2648 ille,
2851 2599 3016 2652 quem
3038 2585 3226 2644 lumen
3278 2586 3566 2652 vocabant,

1986 2677 2097 2719 nou
2125 2662 2367 2722 Orientis
2405 2669 2598 2736 solius,
2633 2672 2729 2728 sed
2751 2674 3198 2744 orbisuniversi,
3220 2679 3569 2749 proscriptus

1987 2765 2129 2808 sum.
2158 2775 2178 2807 ι

2055 2841 2108 2895 6.
2143 2843 2501 2903 lnterdictum
2552 2850 2727 2909 fuisse
2782 2871 2924 2926 aqua
2959 2866 3018 2914 et
3059 2859 3203 2930 igne.
3235 2879 3253 2912 ς
3292 2861 3370 2917 Ne
3410 2861 3566 2931 panis

1983 2935 2230 3003 quidem,
2257 2948 2524 3009 quantum
2574 2945 2631 2999 in
2681 2947 2816 3016 ipsis
2858 2959 2963 3016 est,
3005 2967 3171 3007 usura
3196 2953 3394 3008 fruor:
3438 2969 3562 3009 nam

1907 3065 1948 3122 ς
1983 3033 2039 3078 et
2071 3027 2138 3080 iis
2169 3029 2262 3098 qui
2297 3045 2398 3086 nos
2421 3033 2797 3104 alloquuntur,
2830 3041 3119 3096 anathema
3151 3042 3430 3100 dixerunt.
3465 3065 3484 3098 ι

2053 3117 2103 3169 7.
2133 3116 2236 3182 Qui
2263 3119 2548 3191 Eutychen
2582 3123 2976 3182 damnaverant
3002 3129 3478 3203 Constantinopoli
3506 3136 3563 3194 in

1979 3207 2215 3262 concilio
2257 3210 2522 3280 Flaviani,
2574 3215 2722 3271 hunc
2770 3217 2919 3288 ipsos
2972 3220 3175 3290 Ephesi
3236 3225 3558 3285 absolvisse.

1987 3315 2006 3346 ι
2035 3295 2208 3363 Quem
2245 3302 2407 3370 paulo
2430 3313 2557 3360 ante
2595 3305 2986 3376 deposuerant,
3014 3319 3072 3366 et
3095 3313 3368 3369 Valentini
3399 3316 3562 3386 Apol-

1977 3385 2282 3458 linarisque
2315 3393 2601 3450 erroribus
2634 3395 2895 3452 infectum
2937 3401 3383 3469 pronuntiarant,
3411 3403 3560 3460 hunc

1980 3482 2240 3547 tanquam
2276 3479 2404 3536 ﬁdei
2439 3483 2706 3540 victorem
2742 3487 3017 3554 colebant,
3055 3491 3284 3562 ejusque
3325 3494 3560 3564 pedibus

1979 3567 2430 3637 advolvebantur,
2490 3583 2546 3632 et
2593 3578 2810 3634 veniam
2847 3583 3186 3650 poscebant,
3227 3596 3283 3640 et
3337 3587 3560 3643 Patrem

1979 3653 2320 3728 spiritualem
2351 3667 2758 3736 nuncupabant,
2791 3689 2808 3721 ›
2845 3681 2952 3726 etc.

2055 3753 2181 3808 llaec
2237 3761 2385 3810 tanta
2436 3765 2656 3828 tamque
2723 3761 3023 3818 vehemens
3076 3765 3420 3837 objurgatio,
3469 3766 3555 3822 vel

1977 3860 2147 3898 unum
2216 3846 2300 3900 vel
2351 3847 2584 3905 maxime
2615 3850 2876 3906 Basiliam
2931 3853 3196 3911 Seleucia:
3239 3857 3554 3928 episcopum

1976 3937 2137 4005 petit,
2186 3937 2420 3993 amicum
2449 3957 2646 4012 nempe
2678 3950 2920 3999 veterem
2959 3960 3024 4001 ac
3061 3945 3410 4014 familiarem,
3458 3949 3554 4018 qui

1977 4026 2197 4096 utrique
2223 4029 2458 4085 concilio
2499 4030 2742 4087 Flaviani
2779 4041 2837 4090 et
2863 4033 3110 4094 Dioscori
3131 4034 3330 4103 adfuit,
3365 4036 3556 4093 ﬁdem-

1977 4132 2084 4188 que
2126 4117 2182 4172 in
2210 4119 2404 4186 Deum,
2451 4130 2508 4177 et
2543 4123 2843 4181 amicitiam
2887 4124 2945 4180 in
2981 4125 3394 4186 Theodoretum
3422 4144 3552 4199 pro-

1978 4205 2137 4273 didit,
2171 4209 2580 4266 chamazleontis
2603 4213 2777 4269 instar
2813 4215 3056 4286 speciem
3080 4228 3451 4276 commutatus.

1199 4537 1204 4542 ~
1303 4493 1469 4566 358
1501 4505 1924 4569 ADMONITIO
1961 4511 2062 4570 AD
2098 4510 2532 4574 LECTOREM.

281 4629 358 4685 Ut
384 4631 546 4687 ﬁdem
578 4650 698 4707 pag.
733 4639 836 4694 155
870 4640 1052 4697 datam
1084 4643 1400 4715 liberemus,
1437 4653 1676 4720 prolian
1709 4657 1830 4714 illas
1863 4661 2153 4733 adjicimus
2194 4662 2628 4731 observationes,
2661 4683 2799 4737 quas
2831 4669 3130 4726 Garnerius
3159 4670 3324 4741 (edit.
3343 4673 3547 4744 prioris

359 4740 418 4794 p.
455 4726 524 4780 53
561 4729 738 4801 seqq.)
768 4731 1003 4804 subjecit
1034 4735 1280 4806 epistolis
1311 4740 1366 4793 in
1395 4742 1652 4800 Auctario
1685 4726 2128 4817 primum-editis.
2158 4755 2265 4811 Has
2300 4754 2524 4826 quidem
2553 4726 2812 4828 epistolas
2835 4763 3085 4832 proximo
3102 4726 3223 4835 post
3244 4726 3386 4832 illas,
3409 4781 3545 4836 quas

359 4815 689 4875 Sirmondus
717 4823 828 4893 jam
856 4824 1102 4897 dederat,
1131 4832 1271 4902 loco,
1302 4833 1426 4888 vide
1454 4843 1494 4889 t.
1527 4835 1618 4905 IV,
1652 4815 1786 4896 edit.
1819 4854 2022 4902 nostrae
2055 4864 2110 4918 p.
2145 4848 2282 4904 1279
2309 4815 2465 4920 seqq.

276 4930 298 4950 ‘
331 4929 581 5001 Epistola
622 4933 1243 5035 MSuCommopitorium
1276 4945 1461 5028 gyrilli
1497 4950 1682 5008 datum
1721 4955 1870 5012 Posi-
1903 4961 1945 5016 D
1976 4975 2083 5029 que
2105 4960 2251 5015 diem
2277 4961 2488 5016 editum
2513 4978 2620 5016 non
2649 4964 2760 5018 fuit.
2780 4967 2825 4997 “
2850 4973 2987 5030 rut,
3021 4967 3282 5035 quoniam
3326 4967 3549 5023 initium-

747 5007 924 5075 dom'o,
959 5011 1182 5068 Romam
1216 5007 1393 5070 misso.

359 5112 401 5166 l.
433 5113 705 5180 Quoniam
745 5122 992 5192 epistola:
1016 5124 1345 5184 Theodoreti
1362 5170 1377 5192 .
1407 5146 1548 5200 quas
1569 5134 1823 5191 addimus
1845 5179 1859 5202 ,

279 5204 567 5270 pertinent
605 5222 796 5265 omnes
818 5211 885 5265 ad
905 5228 992 5268 res
1019 5214 1474 5281 Nestorii,visum
1514 5231 1598 5279 est
1625 5226 1863 5293 praemit-

282 5294 517 5349 tendum
545 5295 736 5369 Cyrilli
767 5301 1285 5373 Commonitorium,
1318 5311 1464 5380 quod
1508 5312 1562 5367 in
1589 5313 1736 5370 hunc
1771 5332 1862 5370 us-

1966 5050 2122 5105 dedit
2133 5051 2344 5122 judicio
2373 5053 2472 5107 toti
2501 5053 2769 5109 adversus
2787 5055 3099 5111 Nestoriu
3126 5057 3336 5125 habito,
3365 5059 3544 5116 lucem

1967 5141 2162 5196 afferat
2183 5143 2562 5212 sequentibus,
2588 5144 2798 5214 quibus
2816 5146 3020 5216 negotii
3056 5148 3551 5218 quasiprocessus,

1969 5239 2065 5284 aut
2094 5239 2244 5285 certe
2268 5232 2443 5287 series
2459 5232 2796 5287 continetur.
3122 5275 3124 5278 .

2043 5321 2112 5374 ll.
2162 5321 2402 5396 Cyrinus
2456 5323 2650 5377 amicis
2713 5322 2940 5382 duabus.
2981 5325 3184 5382 litteris
3230 5327 3549 5386 Nestorium

1673 5476 1986 5533 SCIIL'LZII
2009 5479 2236 5535 ΝΟΤᾸΞ.

358 5595 569 5668 ἥδ
613 5615 798 5666 supra,
834 5615 884 5668 p.
939 5601 1059 5654 20L

276 5673 314 5718 t.
367 5664 626 5722 lCollert.
664 5664 806 5722 nocte
834 5664 1196 5728 conciliorum.

1162 5606 1203 5636 ’⁵
1231 5607 1350 5660 Υἰιι.
1399 5626 1580 5678 supra,
1622 5619 1656 5662 t.
1690 5609 1776 5676 ιν,
1809 5628 1861 5681 p.
1907 5611 2058 5670 1275.
2137 5615 2180 5646 "‘
2214 5614 2291 5668 Ex
2347 5614 2618 5669 Sirntondi
2663 5617 2887 5673 schedia
2920 5617 3130 5672 editum
3153 5625 3239 5672 est
3267 5631 3294 5669 a
3332 5617 3559 5674 Balaam

3057 411 3170 451 non
3214 398 3349 454 item
3393 401 3461 457 de
3494 407 3602 460 cri-
3707 422 3711 426 ‘
