4048 6174
448 336 551 400 307

1578 331 1953 392 GARNERII
1997 331 2494 390 DISSERTATIO
2534 334 2613 392 II.

3607 333 3710 394 303

450 450 704 503 hortatus
729 447 911 502 fuerat
943 455 1004 500 ut
1033 457 1282 502 errorem
1318 443 1658 514 corrigeret,
1689 453 1749 498 et
1787 444 2032 498 concita-
2059 449 2103 504 A
2204 444 2340 498 VIII.
2373 444 2667 500 lecstius
2690 444 2778 498 ille
2805 444 3042 498 Nestorii
3063 443 3408 508 administer,
3432 460 3543 498 non
3572 445 3710 500 alter

453 552 534 596 tas
571 541 686 596 suis
715 537 1075 594 concionibus
1127 535 1317 590 turbas
1357 535 1614 590 sedaret:
1649 536 1899 606 utrisque
1939 551 2028 590 re-

397 659 400 662 ~
449 633 747 703 spondcrat
775 632 867 684 ille
898 628 1146 699 quidem,
1177 627 1273 682 sed
1298 628 1493 697 primis
1516 628 1898 698 contemptim,
1939 642 2029 682 se-

449 725 642 779 cundis
689 721 1109 778 contumaciter.
1154 721 1391 792 Cyrillus
1445 719 1642 775 videns
1703 735 1927 790 operam
1972 736 2030 774 se

450 815 702 883 perdere,
733 812 1070 867 monendum
1099 811 1337 865 credidit
1375 826 1654 865 summum
1687 809 2026 880 pontificem,

449 914 509 958 ut
533 905 830 974 apostolica
869 904 1197 958 auctoritate
1224 911 1506 957 coerceret
1534 917 1692 956 nova:
1722 902 1908 955 Romae
1933 916 2030 954 an-

451 995 712 1060 tistitem;
743 1011 915 1065 quare
943 994 1095 1049 misit
1113 995 1341 1048 Romam
1373 993 1442 1047 ad
1471 1001 1727 1049 sanctum
1771 993 2026 1049 leesti-

448 1105 580 1143 num
619 1089 1000 1155 Posidonium,
1036 1088 1130 1159 qui
1165 1087 1470 1143 remedium
1514 1088 1702 1144 aﬂ‘erri
1733 1088 1876 1142 malo
1902 1102 2029 1157 pro-

447 1189 688 1236 curaret.
716 1181 848 1235 Erat
868 1181 962 1236 ille
987 1179 1370 1235 Alexandrina:
1396 1180 1658 1235 Ecclesia;
1687 1179 2029 1234 archidiaco-

446 1287 572 1335 nus,
601 1271 686 1326 vir
718 1272 967 1343 apprime
1013 1272 1349 1337 catholicus,
1384 1281 1440 1328 et
1487 1272 1542 1326 in
1575 1271 1746 1327 rebus
1771 1273 2026 1342 gerendis

447 1362 753 1419 industrius
772 1380 837 1419 ac
877 1373 1158 1420 strenuus.
1190 1364 1289 1418 Hic
1315 1370 1502 1432 postea
1531 1363 1822 1434 presbyter
1849 1362 2027 1418 factus

446 1456 649 1512 missus
689 1466 776 1513 est
817 1473 1006 1513 rursus
1036 1453 1264 1512 Romam
1293 1471 1324 1510 a
1356 1456 1619 1512 Dioscoro
1650 1471 1844 1511 recens
1879 1456 2030 1511 ordi-

445 1555 597 1612 nato,
626 1556 689 1602 ut
709 1547 778 1602 de
801 1547 1149 1603 ordinatione
1183 1557 1432 1602 sanctum
1465 1547 1707 1602 Leonem
1730 1548 2025 1604 certiorem

444 1638 721 1694 faceret"
749 1657 766 1693 :
800 1640 1002 1695 missus
1027 1649 1132 1704 est,
1159 1640 1406 1708 inquam,
1436 1651 1582 1694 anno
1599 1639 1722 1695 tu.
1815 1651 1818 1654 ‘

516 1728 608 1782 III.
645 1730 883 1784 Abeunti
925 1730 1159 1801 Cyrillus
1188 1728 1682 1785 Commonitorium
1710 1730 1884 1795 dedit,
1911 1745 2024 1800 quo

2133 534 2238 588 fuit
2274 534 2692 604 proculdubio,
2735 551 2898 604 quam
2945 533 3147 604 Pelagii
3202 533 3407 599 socius,
3453 534 3561 588 dux
3617 545 3710 590 aut

2131 626 2385 680 incentor
2416 625 2806 696 episcoporum
2837 624 3223 696 Pelagianismi
3253 639 3418 679 causa
3453 641 3517 680 ex
3556 626 3708 681 Italia

2131 719 2422 772 exsulum:
2449 718 2693 771 nondum
2729 717 2865 771 urbe
2911 716 3057 786 regia
3095 725 3225 770 tunc
3288 717 3556 786 temporis
3597 719 3710 789 eje-

2130 821 2253 864 ctus
2281 819 2400 864 erat
2429 825 2553 864 cum
2583 809 2824 873 Juliano,
2856 808 3127 871 Persidio,
3170 805 3354 872 Floro,
3399 807 3627 862 Orentio
3656 821 3712 866 et

2134 903 2474 957 Marcellino.
2521 901 2626 956 Sed
2677 901 2848 972 gratia
2897 901 3137 971 pollebat
3170 901 3315 972 apud
3368 901 3707 968 Nestorium,

2129 995 2334 1064 quippe
2359 994 2454 1063 qui
2507 995 2739 1048 sentiret
2789 993 2934 1047 idem
2985 1009 3109 1047 cum
3141 994 3278 1063 ipso,
3315 997 3567 1064 quamvis
3598 1013 3708 1051 non

2130 1085 2378 1140 eamdem
2437 1085 2509 1140 ob
2560 1101 2802 1149 causam,
2833 1084 2901 1139 de
2952 1082 3158 1140 Christi
3205 1093 3420 1139 matre:
3475 1096 3710 1157 uterque

2128 1178 2274 1233 cnim
2324 1177 2614 1247 Deiparam
2642 1193 2772 1232 vere
2795 1191 2918 1232 esse
2949 1175 3319 1244 dimtebatur;
3366 1177 3462 1232 sed
3511 1179 3712 1233 Nesto-

2128 1270 2266 1334 rius,
2313 1269 2441 1338 quia
2495 1268 2778 1324 Christum
2829 1283 2942 1322 non
3001 1268 3264 1324 credebat
3321 1285 3450 1325 vere
3500 1270 3709 1336 Deum;

2126 1361 2438 1424 Caelestius,
2475 1360 2760 1430 quoniam,
2805 1361 2909 1416 etsi
2948 1360 3230 1416 Christum
3264 1361 3530 1417 fateretur
3581 1378 3712 1418 vere

2126 1454 2319 1520 Deum,
2361 1469 2427 1509 ex
2471 1455 2685 1509 meritis
2715 1461 2919 1519 tamen,
2960 1469 3088 1509 cum
3119 1453 3470 1520 adolevisset,
3502 1471 3613 1510 non
3641 1471 3711 1511 ex

2125 1557 2274 1611 ortu,
2327 1561 2452 1600 cum
2487 1546 2728 1616 primum
2781 1544 3052 1600 formatus
3082 1553 3187 1610 est,
3227 1544 3574 1600 divinitatem
3621 1561 3713 1601 ac-

2125 1639 2335 1710 cepisse
2364 1637 2754 1694 contendebat.
2784 1636 3262 1708 Constantinopoli
3306 1654 3475 1710 porro
3525 1640 3708 1710 impu-

2127 1747 2222 1786 rus
2241 1731 2532 1785 eunuchus
2567 1729 2622 1783 id
2646 1729 2864 1800 agebat,
2896 1728 3042 1799 quod
3069 1728 3276 1799 ubique
3313 1730 3544 1800 solitus;
3569 1747 3710 1802 quos

443 1817 684 1875 Nestorii
724 1821 879 1886 fides,
913 1821 1159 1875 breviter
1181 1821 1427 1890 quidem,
1461 1821 1557 1876 sed
1600 1821 1746 1877 clare
1793 1823 2022 1893 exponi-
2055 1801 2094 1861 Β
2125 1837 2323 1892 nempe
2385 1820 2671 1891 originalis
2723 1820 2932 1899 peccati
2989 1820 3316 1876 defensores
3361 1822 3566 1887 sciret,
3592 1801 3710 1878 eos

446 1919 539 1966 tur
572 1929 585 1964 :
617 1912 770 1966 dedit
811 1922 868 1968 et
900 1923 1080 1969 tomos
1112 1915 1357 1984 quinque
1394 1914 1660 1969 adversus
1703 1914 2022 1970 Nestorium

443 2015 475 2056 a
499 2016 558 2057 se
597 2004 950 2076 compositos,
992 2005 1086 2059 ubi
1137 2005 1491 2075 blasphemia:
1521 2007 1849 2061 concionum
1877 2005 2024 2062 Con-

443 2093 798 2164 stantinopoli
820 2095 1152 2157 habitarunt,
1179 2105 1236 2149 et
1270 2095 1499 2148 Romam
1521 2095 1590 2148 ab
1613 2095 1886 2151 Antiocho
1906 2095 2026 2150 viro

443 2182 644 2238 illustri
673 2184 1001 2249 delatarum,
1028 2185 1346 2240 referuntur
1371 2194 1428 2240 et
1450 2185 1828 2244 confutantur.

510 2273 600 2330 IV.
643 2275 840 2330 Datum
893 2286 978 2331 est
1013 2274 1512 2331 Commonitorium
1556 2289 1748 2332 mense
1805 2277 2020 2347 Aprili,

441 2380 588 2421 anno
623 2366 748 2432 ‘30,
791 2369 948 2440 cujus
987 2369 1117 2422 anni
1148 2368 1183 2422 5
1210 2367 1337 2423 Idus
1369 2369 1598 2439 Augusti
1629 2369 2026 2440 consignantur

441 2456 664 2524 littera,
712 2458 917 2530 quibus
965 2457 1295 2515 Calestinus
1335 2458 1563 2531 Cyrillo,
1607 2468 1735 2531 post
1768 2471 2021 2517 coactum

441 2549 632 2608 Roma
659 2551 956 2607 concilium
988 2558 1046 2608 ct
1092 2565 1316 2608 causam
1343 2551 1582 2608 Nestorii
1615 2554 1721 2608 rite
1748 2554 2020 2626 cognitam

437 2647 606 2715 atque
631 2642 958 2715 iudicatam,
986 2643 1306 2716 respondet.

507 2735 576 2794 ν.
601 2735 744 2805 Quin
781 2737 1050 2809 scriptum
1105 2736 1253 2792 istud
1300 2752 1494 2792 verum
1542 2737 1633 2801 sit,
1696 2745 1754 2793 et
1793 2737 2022 2793 minime

439 2839 779 2901 suspectum,
803 2830 989 2884 nullus
1013 2829 1273 2899 equidem
1297 2829 1492 2886 dubito
1519 2848 1531 2883 :
1561 2831 1824 2886 convenit
1847 2831 2018 2896 enim,

440 2921 618 2991 primo
662 2936 787 2976 cum
822 2919 1051 2975 historia
1098 2929 1407 2989 temporum
1457 2919 1776 2990 negotiique
1820 2921 2016 2976 Nesto-

439 3014 580 3068 riani
622 3015 897 3085 adiunctis
921 3031 934 3067 :
957 3013 1159 3067 deinde
1192 3027 1317 3066 cum
1353 3011 1539 3083 Cyrilli
1574 3013 1842 3079 moribus,
1870 3014 2020 3069 soliti

438 3105 556 3159 suis
589 3103 1028 3158 commonitoriis
1061 3102 1291 3168 docere;
1329 3102 1409 3157 sic
1461 3103 1850 3170 apocrisiarios
1877 3103 2019 3159 Con-
2049 3140 2092 3202 Β

438 3197 792 3266 stantinopoli
819 3196 1171 3259 dissidentes,
1204 3195 1286 3251 sic
1316 3196 1605 3267 Eulogium
1638 3198 1840 3253 ibidem
1870 3215 2019 3253 com-

438 3298 743 3344 morantem
774 3289 1002 3343 docuit:
1038 3297 1226 3358 postea
1262 3305 1386 3343 cum
1440 3289 1693 3344 doctrina
1733 3290 1896 3360 359
1919 3290 2020 3362 Cy-

439 3379 568 3444 ιίΙΙί,
599 3379 824 3443 'eadem,
883 3394 1006 3448 qua:
1050 3379 1142 3433 hic
1169 3388 1451 3444 notantur,
1489 3381 1668 3450 capita
1703 3381 2017 3435 Nestoriaui

437 3469 645 3524 erroris
687 3470 743 3523 in
785 3471 948 3524 tomis
975 3471 1254 3539 arguentis
1313 3488 1324 3522 :
1355 3470 1596 3540 denique
1625 3487 1750 3524 cum
1787 3473 2018 3541 epistola

439 3562 678 3617 secunda
704 3560 939 3614 Nestorii
963 3560 1031 3614 ad
1054 3559 1342 3630 Cyrillum,
1373 3561 1470 3614 ubi
1506 3577 1689 3615 sermo
1724 3561 1782 3617 fit
1803 3563 1872 3618 de
1904 3564 2017 3618 cle-

442 3654 573 3708 ricis
595 3651 989 3705 Manichzeismi
1018 3651 1073 3704 in
1103 3662 1379 3705 conventu
1409 3652 1704 3707 damnatis.

507 3742 596 3797 VI.
625 3741 704 3795 Ex
725 3753 790 3794 eo
833 3741 1066 3809 plurima
1122 3740 1505 3812 intelliguntur
1550 3745 1705 3798 utilia
1737 3743 1805 3799 ad
1838 3745 2017 3802 histo-

439 3832 612 3889 riam:
640 3833 701 3888 ill
729 3833 876 3888 enim
906 3833 1113 3888 mentio
1135 3833 1370 3904 Philippi
1404 3837 1734 3907 presbyteri,
1767 3838 1861 3908 qui
1912 3839 2018 3893 Ne-

438 3925 670 3982 storium
693 3925 891 3997 arguit,
917 3925 1160 3981 leestii
1188 3942 1218 3980 a
1278 3925 1539 3982 Nestorio
1602 3929 1910 3995 subornati,
1947 3931 2013 3985 ad

438 4016 834 4087 imponendum
879 4017 1137 4089 Philippo
1179 4019 1412 4085 crimen,
1467 4019 1640 4076 habiti
1699 4038 1729 4077 a
1759 4022 2016 4078 Nestorio

438 4127 748 4176 consessus,
786 4121 840 4166 et
870 4113 1159 4173 sententia;
1186 4113 1240 4166 in
1279 4113 1594 4184 Philippum
1637 4115 1819 4180 dictze,
1845 4127 2014 4172 acto-

437 4215 675 4266 morum,
705 4200 774 4255 de
807 4201 1010 4271 quibus
1031 4201 1305 4272 sigillatim
1342 4202 1549 4271 aliquid
1566 4218 1747 4273 operte
1776 4205 2014 4274 pretium

436 4301 524 4349 est
552 4293 868 4349 observare.

506 4385 618 4440 VII.
681 4385 971 4454 Philippus
1016 4386 1107 4440 ille
1159 4386 1448 4460 presbyter
1487 4388 1666 4459 magni
1723 4388 1830 4444 fuit
1877 4391 2009 4446 olim

2129 1913 2429 1984 impietatis
2460 1912 2771 1967 Manichaztc
2803 1913 3115 1967 accusabat.

2195 2003 2286 2058 IX.
2307 2002 2614 2058 Conscssus
2634 2002 2749 2056 sive
2771 2001 3090 2073 synedrion,
3123 2018 3233 2073 quo
3263 2001 3332 2058 de
3364 2003 3565 2074 agitur,
3615 2003 3707 2058 illa

2128 2095 2242 2164 ipsa
2268 2101 2352 2148 est
2381 2092 2646 2164 synodus,
2687 2105 2854 2162 quam
2893 2092 3182 2148 Nestorius
3226 2103 3470 2148 sanctam
3524 2105 3704 2158 vocat,

2127 2185 2181 2241 in
2205 2185 2466 2241 secundis
2495 2185 2700 2239 litteris
2732 2183 2800 2238 ad
2839 2182 3126 2256 Cyrillum.
3151 2185 3290 2240 Vide
3307 2185 3576 2255 prolixam
3613 2202 3708 2242 su-

2125 2294 2224 2348 per
2247 2293 2313 2332 ea
2336 2293 2395 2332 re
2423 2276 2838 2331 annotationem
2873 2284 3117 2330 nostram
3164 2276 3232 2331 ad
3264 2277 3478 2333 litteras
3514 2277 3709 2334 Nesto-

2127 2367 2280 2433 torii,
2310 2376 2468 2439 parte
2522 2383 2558 2422 ιι
2621 2365 2862 2438 Operam
2899 2367 3056 2424 Marii
3095 2367 3444 2436 Mercatoris,
3479 2384 3602 2441 pag.
3636 2370 3706 2426 62

2123 2466 2181 2514 et
2217 2474 2372 2529 seqq.

2194 2550 2260 2607 Χ.
2298 2551 2375 2607 De
2430 2551 2704 2607 sententia
2753 2565 2923 2623 porro
2975 2550 3032 2606 in
3079 2551 3417 2625 Philippum,
3460 2553 3707 2625 aliosque

2121 2641 2326 2714 Cyrillo
2373 2640 2627 2697 addictos
2675 2641 2932 2707 clericos,
2966 2641 3323 2714 intelligenda
3375 2652 3507 2699 sunt
3535 2645 3705 2702 verba

2125 2735 2229 2790 ista
2256 2733 2524 2799 Nestorii,
2555 2734 2611 2789 in
2660 2734 2869 2790 litteris
2913 2750 3050 2805 quas
3073 2734 3220 2789 dixi:
3247 2736 3488 2790 Γίνωσκε
3528 2735 3583 2790 δὲ
3610 2755 3708 2791 πε-

2122 2826 2468 2898 πλανημένον
2511 2825 2706 2879 σαυτὸν
2737 2825 2842 2880 ὑπὸ
2875 2825 2982 2881 τῶν
3033 2827 3133 2898 τῆς
3195 2827 3296 2900 σῆς
3351 2828 3482 2893 ἴσως
3538 2828 3707 2884 διαοέο

2123 2936 2260 2983 σεως
2285 2918 2584 2991 κληρικῶν,
2609 2918 2712 2972 ὑπὸ
2745 2918 2851 2971 τῶν
2869 2919 3099 2974 ἐνταῦθα
3123 2922 3230 2975 ἀπὸ
3263 2924 3360 2991 τῆς
3388 2921 3547 2990 ἁγίας
3575 2941 3702 2976 συν-

2119 3012 2237 3066 όδου
2272 3012 2709 3084 διατηρημένων,
2744 3012 2819 3076 ὼς
2840 3011 2909 3066 τὰ
2936 3013 3252 3084 Μαειιχαὶων
3277 3014 3636 3086 φρονούντων.

2195 3105 2286 3159 XI.
2334 3105 2393 3159 In
2434 3105 2626 3160 eadem
2665 3104 2874 3176 synodo
2921 3107 3165 3161 sancitus
3219 3117 3305 3161 est
3353 3123 3527 3162 canon
3587 3109 3699 3175 ille,

2125 3212 2234 3266 quo
2264 3196 2552 3251 dicebatur
2583 3197 2873 3252 anathema
2896 3197 2969 3262 ei,
3003 3198 3097 3268 qui
3130 3197 3423 3253 aﬂirmaret
3453 3202 3696 3255 animum

2120 3289 2249 3342 Λάαν
2282 3289 2336 3341 in
2357 3297 2569 3359 peccato
2603 3304 2712 3341 esse
2751 3299 3041 3355 mortuam,
3086 3307 3204 3344 cum
3227 3289 3466 3344 diabolus
3508 3293 3561 3346 in
3600 3309 3694 3347 cor

2121 3381 2352 3435 hominis
2379 3397 2481 3434 non
2515 3381 2872 3450 ingrediatur.
2931 3380 3094 3452 360
3123 3381 3258 3437 Vide
3289 3381 3490 3437 ibidem
3533 3393 3703 3440 totam

2121 3470 2286 3541 hujus
2345 3471 2573 3525 canonis
2603 3470 2916 3535 historiam,
2971 3473 3087 3527 suis
3118 3488 3147 3527 e
3193 3473 3436 3528 tenebris
3481 3483 3698 3530 erutam

2119 3561 2384 3616 adversus
2405 3561 2724 3630 popularem
2763 3576 3032 3616 errorem.

2187 3653 2301 3707 XII.
2331 3652 2488 3707 Tomi
2518 3652 2757 3722 denique
2787 3653 3000 3723 ἔχοντες
3024 3651 3091 3707 τὰ
3117 3655 3385 3724 κεφάλαια
3409 3654 3516 3708 τῶν
3540 3641 3702 3728 βλάσο

2117 3745 2337 3816 φημιῶν
2394 3745 2714 3816 Νεστορεου.
2777 3757 2906 3802 sunt
2960 3747 3014 3802 id
3075 3748 3276 3818 ipsum,
3343 3751 3491 3822 quod
3547 3751 3687 3804 κατὰ

2117 3836 2227 3891 τῶν
2295 3836 2593 3909 Νεστορῑου
2661 3837 2985 3908 δυσφημιῶν
3072 3840 3427 3906 πεντάϐιὸλος
3505 3843 3698 3915 ἀντίρο

2119 3929 2297 3998 ῥησις.
2335 3925 2534 3981 Totum
2566 3927 2714 3982 enim
2761 3927 2867 3982 hoc
2893 3944 3032 3999 opus
3063 3946 3092 3984 a
3113 3929 3315 4003 Cyrillo
3359 3931 3595 3987 divisum
3611 3943 3703 3989 est

2117 4017 2172 4071 in
2207 4019 2450 4088 quinque
2495 4018 2688 4084 libros,
2718 4034 2858 4090 quos
2894 4019 3126 4090 ipsemet
3147 4022 3430 4092 inscripsit
3455 4023 3692 4095 Τόμους,

2117 4110 2203 4164 Fit
2255 4110 2501 4181 ejusdem
2557 4110 2741 4180 operis
2781 4111 2989 4166 mentio
3040 4112 3094 4166 in
3149 4115 3574 4171 commonitorio
3625 4117 3695 4171 ad

2119 4201 2446 4272 Eulogium:
2483 4202 2717 4256 alterum
2768 4201 2913 4257 enim
2971 4203 3074 4258 fuit
3117 4221 3369 4276 Operum,
3423 4224 3546 4278 qum
3590 4209 3698 4265 sibi

2117 4292 2451 4363 Praapositus
2475 4293 2562 4348 vir
2595 4295 3176 4366 magnificentissimus
3215 4299 3332 4354 dari
3381 4302 3698 4371 postulave-

2115 4394 2200 4439 rat
2227 4403 2239 4438 :
2287 4385 2344 4438 ἓν
2368 4385 2466 4456 μὲν
2493 4385 2634 4439 κατὰ
2656 4387 2764 4439 τῶν
2780 4388 3075 4460 Νεστορίου
3111 4390 3458 4462 δυσφημιῶν.
3486 4394 3572 4448 Fit
3598 4410 3698 4464 pa-

436 4477 676 4530 nominis
718 4476 772 4530 in
810 4477 1053 4531 Ecclesia
1093 4476 1723 4547 Constantinopolitana.
1771 4479 2014 4553 Chryso-
2051 4490 2094 4545 ι)
2121 4479 2256 4533 riter
2281 4477 2336 4532 in
2369 4478 2603 4548 epistola
2638 4479 2707 4534 ad
2729 4480 2994 4538 Acacium
3040 4485 3380 4552 Melitenum',
3411 4490 3506 4544 ubi
3533 4490 3700 4546 refert

434 4567 598 4621 stomi
619 4566 841 4620 hortatu
868 4567 1089 4636 scripsit
1118 4567 1411 4623 Historiam
1445 4567 1832 4636 Christianam,
1881 4587 2009 4628 cum

432 4655 614 4709 adhuc
641 4664 789 4710 esset
815 4654 1117 4721 diaconus;
1154 4657 1448 4728 presbyter
1473 4657 1650 4714 factus
1680 4670 1764 4715 est
1793 4662 1862 4716 ab
1909 4663 2006 4716 At-

433 4747 564 4809 tico,
603 4759 714 4815 quo
755 4761 786 4800 e
842 4746 984 4800 vivis
1039 4757 1316 4816 exempto,
1369 4749 1435 4803 de
1485 4751 1617 4807 sede
1652 4754 2007 4821 patriarchali

430 4835 736 4900 contendit,
771 4835 868 4890 sed
896 4835 1120 4903 frustra,
1140 4851 1264 4890 eum
1290 4837 1566 4894 Sisinnio:
1594 4859 1704 4912 quo
1725 4844 2005 4912 defuncto,

433 4943 628 4982 rursus
655 4927 808 4982 venit
858 4928 914 4982 in
957 4929 1370 4984 contentionem
1431 4947 1557 4986 cum
1611 4935 1828 5001 Proclo,
1886 4955 2008 5008 qua:

431 5034 596 5076 causa
618 5018 744 5083 fuit,
769 5033 860 5085 ne,
897 5019 1072 5074 scisso
1114 5019 1170 5073 in
1203 5031 1386 5091 partes
1425 5023 1598 5087 clero,
1661 5025 2010 5085 Theodosius

431 5118 688 5164 evocaret
720 5111 1012 5166 Antiochia
1042 5111 1392 5166 Nestorium:
1425 5115 1603 5183 arguit
1634 5125 1689 5169 et
1717 5117 1835 5187 ipse
1866 5118 2010 5174 inter

432 5198 640 5268 primos
659 5200 1074 5268 Nestorium,et
1110 5202 1181 5258 ab
1212 5202 1354 5273 ipso,
1392 5213 1515 5273 post
1544 5205 1866 5274 patefactam
1899 5211 2009 5262 Iae-

434 5290 604 5357 rcsin,
635 5289 1031 5349 discessionem
1072 5293 1233 5362 fecit;
1293 5295 1440 5350 unde
1496 5300 1854 5353 exacerbatus
1898 5299 2007 5354 Ne-

432 5383 640 5439 storius
675 5384 1004 5441 calumniam
1031 5387 1135 5457 ipsi
1158 5403 1188 5443 a
1221 5387 1482 5444 leestio
1539 5391 1700 5452 strui.
1741 5391 2004 5464 litemque

439 5473 493 5528 in
518 5489 615 5529 sua
645 5474 855 5546 synodo
909 5476 1118 5531 intendi
1149 5480 1488 5548 procuravit,
1531 5479 1642 5537 imo
1676 5489 1732 5538 et
1779 5482 2008 5541 insania:

434 5562 742 5621 Manichaaa:
765 5574 1080 5623 accusatum
1103 5569 1338 5640 maligne
1368 5570 1665 5629 danmavit.

2118 4570 2358 4642 Cyrilius
2404 4571 2752 4627 conditiones
2807 4575 2982 4644 pacis,
3031 4576 3100 4631 ab
3151 4575 3524 4635 Orientalibus
3566 4597 3698 4650 pro-

2119 4662 2344 4732 positas.
2377 4661 2606 4714 Ἤθελον
2652 4662 2758 4735 γὰρ
2811 4665 3054 4736 ἀργῆσαι
3118 4669 3217 4740 μὲν
3279 4669 3576 4741 σύμπαντα
3628 4674 3697 4726 τὰ

2120 4753 2252 4826 παρ’
2282 4753 2416 4824 ἐμοῦ
2451 4754 2732 4823 γραῖεέντα
2763 4755 2819 4810 ἕν
2856 4774 2913 4810 τε
2962 4757 3291 4824 ἐπιστολαῖς,
3343 4762 3434 4814 καὶ
3485 4763 3694 4832 τὸμοις,

2119 4848 2210 4901 καὶ
2245 4845 2489 4918 βιϐλίοις.
2519 4846 2594 4900 De
2620 4835 2867 4916 epistolis
2896 4849 3072 4904 tribus
3098 4859 3193 4904 aut
3213 4860 3448 4920 quatuor
3469 4853 3696 4924 dogn‘ia-

2119 4937 2245 4992 ticis
2266 4937 2530 5007 loquitur,
2560 4937 2627 4992 de
2655 4937 2822 4993 tomis
2847 4939 3094 5010 quinque
3137 4941 3403 4998 adversus
3446 4944 3700 5013 blasphe-

2118 5029 2274 5093 mias,
2301 5037 2356 5085 et
2385 5029 2453 5084 de
2493 5029 2739 5084 scholiis.
2769 5030 2898 5086 Hree
2937 5031 3085 5086 enim
3127 5035 3314 5088 omnia
3365 5043 3556 5089 contra
3585 5035 3694 5090 Ne-

2115 5121 2348 5176 storium
2376 5121 2589 5176 directo
2626 5122 2774 5176 edita
2812 5132 2962 5176 sunt.

2186 5211 2327 5265 XIII.
2351 5210 2469 5266 Non
2497 5211 2690 5284 ignoro
2735 5221 3007 5270 tomorum
3037 5231 3236 5270 nomen
3270 5232 3391 5272 esse
3417 5219 3690 5289 generale,

2115 5313 2182 5379 et,
2207 5304 2504 5376 aliquando
2521 5305 2650 5375 poni
2678 5321 2781 5376 pro
2801 5305 3087 5362 codicibus
3111 5324 3122 5360 :
3171 5308 3252 5363 sic
3276 5309 3582 5365 adhibitum
3609 5321 3694 5364 est

2114 5395 2183 5451 ab
2216 5396 2437 5453 Andrea
2457 5395 2835 5462 Samosateno,
2872 5397 2927 5452 in
2949 5397 3259 5469 objectione
3287 5401 3354 5456 ad
3386 5401 3613 5456 tertium
3634 5409 3694 5456 et

2113 5497 2370 5557 quartum
2429 5487 2972 5553 anathematismum,
3013 5489 3080 5544 ad
3105 5489 3516 5560 significandam
3567 5488 3692 5560 epi-

2113 5579 2309 5634 stolam
2361 5578 2548 5649 Cyrilli
2586 5579 2652 5634 ad
2697 5579 3000 5636 monachos
3041 5578 3279 5652 Egypti,
3313 5591 3369 5638 et
3403 5581 3686 5637 homiliam

1772 5705 2082 5763 SCHUIJJI
2124 5707 2353 5763 Νοτιε.

502 5774 542 5805 υτ
571 5767 688 5821 't'id.
724 5767 890 5824 Leon.
923 5771 1080 5840 epist.
1122 5771 1206 5826 i8.
