4024 6152
297 301 372 365 3C
381 301 413 364 9
957 368 968 376 ,
1319 371 1321 373 .
1512 317 1610 376 DE
1648 318 1902 378 LIBRIS
1941 317 2443 383 Tl—IEODORETI.
3465 328 3585 394 31'0"

304 422 630 479 Paschalem
666 422 750 476 l8.
783 421 891 478 Sed
925 422 1164 494 Cyrillus
1201 425 1256 479 in
1302 427 1662 495 responsione
1711 429 1881 483 absti-
1918 436 1955 484 Λ
1986 429 2079 498 jus
2109 431 2357 494 nomine,
2389 446 2626 500 quorum
2654 432 2905 488 consilio.
2958 434 3196 490 Dubium
3243 437 3389 494 istud
3443 456 3569 497 sex-

305 515 487 570 uuita
525 516 750 570 nomine
791 525 1090 583 tomorum,
1135 519 1508 591 epistolasque
1564 522 1723 584 dixit,
1757 538 1894 591 quas
2001 529 2136 585 tum,
2171 538 2240 577 an
2268 538 2297 576 a
2328 524 2679 581 Theodoreto
2719 527 3024 594 composita
3058 527 3129 582 sit
3189 529 3415 587 Joannis
3463 549 3568 588 no-

301 607 562 661 Andreas
600 608 616 624 ‘
664 614 841 661 tomos
868 608 1214 677 appellasset.
1251 611 1458 667 Deinde
1501 621 1734 683 utroque
1772 613 1892 667 loco

302 697 756 769 citatoCyrillus,
786 700 1068 753 mentione
1108 701 1253 755 facta
1307 708 1602 766 tomorum,
1665 719 1760 758 eos
1807 704 1891 757 vel

302 790 381 844 ab
407 790 654 860 epistolis
680 789 950 855 distinxit,
976 792 1061 846 vel
1088 792 1282 846 eodem
1337 793 1560 849 nomine
1589 793 1886 864 inscripsit,

300 897 418 951 quo
453 881 917 937 contradictiones
939 881 1080 936 κατὰ
1100 883 1206 938 τῶν
1234 885 1528 956 Νεστορίου
1549 886 1888 957 δυσφημιῶν.

381 973 524 1028 XIV.
564 973 642 1028 Ex
660 974 749 1028 bis
771 975 1128 1030 innotescunt
1152 993 1262 1032 non
1290 994 1483 1048 pauca,
1511 995 1632 1048 qua:
1665 977 1892 1033 fuerunt

299 1066 580 1120 hactenus
619 1067 702 1120 vel
734 1065 916 1136 ignota
940 1067 1024 1120 vel
1057 1067 1312 1122 obscura.
1340 1071 1390 1124 1.
1421 1069 1731 1124 Αάὴίιεείδεθ
1757 1068 1888 1123 Phi-

300 1160 518 1229 lippum
546 1157 752 1229 Cyrillo
781 1175 906 1213 cum
951 1159 1171 1215 clericis
1226 1161 1370 1227 aliis,
1423 1177 1564 1231 quos
1600 1160 1891 1216 Nestorius

300 1250 571 1322 Cyrillum
600 1251 888 1320 alloquens
919 1260 1080 1306 vocat
1105 1250 1202 1321 τῆς
1256 1251 1354 1320 σῆς
1411 1252 1704 1318 διαθέσεως
1752 1253 1887 1323 κλη-

302 1342 519 1413 ρικούς.
547 1342 600 1396 2.
627 1343 940 1412 Philippum
990 1343 1238 1414 arguisse
1285 1344 1597 1400 Nestorium
1631 1344 1888 1400 haeretica

299 1435 620 1500 docentem,
652 1434 959 1505 ducemque
983 1435 1153 1491 fuisse
1169 1435 1524 1492 discessionis
1549 1437 1698 1491 illius
1725 1436 1890 1491 cleri-

299 1542 499 1580 corum
520 1527 782 1583 Ecclesiae
803 1526 1474 1598 Constantinopolitantea
1493 1544 1592 1583 suo
1609 1528 1886 1598 episcopo,

298 1630 471 1682 quam
505 1614 758 1668 meminit
789 1615 1030 1686 Cyrillus
1076 1617 1143 1670 ad
1199 1615 1561 1694 Caelestinum
1613 1617 1885 1682 scribens,

298 1707 748 1775 Caelestinusque
770 1707 824 1761 in
861 1707 1064 1762 litteris
1082 1708 1149 1762 ad
1170 1707 1402 1763 clericos
1420 1709 1886 1781 Constantinopo-

1995 611 2164 676 mine,
2219 611 2371 683 quod
2413 615 2611 685 opinor
2641 616 2706 680 ’8;
2760 632 2830 670 an
2879 632 2906 670 a
2963 617 3174 672 Joanne
3236 620 3569 679 Theodoreti

1995 702 2243 763 consilio,
2275 704 2420 772 quod
2456 705 2619 775 vulgo
2637 703 2862 760 dicitur.
3429 757 3438 762 -

2066 791 2131 844 ll.
2163 791 2379 863 Scripta
2407 803 2492 849 est
2519 795 2712 864 procul
2741 795 2933 861 dubio,
2990 806 3281 868 postquam
3337 801 3567 858 Posido-

1993 882 2120 938 nius
2170 883 2427 938 Ecclesiae
2489 885 2869 942 Alexandrinas
2919 887 3223 953 diaconus,
3286 891 3458 945 Roma
3511 892 3567 946 in

1991 973 2283 1046 Egyptum
2317 976 2510 1041 redux,
2539 977 2752 1033 litteras
2781 986 2894 1033 tres
2933 995 2964 1034 a
2997 989 3192 1036 sancto
3241 981 3565 1047 Caelestino,

1992 1066 2026 1118 5
2048 1065 2176 1120 Idus
2212 1066 2445 1136 Augusti
2476 1066 2629 1122 datas
2657 1069 2934 1124 reddidit:
2973 1070 3180 1142 Cyrillo
3223 1060 3609 1130 Alexandriam

1993 1170 2161 1221 unas;
2215 1156 2443 1222 alteras,
2495 1157 2772 1227 profectus
2805 1160 2862 1214 in
2901 1161 3240 1217 Palaestinam
3283 1173 3339 1219 et
3377 1163 3571 1222 Orien-

1991 1256 2122 1311 tem,
2162 1248 2414 1304 Juvenali
2445 1250 2986 1322 l—lierosolymitano,
3035 1263 3090 1309 et
3136 1256 3334 1311 Joanni
3372 1258 3568 1313 Antio-

1991 1340 2192 1394 cheno.
2217 1339 2355 1395 Cum
2384 1356 2515 1412 ergo
2541 1342 2660 1398 haec
2699 1342 2927 1412 epistola
2976 1353 3100 1414 post
3147 1356 3400 1417 acceptas
3433 1347 3569 1404 alias

1993 1437 2104 1484 tres
2129 1429 2252 1484 data
2281 1430 2372 1495 sit,
2398 1438 2617 1500 oportet
2648 1441 2707 1486 ut
2757 1432 3032 1502 pertineat
3072 1434 3138 1489 ad
3199 1435 3362 1491 ﬁnem
3399 1437 3569 1492 Octo-

1992 1518 2108 1574 bris
2142 1529 2238 1576 aut
2283 1521 2504 1580 initium
2535 1522 2864 1580 Novembris
2909 1526 3037 1580 anni
3070 1525 3192 1581 450.
3226 1528 3361 1582 Nam
3412 1531 3566 1584 Posi-

1989 1612 2188 1668 donius
2216 1613 2272 1667 in
2301 1613 2584 1669 Orientem
2613 1615 2892 1684 profectus
2943 1626 3048 1682 est,
3081 1627 3372 1690 antequam
3401 1620 3570 1693 Egy-

1989 1704 2069 1774 pti
2103 1704 2346 1776 synodus
2375 1707 2746 1770 convenisset,
2781 1714 2841 1762 ut
2871 1708 3166 1764 conﬁcitur
3195 1727 3262 1765 ex
3319 1713 3578 1782 epistolis

300 1798 525 1851 litanos.
555 1797 607 1852 5.
635 1798 900 1852 Eumdcm
949 1799 1264 1870 Philippum
1293 1808 1578 1854 auctorem
1636 1814 1756 1854 esse
1783 1775 1884 1872 ob-
1923 1775 1962 1831 Β
1990 1775 2178 1866 Cyrilli
2209 1795 2278 1849 ad
2323 1796 2590 1852 Joannem
2630 1806 2686 1852 et
2737 1798 3078 1855 Juvennlem.
3138 1775 3410 1859 Convenit
3438 1821 3571 1871 vero

301 1889 624 1944 testationis
655 1890 822 1955 illius,
859 1907 980 1960 qum
1001 1891 1205 1962 legitur
1230 1892 1286 1946 in
1335 1894 1510 1961 prima
1537 1900 1694 1962 parte
1726 1892 1889 1947 Acto-

303 2000 430 2039 rum
460 1984 683 2040 concilii
717 1984 1005 2054 Ephesini,
1030 2000 1249 2056 quaque
1286 1985 1526 2040 Nestorii
1563 2000 1688 2039 cum
1717 1984 1887 2039 Paulo

300 2077 670 2132 Samosateno
699 2077 990 2133 consensio
1015 2078 1329 2149 exponitur.
1359 2079 1413 2132 4.
1447 2075 1715 2132 Eumdem
1757 2077 1888 2132 Plii-

304 2169 524 2239 lippum
544 2168 691 2239 apud
719 2184 778 2224 se
802 2184 1036 2241 synaxes
1059 2169 1392 2226 celebrasse.
1426 2169 1478 2225 5.
1505 2168 1777 2224 Eumdem
1805 2168 1888 2222 in-

304 2257 528 2312 fensum
575 2256 744 2314 fuisse
788 2259 1118 2330 Pelagianis,
1181 2267 1237 2314 et
1291 2267 1578 2330 peccatum
1620 2259 1888 2330 originale

299 2344 643 2402 defendisse.
671 2347 724 2402 6.
759 2348 1085 2420 Pelagianos
1120 2349 1432 2422 episcopos,
1451 2365 1578 2406 cum
1604 2349 1886 2416 Coelestio,

300 2437 478 2496 fuisse
510 2439 695 2496 adhuc
717 2440 1220 2515 Constantinopoli,
1246 2458 1360 2514 quo
1396 2450 1646 2514 tempore
1687 2441 1888 2500 Nesto-

301 2530 422 2588 rius
449 2530 649 2588 habuit
671 2533 964 2606 synodum,
997 2533 1068 2590 de
1090 2550 1201 2606 qua
1226 2549 1411 2591 sermo
1441 2542 1529 2592 est
1553 2535 1611 2591 in
1636 2550 1888 2592 commo-

303 2622 533 2689 nitorio,
556 2632 615 2680 et
637 2624 870 2696 epistola
889 2625 926 2682 2
942 2625 1180 2684 Nestorii
1213 2626 1284 2682 ad
1312 2625 1600 2700 Cyrillum.
1626 2628 1682 2682 7.
1716 2618 1890 2700 Syno-

301 2715 438 2776 ειυ-
464 2716 713 2773 habitam
781 2727 1031 2790 tempore
1073 2720 1348 2786 autumni,
1373 2734 1523 2776 anno
1577 2719 1718 2786 J29;
1760 2735 1889 2776 nam

301 2803 412 2860 hoc
442 2819 593 2861 anno
616 2805 719 2862 sub
747 2806 913 2864 ﬁnem
942 2806 1443 2866 Commonitorium
1494 2824 1656 2866 suum
1684 2809 1890 2865 obtulit

302 2894 628 2968 imperatori
669 2897 740 2953 Μ.
775 2897 1064 2966 Mercator,
1095 2914 1206 2971 quo
1227 2901 1490 2970 perlecto,
1514 2900 1776 2970 expulsus
1805 2907 1891 2957 est

302 3005 432 3048 cum
486 2991 766 3061 episcopis
815 2991 1124 3062 Pelagianis
1164 2990 1638 3062 Constantinopoli
1695 2990 1879 3048 lee-

302 3083 465 3139 stius.
523 3082 576 3137 8.
635 3081 1151 3149 Contradietiones,
1224 3083 1338 3138 sive
1393 3092 1572 3139 tomos
1624 3084 1889 3139 adversus

307 3176 679 3247 blasphemias
697 3176 959 3243 Nestorii,
986 3176 1144 3247 361
1181 3175 1392 3232 delatos
1429 3177 1598 3232 fuisse
1639 3177 1887 3243 Romam,

305 3280 359 3326 et
391 3286 458 3326 ex
488 3270 561 3324 iis
591 3269 898 3324 exercitum
941 3268 1212 3340 judicium
1240 3268 1310 3323 de
1346 3268 1622 3324 Nestorio.
1677 3270 1729 3324 9.
1775 3267 1890 3322 Hoc

305 3378 451 3433 opus
490 3361 658 3416 fuisse
681 3377 712 3416 a
742 3359 947 3432 Cyrillo
971 3361 1336 3430 compositum
1379 3360 1536 3416 initio
1584 3360 1714 3415 anni
1753 3359 1887 3425 450;

305 3452 587 3523 siquidem
625 3453 893 3508 traditum
949 3461 1034 3507 est
1085 3453 1382 3508 Posidonio
1447 3454 1677 3508 Romam
1733 3453 1889 3508 eunti

302 3545 472 3599 initio
519 3544 724 3614 Aprilis
779 3545 1027 3615 ejusdem
1086 3545 1235 3598 anni.
1272 3545 1356 3599 10.
1417 3544 1616 3600 Iisdem
1675 3546 1891 3601 artibus

299 3636 786 3706 Constantinopoli
817 3651 974 3691 usum
1033 3635 1376 3700 leestium,
1435 3637 1640 3707 quibus
1680 3637 1887 3703 Romae,

303 3725 455 3779 unde
486 3741 547 3780 se
600 3724 740 3779 clam
787 3725 1071 3788 subduxit,
1129 3741 1255 3780 cum
1309 3741 1418 3780 non
1471 3725 1721 3791 haberet,
1779 3742 1890 3796 quo

301 3833 462 3872 suam
495 3832 718 3871 causam
755 3825 1023 3872 tueretur.
1056 3818 1140 3871 ll.
1175 3817 1421 3888 Magnam
1455 3817 1626 3872 fuisse
1648 3817 1888 3877 Nestorii

300 3924 432 3963 eum
473 3909 768 3964 Theodoro
814 3909 1203 3980 Mopsuesteno
1257 3908 1711 3964 consensionem:
1763 3925 1887 3980 qua:

296 3999 456 4054 enim
495 3998 565 4053 de
593 3999 848 4054 Nestorio
880 3998 1048 4054 refert
1073 3999 1331 4070 Cyrillus,
1377 3997 1570 4054 eadem
1629 4000 1890 4070 leguntur

301 4090 362 4144 in
397 4089 720 4160 fragmentis
744 4090 1043 4154 Theodori,
1076 4106 1198 4160 quas
1249 4090 1516 4145 Leontius
1542 4091 1771 4146 adducit
1823 4107 1890 4148 ex

299 4183 456 4237 libro
479 4197 569 4236 tlv
598 4181 675 4236 De
723 4183 1111 4237 incarnatione.
1151 4183 1236 4236 l2.
1297 4182 1418 4237 Non
1466 4198 1629 4253 posse
1685 4184 1893 4239 certius

298 4274 642 4346 planiusque
671 4274 865 4329 resciri
897 4274 1010 4329 ullo
1037 4291 1106 4328 ex
1127 4274 1269 4338 loco,
1322 4290 1444 4344 quae
1473 4273 1639 4329 fuerit
1660 4274 1890 4330 haeresis

297 4366 649 4428 Nestorii,et
679 4366 734 4420 in
763 4381 874 4436 quo
903 4366 1110 4438 κυρίως
1140 4365 1336 4436 posita.
1365 4366 1502 4432 Quis
1533 4365 1682 4422 enim
1712 4366 1889 4438 Cyril-

1993 1887 2236 1958 synodus
2289 1887 2449 1942 initio
2499 1889 2850 1955 Novembris,
2892 1899 2953 1945 ut
2999 1892 3437 1952 demonstratum
3485 1907 3570 1952 est

1993 1978 2215 2035 dissert.
2244 1979 2280 2034 2
2300 1978 2369 2034 ad
2400 1995 2436 2032 ιι
2468 1989 2679 2049 partem
2703 1978 2942 2050 Operum
2973 1982 3127 2039 Marii
3158 1985 3495 2044 Mercatoris.

2061 2069 2152 2126 Ill.
2185 2070 2262 2126 De
2320 2086 2487 2128 causa
2531 2072 2813 2127 scribendi
2857 2072 3067 2130 dictum
3113 2077 3248 2135 satis
3300 2078 3358 2134 in
3408 2094 3572 2151 argu.

1993 2168 2200 2217 mento.
2247 2161 2484 2219 Sanctus
2538 2162 2892 2232 Ctelestinus,
2943 2168 3184 2238 acceptis
3211 2184 3312 2239 per
3339 2171 3580 2228 Posido‘

1992 2256 2147 2312 nium
2171 2255 2363 2328 Cyrilli
2387 2256 2614 2323 litteris,
2643 2271 2918 2330 causaque
2967 2259 3208 2318 Nestorii
3269 2262 3456 2319 Romae
3513 2264 3588 2320 in~

1991 2347 2203 2421 synodo
2257 2349 2529 2420 iudicata,
2590 2350 2812 2421 scriptis
2865 2351 3133 2409 Joannem
3160 2363 3220 2410 et
3249 2353 3575 2414 Juvenalem

1990 2439 2281 2508 docuerat,
2311 2441 2445 2514 quid
2475 2443 2531 2500 in
2559 2443 2880 2501 Nestorium
2914 2446 3220 2512 statuisset,
3257 2447 3364 2504 nisi
3415 2465 3578 2507 revo-

1991 2541 2146 2590 caret
2171 2548 2459 2603 errorem;
2485 2536 2692 2607 quidve
2713 2536 3027 2594 mandasset
3051 2537 3280 2611 Cyl-illo,
3310 2553 3440 2596 suas
3468 2539 3577 2598 hoc

1990 2625 2216 2696 negotio
2260 2625 2412 2684 vices
2459 2626 2704 2686 obituro.
2763 2628 3023 2699 Acceptis
3079 2627 3322 2686 Manes
3368 2633 3572 2688 summi

1989 2714 2291 2786 pontiﬁcis,
2318 2715 2616 2788 Cyrillique
2641 2716 2864 2783 litteris,
2899 2725 3298 2789 tempestatem
3326 2720 3384 2777 in
3407 2731 3579 2794 caput

1990 2806 2231 2863 Nestorii
2264 2806 2678 2866 incumbentem
2705 2809 3003 2880 depellere,
3021 2817 3085 2870 et
3108 2811 3287 2868 aieo
3315 2813 3581 2879 suadere,

1994 2909 2054 2955 ut
2082 2908 2382 2969 occuparet
2410 2901 2610 2957 summi
2665 2901 2942 2973 pontiﬁcis
2999 2905 3351 2969 sententia,
3396 2904 3578 2976 Virgi-

1992 3006 2231 3063 nemque
2288 2991 2578 3062 Deiparam
2631 2995 3008 3063 proﬁteretur,
3067 2995 3216 3064 quod
3259 3011 3430 3051 unum
3485 2997 3573 3051 vel

1918 3121 1960 3179 C
1994 3082 2364 3152 potissimum,
2419 3083 2581 3156 362
2613 3083 2736 3138 ﬁdei
2797 3085 3121 3140 orthodoxae
3176 3086 3454 3155 specimen
3486 3101 3575 3142 ro-

1996 3174 2248 3245 gabatur,
2290 3175 2520 3229 Joannis
2576 3176 2802 3231 nomine
2845 3176 3228 3232 Theodoretus
3282 3177 3573 3247 epistolam

1991 3265 2323 3333 composuit.

2063 3356 2151 3411 IV.
2171 3355 2253 3410 Ad
2285 3356 2600 3417 Nestorium
2629 3356 2836 3426 scripta
2856 3365 2960 3420 est,
2988 3356 3105 3426 qui,
3147 3372 3273 3412 cum
3297 3357 3414 3412 suis
3441 3373 3577 3414 eon-

1990 3447 2244 3502 cionibus
2272 3447 2464 3502 turbas
2493 3447 2755 3502 movisset
2778 3448 2832 3501 in
2867 3448 3126 3512 Ecclesia,
3159 3464 3272 3519 prae
3316 3451 3574 3519 superbia

1993 3547 2175 3595 tamen
2223 3541 2403 3594 noluit
2426 3540 2597 3596 verbo
2626 3555 2758 3603 uno,
2793 3555 2905 3610 quo
2961 3541 3254 3611 Deiparam
3283 3541 3571 3610 fateretur,

1991 3647 2085 3686 eas
2119 3631 2350 3698 sedare;
2379 3631 2490 3686 imo
2521 3631 2833 3701 principum
2857 3631 3046 3702 gratiae
3093 3633 3342 3702 aulasque
3397 3633 3572 3690 favori

1991 3729 2047 3774 et
2077 3720 2192 3775 suis
2250 3720 2464 3776 artibus
2492 3720 2800 3781 conﬁdens.
2848 3719 3324 3791 Constantinopoli
3386 3725 3578 3780 sevie-

1993 3812 2105 3877 bat,
2139 3819 2477 3882 caeterasque
2505 3811 2783 3868 Ecclesias
2808 3812 3126 3883 spernebat.

2063 3924 2127 3980 V.
2163 3924 2395 3979 Nomine
2445 3923 2674 3980 Joannis
2717 3923 3046 3979 Antiocheni
3095 3924 3441 3989 inscribitur,
3470 3925 3562 3980 cui

1992 4029 2118 4070 cum
2154 4015 2407 4070 Nestorio
2459 4030 2652 4071 omnes
2703 4023 2863 4070 erant
2917 4015 3174 4069 amicitia:
3206 4017 3575 4072 necessitudio

1991 4123 2111 4173 nes,
2144 4107 2470 4162 diuturnum
2503 4105 2950 4170 contubernium,
2978 4105 3248 4176 religiosae
3272 4105 3397 4162 vitae
3420 4121 3575 4162 com-

1992 4199 2202 4264 munio,
2234 4198 2470 4254 societas
2498 4199 2827 4263 studiorum,
2848 4198 2992 4254 idem
3024 4198 3302 4266 magister,
3328 4200 3577 4270 ejusdem

1992 4289 2249 4346 Ecclesiae
2293 4286 2684 4354 ministerium,
2743 4289 2934 4344 eadem
2977 4289 3174 4360 adepta
3204 4291 3428 4346 demum
3453 4302 3576 4362 post

1991 4379 2357 4436 ministerium
2396 4378 2654 4449 dignitas.
2709 4379 2907 4434 Joanni
2956 4380 3338 4437 Theodoretus
3378 4382 3574 4437 iisdem

301 4461 364 4514 lo
414 4458 468 4512 in
498 4457 835 4529 pervidenda
865 4458 1106 4514 Nestorii
1155 4458 1429 4514 sententia
1473 4459 1887 4530 perspicacior?
1923 4472 1962 4527 ο
1991 4470 2226 4524 vinculis
2278 4468 2567 4524 devinctus
2598 4467 2721 4522 fuit.

298 4549 566 4619 Quiergo
594 4550 805 4620 lapsum
836 4550 1010 4605 verbo
1064 4551 1382 4606 Nestorium
1440 4551 1672 4617 malunt,
1721 4568 1884 4622 quam

299 4647 516 4712 reipsa,
550 4643 830 4698 Socratem
858 4643 1060 4714 Cyrillo
1091 4642 1414 4713 praeferunt,
1459 4643 1787 4713 scriptorem
1819 4644 1887 4698 de

295 4738 458 4800 aula,
527 4735 733 4790 homini
763 4751 876 4792 sum
933 4735 1116 4790 aetatis
1172 4734 1515 4790 doctissimo.
1557 4736 1641 4790 l5.
1674 4736 1753 4791 Ex
1783 4735 1890 4791 hoc

293 4829 746 4886 Commonitorio
779 4828 960 4884 lucem
984 4828 1172 4884 afferri
1220 4828 1466 4898 quinque
1495 4828 1655 4883 libris
1693 4826 1886 4899 Cyrilli

295 4921 578 4977 adversus
629 4920 1000 4991 blasphemias
1047 4920 1310 4986 Nestorii,
1343 4929 1399 4976 et
1452 4920 1697 4976 vicissim
1727 4919 1890 4976 Com-

2057 4582 2146 4638 Vl.
2191 4579 2453 4643 Dubium,
2511 4579 2638 4649 quis
2693 4578 3000 4648 scripserit,
3029 4580 3268 4634 Joannes
3302 4580 3440 4649 ipse,
3502 4597 3573 4634 an

1988 4672 2214 4730 Joannis
2281 4671 2505 4725 nomine
2591 4670 3012 4725 Theodoretus?
3067 4670 3268 4725 Joanni
3325 4671 3576 4726 tribuunt

1991 4761 2312 4834 praeiudicia
2344 4759 2475 4826 duo,
2504 4759 2794 4830 inscriptio
2824 4775 3044 4831 nempe,
3091 4760 3240 4830 quod
3289 4760 3572 4831 publicum

1989 4855 2147 4926 quasi
2192 4854 2604 4917 documentum,
2638 4859 2696 4907 et
2723 4853 3065 4910 consuetudo
3090 4853 3164 4908 ita
3193 4851 3432 4918 dicendi,
3453 4867 3578 4922 quae

1990 4947 2212 5002 videtur
2261 4960 2384 5000 esse
2449 4943 2702 5015 quasdam
2749 4945 3067 5015 praescripta
3118 4943 3414 5015 possessio.
3467 4943 3575 4998 Pro

293 5012 667 5071 monitorium
714 5029 782 5068 ex
827 5013 916 5068 his
965 5011 1228 5068 illustrari
1263 5032 1277 5066 :
1312 5019 1400 5069 est
1439 5011 1589 5068 enim
1643 5009 1894 5082 ipsorum
1994 5034 2347 5092 Theodore“,
2375 5009 2508 5089 hci"
2546 5009 2926 5103 primm—“od
2975 5009 3274 5100 “nam,”
3319 5027 3578 5100 prendi.

294 5103 700 5173 compendiosa
723 5103 973 5175 quaedam
1000 5103 1276 5164 collectio.

379 5217 625 5290 Epistula
647 5219 768 5283 μθ,
792 5237 826 5275 ιι
853 5217 1060 5275 Joanne
1080 5220 1400 5345 ᾼῗείοσὴεηο
1422 5219 1491 5274 ad
1515 5217 1822 5274 Nestorium
1884 5289 1892 5298 ν

592 5321 599 5327 -
984 5308 1128 5345 scrin
1151 5309 1207 5345 α.

592 5321 599 5327 -
984 5308 1207 5363 scripta.

374 5398 421 5457 Ι.
445 5398 567 5456 Non
586 5399 825 5458 obseura
844 5411 996 5468 sunt,
1021 5417 1127 5459 nec
1169 5401 1379 5459 incerta
1435 5401 1553 5458 haec
1597 5401 1846 5472 quinque
1866 5418 1885 5454 :

293 5492 532 5567 pando
551 5495 759 5565 scripta
777 5495 854 5550 sit
878 5495 1134 5566 epistola,
1176 5510 1290 5565 qua
1319 5494 1390 5552 de
1407 5509 1596 5559 causa,
1650 5493 1763 5557 cui,
1784 5509 1883 5549 cu-

1993 5127 2136 5186 cium
2153 5127 2318 5184 fallax
2353 5127 2446 5194 sit,
2480 5125 2571 5180 vel
2607 5140 2681 5180 ex
2704 5137 2772 5179 eo
2821 5123 3082 5186 maxime,
3142 5121 3290 5192 quod
3341 5117 3576 5176 inﬁnitae

1987 5218 2369 5291 epistolanon
2393 5213 2691 5272 scribentis
2738 5212 2951 5284 ipsius,
2987 5209 3090 5266 sed
3132 5209 3448 5267 mandantis
3474 5225 3575 5266 no-

1994 5325 2120 5366 men
2149 5308 2471 5380 preferunt,
2495 5315 2552 5362 et
2574 5303 2809 5377 singular
2823 5317 2894 5361 eo
2925 5302 3152 5359 nomine
3177 5303 3442 5369 citantur,
3463 5315 3575 5373 quo

1992 5409 2390 5472 pranotantur.
2425 5395 2709 5471 Ejusmodi
2737 5404 2822 5452 est
2851 5395 3057 5468 Pelagii
3081 5393 3575 5465 secundaepistola

1989 5491 2058 5549 ad
2087 5491 2331 5563 Illyricos
2353 5506 2389 5546 a
2408 5498 2602 5548 sancto
2613 5489 2884 5564 Gregorio
2901 5488 3130 5560 scripta.
3152 5489 3382 5556 Deinde,
3399 5486 3576 5559 quod,

1621 5645 1937 5706 SCllUlZIl
1974 5644 2208 5702 ΝΟΤᾹΣ.

374 5765 423 5801 ⁸⁸
446 5766 600 5834 Quod
638 5768 846 5838 opinor.
881 5767 988 5826 Sed
1013 5768 1138 5824 vide
1179 5785 1364 5840 supra,
1391 5786 1446 5839 p.
1482 5769 1599 5837 l52,
1637 5769 1810 5826 schol.
1839 5767 1898 5824 ὁ.
