4024 6152
455 297 551 360 3i]

1602 293 1978 356 GARNERII
2009 294 2504 355 DISSERTATIO
2540 295 2623 354 II.
3616 282 3721 349 312

456 425 505 464 si
526 408 845 465 conferatur
873 407 1103 479 epistola
1134 407 1250 462 haec
1270 421 1395 463 cum
1428 407 1516 474 iis,
1549 408 1664 464 sive
1701 425 1839 479 quas
1863 409 2032 466 Joan-
2070 425 2104 472 Α
2139 424 2319 479 pinna,
2349 408 2453 463 nisi
2487 415 2611 478 post
2637 405 2911 462 decimum
2938 418 2968 457 a
2992 375 3410 456 denuntiatione
3441 396 3587 451 diem
3627 412 3720 466 pa-

457 515 577 567 nes,
607 500 724 556 sive
752 515 891 571 quas
918 498 1304 555 Tbeodoretus
1344 499 1590 571 scripsit,
1641 501 1867 559 differre
1897 501 2037 573 stle

457 599 721 663 appareat
742 591 810 645 ab
840 590 949 644 illis
965 590 1265 646 convenire
1299 606 1426 645 cum
1458 591 1602 647 istis.
1642 593 1864 657 Postea,
1889 592 2037 662 quod

458 682 677 752 quoties
702 688 861 736 erant
909 695 1234 737 communes
1259 682 1460 738 littera:
1489 684 1772 740 mittenda:
1802 683 1871 738 ab
1916 684 2032 754 epi~

457 775 660 843 scopis,
691 788 929 844 quorum
956 789 1101 829 unus
1128 784 1276 830 esset
1306 775 1716 841 Tbeodoretus,
1758 776 2038 832 scribendi

459 877 664 917 munus
711 862 1096 934 imponeretur
1150 863 1276 934 ipsi,
1334 872 1591 934 tanquam
1639 865 2038 921 admirabiliter

459 955 688 1025 hujusce
711 956 792 1009 rei
823 956 1022 1025 perito.
1059 956 1192 1010 Erat
1220 971 1353 1011 vero
1379 973 1528 1012 unus
1554 957 1622 1012 de
1668 967 1881 1027 septem
1912 957 2035 1028 epi-

459 1046 660 1115 scopis,
681 1046 777 1116 qui
825 1048 971 1117 apud
1002 1048 1270 1103 Joannem
1319 1049 1704 1114 versabantur,
1736 1065 1863 1103 cum
1898 1048 2037 1104 seri.

460 1136 686 1189 beretur
742 1136 808 1191 ad
854 1136 1192 1192 Nestorium.
1244 1137 1399 1191 Adde
1448 1138 1596 1208 quod
1641 1138 1695 1191 in
1750 1139 1875 1192 aliis
1901 1138 2039 1192 locis

461 1226 847 1282 Tbeodoretus
868 1227 1063 1283 iisdem
1096 1229 1273 1283 utitur
1321 1230 1651 1294 rationibus,
1699 1229 1809 1283 imo
1838 1237 1895 1284 et
1941 1229 2038 1284 iis-

461 1318 586 1373 dem
614 1317 729 1372 fere
762 1318 968 1385 verbis,
987 1318 1057 1373 ad
1088 1318 1233 1373 idem
1262 1319 1606 1375 tractandum
1629 1327 2036 1389 argumentum,

462 1412 530 1466 de
564 1411 786 1482 Virgine
820 1412 1054 1482 Deipara
1087 1429 1100 1465 :
1128 1410 1365 1465 videnda
1397 1411 1631 1481 epistola
1665 1411 1748 1465 16.
1793 1410 2041 1480 Denique

461 1502 609 1572 quod
634 1502 887 1558 videatur
913 1502 1299 1557 Tbeodoretus
1324 1501 1442 1571 ipse
1475 1501 1618 1556 hanc
1652 1501 1757 1556 sibi
1791 1516 2042 1572 arrogas-

463 1608 544 1657 se,
576 1608 702 1648 cum
733 1594 1003 1649 scriberet
1020 1593 1089 1648 ad
1120 1593 1396 1647 Domnum
1421 1591 1850 1657 Antiochenum,
1876 1592 2042 1663 paulo

464 1694 590 1739 ante
617 1685 1007 1755 prmdatoriam
1036 1682 1332 1755 synodum,
1360 1693 1827 1755 cnumeraretque
1876 1698 2042 1757 syno-

462 1777 586 1831 dica
609 1776 876 1831 adversus
911 1775 1175 1847 Cyrillum
1201 1777 1427 1847 scripta.

533 1869 645 1922 γη.
677 1867 1095 1923 Observandum
1133 1868 1187 1922 in
1219 1883 1284 1922 ea
1322 1868 1587 1938 primum,
1644 1866 1795 1939 quod
1837 1867 2042 1923 dicitur

463 1957 760 2012 delrenaao
784 1957 1018 2012 comite:
1055 1956 1182 2012 inde
1211 1957 1361 2012 enim
1411 1957 1589 2028 ipsius
1618 1970 1741 2013 cum
1787 1957 2042 2013 Nestorio

461 2059 517 2103 et
545 2049 924 2104 Orientalibus
960 2050 1302 2119 conspiratio
1342 2050 1691 2121 intelligitur.

458 2166 467 2172 ’
536 2142 763 2206 Deinde,
806 2143 955 2213 quod
1013 2142 1254 2197 refertur
1294 2140 1589 2197 Theodoro
1636 2141 2040 2212 Mopsuesteno,

458 2229 694 2294 dictum,
727 2230 877 2285 unde
912 2231 1133 2286 fuerant
1156 2230 1446 2287 audientes
1469 2231 1691 2297 offensi,
1731 2238 2042 2287 retractan-

456 2330 555 2375 te:
578 2334 688 2390 qua
724 2319 794 2376 de
830 2337 890 2376 re
914 2322 1064 2387 vide,
1092 2330 1295 2391 praeter
1346 2322 1695 2390 Liber'atum;
1722 2330 2042 2393 excerptum

456 2427 529 2467 ex
556 2412 765 2469 libellis
792 2429 823 2468 a
849 2415 1190 2486 presbyteris
1220 2426 1276 2470 et
1299 2414 1550 2471 diaconis
1577 2415 1815 2487 majoris
1847 2414 2043 2470 Arme-

456 2505 569 2559 niae
591 2512 650 2559 et
671 2504 920 2561 Persidis
937 2506 1139 2562 Proelo
1166 2506 1459 2577 porrectis,
1507 2506 1702 2580 syn’od.
1740 2523 1795 2573 v,
1835 2498 1961 2562 coll.
1986 2507 2040 2562 5.

450 2590 544 2657 ,Eo
564 2591 841 2648 enim‘loci
862 2592 1097 2649 adertur
1127 2594 1535 2651 concionisilla
1578 2600 1751 2668 pars,'
1777 2604 1900 2669 qnae
1940 2596 2045 2651 fuit

460 2683 786 2742 olensionis
822 2694 1009 2743 causa.
1110 2714 1119 2719 -
1693 2700 1701 2711 '
1764 2698 1773 2709 ί

532 2778 750 2844 Postea,
781 2788 987 2850 quanta
1040 2770 1351 2837 reverentia
1409 2790 1691 2854 receptum
1729 2778 1831 2849 sit;
1856 2782 1947 2839 vel
1975 2780 2045 2838 ab

461 2872 598 2944 ipsis
629 2872 873 2929 Orientis
902 2876 1259 2945 patriarchis,
1293 2877 1493 2932 summi
1538 2875 1827 2948 pontificis
1854 2876 2047 2933 decre-

461 2974 599 3020 tum.
628 2967 748 3021 Non
768 2967 1136 3038 objiciebatur
1161 2968 1271 3024 illis
1314 2970 1658 3040 temporibus
1702 2969 2048 3025 auctoritatis

461 3058 844 3127 praesumptio,
898 3058 995 3114 sed
1050 3059 1355 3129 parebatur
1381 3060 1533 3116 velut
1579 3060 1835 3132 legitimae
1886 3067 2046 3130 pote-

462 3148 612 3213 stati,
634 3148 796 3221 363
824 3164 950 3205 cum
982 3166 1235 3206 summus
1257 3151 1525 3222 pontifex,
1556 3168 1587 3208 e
1633 3168 1734 3208 suo
1769 3152 2045 3208 Occiden-

465 3239 536 3294 tis
562 3240 822 3305 conciiio,
855 3241 1020 3311 regiae
1068 3242 1223 3297 urbis
1261 3243 1628 3313 patriarcham
1673 3243 1960 3315 dejiceret,
1990 3253 2047 3299 et

462 3331 623 3387 alteri
649 3332 976 3403 patriarcha:
1004 3334 1343 3404 exsequendi
1368 3335 1698 3390 sententiam
1729 3335 2046 3391 mandatum

460 3422 638 3478 daret.

531 3513 762 3580 Quarto,
795 3514 944 3583 quod
971 3514 1177 3570 dicitur
1219 3515 1273 3571 id
1311 3531 1482 3571 unum
1516 3516 1660 3588 exigi
1701 3533 1731 3571 a
1768 3518 2044 3584 Nestorio,

463 3613 525 3659 ut
552 3606 766 3662 beatam
797 3606 1078 3677 Virginem
1112 3607 1349 3663 fateatur
1378 3609 1667 3678 Deiparam
1699 3627 1712 3663 :
1743 3609 1871 3664 inde
1897 3610 2047 3664 enim

461 3697 838 3766 cognoscitur,
867 3706 1002 3753 tunc
1033 3700 1298 3769 temporis
1326 3715 1445 3755 eam
1474 3700 1706 3755 formam
1730 3700 1898 3756 fuisse
1921 3716 2050 3772 pro-

463 3785 653 3841 fitendi
686 3787 1012 3843 catholicam
1051 3787 1120 3844 de
1164 3789 1540 3846 incarnatione
1580 3790 1762 3847 ﬁdem.
1803 3792 1953 3847 idem
1991 3802 2047 3849 et

388 3960 413 3977 θ
459 3876 698 3949 Cyrillus
728 3879 786 3934 in
813 3878 1073 3952 Apologia
1116 3889 1173 3936 et
1227 3882 1611 3939 Tbeodoretus
1647 3883 1809 3955 epist.
1848 3884 1915 3940 16
1960 3896 2044 3941 te-

461 3977 699 4025 alantur.

528 4060 756 4128 Quinto,
785 4062 933 4133 quod
963 4063 1169 4119 dicitur
1198 4065 1366 4121 etiam
1394 4066 1686 4123 Nestorius
1717 4083 1782 4123 ea
1815 4069 2041 4136 sentire,

459 4168 583 4223 qua
609 4154 802 4210 Patres
821 4155 893 4211 de
913 4157 1178 4227 mysterio
1202 4158 1599 4214 incarnationis
1625 4177 1638 4213 :
1667 4174 1789 4230 quas
1816 4160 1920 4216 fuit
1949 4172 2044 4218 aut

458 4244 864 4315 dispensatoria
905 4246 1157 4316 quaedam
1198 4249 1503 4305 amicorum
1546 4252 1564 4271 ⁶
1607 4251 1885 4318 adulatio,
1935 4270 2043 4324 qua

457 4333 715 4389 blandius
756 4334 1002 4390 animum
1047 4335 1290 4391 hominis
1328 4336 1700 4403 innectereut;
1734 4347 1833 4393 aut
1869 4338 2045 4394 admi-

2139 508 2304 555 reret.
2334 500 2584 555 Formam
2612 498 2738 554 fidei
2762 495 3055 554 duodecim
3080 489 3553 547 anathematismis
3572 502 3719 542 com-

2138 588 2437 659 prehendit
2456 588 2715 661 Cyrillus,
2744 583 3109 654 Nestorioque
3131 595 3231 651 per
3251 587 3490 649 quatuor
3510 577 3721 648 episco—

2138 694 2237 748 pos
2277 694 2345 734 ex
2380 678 2695 751 [Egyptiaca
2727 674 2937 747 synodo
2976 672 3145 726 misit.
3179 668 3493 724 Mandatum
3523 667 3719 721 Nesto-

2138 771 2254 825 rius
2280 779 2572 840 procurata
2608 767 2908 823 indictione
2949 762 3170 820 concilii
3206 760 3479 832 generalis
3513 758 3717 813 elusit:

2140 859 2252 914 imo
2281 860 2468 932 Cyrilli
2499 856 2975 914 anathematismis
3002 851 3231 909 totidem
3264 851 3512 906 diversos
3552 864 3725 920 oppo-

2140 950 2279 1016 suit,
2318 951 2640 1022 rogavitque
2678 949 2905 1020 insuper
2946 945 3185 1002 amicum
3224 943 3490 999 Joannem
3532 942 3723 996 Antio-

2140 1042 2399 1109 chenum,
2432 1050 2495 1097 ut
2533 1041 2603 1097 ab
2639 1040 2860 1096 Andrea
2893 1039 3253 1094 Samosateno
3283 1045 3340 1091 et
3375 1033 3725 1090 Theodoreto

2138 1132 2388 1204 Cyrensi,
2415 1131 2806 1188 eruditissimis
2842 1129 3009 1185 totius
3035 1127 3278 1184 Orientis
3311 1124 3606 1196 episcopis,
3633 1137 3724 1176 ar-

2140 1225 2388 1296 guendos
2429 1233 2693 1279 curaret:
2731 1233 2964 1294 uterque
3006 1221 3221 1293 paruit,
3263 1234 3376 1275 sua
3426 1216 3728 1287 reprehen-

2141 1316 2283 1371 sioni
2318 1316 2703 1371 Tbeodoretus
2734 1316 2876 1370 hanc
2906 1314 3196 1385 epistolam
3229 1308 3550 1382 praeposuit.

2212 1408 2253 1463 Ι.
2282 1408 2556 1478 Scriptam
2574 1423 2697 1463 esse
2721 1415 2939 1478 oportet
2961 1404 3250 1476 epistolam
3275 1403 3419 1457 hanc
3440 1415 3586 1455 anno
3601 1399 3726 1461 451,
3768 1394 3771 1395 ⁷

2141 1499 2364 1557 circiter
2378 1516 2623 1556 mensem
2637 1498 3024 1563 Februarium,
3038 1506 3093 1551 et
3109 1506 3233 1551 ante
3251 1493 3469 1548 initium
3480 1490 3727 1558 Quadra-

2142 1594 2381 1664 gesimaa,
2404 1593 2552 1665 quod
2576 1593 2773 1649 incidit
2794 1591 2849 1647 in
2870 1591 3017 1646 diem
3040 1597 3295 1661 quartum
3313 1584 3490 1641 Martii
3515 1602 3527 1636 :
3551 1597 3730 1652 neque

2143 1687 2292 1742 enim
2315 1687 2497 1757 potuit
2525 1695 2619 1742 aut
2643 1685 2826 1750 citius,
2848 1693 2942 1740 aut
2963 1684 3141 1739 serius
3164 1679 3352 1737 scribi.
3377 1678 3497 1732 Non
3522 1675 3688 1731 citius
3712 1691 3728 1728 :

2074 1771 2116 1826 Β
2146 1794 2271 1834 nam
2303 1780 2498 1837 littenn
2525 1778 2713 1853 Cyrilli
2747 1777 2815 1833 ad
2835 1774 3150 1832 Nestorium
3191 1788 3259 1828 ex
3295 1768 3526 1841 )Egypto
3568 1766 3730 1829 datas,

2143 1872 2347 1941 quibus
2385 1872 2858 1944 subjungebantur
2896 1863 3363 1927 anathematismi,
3397 1859 3732 1930 consignata:

2142 1973 2272 2018 sunt
2299 1963 2389 2019 die
2419 1964 2580 2020 tertia
2608 1961 2961 2028 Novembris;
3005 1957 3220 2015 traditae
3249 1970 3383 2012 vero
3412 1950 3736 2009 Constanti-

2143 2054 2332 2125 nopoli
2375 2050 2442 2110 ab
2485 2054 2761 2126 episcopis
2802 2051 3097 2115 Nestorio,
3139 2048 3171 2103 7
3212 2046 3343 2103 ldus
3381 2042 3733 2107 Decembris;

2144 2162 2315 2219 quare
2373 2146 2558 2205 missa:
2607 2143 3084 2214 Constantinopoli
3148 2136 3495 2197 Antiochiam
3548 2135 3736 2205 aliquo

2143 2253 2268 2313 post
2314 2249 2594 2311 tempore,
2645 2236 2705 2293 id
2751 2245 2837 2293 est
2885 2234 3110 2290 circiter
3154 2231 3319 2284 ﬁnem
3365 2225 3685 2283 Decembris
3717 2243 3735 2279 :

2144 2334 2327 2390 missae
2366 2346 2589 2404 quoque
2631 2327 2925 2385 Antiochia
2950 2325 3169 2399 Cyrum
3216 2322 3282 2377 ad
3322 2316 3736 2375 Theodoretum

2146 2433 2270 2496 post
2294 2423 2590 2479 nonnullos
2616 2421 2756 2477 dies.
2788 2419 3172 2474 Tbeodoretus
3194 2410 3448 2468 nonnihil
3472 2407 3738 2478 temporis

2145 2494 2331 2588 posuit
2352 2515 2406 2591 in
2432 2500 3393 2585 reprehensionibus'componendis,
3415 2494 3739 2571 compositis

2146 2592 2365 2662 tandem
2404 2600 2687 2676 rescripsit
2721 2596 2939 2659 Joanni.
2973 2600 3091 2656 Noti
3128 2598 3325 2660 serius,
3350 2595 3613 2666 quoniam
3642 2607 3739 2648 re-

2146 2697 2794 2773 prehensionibus‘Cyro
2841 2684 3218 2755 Antiochiam,
3263 2686 3555 2773 Antiochia
3592 2682 3738 2742 Cori-

2146 2790 2584 2863 stantinopolim,
2609 2782 2937 2844 Alexandria
2963 2780 3516 2859 Constantinopolim,
3551 2787 3613 2832 ut
3638 2792 3739 2847 par

2147 2894 2232 2940 est
2263 2882 2511 2947 credere,
2544 2880 2741 2937 delatis
2779 2876 2943 2951 365
2974 2874 3217 2950 'Cyriilus
3249 2871 3548 2944 respondit,
3582 2874 3739 2925 ante-

2146 2992 2312 3046 quam
2353 2974 2590 3046 peractis
2625 2972 2982 3029 Paschalibus
3020 2968 3176 3025 festis
3212 2966 3491 3037 Ephesum
3532 2962 3741 3033 cogita-

2149 3075 2267 3131 ret,
2319 3074 2484 3135 atque
2530 3063 2670 3119 adeo
2715 3059 3158 3133 Quadragesima:
3201 3067 3450 3127 tempore
3493 3072 3508 3108 :
3550 3052 3738 3110 statim

2147 3157 2295 3213 enim
2323 3156 2477 3212 testis
2506 3154 2749 3227 peractis
2777 3169 2835 3209 se
2862 3151 3016 3207 dedit
3046 3152 3100 3206 in
3132 3150 3296 3205 viam.

2219 3250 2286 3304 ll.
2325 3247 2446 3316 Quo
2498 3246 2700 3302 aﬂ‘ectu
2744 3242 3082 3300 Theodoreti
3132 3241 3399 3296 adversus
3444 3237 3739 3311 Cyrillum,

2148 3340 2461 3411 quibusque
2494 3336 2682 3393 verbis
2713 3334 2944 3406 epistola
2985 3331 3287 3403 composita
3321 3330 3414 3395 sit,
3454 3344 3521 3385 ex
3550 3346 3620 3385 eo
3653 3329 3738 3385 di-

2145 3430 2328 3488 lucide
2355 3428 2699 3501 intelligitur,
2728 3425 2875 3498 quod
2906 3427 3179 3495 impotens
3203 3423 3424 3478 animus
3454 3423 3511 3477 in
3539 3438 3739 3478 secun-

2146 3525 2277 3577 dum
2320 3521 2489 3576 totius
2529 3517 2790 3576 Ecclesiae
2833 3517 3133 3573 antistitem
3174 3516 3424 3573 convicia
3455 3525 3736 3589 congerat,

2145 3613 2368 3684 indigna
2408 3626 2636 3684 prorsus
2669 3626 2811 3682 quae,
2851 3625 2963 3665 non
2998 3609 3177 3664 dicam
3210 3608 3282 3664 ab
3314 3609 3597 3680 episcopo,
3640 3611 3739 3664 sed

2145 3703 2314 3758 etiam
2366 3702 2435 3758 ab
2491 3702 2715 3758 homine
2762 3698 3078 3757 Christiano
3125 3699 3553 3769 profundantur.
3601 3698 3740 3766 Quis

2144 3793 2294 3848 enim
2356 3794 2497 3849 ferat
2543 3792 2947 3849 sanctissimum
3003 3789 3207 3847 Christi
3255 3789 3602 3846 defensorem
3648 3807 3740 3845 re—

2144 3882 2471 3952 praesentari
2511 3882 2664 3937 velut
2704 3899 2723 3931 ‹
2763 3887 3058 3951 pastorem,
3097 3878 3193 3949 qui
3231 3894 3364 3934 oves
3405 3879 3510 3935 sibi
3548 3878 3737 3935 credi-

2144 3982 2229 4030 tas
2260 3973 2392 4030 feris
2429 3973 2629 4030 saevius
2657 3972 2970 4041 discerpat:
3007 3987 3026 4022 ι
3063 3969 3215 4025 velut
3246 3969 3548 4033 doctorem,
3588 3988 3607 4020 ς
3638 3971 3737 4040 qui

2143 4065 2407 4122 latentem
2438 4079 2685 4121 errorem
2719 4064 2775 4119 in
2803 4077 2919 4128 eos,
2948 4061 3045 4132 qui
3072 4061 3123 4117 ei
3155 4070 3368 4132 parent,
3398 4061 3734 4129 introducat,

2142 4164 2200 4213 et
2219 4157 2324 4212 sub
2347 4155 2603 4212 amicitiae
2634 4154 2818 4225 specie
2844 4155 2859 4175 ⁶
2888 4151 3117 4207 insidias
3143 4159 3353 4218 struat;
3389 4170 3407 4203 ι
3438 4150 3590 4206 velut
3611 4151 3736 4221 epi-

2143 4263 2393 4320 scopum,
2427 4268 2444 4298 ι
2475 4248 2571 4318 qui
2609 4246 2712 4302 sub
2741 4243 2963 4316 pietatis
3001 4242 3223 4298 nomine
3257 4252 3423 4313 atque
3456 4242 3648 4313 figura,
3678 4253 3737 4298 et

2144 4343 2200 4398 in
2230 4340 2468 4411 paStoris
2492 4338 2757 4410 dignitate
2782 4334 3111 4400 consistens,
3135 4334 3192 4388 in
3221 4333 3508 4389 haereticas
3528 4343 3580 4389 et
3610 4333 3735 4388 bla-

458 4424 649 4482 rabilis
700 4427 940 4493 caecitas,
985 4436 1111 4497 post
1150 4428 1322 4484 lectas
1370 4429 1608 4485 Nestorii
1656 4431 1901 4499 litteras;
1948 4440 2043 4489 aut
2073 4450 2118 4509 ο
2145 4432 2401 4503 sphemas
2444 4444 2608 4484 voces
2650 4433 2937 4497 erumpat;
2986 4444 3005 4478 ι
3040 4426 3151 4481 imo
3194 4425 3289 4496 qui
3333 4444 3352 4477 ι
3388 4424 3597 4480 dudum
3636 4439 3735 4479 ex-

456 4519 837 4576 consensionis
861 4535 989 4575 cum
1016 4521 1270 4577 Nestorio
1294 4521 1615 4593 imprudens
1641 4523 1934 4581 confessio.

525 4611 796 4682 Denique,
820 4611 917 4681 qui
961 4611 1184 4682 irrepsit
1208 4629 1367 4668 error
1399 4614 1454 4669 in
1487 4615 1825 4684 posteriores
1853 4614 2040 4672 conci-

454 4700 659 4756 liorum
703 4701 1001 4767 editiones,
1035 4701 1132 4756 ubi
1174 4718 1277 4771 pro
1313 4703 1606 4760 Theodoro
1641 4704 1845 4775 legitur
1886 4701 2039 4759 Pauli

455 4806 658 4847 nomen
692 4808 711 4847 :
753 4792 858 4848 etsi
913 4807 1025 4847 non
1096 4792 1397 4859 invenitur,
1451 4811 1631 4865 neque
1683 4796 1738 4850 in
1796 4796 2041 4852 editione

452 4884 643 4943 Graeca
668 4887 1022 4951 Commelini,
1049 4902 1231 4957 neque
1252 4887 1319 4963 in
1354 4888 1549 4944 Latina
1576 4888 1763 4945 Conti't
1797 4908 1811 4943 :
1837 4891 2037 4945 mirum

453 4994 609 5046 vero,
636 4980 692 5036 id
726 4979 797 5037 ab
826 4980 1063 5037 eruditis
1101 4980 1414 5037 editoribus
1449 4997 1561 5038 non
1592 4982 1761 5038 fuisse
1788 4984 2037 5039 animad-

453 5086 699 5129 versam.
820 5112 839 5119 -κ
1410 5102 1423 5107 ν

456 5221 703 5303 Epistolq
747 5225 867 5290 £50,,
910 5227 1213 5303 Theodoreti
1230 5270 1250 5303 ,Δ
1284 5244 1445 5299 quam
1493 5227 1636 5282 dedit
1674 5228 1743 5283 ad
1778 5226 2037 5303 Joannem

1044 5297 1445 5351 Antiochenam.
1866 5302 1887 5313 ‘

522 5439 860 5498 leestiaus
900 5454 1147 5498 summas
1193 5443 1463 5513 pontifex
1482 5445 1795 5516 scripserat
1835 5445 2043 5518 Cyrillo

447 5537 504 5585 et
525 5530 786 5587 Nestorio
820 5533 1058 5596 litteras,
1090 5530 1296 5603 quibus
1336 5537 1644 5603 mandaret,
1679 5536 1883 5611 Cyrillo
1914 5539 2038 5609 qui-

442 5620 587 5685 dem,
632 5627 691 5672 ut
722 5621 854 5684 fidei
889 5622 1121 5680 formam
1165 5624 1462 5692 scriberet;
1495 5626 1751 5683 Nestorio
1786 5642 1939 5693 vero,
1975 5633 2036 5681 ut

2145 4523 2399 4578 stinctatn
2442 4519 2764 4590 Apollinarii
2802 4518 3020 4573 inanem
3057 4517 3221 4573 simul
3257 4516 3591 4588 impiamque
3632 4516 3735 4571 do-

2143 4614 2374 4670 ctrinam
2411 4621 2659 4673 renovet,
2692 4631 2710 4662 ι
2749 4619 2854 4667 etc.

2214 4706 2303 4761 Ill.
2333 4705 2595 4775 Excipere
2621 4703 2761 4759 forte
2783 4703 3055 4775 quispiam
3081 4703 3192 4758 duo
3213 4713 3436 4775 posset:
3462 4703 3731 4773 primum,

2142 4814 2266 4855 cum
2311 4798 2693 4854 Tbeodoretus
2737 4797 2806 4853 ad
2850 4796 3116 4853 Joannem
3160 4798 3449 4861 scriberet,
3485 4797 3729 4850 amicum

2141 4890 2484 4947 familiariter
2517 4889 2586 4945 ad
2619 4890 2855 4945 amicum
2888 4889 3104 4945 litteras
3138 4888 3376 4954 dedisse,
3409 4902 3520 4958 quo
3551 4888 3604 4941 in
3635 4903 3732 4957 ge-

2141 4998 2273 5039 nere
2311 4982 2628 5054 scriptionis
2674 4982 2848 5052 major
2887 4990 2973 5035 est
3007 4981 3301 5051 minusque
3335 4995 3427 5035 rea
3468 4979 3726 5045 licentia;

2140 5075 2395 5141 alterum,
2430 5074 2483 5130 id
2513 5073 2659 5144 quod
2685 5074 2861 5128 amico
2888 5072 3031 5128 fideli
3058 5073 3408 5135 credebatur,
3440 5070 3731 5142 publican-

2140 5167 2271 5221 dum
2302 5179 2408 5221 non
2436 5166 2626 5232 fuisse,
2652 5178 2837 5235 neque
2860 5165 2917 5220 id
2946 5163 3149 5219 factum
3182 5164 3251 5220 de
3281 5163 3514 5220 consilio
3538 5161 3725 5216 Theo-

2138 5257 2336 5325 doreti,
2373 5257 2470 5313 sed
2513 5256 2884 5330 imprudentia
2929 5257 3175 5313 Joannis.
3221 5242 3437 5313 Verum
3468 5253 3725 5322 exceptio

2138 5351 2314 5408 futilis
2347 5360 2484 5409 est:
2524 5366 2652 5406 nam
2696 5350 3186 5421 reprehensionem
3229 5348 3723 5406 anathematismo-

2138 5460 2260 5499 rum
2289 5441 2972 5514 publicari-Tbeodoretus
3001 5442 3198 5508 voluit,
3231 5449 3302 5497 ut
3336 5448 3531 5512 aperte
3548 5436 3726 5510 signis

2138 5533 2284 5600 iit-at,
2316 5549 2441 5590 cum
2469 5533 2691 5589 lectoris
2718 5534 2989 5599 meminit,
3019 5533 3371 5604 epistolaeque
3397 5531 3561 5586 finem
3593 5545 3721 5586 cum

2138 5626 2566 5697 reprehensione
2603 5626 2685 5682 sic
2716 5627 2929 5691 nexuit,
2959 5634 3021 5681 ut
3048 5625 3279 5696 epistola
3312 5624 3384 5680 sit
3414 5622 3719 5693 reprehen-

426 5706 821 5779 praescriptam
856 5712 1258 5781 subscriberet,
1288 5715 1641 5774 interminata
1677 5717 2037 5788 depositionis
2135 5718 2308 5774 sionis
2346 5718 2653 5774 necessaria
2689 5718 2956 5791 praefatio,
2993 5716 3138 5789 quod
3179 5716 3416 5775 intuenti
3464 5722 3720 5786 apertum
