4024 6152
346 248 457 313 313

1552 265 1646 323 DE
1684 267 1939 327 LIBRIS
1976 269 2483 331 THEODORETI.

3505 270 3609 335 3M

347 369 475 455 est,
509 362 653 419 unde
699 364 970 434 Evoptius
1016 376 1305 443 utramque
1354 390 1462 429 una
1498 375 1704 447 Cyrillo
1752 390 1931 435 trans-
1962 385 2001 439 A
2034 382 2090 435 id
2133 392 2236 445 est,
2273 400 2417 438 anno
2458 386 2580 449 431,
2619 384 2843 441 circiter
2876 382 3377 455 Quadragesimam.
3410 383 3613 439 lllatio—

346 452 525 507 misit.

416 543 507 599 IV.
541 546 621 599 Ad
648 551 898 607 convicia
932 554 1263 611 Theodoreti
1300 557 1537 629 Cyrillus
1567 563 1704 616 nihil
1738 575 1933 632 praeter

345 635 630 692 modestia:
645 643 954 699 severiores
979 646 1126 714 leges
1148 651 1453 717 respondit,
1476 653 1593 718 sed,
1612 655 1748 709 actis
1767 670 1933 709 cvan-

344 726 526 794 gelico
559 731 741 785 animo
774 736 968 803 gratiis
1008 737 1139 803 Deo,
1172 739 1546 811 auxiliumque
1583 744 1929 813 deprecatus,

343 825 401 870 et
451 818 674 877 laudato
720 823 1070 881 Theodoreto
1107 828 1176 883 ab
1216 830 1528 899 eloquentia
1562 846 1618 889 et
1652 851 1929 889 sacrarum

345 908 677 967 Litterarum
718 932 827 970 non
866 920 1130 974 mediocri
1171 922 1503 991 cognitione,
1540 925 1593 979 id
1637 942 1807 980 unum
1839 942 1932 981 ex—

344 1004 513 1070 cepit,
548 1006 694 1073 quod
731 1010 1095 1077 reprehensor
1134 1013 1437 1080 videretur,
1469 1026 1564 1071 aut
1601 1021 1928 1074 sententiam

344 1093 931 1152 anathematismorum
977 1116 1087 1154 non
1133 1118 1254 1157 esse
1297 1114 1603 1171 assecutus,
1643 1115 1738 1162 aut
1786 1109 1932 1164 illius

342 1179 529 1245 potius
574 1198 631 1236 se
675 1183 1014 1253 ignorantem
1060 1188 1302 1256 ﬁnxisse,
1344 1203 1405 1246 ut
1452 1196 1686 1250 aliorum
1735 1199 1933 1253 studiis

342 1269 679 1341 indulgeret.
701 1274 1024 1346 Quanquam
1050 1281 1256 1337 urbane
1278 1285 1417 1340 ridet
1444 1287 1546 1340 sub
1573 1288 1756 1353 tinent,
1781 1291 1929 1359 quod

341 1360 410 1415 de
441 1378 607 1431 pomo
634 1366 923 1426 discordiae
952 1372 1334 1429 Theodoretus
1358 1392 1388 1429 e
1419 1376 1618 1433 fabulis
1648 1381 1929 1446 attulerat,

340 1454 616 1524 siquidem
651 1474 760 1513 non
804 1462 994 1517 deceat
1041 1464 1351 1537 theologica
1390 1477 1712 1525 tractantem
1758 1472 1812 1527 in
1850 1473 1933 1528 fa-

335 1543 487 1601 bulis
519 1553 753 1606 versari.

408 1638 473 1693 V.
515 1640 642 1695 Hzec
674 1659 843 1711 porro
876 1647 1119 1716 epistola
1138 1665 1247 1703 non
1288 1650 1563 1708 incuriose
1603 1654 1707 1725 legi
1740 1655 1925 1720 debet,

2033 486 2159 526 nem
2200 474 2341 527 hanc
2378 475 2573 543 probat
2612 491 2775 529 causa
2812 475 3087 530 scribendi
3120 490 3243 529 mox
3272 474 3526 537 adducta,
3557 482 3612 528 et

2032 565 2204 618 series
2230 574 2614 634 exeerptorum
2645 567 2699 620 in
2725 568 2913 635 quinta
2942 566 3150 636 synodo
3177 567 3569 637 productorum
3593 582 3606 618 :

2032 670 2134 708 suo
2155 657 2299 709 enim
2324 656 2514 711 ordine
2549 658 2809 726 temporis
2835 658 3205 711 adducuntur.

2106 748 2168 801 V.
2210 748 2355 802 Nihil
2398 750 2847 803 contumeliosius
2897 750 2951 801 in
3002 748 3185 818 Cyrilli
3232 761 3516 815 personam
3556 753 3609 797 et

2032 838 2342 892 doctrinam
2376 839 2486 893 dici
2520 849 2701 909 potest
2733 844 2785 906 ¹;
2821 856 2942 894 nam
2974 840 3209 911 Cyrillns
3244 839 3444 906 impius
3476 838 3612 890 diei.-

2034 938 2123 984 tur
2151 946 2214 985 ac
2244 931 2517 1001 malignus
2550 931 2833 1001 IEgyplius
2878 950 2889 984 :
2936 932 3186 986 doctrina
3225 948 3355 985 vero
3390 940 3611 982 notatur

2032 1021 2188 1089 quasi
2228 1039 2246 1071 ‹
2284 1037 2349 1075 ex
2382 1035 2564 1074 amara
2606 1021 2925 1089 Apollinarii
2967 1022 3149 1075 radice
3188 1030 3328 1083 orta,
3365 1021 3608 1089 ejusdem

2031 1124 2155 1163 cum
2186 1111 2314 1163 Ario
2345 1119 2400 1164 et
2432 1110 2703 1163 Eunomio
2730 1110 3099 1179 blasphemiae,
3134 1128 3241 1163 non
3286 1111 3548 1163 dilfcrens
3580 1125 3611 1163 a

2032 1201 2327 1263 Valentini,
2360 1201 2591 1255 Manetis
2635 1210 2798 1270 atque
2826 1201 3115 1254 Marcionis
3157 1202 3387 1264 insania,
3433 1201 3611 1255 Mace-

2031 1291 2179 1345 donii
2210 1291 2444 1355 soboles,
2478 1310 2495 1341 ι
2533 1300 2638 1345 etc.
2667 1290 3119 1345 Anathematismi
3144 1290 3352 1344 scilicet
3378 1298 3613 1358 quatuor

2032 1381 2266 1435 maxime
2334 1381 2747 1451 impugnantur,
2796 1381 2851 1435 in
2915 1380 3118 1449 quibus
3168 1381 3318 1434 visus
3370 1389 3454 1434 est
3507 1380 3613 1434 sibi

2033 1472 2413 1526 Theodoretus
2453 1472 2642 1526 videre
2691 1473 2872 1525 varios
2920 1472 3300 1525 haereticorum
3341 1487 3561 1526 errores
3596 1490 3609 1524 :

2031 1565 2085 1618 in
2133 1565 2311 1633 primo
2349 1580 2567 1634 nempe.
2600 1563 2963 1633 Apollinarii;
3012 1564 3065 1616 in
3108 1564 3367 1625 secundo,
3403 1564 3517 1617 Arii
3559 1572 3615 1617 et

2031 1654 2317 1719 Eunomii;
2345 1654 2399 1707 in
2422 1662 2637 1723 quarto,
2656 1654 2949 1716 Valentini,
2969 1652 3198 1706 Manctis
3220 1662 3275 1705 et
3293 1652 3612 1717 Marcionis;

335 1732 786 1802 quandoquidem
826 1738 1093 1803 continet,
1136 1741 1281 1795 unde
1325 1744 1497 1812 possit
1537 1746 1927 1801 nonnullorum
1962 1750 2003 1809 Β
2032 1744 2087 1797 in
2110 1758 2278 1807 nono,
2308 1743 2611 1797 Macedonii
2642 1742 2707 1795 de
2742 1740 2950 1809 Spiritu
2994 1748 3182 1793 sancto
3216 1740 3471 1793 hreresin.

333 1822 515 1876 audax
556 1840 657 1894 pro
690 1826 1039 1884 Theodoreto
1083 1830 1332 1886 defensio
1379 1834 1578 1889 refelli.
1621 1836 1756 1889 Nam
1800 1852 1923 1891 cum

332 1914 690 1971 adducuntur
730 1933 799 1973 ex
846 1920 1131 1975 veteribus
1182 1926 1561 1981 monumentis
1603 1937 1928 1998 argumenta

333 2022 436 2076 per
481 2022 542 2062 se
595 2009 963 2066 ineluctabilia
1017 2013 1280 2070 adversus
1327 2017 1767 2087 Theodoretum,
1816 2037 1927 2075 non

330 2098 674 2155 erubescunt
724 2102 803 2156 illi
850 2105 1246 2175 suppositionis
1302 2111 1622 2179 exceptione
1672 2114 1773 2179 uti,
1815 2114 1929 2170 hanc

330 2201 552 2255 contra,
584 2195 887 2262 quantaevis
932 2198 1280 2266 antiquitatis
1322 2201 1433 2256 sint
1471 2218 1593 2272 qua:
1632 2206 1929 2275 proferun-

332 2290 429 2337 tur
458 2294 847 2351 monumenta;
876 2302 979 2341 nec
1010 2289 1467 2359 suppositionem,
1491 2310 1613 2364 qua:
1650 2298 1932 2353 confiden-

331 2375 407 2429 tia
433 2384 541 2440 est,
569 2375 788 2431 aliunde
818 2378 1077 2446 probant,
1107 2396 1273 2449 quam
1302 2382 1454 2453 quia,
1477 2386 1521 2441 si
1548 2387 1930 2458 reciperentur

331 2468 486 2522 velut
534 2470 802 2538 genuina,
844 2469 1123 2525 fatendum
1168 2482 1345 2537 esset,
1391 2474 1803 2537 Theodoretum
1848 2481 1930 2534 in-

330 2554 498 2627 digna
533 2558 792 2629 episcopo
818 2558 901 2612 sui
930 2558 1170 2613 nominis
1195 2562 1444 2618 convicia
1472 2568 1787 2636 projccisse.
1822 2569 1929 2625 Sed

330 2662 456 2716 qua:
492 2648 714 2702 tandem
757 2648 1029 2704 atrociora
1072 2648 1192 2705 istis
1236 2656 1507 2726 projicere
1550 2674 1791 2729 unquam
1832 2677 1932 2731 po-

334 2739 481 2793 luit?

331 2893 495 2966 365
534 2899 550 2915 ’
575 2896 817 2974 Ερῑδιρια
842 2902 977 2974 iiii,
1011 2920 1171 2974 quam
1215 2903 1563 2957 Theodoretus
1590 2912 1774 2959 contra
1805 2923 1929 2960 san-

550 2976 692 3023 ctum
727 2969 988 3041 Cyrillum
1020 2969 1090 3029 ad
1122 2976 1449 3029 monasteria
1483 2976 1710 3045 scripsit.

401 3100 445 3155 I.
471 3100 608 3167 Quae
646 3102 736 3157 hic
762 3104 1049 3177 inscriptio
1081 3118 1185 3171 est,
1224 3107 1417 3162 eadem
1453 3105 1656 3176 legitur
1688 3107 1745 3160 in
1774 3108 1927 3163 Actis
1954 3087 2000 3150 ο

335 3204 367 3244 v
390 3192 611 3262 synodi,
642 3194 930 3251 collatione
961 3199 1023 3264 5;
1066 3214 1176 3268 quo
1210 3200 1263 3253 in
1304 3199 1425 3253 loco
1468 3204 1723 3267 excerpta
1749 3200 1931 3268 profe-

341 3294 539 3337 runtur
562 3301 627 3339 ex
658 3286 813 3341 libris
847 3289 954 3344 illis
980 3290 1335 3355 Theodoreti,
1374 3306 1512 3360 quos
1552 3283 1702 3344 velut
1734 3292 1930 3346 adver-

336 3388 433 3430 sos
460 3375 607 3442 ﬁdei,
639 3387 695 3433 et
736 3380 791 3433 in
822 3379 1084 3453 Cyrillum
1129 3383 1443 3454 injuriosos,
1475 3393 1661 3441 sancta
1690 3386 1929 3456 synodus

329 3464 639 3522 damnavit.

406 3559 471 3614 il.
518 3560 652 3627 Quae
695 3562 763 3617 ad
806 3565 1138 3619 monasteria
1183 3566 1477 3633 scribatur,
1507 3568 1609 3623 etsi
1655 3568 1931 3638 expressis

329 3650 522 3707 verbis
550 3668 662 3706 non
690 3656 957 3723 aperitur,
985 3672 1161 3725 neque
1195 3657 1246 3711 in
1265 3658 1420 3714 Actis
1449 3677 1480 3713 v
1512 3660 1727 3730 synodi,
1751 3675 1929 3729 neque

330 3743 481 3814 apud
514 3744 802 3815 Hugonem
836 3746 1220 3811 Etherianum,
1246 3750 1337 3819 qui
1367 3749 1730 3821 fragmentum
1757 3751 1931 3805 addu-

330 3835 438 3899 cit;
477 3834 645 3889 docet
685 3845 866 3892 tamen
907 3848 1093 3908 aperte
1140 3841 1313 3895 codex
1356 3840 1578 3896 Graecus
1618 3842 1928 3896 manuscri-

331 3934 463 3995 ptus
499 3942 603 3979 ml
643 3927 997 3985 Bibliotheca:
1044 3932 1349 4001 imperialis
1381 3932 1842 3997 Vindobonensis,
1874 3933 1929 3986 in

332 4031 449 4084 quo
479 4016 800 4072 continetur
836 4020 1065 4088 epistola
1099 4020 1167 4075 ad
1203 4022 1501 4077 monachos
1530 4023 1927 4093 Euphratesiaz,

331 4102 659 4171 Osrhoenze,
694 4107 882 4178 Syriaz,
919 4109 1219 4176 Phcenicis,
1251 4119 1307 4165 et
1339 4110 1565 4178 Ciliciae,
1594 4112 1699 4167 hoc
1728 4111 1925 4166 titulo:

333 4195 713 4269 Θεοδωρίτου,
769 4202 907 4271 πρὸς
960 4204 1085 4264 τοὺς
1137 4202 1196 4254 ὲν
1264 4205 1328 4273 τῇ
1385 4202 1782 4273 Εὐφρατησίᾳ,
1838 4204 1931 4255 καὶ

350 4289 646 4362 Ὀσρσηνῇ,
682 4294 775 4345 καὶ
816 4294 1009 4365 Συρίᾳ,
1042 4295 1136 4347 καὶ
1172 4295 1414 4366 Φοινίκῃ,
1450 4297 1544 4349 καὶ
1578 4295 1803 4367 Κιλικίᾳ
1834 4312 1929 4365 μο-

2103 1836 2191 1891 Vi.
2225 1836 2345 1889 Erit
2373 1835 2530 1899 forte,
2559 1836 2667 1887 imo
2692 1848 2879 1887 revera
2908 1832 3030 1895 fuit,
3055 1839 3114 1883 ut
3135 1831 3320 1894 audio,
3350 1831 3441 1899 qui
3469 1838 3615 1882 tanta

2031 1922 2085 1976 in
2119 1921 2382 1994 Cyrillum
2410 1923 2676 1987 convicia,
2708 1921 3093 1990 indoctamque
3128 1920 3615 1975 anathematismo-

2030 2029 2154 2066 rum
2201 2013 2691 2083 reprehensionem
2744 2013 3005 2076 miratus,
3064 2014 3399 2083 suppositam
3448 2010 3615 2063 fuisse

2032 2104 2382 2159 Theodoreto
2426 2105 2715 2174 epistolam
2760 2104 2951 2158 credat
2985 2121 3000 2158 ε
3033 2104 3128 2158 sed
3178 2105 3230 2157 in
3280 2100 3615 2157 contrarium

2028 2192 2240 2247 faciunt
2265 2194 2512 2262 quinque
2535 2200 2857 2263 argumenta
2890 2195 2931 2245 ³.
2969 2194 3021 2245 l.
3054 2192 3370 2246 Auctoritas
3400 2189 3618 2244 concilii

2028 2285 2359 2339 mcumenici
2392 2300 2458 2338 ex
2494 2285 2658 2355 θῦε
2684 2285 2772 2337 his
2796 2284 3178 2338 instrumentis
3206 2283 3615 2336 ’l'heodoretum

2028 2375 2363 2431 damnantis.
2402 2375 2457 2429 2.
2502 2374 2821 2430 Constantia
2871 2377 3160 2430 sententia:
3198 2375 3266 2428 de
3303 2372 3621 2427 anathema-

2032 2468 2323 2522 tismorum
2348 2484 2533 2532 sensu,
2560 2468 2873 2537 ubicunque
2895 2467 2962 2522 de
2988 2468 3120 2537 ipsis
3140 2467 3340 2536 agitur.
3364 2466 3415 2519 ’5.
3444 2465 3620 2518 Theo-

2028 2555 2420 2612 doreti‘caacus
2465 2564 2521 2610 et
2560 2557 2615 2610 in
2642 2557 2956 2611 Nestorium
2991 2570 3165 2619 amor,
3194 2564 3249 2609 et
3273 2557 3326 2609 in
3354 2553 3619 2625 Cyrillum

2029 2664 2171 2718 pene
2192 2648 2371 2705 furor.
2396 2650 2451 2702 4.
2479 2649 2877 2703 Testimonium
2921 2648 3166 2719 Hugonis
3190 2648 3494 2708 Etheriani,
3521 2645 3618 2715 qni

2027 2757 2095 2796 ex
2116 2757 2181 2797 ea
2203 2742 2570 2812 fragmentum
2603 2742 2771 2796 refert
2799 2742 2867 2797 de
2893 2742 3100 2811 Spiritu
3127 2750 3336 2797 sancto.
3365 2743 3417 2796 5.
3446 2740 3618 2794 Tanta

2028 2835 2324 2889 consensio
2362 2835 2609 2904 epistolae
2652 2849 2777 2887 cum
2827 2833 3253 2903 reprehensione
3298 2831 3619 2886 anathema-

2032 2925 2344 2990 tismorum,
2381 2933 2443 2978 ut
2469 2923 2618 2978 aliud
2651 2940 2761 2977 non
2793 2923 3046 2977 videatur
3077 2938 3218 2987 esse,
3252 2936 3414 2991 quam
3449 2919 3621 2988 ipsius

2031 3016 2289 3087 quasdam
2326 3017 2654 3071 contractio.

2032 3150 2274 3222 Epistola
2313 3149 2434 3216 152,
2478 3148 2684 3204 Relatio
2723 3150 3073 3205 Orientalium
3114 3150 3183 3204 ad
3219 3152 3614 3220 imperatorem.

2101 3286 2180 3341 Ne
2204 3296 2402 3341 sancta:
2442 3288 2651 3358 quidem
2680 3286 3030 3349 Pentecostes,
3070 3294 3179 3339 etc.
3212 3286 3287 3339 De
3325 3283 3622 3339 Orientali-

2030 3378 2136 3433 bus
2180 3395 2287 3432 non
2322 3391 2407 3433 est
2439 3395 2645 3443 sermo,
2685 3379 2779 3434 sed
2824 3379 2891 3433 de
2926 3378 3163 3432 Nestorii
3197 3377 3511 3431 comitibus.
3539 3377 3620 3431 ΙΙΙί

2031 3470 2178 3525 enim
2211 3470 2304 3525 diu
2340 3477 2463 3540 post
2490 3471 2855 3524 Pentecosten
2888 3476 3182 3531 venerunt,
3220 3468 3297 3521 illi
3332 3476 3476 3521 ante.
3511 3467 3621 3521 Cur

2030 3578 2164 3616 vero
2204 3563 2546 3617 Nestorianis
2588 3563 2802 3617 nullum
2849 3561 3089 3631 patuerit
3136 3564 3421 3630 templum,
3460 3559 3624 3633 Egy-

2033 3654 2124 3709 tiis
2149 3670 2281 3709 vero
2308 3654 2631 3724 ueterisque
2665 3654 2924 3724 patuerit,
2956 3668 3119 3708 causa
3145 3653 3380 3707 obscura
3406 3662 3509 3706 est.
3541 3652 3623 3707 An

2031 3745 2179 3815 quod
2224 3744 2535 3799 Nestoriani
2574 3746 2959 3800 communione
3006 3745 3157 3798 velut
3195 3742 3439 3797 haeretici
3471 3758 3623 3797 arce-

2032 3837 2259 3892 rentur?
2292 3836 2361 3889 At
2394 3836 2628 3891 necdum
2663 3837 2907 3891 damnati
2945 3842 3123 3891 erant.
3163 3835 3243 3889 An
3284 3835 3413 3903 quia
3449 3850 3625 3903 popu-

2030 3929 2120 3983 lus
2146 3928 2349 3982 mirum
2382 3928 2435 3982 in
2470 3929 2693 3983 modum
2734 3928 2990 3983 addictus
3022 3928 3191 3981 cultui
3227 3927 3399 3981 beata;
3440 3926 3622 3996 Virgi-

2031 4018 2154 4083 nis,
2206 4018 2400 4072 oderat
2448 4018 2702 4075 homines
2754 4018 2987 4084 θεοτόκῳ
3033 4017 3315 4071 infensos?
3363 4018 3431 4071 At
3483 4018 3623 4072 nihil

2032 4109 2303 4179 ejusmodi
2353 4110 2532 4178 questi
2578 4119 2707 4165 sunt
2745 4110 3078 4164 Nestoriani.
3122 4109 3331 4180 Opinor
3376 4111 3622 4165 Memno-

2033 4217 2194 4265 nem,
2242 4209 2467 4270 pr0pter
2514 4201 2771 4256 tuendam
2825 4217 2935 4255 suae
2982 4202 3128 4256 sedis
3177 4203 3623 4273 praerogativam,

2036 4296 2053 4315 ‘
2089 4308 2213 4346 cum
2246 4292 2502 4346 Nestorio
2536 4293 2834 4346 convenire
2863 4293 3107 4347 noluisse
3140 4311 3152 4345 :
3186 4302 3449 4347 tentasset
3478 4294 3625 4347 enim

336 4381 623 4447 νὰζοντας.
662 4384 1003 4455 Principium
1041 4402 1175 4441 vero
1216 4395 1337 4441 est:
1383 4386 1558 4457 Ὁρῶν
1601 4387 1700 4458 τὴν
1747 4388 1805 4440 ὲν
1853 4385 1931 4457 τῷ

2036 4384 2350 4447 Nestorius,
2398 4383 2574 4437 fretus
2611 4385 2735 4454 jure
2784 4385 2877 4438 illo
2922 4386 3161 4455 litigioso
3194 4401 3306 4439 sua:
3341 4385 3516 4448 sedis,
3570 4384 3624 4437 in

338 4473 570 4539 παρόντι
610 4476 785 4546 καιρῷ
816 4478 917 4548 τῆς
970 4476 1293 4547 Ἐκκλησίας
1335 4478 1668 4531 κατάστασιν
1713 4477 1778 4542 °’,
1820 4485 1928 4532 etc.

416 4563 505 4620 ill.
545 4568 839 4622 Scribebat
884 4584 1015 4623 vero
1048 4569 1429 4624 Theodoretus
1460 4568 1748 4638 epistolam
1782 4569 1931 4638 ejus-

339 4661 489 4716 modi
517 4660 853 4730 encyclieam
888 4660 954 4714 ad
982 4661 1278 4715 orientales
1320 4661 1637 4723 monachos,
1675 4667 1735 4714 ut
1770 4676 1865 4715 eos
1902 4679 1931 4716 a

342 4751 599 4821 partibus
628 4748 816 4820 Cyrilli
863 4758 1158 4813 averteret,
1201 4749 1662 4818 quemadmodum
1697 4749 1934 4820 Cyrillus

341 4840 649 4912 Egyptios,
679 4842 936 4910 ipsosque
962 4841 1127 4895 etiam
1152 4840 1789 4911 Constantinopolitanos
1819 4858 1936 4896 mo-

342 4932 555 4987 nachos
581 4949 611 4986 a
635 4933 886 4987 Nestorio
912 4933 1235 4987 abduxerat.

415 5025 504 5079 iV.
540 5025 719 5094 Atque
755 5026 887 5079 hinc
925 5034 1162 5095 tempus,
1198 5041 1307 5095 quo
1346 5026 1511 5080 missa
1542 5033 1646 5091 est,
1685 5041 1793 5081 non
1826 5028 1931 5081 im-

342 5118 713 5189 probabiliter
754 5118 1008 5183 infertur,
1039 5134 1149 5187 quo
1190 5133 1387 5187 nempe
1427 5127 1697 5174 venerunt
1739 5119 1794 5172 in
1841 5135 1933 5172 ur-

343 5209 472 5265 bem
501 5210 707 5281 regiam
733 5210 801 5265 ad
821 5210 1138 5266 Nestorium
1166 5210 1628 5280 reprehensiones
1655 5195 1928 5279 capitum:

2038 4478 2163 4533 Asia
2215 4476 2546 4546 praesidere,
2590 4478 2739 4531 velut
2785 4479 2839 4530 in
2879 4478 3123 4531 Ecclesia
3170 4492 3281 4532 sua:
3323 4476 3621 4531 dimeesis:

2038 4569 2185 4639 quod
2223 4568 2266 4622 si
2320 4568 2538 4623 tulisset
2582 4568 2878 4632 Memnon,
2926 4567 3265 4622 deseruisset
3333 4567 3621 4635 antiquum

2038 4677 2149 4716 sua:
2195 4658 2589 4728 autocephalize
2616 4660 2725 4729 jus,
2771 4658 2900 4713 olim
2948 4674 2977 4712 a
3015 4658 3405 4729 Chrysostomo
3448 4664 3625 4711 tenta-

2040 4761 2189 4818 tum;
2218 4752 2365 4821 qnod
2395 4750 2656 4815 retinere,
2680 4768 2804 4806 eum
2839 4752 2974 4806 alias
3006 4751 3133 4806 totis
3164 4750 3378 4804 viribus
3408 4750 3499 4803 vix
3528 4763 3626 4818 po-

2040 4846 2258 4908 tuisset,
2288 4860 2435 4900 nunc
2456 4860 2521 4900 ea
2548 4861 2731 4900 rerum
2756 4845 3074 4899 conditione
3098 4844 3256 4897 facile
3280 4842 3517 4897 valebat.

2110 4936 2503 5000 Candidianus,
2534 4946 2642 4991 etc.
2675 4938 3110 4992 Domesticorum
3145 4937 3232 4989 ille
3275 4950 3458 4989 comes
3497 4949 3622 4989 cum

2037 5028 2291 5083 Nestorio
2338 5027 2442 5082 fuit
2485 5029 2726 5083 amicitia
2777 5030 3123 5098 conjunctus,
3166 5027 3397 5096 ideoque
3446 5039 3626 5079 causa:

2038 5121 2323 5176 catholicae
2352 5137 2461 5175 non
2491 5121 2622 5175 satis
2656 5136 2867 5189 aequus.
2908 5121 3043 5175 Nam
3068 5128 3123 5174 et
3157 5136 3281 5174 cum
3313 5118 3379 5173 de
3405 5116 3624 5188 negotio

2039 5211 2401 5284 defositionis
2444 5213 2684 5269 NestOrii
2736 5212 2948 5267 diceret
3004 5228 3189 5268 coram
3229 5209 3623 5276 Orientalibus,

1660 5360 1978 5421 SCHULZII
2018 5361 2250 5418 NOTAE.

417 5485 464 5515 ”
496 5482 632 5537 Vide
669 5482 936 5556 integram
986 5482 1271 5556 epistolam
1315 5480 1500 5536 Grzece
1540 5480 1606 5535 ad
1641 5480 2017 5556 apographum
2078 5479 2312 5556 Vindob.
2347 5496 2624 5556 excusam,
2690 5490 2740 5556 t._
2787 5482 2875 5547 lV,
2939 5497 2992 5551 p.
3026 5481 3310 5556 l_‘291_seq.
3383 5474 3627 5556 Delenda

345 5553 574 5607 fuerunt
608 5568 729 5622 qua:
770 5545 1073 5608 Carnerius
1113 5552 1180 5606 de
1244 5567 1435 5622 manca
1468 5559 1590 5617 Ista,
1627 5545 1787 5620 quam
1820 5545 2069 5622 dederat,
2101 5550 2293 5622 Latina
2314 5552 2599 5622 _versione,
2623 5562 2679 5606 et
2710 5553 2777 5607 de
2823 5545 3001 5608 textus
3028 5550 3201 5622 βιῳςί
3239 5545 3488 5622 exemplo
3520 5545 3631 5597 sibi

346 5616 989 5695 denegato'scripserat.
1054 5623 1195 5695 ‘ilis
1227 5621 1441 5695 gemina
1480 5622 1591 5675 vid.
1620 5616 1805 5691 supra,
1834 5637 1887 5691 p.
1920 5621 2169 5695 l_55_seq.
2241 5621 2261 5649 ’
2295 5620 2556 5695 Quinque.
2597 5622 2742 5677 Edit.
2778 5623 2930 5695 prior
2968 5620 3207 5677 habebat
3235 5633 3346 5685 sex,
3376 5616 3469 5673 sed
3498 5628 3645 5668 non-

347 5692 456 5750 nisi
488 5690 733 5767 quinque
765 5690 995 5764 proferri
1040 5690 1286 5749 videmus
1319 5692 1581 5759 rationes,
1614 5690 1815 5762 eaSque
1855 5692 1989 5748 satis
2034 5690 2299 5747 infirmas.
2341 5690 2460 5749 Vid.
2496 5708 2684 5763 supra,
2716 5690 2928 5765 p.108.
