4056 6174
416 252 526 325 διδ

1528 260 1906 322 GARNERII
1942 256 2441 319 DlSSERTATIO
2480 260 2562 319 II.

3586 250 3693 317 316

424 370 599 427 multa
632 368 901 425 mentitus
917 376 1027 433 est,
1055 374 1113 424 et
1132 366 1353 423 obstitit
1378 368 1585 425 clausis
1617 367 1742 434 viis,
1766 383 1837 423 ne
1883 382 2008 439 syn-
2037 369 2084 426 Α
2112 367 2191 421 ris
2211 382 2337 424 cum
2365 368 2732 437 praecedente,
2761 375 2929 437 atque
2956 365 3097 422 adeo
3125 360 3483 426 Theodoreti,
3506 362 3695 419 nullus

432 462 527 518 odi
556 461 840 517 catholicae
866 460 1066 517 litterae
1094 458 1164 519 ad
1190 459 1587 530 imperatorem
1637 460 1922 526 venirent;
1954 468 2012 516 et

427 548 495 604 ad
543 548 724 620 ipsum
764 548 1155 618 imperatorem
1209 549 1400 604 retulit
1447 549 1788 606 mendaciter
1830 568 1843 604 :
1888 565 2012 621 quae

428 653 592 693 causa
623 638 748 704 fuit,
783 653 884 693 cur
917 645 1042 708 post
1073 637 1366 697 veritatem
1400 641 1643 712 agnitam
1668 642 1738 699 ab
1765 642 1890 698 aula
1912 658 2011 699 ex-

427 730 749 801 pelleretur.

505 817 697 872 Vestris
723 818 941 881 decretis
973 819 1315 886 conculcatis,
1347 830 1456 877 etc.
1485 821 1621 877 Mira
1647 821 2011 879 Orientalium

427 906 688 961 audacia!
726 907 786 960 In
832 924 942 978 quo
990 910 1137 964 enim
1180 911 1371 966 Patres
1416 914 1772 968 mcumenicat
1818 913 2012 985 synodi

426 998 701 1052 violarunt
744 999 968 1054 decreta
1012 1001 1364 1072 principum?
1398 1003 1727 1059 Condictum
1773 1012 1894 1060 erat
1942 1006 2011 1060 ad

428 1089 573 1144 diem
629 1091 1002 1147 Pentecostes.
1055 1092 1449 1150 Convenerunt
1499 1096 1830 1166 patriarchae
1878 1104 2008 1164 tres,

425 1179 695 1252 Cyrillus,
740 1182 1030 1240 Nestorius
1068 1193 1125 1239 et
1169 1185 1481 1252 Iuvenalis,
1532 1188 1716 1257 plures
1759 1188 2013 1246 ducentis

425 1274 671 1344 episcOpi
698 1275 968 1342 aderant;
997 1287 1371 1347 exspectatum
1388 1288 1475 1335 est
1502 1279 1643 1334 ultra
1672 1280 2008 1349 condictum,

427 1365 626 1421 diebus
670 1368 803 1421 totis
855 1368 1209 1437 quindecim,
1249 1386 1459 1426 moram
1514 1373 1568 1427 in
1619 1372 1706 1427 via
1759 1374 2012 1431 trahebat

427 1448 667 1526 maligno
684 1458 915 1515 consilio
937 1459 1347 1525 Antiochenus;
1374 1462 1620 1516 incertus
1639 1471 1760 1517 erat
1784 1473 2012 1534 propter

428 1548 599 1603 maris
626 1547 1054 1604 inconstantiam
1082 1549 1518 1606 Occidentalium
1544 1552 1842 1609 adventus.
1881 1556 2011 1611 Post

425 1634 655 1694 Joannis
704 1655 1051 1710 responsum,
1099 1642 1376 1697 monentis
1426 1643 1636 1706 Patres,
1681 1651 1743 1696 ut
1782 1654 2009 1714 agerent

425 1730 572 1800 quod
597 1733 869 1802 agendum
895 1742 1174 1803 putarent,
1206 1733 1411 1790 factum
1433 1744 1518 1789 est
1540 1736 1734 1806 synodi
1765 1736 2007 1805 initium,

426 1820 819 1891 tergiversante
854 1822 1078 1892 quidem
1114 1822 1397 1890 Nestorio;
1439 1825 1556 1891 sed,
1579 1838 1801 1879 reorum
1838 1842 2010 1896 more,

418 1911 689 1982 judicium
723 1911 1084 1968 detrectabat.

495 2001 940 2070 Prestolabatur,
1000 2012 1108 2060 etc.
1165 2004 1518 2064 Praestolatus
1564 2019 1657 2067 est
1695 2014 1872 2084 reipsa
1905 2013 2012 2087 Cy-

424 2091 584 2147 rillus
613 2107 741 2147 cum
782 2091 1076 2149 catholicis
1112 2108 1216 2165 per
1244 2095 1368 2152 dies
1399 2097 1716 2167 quindecim
1752 2121 1769 2158 :
1797 2104 1895 2161 sed
1927 2104 2014 2159 in-

424 2181 707 2253 telligebat
733 2182 921 2247 simul,
945 2196 1060 2253 quo
1082 2191 1359 2254 spectaret
1383 2186 1640 2246 alectata
1668 2190 1739 2246 ab
1759 2191 2013 2249 Orienta-

422 2270 575 2328 libus
615 2273 718 2329 vic
756 2287 933 2340 mora,
963 2289 1165 2346 nempe
1204 2276 1275 2332 ad
1315 2279 1502 2336 omnia
1531 2282 1929 2352 perturbatis,
1956 2295 2016 2342 ot

423 2378 527 2434 per
574 2363 658 2419 tas
709 2377 775 2420 ac
826 2364 982 2421 netu
1030 2364 1398 2426 invadendam
1452 2372 1649 2445 synodi
1706 2374 2013 2446 presiden-

425 2458 582 2513 tiam.

495 2548 660 2622 367
686 2547 940 2622 Reliquos
967 2554 1518 2622 manui,
1540 2565 1648 2614 etc.
1680 2558 1754 2617 Ut
1775 2558 2017 2619 Joannes

426 2641 639 2714 synodo
689 2641 1012 2714 praesideret
1027 2683 1044 2711 ,
1091 2659 1392 2717 rerumque
1433 2648 1645 2719 potitus
1697 2660 1897 2710 cuncta
1945 2666 2017 2710 ea

426 2733 661 2790 arbitrio
701 2732 1067 2791 Orientalium
1111 2746 1437 2810 perageret,
1485 2741 1654 2796 traxit
1699 2757 1910 2800 moram
1956 2745 2017 2801 in

427 2826 536 2890 via,
577 2825 753 2881 donec
779 2825 1070 2883 Nestorius
1099 2827 1507 2899 deponeretur;
1540 2832 1795 2904 deposito
1831 2836 2016 2892 statim

427 2917 723 2982 advolavit,
765 2926 827 2972 ut
856 2917 1156 2974 adventum
1196 2920 1498 2992 legatorum
1529 2923 1678 2979 sedis
1705 2926 2018 2995 apostolica:

2111 469 2198 514 est
2232 458 2520 530 dubitandi
2553 460 2730 524 locus,
2766 460 2812 514 si
2847 458 3217 514 adhibeantur
3260 455 3537 526 κριτήρια,
3571 469 3693 524 qua:

2113 552 2313 619 solent,
2342 560 2400 606 et
2435 552 2529 607 ﬁat
2555 552 2778 608 collatio
2804 565 2932 606 cum
2965 550 3234 606 concione
3259 547 3447 603 habita
3470 546 3694 603 Chalce-

2113 644 2257 701 done
2290 660 2324 700 a
2350 643 2721 710 Theodoram,
2756 645 2773 666 θ
2799 644 2857 698 in
2887 657 2995 714 qua
3037 641 3183 696 idem
3216 640 3371 696 locus
3407 639 3560 695 lsaias
3587 647 3693 695 tra-

2113 745 2380 794 staretur.

2183 827 2439 883 Nostrum
2463 829 2743 882 adventum
2772 824 3095 899 praestolari,
3121 833 3228 879 etc.
3254 820 3312 878 ld
3337 821 3603 892 scriptum
3625 822 3691 877 ad

2112 919 2424 976 Orientales
2460 937 2488 975 a
2527 920 2733 992 Cyrillo
2786 918 3011 974 nomine
3058 916 3397 985 reliquorum
3443 915 3693 979 Patrum,

2114 1018 2175 1065 ut
2202 1010 2272 1065 ad
2299 1009 2681 1065 maturandam
2712 1010 2856 1064 viam
2889 1008 3253 1063 incitarentur
3282 1023 3295 1060 :
3322 1018 3448 1058 nam
3474 1005 3696 1073 elapsus

2108 1101 2222 1171 jam
2262 1099 2470 1155 dudum
2508 1108 2631 1156 erat
2670 1100 2960 1156 condictus
2987 1098 3126 1153 dies.
3173 1097 3310 1152 Silet
3341 1110 3473 1150 vero
3510 1094 3694 1149 Theo-

2112 1190 2340 1246 doretus
2374 1191 2603 1257 callide,
2659 1192 2714 1246 in
2760 1192 2864 1246 hac
2911 1198 2968 1246 et
3015 1187 3360 1259 praecedente
3408 1187 3692 1251 relatione,

2112 1282 2261 1353 quod
2306 1283 2550 1339 Joannes
2597 1298 2699 1353 per
2739 1281 3117 1351 metropolitas
3165 1278 3333 1342 ducs,
3375 1292 3515 1348 quos
3549 1292 3694 1346 pra:-

2113 1375 2362 1440 miserat,
2400 1374 2604 1447 Cyrillo
2634 1376 2952 1445 scripserat,
2979 1382 3041 1429 ut
3069 1373 3311 1437 interim,
3336 1372 3468 1427 dum
3494 1371 3695 1427 Orien-

2112 1467 2251 1524 tales
2302 1466 2588 1533 venirent,
2636 1466 2693 1522 id
2748 1468 2905 1522 tieret
2952 1465 3101 1536 quod
3152 1463 3466 1519 faciendum
3536 1463 3695 1518 vide-

2114 1567 2288 1613 retur.
2811 1580 2816 1585 ’

2186 1647 2366 1704 Tridui
2409 1651 2619 1714 itinere,
2659 1657 2768 1704 etc.
2804 1648 2962 1703 Bidui
3007 1648 3271 1703 duntaxat
3300 1644 3507 1701 mentio
3549 1643 3609 1699 tit
3640 1645 3695 1700 in

2114 1742 2403 1813 superiore
2442 1742 2730 1806 relations,
2761 1741 2858 1795 sed
2897 1757 2997 1811 per
3034 1739 3259 1812 μείωσιν
3291 1738 3590 1809 vulgarem.

2186 1834 2444 1906 Aspidum
2471 1849 2569 1889 ουα
2600 1834 2892 1905 fregerunt,
2932 1841 3039 1888 etc.
3082 1832 3264 1886 Locus
3295 1830 3387 1886 hic
3414 1845 3539 1884 cum
3580 1844 3701 1885 ser-

2114 1940 2279 1980 mone
2344 1923 2608 1995 praedicto
2640 1923 2875 1980 collatus
2938 1922 3353 1979 Theodoretum
3407 1920 3697 1976 manifeste

2114 2015 2319 2086 prodit.

2117 2124 2361 2196 Epistolas
2399 2126 2523 2193 154,
2562 2124 2773 2182 Relatio
2806 2124 3163 2196 Orientalium
3194 2126 3264 2180 ad
3289 2131 3532 2180 senatum
3562 2121 3701 2181 Con-

2608 2195 3168 2269 stantinopalitsnum.

2197 2307 2401 2379 Ἁγίων
2446 2308 2544 2363 καὶ
2590 2308 2918 2364 καλλινίκου
2968 2307 3283 2382 μαρτύρων,
3325 2316 3433 2364 etc.
3478 2306 3702 2364 Phrasis

2115 2396 2469 2456 Theudor-etc
2488 2399 2798 2467 familiaris,
2824 2415 2892 2457 ac
2921 2400 3109 2457 forsan
3131 2398 3308 2456 solius
3332 2396 3576 2470 propria.

2185 2487 2354 2562 α
2425 2489 2852 2548 Εὐαιϐιπάτων
2920 2491 3017 2547 καὶ
3084 2489 3450 2563 φιλοχριστων
3524 2488 3703 2561 βασι-

2115 2578 2273 2648 λέων,
2312 2590 2420 2639 etc.
2470 2581 2539 2641 Et
2583 2583 2703 2642 hee
2750 2599 2972 2659 quoque
3019 2583 3240 2656 phrasis
3290 2582 3703 2641 Theodoretuns

2114 2669 2322 2742 prodit.

2116 2781 2359 2855 Epistula
2388 2784 2513 2853 155,
2530 2786 2757 2843 Joannis
2780 2786 3090 2844 Antiocheni
3115 2787 3187 2843 ad
3208 2786 3411 2843 clerum
3438 2786 3704 2844 Constat-

2684 2858 3118 2930 tinopolitanutn.

2195 2970 2423 3026 Aranec
2452 2970 2615 3026 telam
2644 2986 2776 3038 esse,
2803 2978 2910 3027 etc.
2939 2970 3067 3027 Bac
3095 2970 3266 3027 dictio
3293 2969 3703 3027 Theodoretum

428 3016 801 3078 praeverteret.
849 3010 1128 3079 Ephesum
1173 3011 1460 3082 appulsus.
1505 3014 1748 3070 nondum
1792 3018 2016 3087 pulvere
2041 3052 2086 3117 ο
2195 3010 2615 3076 ""‘""°.'"I""
2644 3010 2657 3025 “

432 3099 642 3122 μμ---
712 3108 1041 3122 _--.-____-_
1095 3117 1152 3122 Α,
1198 3119 1439 3122 μμηη
1635 3105 1647 3118 .
1795 3107 1807 3119 .
1896 3107 1909 3121 .
2119 3076 2401 3122 auctorem
2428 3063 2657 3120 Iudicat.

427 3099 669 3166 deterso,
711 3108 1045 3156 nocturnum
1090 3117 1156 3156 ac
1197 3119 1444 3174 praeceps
1475 3105 1745 3176 judicium
1792 3107 1850 3161 in
1895 3107 2015 3177 ipso

427 3188 670 3258 hospitio
701 3190 970 3254 exercuit,
1004 3206 1074 3245 ne
1113 3207 1238 3260 quis
1279 3193 1503 3248 nomine
1544 3194 1630 3249 vel
1672 3195 2016 3264 patriarcha-

428 3287 539 3344 tus,
564 3278 652 3334 vel
679 3279 1097 3350 autocephalite,
1121 3282 1214 3353 jus
1250 3281 1581 3351 praesidendi
1621 3284 1851 3341 haberet
1879 3302 1895 3339 :
1922 3303 2018 3341 ex-

427 3370 912 3426 communicationi
952 3372 1142 3427 Patres
1180 3372 1426 3442 reliquos
1465 3372 1720 3445 subjecit,
1750 3390 1822 3430 ne
1857 3375 2016 3431 resti-

430 3470 584 3516 tuere
617 3459 805 3530 deposi
815 3470 898 3516 tos
928 3471 1174 3530 possent.

506 3549 827 3620 Apollinarii
853 3560 902 3604 et
924 3550 1195 3616 Eunomii,
1220 3559 1327 3606 etc.
1355 3550 1593 3607 Consule
1629 3553 2014 3621 reprehensio-

427 3657 554 3697 nem
599 3641 1217 3706 anathematismorum,
1264 3650 1323 3696 et
1370 3642 1659 3713 epistolas,
1703 3642 1760 3696 in
1810 3643 2020 3713 quibus.

430 3731 812 3787 l‘hcodoretus
850 3732 918 3788 de
961 3733 1155 3788 iisdem
1201 3734 1676 3790 anathematismis
1717 3735 2009 3805 loquitur:

427 3832 484 3880 et
526 3822 687 3879 facile
727 3824 1134 3881 animadvertes
1186 3827 1329 3880 hanc
1362 3826 1744 3882 haereticorum
1784 3830 2014 3901 conjun-

428 3914 671 3971 ctionem
718 3916 997 3985 propriam
1040 3933 1163 3972 esse
1201 3917 1556 3985 Theodoreti,
1587 3920 1818 3990 ejusque
1860 3920 2015 3975 velut

427 4023 679 4078 χαρακτη
688 4008 932 4079 ριστικὴν
971 4008 1197 4080 φράσιν,

500 4097 654 4164 Quod
684 4115 806 4154 vero
834 4101 1063 4165 tardius,
1091 4110 1198 4156 etc.
1227 4101 1557 4166 Orientales,
1583 4119 1653 4159 ne
1689 4104 2012 4160 viderentur

427 4193 612 4246 omnia
657 4191 786 4246 dolo
830 4193 974 4248 malo
1018 4201 1076 4248 et
1112 4195 1248 4253 vitio
1293 4193 1514 4258 fecisse,
1549 4195 1859 4252 tarditatem
1910 4198 2012 4252 via:

356 4356 361 4360 ἡ
427 4296 691 4337 excusare
732 4284 915 4337 conati
964 4293 1124 4350 sunt;
1176 4285 1272 4340 sed
1318 4286 1524 4356 apertis
1571 4288 1873 4343 mendaciis
1917 4297 2012 4343 aut

2189 3156 2617 3233 Iudicibus,‘etc.
2645 3152 2771 3209 Haec
2809 3154 2978 3225 igitur
3000 3138 3233 3225 epistola
3259 3154 3450 3210 ordine
3474 3162 3702 3224 pertur-

2117 3246 2247 3302 bato
2273 3245 2331 3300 in
2353 3242 2605 3301 conciliis
2628 3243 2983 3316 generalibus
3008 3243 3311 3299 collocatur
3337 3252 3461 3317 ante
3488 3245 3701 3315 episto-

2114 3342 2225 3397 lam
2260 3339 2326 3394 ad
2363 3347 2635 3394 senatum.

2125 3448 2359 3521 [cpistola
2401 3449 2522 3512 156,
2541 3448 2776 3522 Ioannis
2804 3447 3116 3522 Antias/teni
3134 3447 3482 3522 aliorumque
3510 3450 3705 3522 episca-

2258 3536 2446 3591 porum
2480 3518 2551 3574 ad
2582 3517 2835 3590 populum
2866 3516 3519 3589 Constantinopolitanum

2198 3627 2600 3699 Quinquaginta
2647 3630 2914 3700 episc0pos
2953 3628 3252 3701 Egyptias,
3290 3639 3398 3686 etc.
3440 3630 3541 3698 Qui
3581 3631 3702 3688 fue-

2115 3721 2247 3783 rint.
2267 3729 2324 3777 ct
2345 3720 2504 3791 cujus
2534 3720 2796 3787 civitatis,
2823 3721 2938 3777 sive
2964 3737 3104 3792 quos
3126 3720 3365 3794 Cyrillus
3385 3739 3453 3779 ex
3469 3722 3703 3796 Egypto

2114 3814 2401 3877 eduxerat,
2448 3814 2563 3870 sive
2611 3830 2752 3885 quos
2790 3830 2860 3870 ex
2891 3814 3019 3869 Asia
3061 3813 3317 3870 Memnon
3353 3825 3698 3885 evocaverat,

2110 3903 2273 3960 facile
2313 3905 2656 3977 dignoscitur
2693 3921 2762 3961 ex
2804 3906 3127 3961 recensione
3162 3906 3571 3978 episcoporum.
3605 3909 3701 3979 qui

2104 3996 2305 4066 ,primre
2340 3997 2544 4052 actioni
2572 3997 2659 4053 vel
2695 3997 3088 4063 interfuerunt,
3116 3999 3202 4053 vel
3229 3998 3698 4069 subscripserunt.

2114 4087 2218 4144 Ubi
2243 4088 2643 4153 animadverte,
2665 4089 2811 4144 inter
2834 4089 3213 4160 metropolitas
3236 4090 3517 4145 neminem
3539 4090 3705 4163 Egy-

2114 4181 2295 4251 ptium
2334 4183 2571 4237 censeri.
2606 4180 2763 4249 Quod
2808 4190 3136 4253 argumento
3178 4190 3284 4249 est,
3318 4184 3531 4239 nullum
3569 4194 3704 4242 tunc

2114 4274 2381 4344 temporis
2420 4274 2474 4329 in
2507 4272 2740 4345 [Egypto
2780 4273 3268 4345 metropolitanum
3303 4273 3473 4330 fuisse
3504 4284 3704 4345 praeter

426 4379 579 4426 certe
609 4371 863 4427 futilibus
890 4375 1201 4432 rationibus
1223 4377 1310 4432 usi
1338 4387 1489 4432 sunt.
1515 4378 1650 4434 Vide
1678 4380 1804 4435 vita:
1833 4380 2011 4434 Theo-
2042 4387 2085 4443 ι)
2114 4363 2544 4420 Alexandrinum
2577 4365 2619 4418 ³·

428 4462 605 4516 doreti
646 4471 813 4533 caput
852 4463 904 4518 5.
936 4463 1184 4521 Fuerunt
1226 4476 1431 4531 tamen,
1468 4468 1564 4539 qui
1601 4484 1741 4538 quos
1774 4469 2013 4542 Cyrillus

428 4553 693 4619 convicit,
715 4553 971 4610 defensos
992 4556 1215 4612 vellent.
1243 4559 1447 4614 Verum
1476 4560 1529 4613 in
1558 4560 1665 4616 hoc
1684 4571 2012 4632 argumento

429 4643 723 4700 infeliciter
756 4646 830 4699 ita
857 4649 1061 4702 versati
1084 4659 1235 4715 sunt,
1267 4659 1328 4704 ut
1362 4660 1562 4721 praeter
1588 4651 1730 4708 facta
1759 4653 2009 4724 quaedam

426 4737 732 4806 supposita,
758 4744 816 4792 et
843 4738 1032 4793 vitiata
1059 4741 1394 4808 testimonia,
1420 4743 1559 4797 nihil
1590 4745 1901 4800 attulerint.

530 4865 771 4939 Epistula
800 4869 922 4937 155,
945 4869 1154 4925 Relatio
1181 4868 1533 4927 Orientalium
1564 4873 1635 4927 ad
1669 4876 1897 4945 reginas.

498 5007 583 5065 Ad
612 5011 846 5080 reginas,
878 5008 1229 5066 Pulcheriam
1270 5016 1328 5064 et
1366 5007 1701 5076 Eudoxiam;
1742 5007 1841 5066 sed
1880 5009 2008 5066 Pul-

424 5095 671 5154 cberiam
700 5099 959 5166 maxime,
990 5114 1176 5155 rerum
1208 5106 1512 5170 potentem.

499 5186 725 5244 nam.
756 5189 896 5249 Cum
927 5191 999 5248 ab
1035 5190 1393 5248 inferioribus
1415 5189 1487 5248 ad
1512 5188 1792 5262 principes
1810 5187 2010 5248 scribi-

427 5286 521 5336 tur
549 5279 618 5335 de
642 5281 811 5352 gestis
834 5282 1189 5353 quibusdam,
1215 5283 1412 5340 relatio
1436 5289 1560 5340 est:
1587 5297 1714 5338 cum
1745 5284 1816 5340 ad
1844 5281 2005 5349 alios,

427 5371 680 5445 epistola.
708 5370 816 5428 Ista
850 5387 1018 5444 porro
1051 5374 1245 5431 relatio
1276 5374 1411 5446 quin
1438 5372 1685 5447 ejusdem
1710 5373 1784 5431 sit
1810 5381 2005 5431 aucto-

2149 4479 2393 4551 Epistola
2434 4480 2556 4545 162,
2595 4496 2757 4551 quam
2802 4479 3150 4552 l‘heodoretus
3182 4482 3404 4552 scripsit
3439 4481 3666 4538 Andreas

2800 4548 3151 4606 Samosateno
3176 4551 3217 4606 ‘.

2186 4639 2266 4694 Ad
2286 4639 2578 4706 Andream,
2608 4648 2716 4697 etc.
2746 4640 2798 4697 Is
2820 4649 2924 4707 est,
2950 4642 3048 4712 qui
3073 4641 3438 4698 Orientalium
3474 4641 3700 4699 nomine

2111 4729 2451 4801 ohjecticnes
2479 4731 2747 4788 adversus
2766 4731 3058 4788 duodecim
3090 4733 3328 4803 capitula
3354 4732 3544 4804 Cyrilli
3568 4748 3702 4788 con-

2111 4818 2375 4892 scripsit:
2409 4823 2558 4893 quod
2602 4822 2733 4879 fecit
2770 4839 2882 4879 non
2926 4823 3252 4880 immodeste
3293 4825 3566 4894 primum;
3602 4825 3699 4881 sed

2112 4923 2325 4985 postea,
2369 4922 2431 4969 ut
2470 4914 2880 4970 Theodoretum
2919 4912 3250 4976 defenderet
3284 4923 3473 4970 contra
3508 4913 3698 4986 Cyrilli

2110 5021 2209 5062 sua
2238 5006 2419 5077 capita
2450 5004 2799 5063 defendentis
2834 5004 3264 5070 accusationem,
3289 5004 3552 5061 iracunde
3578 5003 3699 5060 edi-

2110 5094 2445 5162 ditlibrum,
2478 5095 2636 5166 cujus
2670 5094 3037 5168 fragmentum
3064 5094 3234 5152 refert
3256 5094 3582 5153 Anastasius
3607 5092 3696 5151 Si-

2110 5185 2264 5242 naita
2300 5185 2358 5242 in
2406 5185 2640 5259 Hodego,
2675 5201 2797 5258 esp.
2826 5184 2917 5242 Β.
2949 5185 3089 5243 Vide
3134 5200 3258 5258 qua:
3316 5185 3385 5243 ad
3422 5185 3535 5243 hoc
3581 5183 3697 5241 fra-

2110 5288 2393 5350 gmentum
2421 5280 2807 5335 annotavimus
2828 5279 2884 5334 in
2914 5290 2983 5334 nll
3009 5286 3163 5350 parte
3186 5275 3425 5350 Operam
3460 5277 3530 5334 ll.
3556 5276 3699 5334 Ier-

2111 5373 2317 5430 eatoris
2344 5378 2467 5444 post
2499 5369 2838 5443 objectiones
2866 5367 3229 5425 Orientalium
3261 5368 3302 5425 '.

1737 5511 2057 5571 SCHULZII
2117 5509 2349 5569 NOTE.

503 5630 525 5665 ⁸
556 5631 631 5712 ad
660 5633 948 5716 epistolam
980 5632 1180 5716 iamet
1212 5641 1451 5716 quatuor
1481 5634 1758 5703 proximas
1783 5634 1921 5716 nihil
1952 5632 2168 5690 monuit
2198 5630 2518 5687 Garnerius.
2596 5629 2615 5661 "
2645 5627 2954 5686 PleniOrem
2976 5628 3107 5687 vide
3128 5628 3270 5686 hanc
3293 5623 3583 5699 epistolam
3610 5622 3696 5682 ln-

431 5701 533 5773 fra,
566 5704 621 5758 in
652 5701 783 5760 diss.
814 5704 866 5771 5,
906 5703 1066 5774 epist.
1106 5704 1188 5761 15.
1232 5701 1289 5737 ⁷⁸
1318 5703 1439 5761 Vid.
1471 5701 1661 5774 supra,
1696 5720 1748 5775 p.
1782 5705 1902 5760 l55.
