4056 6174
371 262 480 328 317

1559 269 1655 327 DE
1699 270 1952 330 LIBRIS
1993 272 2502 335 THEODORE’I‘I.

3542 274 3649 342 318

495 375 572 430 Ab
626 373 832 444 Epheso
887 375 1138 430 scribens.
1195 375 1504 446 Antemmm
1555 377 1961 436 Ghaieedonem
1991 387 2034 443 Α
2065 391 2284 452 tequam
2309 384 2756 454 proﬁcisceretur
2790 385 3163 441 l‘heodoretus
3185 385 3404 457 Epheso
3425 387 3650 447 circiter

371 465 851 536 proﬁcisceretur,
889 482 1000 536 quo
1052 466 1122 522 ab
1169 466 1502 537 imperatore
1549 470 1712 539 legati
1753 479 1963 540 septem

374 561 671 629 utriusque
713 559 904 630 partis,
941 559 1225 614 catholica:
1261 567 1317 615 et
1358 560 1741 626 schismaticae,
1771 578 1941 618 evoca

2067 588 2312 662 Epistola
2349 592 2471 656 169,
2518 610 2549 646 a

374 652 606 706 bantur.

447 761 704 831 Beati/ito
729 761 1080 830 inﬁrmitatis,
1117 772 1222 817 etc.
1249 761 1363 828 Qua
1392 763 1671 830 Andreas,
1723 767 1808 821 vel
1858 767 1962 821 im-

371 856 599 926 peditus
640 870 751 909 non
797 854 995 924 potuit,
1041 855 1125 909 vel
1162 871 1295 910 usus
1330 855 1528 921 noluit,
1563 857 1632 912 ad
1666 858 1961 913 concilium

368 947 593 1002 venire.

444 1037 660 1092 Insanit
712 1040 904 1092 iterum
958 1036 1255 1108 Egyptus,
1311 1048 1362 1092 et
1413 1039 1575 1092 bctlat
1631 1057 1748 1094 cum
1796 1040 1957 1096 Moss.

369 1131 664 1186 Nestorius
685 1145 941 1186 sermone
972 1131 1060 1194 l2,
1095 1146 1248 1184 num.
1279 1132 1331 1196 5,
1367 1132 1629 1186 adversus
1651 1133 1913 1204 Cyrillum
1942 1153 1956 1190 :

375 1242 395 1274 ‹
437 1224 637 1277 Docuit
676 1239 763 1277 me
805 1231 862 1278 et
910 1222 1088 1277 Moses
1134 1238 1244 1276 non
1294 1224 1644 1288 conturbari,
1687 1225 1956 1295 siquidem

365 1315 814 1384 experimentum
863 1316 1143 1385 acceperis
1182 1315 1466 1386 propheta:
1506 1317 1752 1387 praedicti
1793 1317 1955 1392 IEgy-

367 1409 552 1477 ptiaca
582 1406 912 1477 desperatio.
942 1425 960 1458 ι

435 1499 532 1555 ma
579 1501 669 1571 qui
710 1501 931 1570 depositi
975 1509 1117 1554 sunt.
1161 1499 1398 1573 Cyrillus
1439 1501 1860 1568 Alexandrinus,
1901 1513 1956 1559 et

362 1591 622 1646 Memnon
655 1591 990 1662 Ephesinus,
1023 1593 1291 1662 episcopi.
1947 1605 1952 1610 '

433 1683 803 1738 Sacerdotalia
881 1685 1174 1739 ministeria
1248 1695 1526 1758 peragunt.
1604 1687 1949 1743 Schismatici

362 1776 608 1846 idipsum
649 1774 932 1830 fastidiose
973 1785 1283 1846 queruntur
1322 1777 1467 1846 apud
1510 1777 1897 1847 imperatorem
1932 1793 1946 1829 :

359 1865 561 1920 iisdem
611 1872 844 1920 utuntur
881 1879 1021 1936 pene
1052 1865 1259 1931 verbis,
1294 1873 1460 1936 atque
1503 1867 1595 1921 hic
1636 1865 1952 1923 Theodore-

357 1967 473 2020 tus,
510 1958 655 2028 apud
697 1957 1014 2028 praefectum
1061 1966 1117 2013 et
1159 1958 1481 2028 magistrum
1517 1975 1531 2012 :
1570 1977 1589 2010 ι
1621 1957 1949 2014 Sanctorum

359 2051 588 2105 Patrum
627 2064 868 2104 canones
904 2049 1210 2104 conculcati
1250 2048 1416 2120 369
1453 2057 1602 2115 sunt,
1636 2062 1949 2104 excommu-

357 2141 530 2196 nicati
566 2148 623 2196 et
666 2141 1009 2196 exauctorati
1053 2139 1225 2194 sacris
1264 2140 1483 2210 operari
1520 2155 1629 2194 non
1663 2149 1945 2206 verentur,

355 2231 530 2301 impia
560 2247 658 2286 sua
688 2230 943 2302 dogmata
975 2230 1195 2300 cepiose
1237 2230 1335 2285 Dei
1377 2230 1578 2300 populo
1613 2229 1948 2300 profunden-

356 2332 465 2386 ιω,
505 2331 565 2377 et
606 2337 707 2378 nos
751 2321 974 2376 interim
1033 2321 1234 2376 inclusi
1282 2320 1484 2376 misere
1531 2319 1625 2374 hic
1667 2335 1876 2376 sumus.
1919 2339 1938 2372 ι

353 2412 492 2468 lira
537 2427 651 2468 non
689 2420 777 2469 est
814 2421 964 2468 tanta
1003 2413 1367 2468 consonantia
1399 2429 1412 2466 :
1445 2411 1517 2468 ab
1549 2411 1748 2469 eodem
1795 2413 1942 2468 enim

353 2504 712 2560 Theodoreto
741 2514 798 2561 et
833 2505 918 2562 hae
945 2512 1004 2560 et
1028 2505 1148 2561 ista
1174 2505 1370 2564 littera
1403 2504 1623 2575 scriptae
1654 2513 1811 2571 sunt;
1847 2505 1942 2561 sed

353 2597 438 2651 hc
471 2611 578 2651 suo
606 2597 852 2664 nomine,
881 2597 998 2653 ista:
1027 2597 1315 2652 orientalis
1339 2597 1552 2670 synodi.

421 2685 685 2759 Egyptii,
724 2695 836 2743 etc.
870 2687 931 2742 In
979 2688 1245 2743 relatione
1276 2687 1346 2744 ad
1400 2688 1790 2758 imperatorem
1845 2704 1943 2758 per

350 2777 681 2843 Palladium,
714 2781 984 2850 imperita,
1027 2779 1258 2844 dicitur,
1299 2779 1654 2834 Asiaticorum
1686 2788 1738 2835 et
1776 2779 1941 2852 Egy-

352 2872 585 2936 ptiornm
635 2871 811 2924 turba.
882 2871 1001 2925 Mox
1046 2871 1116 2924 ad
1169 2870 1500 2926 invidiosum
1564 2880 1939 2941 contemptura:

350 2970 802 3017 enumerantur:
849 2981 866 3012 ‹
920 2962 1326 3033 Quinquaginta
1375 2973 1503 3018 sunt
1547 2962 1806 3034 Egyptii,
1835 2962 1937 3017 sub

2067 475 2389 530 vicesimum
2417 475 2564 531 diem
2599 475 2831 548 Augusti
2863 477 2906 531 ⁸.

2606 593 2923 665 ᾙιεοάοτςιο
2949 595 3145 665 scripta
3182 597 3251 650 ad
3283 596 3646 656 Aiexandrum

2609 663 3092 735 Hierapolitanum.

2137 772 2178 825 Ι.
2209 770 2517 827 Alexander
2565 774 2655 829 ille
2698 775 3168 844 llierapolitauus,
3217 777 3284 831 ad
3317 795 3478 848 quem
3509 782 3645 836 scri-

2063 863 2237 926 bitur,
2294 863 2671 932 Euphratesire
2715 867 3030 935 provincim,
3079 869 3134 921 in
3180 885 3283 937 qua
3325 877 3407 924 cst
3445 869 3640 941 Cyrus,

2063 955 2360 1024 primatum
2393 958 2588 1019 tenuit,
2616 957 2827 1028 fuitque
2859 977 3001 1014 unus
3037 961 3272 1015 duorum
3324 964 3644 1033 metropoli-

2063 1054 2275 1109 tarum,
2327 1063 2466 1116 quos
2502 1047 2748 1120 ,Cyrillus
2796 1057 2986 1103 narrat
3037 1052 3347 1120 prtemissos
3394 1053 3564 1109 fuisse
3609 1071 3640 1110 a

2058 1139 2267 1194 Joanne
2307 1139 2652 1194 Autiocheno
2678 1182 2690 1204 ,
2749 1141 2841 1210 qui
2891 1141 2958 1196 de
3003 1142 3360 1198 Orientalium
3401 1145 3639 1199 adventu

2059 1231 2397 1294 nuntiarent,
2429 1238 2484 1285 et
2514 1231 2680 1285 simul
2719 1241 2896 1287 tamen
2934 1233 3126 1289 Patres
3158 1236 3359 1305 Ephesi
3410 1253 3638 1307 congre-

2058 1329 2212 1390 gatos
2253 1319 2309 1373 id
2350 1320 2572 1373 interim
2616 1337 2776 1392 agere
2821 1333 3130 1389 monerent,
3186 1325 3330 1394 quod
3365 1328 3636 1396 agendum

2057 1410 2364 1466 videretur.

2123 1503 2189 1557 ll.
2222 1502 2565 1573 Subscripsit
2591 1502 2681 1557 ille.
2699 1505 2910 1573 primus
2951 1515 3076 1560 ante
3115 1507 3449 1562 Dorotheum
3493 1508 3634 1561 Mar-

2056 1594 2521 1665 cianopolitanum
2568 1596 2827 1650 mandato
2869 1597 3063 1666 legatis
3093 1599 3458 1655 schismaticis
3483 1601 3629 1664 dato,

2052 1686 2327 1756 licetpost
2363 1686 2543 1756 ipsum
2583 1686 2806 1742 decreto
2850 1687 3220 1742 damnationis
3262 1706 3488 1744 aversus
3526 1688 3632 1762 Cy-

2054 1777 2237 1832 rillum
2283 1777 2428 1831 facto
2476 1777 2821 1846 subscriptus
2867 1779 3099 1848 legatur.
3135 1778 3307 1850 Ilujus
3352 1782 3431 1834 rei
3470 1797 3633 1836 causa

2050 1882 2161 1921 non
2201 1873 2286 1922 est
2333 1866 2726 1936 apertissima:
2778 1867 2979 1922 factum
3032 1876 3185 1938 puto,
3232 1871 3362 1939 quia
3407 1872 3633 1927 Joannis

2050 1957 2377 2012 Antiocheni
2433 1957 2614 2010 locum
2668 1964 2896 2021 teneret,
2950 1958 3114 2029 37o
3157 1969 3448 2030 propterea
3483 1959 3628 2031 quod

2048 2047 2343 2104 Orientalis
2391 2048 2643 2104 dioecesis
2691 2047 2902 2118 primus
2941 2059 3060 2104 erat
3093 2051 3481 2121 metropolita;
3516 2053 3626 2107 Do-

2049 2141 2278 2195 rotheus
2313 2155 2466 2206 vero,
2494 2141 2601 2196 etsi
2625 2140 2767 2197 foret
2795 2143 3165 2212 metropolita,
3201 2143 3268 2198 ad
3298 2143 3458 2198 aliam
3481 2143 3622 2199 dioe-

2047 2233 2216 2289 cesim
2281 2233 2633 2303 pertinebat,
2696 2249 2895 2305 nempe
2944 2232 3013 2289 ad
3060 2232 3625 2306 ConstantinOpolita-

2116 2415 2207 2470 lil.
2239 2415 2370 2471 Post
2397 2415 2694 2472 concilium
2721 2429 2832 2470 non
2868 2413 2964 2469 diu
2993 2421 3278 2485 superstes
3307 2414 3412 2470 fuit
3445 2433 3460 2471 :
3500 2430 3628 2470 nam

2044 2507 2314 2573 Panolbii,
2347 2507 2443 2579 qui
2474 2507 2526 2562 ei
2555 2507 2847 2572 successit,
2889 2507 3040 2562 velut
3064 2507 3394 2578 jampridem
3430 2507 3628 2564 defun-

2043 2598 2142 2664 cti,
2174 2598 2415 2654 Joannes
2455 2612 2742 2655 successor
2776 2597 3113 2654 mentionem
3141 2598 3269 2654 facit
3309 2599 3363 2653 in
3392 2599 3628 2654 concilio

2040 2688 2419 2754 Antiocheno,
2484 2687 2777 2744 Athanasii
2843 2687 3168 2743 Perrhensis
3220 2703 3385 2743 causa
3438 2687 3627 2744 habito

2040 2796 2185 2836 anno
2207 2781 2330 2847 444,
2366 2781 2471 2836 sub
2511 2779 2677 2835 ﬁnem
2714 2797 2727 2832 :
2771 2794 2949 2849 neque
2969 2778 3210 2834 Joannes
3245 2779 3360 2849 ipse
3407 2781 3624 2849 episco-

2041 2883 2228 2940 patum
2255 2873 2348 2927 diu
2383 2873 2580 2937 tenuit,
2627 2870 3073 2941 quandoquidem
3124 2870 3434 2940 Stephanus
3458 2872 3623 2926 Joan-

2039 2965 2127 3018 nis
2154 2979 2440 3019 successor
2477 2964 2531 3016 in
2558 2963 2793 3017 concilio
2817 2962 3125 3016 latrocinali
3162 2977 3306 3015 anno
3333 2962 3453 3027 449,
3481 2971 3537 3016 et
3569 2963 3622 3016 in

353 3051 641 3106 Memnone
708 3053 1010 3122 tyrannidis
1058 3053 1199 3107 duce
1260 3054 1621 3124 quadraginta
1673 3053 1934 3117 Asiatici,
1964 3077 2012 3134 (ς
2039 3053 2469 3108 Chalcedonensi
2507 3068 2650 3107 anno
2676 3052 2772 3107 451
2805 3053 2969 3108 sedit.

352 3139 646 3195 duodecim
695 3141 823 3196 item
873 3157 940 3196 ex
976 3142 1292 3214 Pamphylia
1318 3143 1560 3197 haeretici
1605 3143 1938 3198 Messaliani—

353 3241 536 3286 tarum
559 3233 784 3287 nomine
808 3234 1087 3303 appellati,
1123 3244 1322 3304 printer
1357 3235 1495 3291 alios
1523 3235 1702 3290 eidem
1729 3241 1936 3289 metro-

351 3326 599 3396 politano
639 3324 1051 3398 (Amphilochio
1080 3327 1224 3382 Sidae
1251 3327 1532 3398 episcopo)
1569 3328 1931 3392 adluerentes,

347 3426 405 3473 et
462 3416 599 3472 alios
641 3432 674 3471 a
721 3416 966 3488 synodis,
1017 3418 1099 3471 vel
1143 3417 1212 3471 ab
1249 3419 1563 3488 episcopis,
1599 3419 1834 3474 diversis
1879 3420 1932 3474 in

347 3510 505 3573 locis,
531 3509 1042 3564 excommunicatos
1068 3517 1124 3562 et
1153 3509 1468 3577 depositos;
1507 3509 1598 3579 qui
1629 3525 1759 3564 sane
1785 3510 1932 3565 aliud

348 3601 487 3656 nihil
510 3609 662 3665 sunt,
695 3616 862 3670 quam
906 3600 1191 3655 hominum
1233 3600 1392 3655 turba
1442 3601 1756 3657 divinorum
1798 3603 1932 3674 dog-

349 3702 560 3748 malum
599 3695 807 3749 nescia.
841 3712 860 3745 ι

416 3783 667 3840 Occasus.
702 3787 782 3840 Ex
813 3785 1110 3840 Occidente
1143 3783 1293 3839 missi
1321 3793 1452 3850 tres,
1484 3785 1772 3856 Philippus
1804 3803 1931 3857 pre-

346 3878 562 3948 sbyter;
586 3876 860 3932 Arcadius
884 3883 942 3930 et
972 3876 1257 3946 Proiectus
1293 3875 1536 3945 episcopi
1564 3893 1579 3940 ;
1620 3885 1680 3930 ut
1703 3877 1932 3948 presby-

348 3979 433 4024 ter
457 3968 747 4026 leestini
796 3968 994 4024 summi
1043 3967 1337 4038 pontiﬁcis,
1383 3967 1626 4036 episcOpi
1660 3965 1932 4022 Occiden-

346 4059 472 4113 talis
505 4058 731 4112 concilii
774 4057 1044 4128 legatione
1094 4056 1475 4126 fungerentur.
1534 4055 1770 4126 lngressi
1803 4063 1933 4110 sunt

345 4149 619 4220 synodum
668 4149 759 4203 die
807 4148 872 4203 10
923 4148 1076 4214 Julii,
1111 4147 1361 4217 sequenti
1399 4146 1488 4202 die
1529 4147 1930 4216 depositionem

344 4243 588 4298 Nestorii
613 4242 1032 4306 conﬁrmarunt,
1058 4242 1302 4311 quinque
1332 4250 1457 4310 post
1478 4239 1676 4294 diebus
1709 4239 1933 4294 restitu-

349 4334 487 4388 tioni
511 4333 707 4406 Cyrilli
737 4342 795 4388 et
827 4333 1130 4387 Memnonis
1164 4331 1552 4387 interfuerunt.

422 4423 620 4489 Quales
667 4422 834 4477 mimi.
877 4422 1080 4477 Confer
1110 4423 1259 4477 hunc
1301 4422 1481 4478 locum
1526 4421 1650 4476 cum
1695 4421 1926 4492 epistola
1961 4423 2006 4480 D

346 4508 659 4585 prommiali
688 4514 756 4568 ad
786 4528 1070 4569 sermones
1099 4511 1370 4575 Eutherii,
1395 4522 1451 4566 et
1478 4511 1602 4567 vide
1624 4527 1930 4567 consonan-

348 4607 503 4670 tiam,
552 4620 663 4659 non
708 4612 920 4659 tantum
967 4612 1302 4674 exaggeratos
1350 4603 1779 4670 lamentationis,
1828 4603 1925 4658 sed

347 4698 594 4769 ipsorum
622 4695 790 4751 etiam
820 4688 1140 4750 verborum.

419 4789 484 4843 In
523 4798 757 4858 tempore
794 4789 1102 4858 impietatis.
1151 4785 1290 4842 Cum
1357 4785 1777 4840 dominarentur
1818 4785 1922 4839 im-

343 4890 632 4951 peratores
647 4879 980 4936 Christiana:
1014 4879 1238 4949 pietatis
1276 4877 1484 4932 hostes.
1523 4877 1580 4932 Id
1619 4877 1825 4932 dictum
1854 4879 1923 4932 ad

343 4970 608 5028 invidiam
655 4972 936 5042 regnantis
986 4969 1287 5025 Theodosii
1307 4969 1576 5034 Junioris,
1631 4969 1727 5040 qui
1775 4969 1924 5025 schi-

342 5062 595 5120 smaticis
625 5062 808 5117 favere
840 5061 1148 5117 desinebat.

419 5153 502 5208 Ex
530 5151 618 5207 his
643 5160 860 5207 constat
891 5150 1076 5207 datam
1103 5167 1224 5208 esse
1260 5150 1547 5221 epistolam
1587 5149 1732 5206 circa
1759 5149 1924 5207 tinem

339 5247 474 5303 Julii
497 5255 596 5301 aut
628 5244 845 5300 initium
870 5243 1113 5316 'Augusti
1147 5259 1292 5300 anno
1315 5244 1443 5309 451,
1485 5251 1610 5313 post
1641 5242 1926 5298 restitutos

341 5339 561 5396 scilicet
582 5337 680 5394 die
704 5337 771 5394 16
797 5337 930 5394 Julii
953 5335 1220 5410 Cyrillum
1247 5343 1305 5394 et
1342 5336 1685 5393 Memnonem
1702 5375 1719 5406 ,
1745 5345 1802 5391 et
1825 5351 1926 5390 an—

2107 3145 2190 3199 ιν.
2219 3145 2277 3198 In
2325 3145 2446 3215 ejus
2492 3145 2673 3198 locum
2729 3144 2934 3198 missus
2979 3153 3063 3199 est
3110 3144 3177 3198 ad
3231 3145 3618 3215 imperatorem

2038 3235 2441 3300 Theodoretus,
2467 3243 2528 3288 ut
2549 3241 2846 3289 constatex
2874 3234 3235 3303 inscriptione
3277 3236 3520 3289 mandati
3552 3237 3621 3290 ab

2036 3325 2411 3380 Orientalibus
2453 3325 2563 3380 dati
2591 3325 2706 3379 suis
2739 3325 2930 3396 legatis
2966 3344 2978 3378 :
3012 3342 3118 3396 qua
3165 3327 3220 3379 in
3260 3326 3619 3397 inscriptione

2037 3417 2292 3481 observo,
2311 3432 2524 3480 omnes,
2561 3416 2653 3486 qui
2682 3417 2960 3487 legantur,
2985 3433 3104 3471 esse
3123 3419 3498 3488 metropolitas
3525 3429 3619 3473 aut

2037 3508 2513 3576 metropolitarum
2559 3507 2702 3570 loco,
2743 3516 2945 3576 prtetcr
2994 3508 3220 3562 Paulum
3273 3509 3614 3573 Emisenum,

2035 3596 2127 3668 qui
2188 3596 2334 3651 vices
2391 3595 2574 3651 Acacii
2617 3597 2927 3651 Bercecusis
2980 3599 3117 3668 agit,
3157 3599 3285 3653 licet
3321 3608 3614 3669 metropo-

2035 3690 2130 3743 lita
2155 3705 2268 3743 non
2319 3688 2501 3754 t-‘oret;
2549 3695 2698 3743 tanta
2741 3688 2846 3742 fuit
2877 3705 3005 3760 erga
3055 3705 3265 3754 senem,
3311 3700 3365 3746 et
3399 3692 3616 3760 episco‘

2033 3796 2254 3852 porum,
2281 3780 2326 3834 si
2351 3780 2481 3834 licet
2504 3781 2578 3834 ita
2601 3780 3071 3851 loqui,decanum,
3098 3781 3405 3838 reverentia
3424 3780 3617 3836 Orien-

2036 3873 2247 3927 talium.

2103 3965 2166 4019 V.
2201 3964 2260 4018 In
2283 3962 2476 4033 quinta
2511 3964 2720 4035 synodo
2741 3965 2942 4034 legitur
2974 3965 3340 4035 fragmentum
3369 3965 3612 4034 epistola:

2033 4070 2063 4109 a
2086 4055 2340 4110 Nestorio
2363 4055 2430 4110 ad
2462 4056 2834 4110 Alexandrum
2875 4057 3040 4110 istum
3073 4058 3212 4112 datas
3243 4075 3256 4110 :
3301 4058 3395 4112 ubi
3421 4057 3613 4112 nefan-

2031 4143 2137 4198 dus
2192 4144 2485 4200 haereticus
2524 4155 2711 4215 aperte
2775 4147 2961 4216 prodit
3025 4147 3394 4216 impietatem,
3444 4164 3610 4217 quam

2031 4236 2167 4290 alias
2208 4237 2520 4292 dissimulat
2563 4255 2577 4290 :
2622 4239 2768 4293 unde
2816 4255 2926 4293 non
2974 4239 3414 4308 improhahiliter
3455 4240 3608 4294 credi

2031 4337 2231 4397 potest,
2264 4329 2548 4398 scripsisse
2580 4330 2645 4383 ad
2679 4337 2990 4384 consortem
3025 4331 3250 4386 erroris.

2094 4423 2106 4439 ‘
2137 4419 2224 4474 Vl.
2259 4419 2338 4472 Ex
2367 4419 2453 4479 iis,
2485 4435 2606 4487 qua:
2636 4419 2689 4472 in
2722 4421 2952 4488 cpistola
2987 4429 3282 4474 narrantur
3331 4421 3398 4473 de
3432 4420 3605 4473 collo-

2034 4509 2254 4564 catione
2282 4507 2642 4564 Orientalium
2683 4511 2991 4579 legatorum
3029 4527 3154 4564 cum
3189 4511 3521 4579 imperatore
3549 4509 3604 4562 in

2032 4600 2346 4665 Rutiuiano,
2379 4601 2671 4655 manifesta
2692 4608 2774 4655 est
2810 4601 3074 4670 temporis
3106 4609 3232 4654 nota
3261 4618 3274 4653 :
3307 4601 3430 4653 data
3457 4601 3605 4654 enim

2029 4691 2360 4756 ostenditur,
2393 4700 2688 4761 antequam
2726 4690 3106 4747 Orientalibus
3137 4691 3454 4756 recedendi,
3496 4691 3600 4746 Ca-

2033 4785 2252 4840 tholicis
2271 4785 2463 4839 urbem
2494 4783 2861 4854 ingrediendi,
2889 4783 2954 4838 ad
2989 4782 3357 4838 ordinandum
3385 4781 3602 4850 episco-

2031 4892 2184 4947 pum,
2215 4875 2531 4930 mandatum
2551 4885 2699 4930 esset
2722 4875 2933 4929 datum.
2955 4874 3170 4944 Scripta
3192 4882 3276 4928 est
3305 4871 3470 4943 igitur
3499 4870 3604 4924 sub

2035 4969 2196 5024 tinem
2225 4968 2583 5040 Septembris,
2611 4977 2707 5022 aut
2725 4967 2830 5022 sub
2858 4967 3075 5021 initium
3098 4964 3370 5021 Octobris.

2103 5059 2215 5114 VII.
2253 5058 2439 5128 Nuper
2484 5057 2741 5112 inventus
2782 5065 2868 5110 est
2911 5055 3006 5125 qui
3068 5053 3404 5124 suppositam
3449 5049 3598 5107 credi

2031 5152 2216 5214 vellet,
2248 5158 2342 5205 aut
2365 5148 2547 5220 potius
2579 5154 2835 5218 optaret;
2880 5145 3150 5200 sentiebat
3181 5144 3329 5199 enim
3363 5142 3478 5198 suis
3514 5156 3601 5196 re-

2031 5241 2136 5296 bus
2154 5244 2510 5298 vehementer
2543 5238 2950 5295 incommodare
2976 5255 2992 5305 ;
3017 5237 3113 5295 sed
3142 5253 3234 5303 ne,
3259 5233 3407 5307 quod
3445 5241 3601 5290 certo

2027 5335 2275 5389 tuturum
2306 5341 2444 5398 erat,
2467 5349 2498 5388 a
2528 5333 2806 5388 communi
2840 5346 3006 5389 sensu
3045 5330 3262 5387 alienus
3289 5328 3605 5388 videretur,

1637 5485 1950 5544 SCHULZII
1987 5484 2224 5543 ΝΟΤιΕ.

417 5636 438 5666 ⁶
462 5634 543 5689 Ad
568 5633 833 5704 epistolas
861 5631 1108 5704 ltili-I68.
1134 5630 1512 5704 nihilmonuit
1542 5629 1858 5686 Garncrius.
1894 5627 2013 5683 Vid.
2053 5635 2233 5682 autem
2275 5626 2436 5694 infra,
2475 5625 2607 5683 diss.
2641 5628 2694 5691 5.
2722 5626 2978 5699 epist.l9,
3001 5625 3091 5693 20,
3114 5624 3297 5680 24-26.
3324 5620 3404 5680 Ad
3428 5621 3599 5679 tinem

341 5700 749 5775 epistolae'lGPS,
787 5703 897 5758 vid.
931 5718 1114 5773 supra,
1149 5717 1200 5771 p.
1234 5700 1354 5755 161.
