4024 6152
415 239 523 306 319

1551 245 1928 307 GARNERH
1969 245 2464 306 DISSERTATIO
2503 246 2584 305 Il.

3589 233 3692 298 320

420 361 617 416 maluit
651 361 905 420 inutilem
942 363 1151 427 dicere,
1175 362 1242 417 ad
1281 362 1357 428 id,
1391 370 1616 434 prepter
1650 363 1798 434 quod
1825 360 2003 431 profe-
2032 365 2078 419 Α
2109 360 2302 425 vcrim,
2330 361 2617 416 manifeste
2649 366 2918 414 memorat
2948 357 3098 412 velut
3129 370 3285 412 suam
3315 372 3328 410 :
3353 353 3488 425 quin
3509 364 3692 411 tamen

423 455 675 520 rebatur,
709 454 1080 518 efﬁciendum,
1114 454 1180 508 ad
1217 454 1628 510 Theodoretum
1668 457 1875 512 scilicet
1909 457 2004 512 ad-

422 549 684 604 hmsionis
704 547 772 604 ad
797 563 1015 602 errores
1039 547 1278 603 Nestorii
1303 549 1763 604 convincendum.
1784 549 2008 606 Fatetur

425 647 607 694 tamen
647 639 703 694 in
742 654 807 694 ea
851 639 1011 708 prodi
1066 639 1359 710 insigniter
1408 639 1549 695 duos
1595 641 1840 695 auctoris
1873 641 2007 696 aﬁ‘e-

425 738 581 795 ctus;
618 731 852 785 alterum
884 731 1089 786 amoris
1109 748 1238 804 erga
1269 733 1602 795 Nestorium,
1631 734 1864 788 alterum
1893 733 2005 788 odii

425 838 553 893 erga
579 824 754 877 sancti
798 823 987 895 Cyrilli
1013 826 1272 896 capitula,
1299 842 1422 896 quae
1459 827 1713 882 hzeretica
1743 827 1898 881 dicit.
1929 827 2006 883 Ita

428 912 541 968 ille.
569 914 773 968 Verum
815 915 1056 980 nemini,
1097 918 1322 986 opinor,
1375 919 1628 989 theologo
1676 917 2006 972 sententiam

428 1021 581 1060 suam
622 1010 962 1076 persuaserit
992 1026 1004 1061 :
1038 1009 1315 1078 quomodo
1345 1011 1491 1064 enim
1523 1011 1606 1064 vir
1627 1027 1736 1065 non
1764 1010 2010 1065 tardissi-

430 1112 572 1160 mus,
601 1099 906 1167 cujusmodi
956 1109 1106 1155 certe
1146 1117 1254 1154 non
1300 1111 1420 1156 erat
1458 1103 1858 1164 Theodoretus,
1885 1109 2010 1171 post

428 1190 677 1259 exposita
714 1191 936 1244 tertium
969 1207 999 1245 a
1025 1190 1230 1262 Cyrillo
1269 1193 1530 1262 capitula,
1568 1194 2011 1250 animadvertere

431 1299 540 1336 non
572 1284 772 1352 potuit,
803 1285 1131 1340 catholicam
1168 1286 1329 1339 fidem
1359 1287 1425 1340 iis
1461 1287 1754 1350 contineri,
1781 1288 1825 1340 si
1849 1288 2012 1343 modo

432 1372 594 1426 fidem
641 1373 786 1426 illam
813 1373 988 1428 sensit
1020 1389 1140 1428 esse
1178 1375 1527 1439 catholicam,
1576 1391 1697 1444 qua:
1749 1376 2011 1432 unionem

432 1465 714 1535 physicam
738 1475 794 1519 et
822 1465 942 1519 καθ’
985 1467 1282 1520 ὑπὸςτασιν
1320 1466 1567 1520 fatetur?
1595 1466 1752 1533 Quod
1789 1469 1834 1523 si
1879 1485 2012 1524 vero

432 1555 758 1609 catholicam
788 1571 899 1610 non
925 1557 1098 1610 sensit
1130 1555 1289 1609 fidem
1328 1556 1497 1622 illam,
1525 1559 1800 1626 quomodo
1821 1559 2014 1616 Nesto—

435 1647 574 1700 riani
606 1649 811 1703 erroris
843 1664 954 1702 non
989 1658 1070 1702 est
1108 1648 1274 1702 reus?

508 1737 642 1791 Vlll.
683 1737 1122 1802 Observandum,
1174 1755 1205 1792 a
1257 1738 1608 1794 Theodoreto
1641 1740 1756 1796 haec
1792 1742 1848 1795 in
1887 1744 2010 1813 θρὶ-

433 1829 572 1882 stola
619 1839 804 1899 aperte
854 1830 1033 1898 prodi,
1083 1830 1362 1900 quomodo
1413 1840 1559 1887 esset
1603 1832 1836 1888 affectus
1885 1850 2014 1905 erga

437 1917 627 1972 Patres
669 1919 999 1988 Ephesinos,
1052 1920 1258 1989 quippe
1310 1935 1450 1991 quos
1498 1923 1700 1992 impios
1726 1934 1906 1988 vocat,
1961 1935 2018 1981 et

437 2005 561 2064 fidei
591 2011 1031 2078 adulteratores;
1057 2012 1334 2081 quomodo
1365 2015 1495 2068 item
1523 2029 1651 2085 erga
1675 2015 2014 2081 Nestorium,

435 2117 599 2170 quem
633 2104 872 2157 amicum
919 2112 974 2157 et
1015 2112 1231 2174 patrem
1264 2106 1534 2170 nominat,
1571 2109 1846 2176 quomodo
1891 2124 2016 2179 erga

436 2208 654 2248 sacrum
689 2195 846 2264 371
881 2197 1368 2261 consistorium,et
1395 2198 2018 2269 aulae.principes,quos

437 2300 574 2338 auro
604 2297 894 2356 corruptos
930 2288 1146 2353 scribit;
1190 2290 1468 2357 quomodo
1510 2291 1727 2344 tandem
1755 2307 1882 2360 erga
1912 2291 2018 2345 im-

337 2381 340 2383 ‘
437 2385 770 2446 peratorem,
817 2395 942 2434 cum
985 2395 1095 2450 quo
1140 2380 1529 2437 immodestum
1569 2382 2022 2454 iurgium-osten-

439 2474 538 2520 tat.

507 2559 598 2614 lX.
651 2560 1070 2616 Observandum
1117 2562 1343 2633 pariter,
1401 2563 1550 2634 quod
1583 2575 1826 2620 .narrat:
1869 2566 1922 2618 1ο
1952 2564 2020 2621 de

440 2652 626 2707 favore
659 2663 714 2708 et
745 2655 1096 2710 multitudine
1143 2656 1355 2726 populi,
1417 2657 1485 2711 ad
1539 2673 1666 2713 suas
1728 2661 2023 2715 conciones

439 2746 732 2801 confertim
766 2763 863 2816 per
898 2763 1049 2801 mare
1083 2749 1462 2814 alliuentis;2°
1492 2749 1559 2803 de
1591 2750 1731 2814 loco,
1763 2750 1855 2804 ubi
1893 2766 2024 2806 con-

439 2837 654 2892 cionem
683 2839 952 2905 habebat;
983 2839 1036 2893 5°
1059 2839 1126 2894 de
1152 2855 1378 2894 suorum
1399 2841 1696 2902 nonnullis,
1728 2842 1822 2910 qui
1847 2841 1914 2895 ad
1941 2858 2026 2896 sa-

443 2929 656 2984 niorem
684 2942 926 2985 mentem
963 2931 1172 2986 reversi
1209 2931 1280 2985 ad
1313 2931 1629 2986 Catholicos
1656 2933 2022 2999 recedebant;

2110 453 2284 524 ipsius
2308 455 2397 520 sit,
2423 455 2608 509 nullus
2627 453 2845 509 dubito.
2877 452 3012 506 Nam
3038 450 3240 520 primo,
3267 464 3469 503 nomen
3513 447 3694 505 Theo-

2108 545 2285 602 doreti
2330 563 2454 602 cum
2509 547 2636 601 aliis
2683 546 2989 615 legatorum
3043 541 3362 596 nominibus
3403 542 3692 613 inscriptio

2109 637 2349 706 przefert.
2407 637 2475 691 Et
2525 635 2910 690 Theodoretus
2955 631 3319 688 Orientalium
3360 633 3486 696 fuit,
3525 643 3582 686 et
3639 633 3694 690 in

2109 733 2337 804 synodo,
2365 741 2422 787 et
2451 734 2508 787 in
2540 733 2834 803 legatione,
2869 747 2978 785 non
3017 747 3080 784 os
3118 739 3354 794 tantum,
3383 744 3512 783 cum
3542 727 3690 796 loqui

2109 827 2358 895 oportuit
2383 843 2395 878 :
2427 824 2521 879 sed
2544 825 2712 878 etiam
2741 839 2959 886 manus,
2991 838 3118 879 cum
3141 822 3448 876 scribendae
3475 820 3692 874 littera.

2110 917 2320 971 Deinde
2373 916 2548 987 stylus
2603 915 3016 969 Theodoretum
3082 913 3268 967 statim
3320 912 3514 966 lectori
3584 929 3695 966 non

2109 1008 2486 1080 peregrinanti
2523 1008 2576 1061 in
2619 1009 2862 1062 auctoris
2904 1007 3135 1076 hujusce
3166 1006 3455 1076 operibus,
3490 1005 3693 1074 prodit.

2111 1101 2266 1156 Adde
2289 1101 2436 1171 quod
2467 1100 2805 1155 locutionum
2835 1114 3209 1168 sensuumque
3233 1099 3498 1168 ταυτότης
3535 1099 3590 1152 id
3623 1098 3697 1151 ita

2111 1194 2374 1258 ostendit,
2412 1202 2470 1248 ut
2503 1193 2616 1247 fere
2657 1208 2836 1248 aecus
2876 1193 2968 1255 sit,
3009 1192 3102 1260 qui
3139 1190 3549 1244 Theodoretum
3593 1205 3696 1243 no-

2114 1284 2282 1348 mine,
2307 1283 2510 1347 verbis,
2535 1283 2697 1353 stylo,
2717 1281 2992 1344 sensibus,
3011 1281 3182 1336 animi
3199 1281 3398 1335 affectu
3425 1289 3480 1334 et
3510 1295 3695 1334 rerum

2113 1389 2336 1429 suarum
2380 1373 2720 1435 narratione,
2771 1372 2982 1426 clarere
3025 1371 3300 1425 volentem
3331 1387 3442 1424 non
3489 1369 3693 1424 videat.

2183 1467 2248 1520 ll.
2276 1465 2433 1532 Quod
2469 1465 2660 1535 objicit
2686 1462 2955 1517 Baronius
2977 1460 3022 1527 ⁸,
3067 1461 3285 1516 Martini
3321 1461 3697 1516 Mcdiolanen-

2115 1558 2257 1613 sium
2297 1557 2540 1626 episcopi
2593 1554 2930 1609 mentionem
2984 1551 3124 1616 fieri,
3184 1567 3312 1606 cum
3360 1551 3544 1606 nullus
3595 1553 3699 1607 hoc

2115 1649 2340 1704 nomine
2363 1648 2824 1704 Mediolanensem
2851 1645 3156 1700 Ecclesiam
3177 1652 3309 1697 tunc
3335 1644 3563 1707 rexerit,
3588 1659 3700 1699 non

2119 1740 2301 1810 magni
2353 1739 2616 1793 momenti
2669 1747 2773 1793 est.
2823 1734 3279 1804 Quandoquidem
3321 1734 3505 1804 potuit
3539 1735 3699 1790 facile
3752 1792 3760 1799 ,

2119 1841 2214 1886 aut
2263 1831 2378 1900 ipse
2423 1829 2830 1896 Theodoretus,
2867 1828 3032 1883 homo
3065 1827 3226 1898 longe
3249 1827 3481 1896 positus,
3515 1827 3703 1882 Marti-

2118 1937 2250 1975 num
2279 1921 2486 1984 dicere,
2518 1921 2612 1990 qui
2653 1935 2780 1974 vere
2805 1918 3170 1974 Martinianus
3202 1926 3359 1984 erat;
3397 1927 3494 1972 aut
3525 1918 3701 1972 libra-

2120 2012 2256 2077 rius,
2279 2012 2594 2068 Martiniani
2627 2011 2848 2066 nomine
2883 2011 3165 2076 breviato,
3215 2009 3511 2065 Martinum
3561 2011 3700 2066 seri.“-

2120 2105 2272 2161 bere.
2755 2171 2759 2175 I

2183 2197 2346 2266 372
2375 2196 2463 2251 Ill.
2492 2196 2572 2250 Eo
2609 2205 2852 2266 tempore
2872 2196 3000 2251 data
3023 2205 3132 2260 est,
3164 2212 3276 2267 quo
3303 2197 3470 2268 legati
3499 2196 3703 2254 Orien-

2121 2288 2260 2344 tales
2288 2287 2695 2344 Chalcedonem
2723 2289 2974 2357 appulsi,
3009 2288 3214 2346 ibidem
3239 2290 3703 2360 eonsisterejussi

2122 2388 2272 2442 sunt,
2305 2379 2414 2433 imo
2441 2389 2565 2448 post
2589 2380 2848 2450 quintum
2873 2380 3226 2449 imperatoris
3247 2380 3322 2438 ein
3347 2381 3704 2437 Bufinianum

2121 2471 2353 2541 profecti
2405 2471 2677 2527 allatum:
2723 2472 2878 2542 prius
2921 2481 3101 2528 tamen
3145 2487 3310 2544 quam
3337 2475 3478 2544 jussi
3516 2484 3705 2532 essent

2123 2579 2251 2617 suas
2287 2564 2340 2616 in
2384 2564 2650 2618 ecclesias
2675 2565 2902 2619 reverti.

2192 2655 2279 2710 IV.
2307 2655 2432 2710 Fuit
2466 2672 2599 2710 vero
2627 2657 2910 2712 scribendi
2943 2658 3258 2723 consilium,
3289 2667 3348 2713 ut
3371 2675 3578 2730 magna
3608 2675 3709 2714 cu-

2119 2747 2336 2818 jusdam
2399 2749 2695 2818 provincia:
2739 2749 2966 2803 antistes
3013 2750 3067 2802 in
3116 2757 3302 2818 partes
3335 2747 3705 2804 Orientalium

2129 2840 2463 2904 traheretur,
2514 2857 2616 2895 nec
2655 2841 2933 2897 sineretur
2971 2840 3234 2895 Flaviano
3268 2840 3709 2910 Philippensium

2127 2931 2425 3000 episcopo,
2485 2932 2574 2985 cui
2619 2932 2769 2986 vices
2830 2947 2958 2986 suas
3010 2932 3397 2996 commiserat,
3444 2931 3711 2987 referenti

441 3021 499 3076 4ο
527 3022 595 3076 de
625 3023 888 3078 Ecclesiis
925 3024 1161 3079 occlusis
1202 3040 1232 3079 a
1270 3023 1701 3080 Chalcedonensi
1744 3027 2022 3096 episc0po,
2053 3047 2096 3104 ο
2131 3031 2331 3076 sancta:
2353 3022 2546 3093 synodi
2573 3038 2673 3092 pro
2707 3022 2910 3093 Cyrillo
2927 3023 3222 3092 judicium,
3255 3021 3417 3076 fidem
3444 3022 3648 3077 habere
3691 3040 3709 3078 :

445 3128 514 3168 ne
544 3122 798 3183 paterent
832 3115 1197 3170 schismaticis
1222 3132 1236 3182 ;
1264 3115 1319 3170 5°
1343 3115 1580 3185 denique
1608 3117 1676 3170 de
1706 3118 1826 3171 zelo
1867 3117 2028 3171 cleri-

443 3217 638 3258 corum
679 3213 734 3258 et
779 3207 1173 3261 monachorum
1228 3207 1383 3262 urbis
1458 3208 1636 3277 regia.
1687 3208 2028 3263 Clericorum

447 3294 558 3351 dux
587 3306 709 3352 erat
735 3298 1024 3368 Philippus
1054 3299 1368 3370 presbyter,
1389 3300 1785 3354 monachorum
1809 3309 2031 3356 sanctus

448 3387 773 3449 Dalmatius.

528 3481 593 3536 Χ.
635 3482 1052 3539 Observandum
1088 3486 1278 3550 etiam,
1330 3487 1744 3541 consonantiam
1804 3489 2033 3558 hujusce

450 3574 702 3650 epistola:
747 3585 804 3630 et
851 3575 1136 3630 concionis
1167 3576 1517 3631 Chalcedone
1559 3577 1780 3641 habitae,
1828 3586 2035 3632 tantam

451 3681 593 3727 esse,
623 3675 682 3720 ut
707 3668 878 3722 altera
899 3668 1055 3722 alteri
1095 3668 1256 3723 fidem
1280 3669 1571 3734 conciliet;
1610 3678 1842 3739 utraque
1887 3679 2035 3724 certe

454 3756 781 3811 seditionem
809 3757 1002 3828 spirat,
1039 3767 1096 3814 et
1137 3758 1545 3814 Theodoretum
1580 3769 1860 3814 auctorem
1889 3760 2036 3816 clare

456 3849 815 3904 demonstrat.

527 3940 618 3995 XI.
645 3941 1062 3998 Observandum
1086 3943 1344 4014 denique,
1364 3944 1510 4015 quod
1530 3945 1606 4000 ait
1635 3943 2035 4014 Theodoretus,

458 4033 768 4090 Orientales
795 4045 1154 4107 congregatos
1196 4035 1365 4091 fuisse
1405 4037 1629 4106 quidem
1663 4037 2036 4103 Chalcedone,

459 4124 556 4179 sed
583 4133 735 4179 extra
792 4126 1082 4180 ecclesiam
1121 4143 1133 4180 :
1173 4141 1349 4196 eaque
1389 4125 1444 4181 in
1479 4129 1902 4198 congregatione
1955 4128 2041 4183 fu-

460 4213 608 4269 disse
645 4231 858 4284 preces,
902 4234 1010 4271 non
1064 4225 1244 4272 tamen
1298 4218 1573 4283 habuisse,
1625 4229 1725 4275 aut
1759 4235 2040 4274 sacrarum

462 4305 872 4378 Scripturarum
908 4308 1220 4372 lectionem,
1251 4318 1344 4363 aut
1372 4310 1746 4375 oblationem;
1786 4318 2041 4380 propter-

2131 3120 2295 3181 atque
2332 3111 2448 3165 haec
2482 3121 2784 3182 causaest,
2814 3128 2913 3167 cur
2951 3111 3138 3183 Cyrilli
3175 3113 3448 3167 sententia
3476 3112 3714 3166 menda-

2133 3204 2306 3268 citer;
2335 3202 2698 3258 Orientalium
2724 3219 2833 3267 res,
2863 3203 3195 3273 jactabunde
3219 3220 3241 3269 ;
3274 3211 3478 3257 sanctae
3510 3203 3714 3275 synodi

2133 3304 2304 3363 gesta,
2335 3295 2606 3350 invidiose
2642 3303 3006 3364 exponantur.

2204 3386 2268 3440 ν.
2303 3386 2383 3441 Ex
2413 3386 2517 3440 hac
2539 3385 2772 3454 epistola
2803 3385 2961 3439 nobis
2994 3394 3250 3454 quatuor,
3291 3386 3436 3442 unde
3453 3385 3719 3442 ecclesia-

2137 3478 2293 3533 stica:
2326 3477 2571 3532 historia:
2603 3493 2714 3531 non
2741 3492 2909 3546 parva
2953 3475 3044 3530 lux
3071 3477 3324 3543 affertur,
3365 3489 3465 3532 aut
3497 3479 3721 3534 innote-

2136 3575 2296 3623 scunt
2321 3567 2581 3636 primum,
2613 3575 2709 3619 aut
2729 3574 2878 3620 certe
2912 3565 3332 3620 confirmantur.

2204 3661 2254 3713 1.
2287 3659 2371 3713 Fit
2399 3656 2609 3711 mentio
2643 3656 2846 3711 Juliani
2873 3657 3154 3727 cujusdam
3191 3659 3423 3714 Eridicaa
3447 3661 3719 3730 episcopi,

2138 3761 2200 3806 ut
2228 3760 2311 3806 est
2345 3751 2400 3804 in
2429 3748 2596 3805 editis
2620 3749 2908 3805 codicibus
2928 3752 2971 3816 9,
3005 3751 3073 3805 ad
3098 3768 3262 3821 quem
3294 3753 3472 3808 Rufus
3501 3753 3571 3808 de
3610 3753 3721 3810 ﬁde

2137 3843 2534 3908 Nicaana,velut
2555 3843 2859 3898 sulliciente
2883 3842 2951 3896 ad
2985 3844 3272 3898 veritatem
3293 3845 3720 3913 ostendendam,

2137 3932 2447 3996 retinenda,
2481 3941 2645 4002 atque
2674 3931 2728 3986 in
2759 3932 2970 4003 synodo
3010 3932 3359 3989 defendenda
3400 3930 3722 4004 scripserat.

2140 4022 2422 4080 Gerardus
2451 4022 2680 4078 Vossius
2707 4022 2747 4053 '°
2774 4021 3033 4092 opinatus
3065 4031 3171 4085 est,
3218 4022 3368 4078 hunc
3395 4038 3517 4078 esse
3550 4023 3729 4079 Julia-

2140 4129 2273 4169 num
2305 4113 2647 4177 hmreticum,
2677 4113 2794 4182 qui,
2827 4127 2952 4167 cum
2987 4113 3196 4182 ejectus
3231 4129 3297 4167 ex
3341 4114 3499 4168 Italia
3528 4115 3729 4170 confu-

2142 4207 2308 4278 gisset
2338 4205 2408 4260 ad
2429 4206 2720 4271 Asiaticos,
2759 4224 2776 4257 ‹
2811 4205 2880 4260 ab
2910 4206 2997 4261 his
3025 4221 3123 4260 seu
3154 4222 3346 4261 verum
3372 4208 3728 4277 episcopatus

2146 4298 2482 4353 Eridicensis
2515 4297 2804 4362 honorem,
2855 4313 2951 4352 seu
2997 4297 3218 4351 titulum
3267 4297 3460 4352 saltem
3496 4297 3730 4355 honoris

459 4413 526 4453 ea
560 4397 706 4468 quod
733 4399 886 4453 nefas
919 4407 1039 4452 erat
1075 4415 1141 4454 ea
1191 4407 1514 4469 tempestate
1558 4407 1849 4469 utramque
1902 4416 2032 4470 per-
2069 4400 2112 4455 D
2145 4404 2278 4458 ergo
2310 4397 2642 4443 consecutus
2667 4388 2761 4442 Sil.
2801 4407 2819 4438 ι
2849 4386 3140 4456 Opinionis
3167 4387 3460 4442 falsitatem
3478 4389 3731 4444 ostendit

463 4504 646 4560 agere,
681 4491 787 4545 nisi
833 4491 890 4545 in
939 4491 1192 4546 ecclesia.
1245 4490 1402 4545 Unde
1439 4490 1726 4545 Nestorius
1781 4491 2036 4561 Philippo

462 4581 785 4653 presbytero
809 4597 1005 4652 magno
1038 4582 1255 4636 crimini
1284 4581 1448 4636 vertit
1477 4581 1646 4650 quod,
1675 4591 1800 4650 post
1825 4582 2037 4638 disces-

463 4673 676 4729 sionem
715 4691 745 4729 a
765 4676 983 4730 clericis
1007 4674 1327 4744 episcopum
1352 4691 1513 4730 suum
1541 4676 1692 4731 velut
1719 4676 2038 4731 haireticum

463 4763 801 4835 fugientibus
833 4766 1209 4834 factam,apud
1244 4783 1300 4820 se
1328 4767 1598 4823 coitiones
1624 4775 1681 4822 et
1699 4768 2037 4823 oblationem

464 4858 784 4928 peregisset.
824 4859 977 4914 Unde
1013 4859 1180 4913 etiam
1210 4859 1594 4916 Theodoretus
1635 4861 1751 4930 ipse
1777 4862 2042 4931 singulari

466 4949 875 5021 dispensatione
927 4967 1060 5006 usus
1092 4960 1197 5015 est,
1239 4966 1363 5006 cum
1407 4953 1462 5006 in
1493 4953 1656 5007 Maris
1678 4952 1922 5008 eremitae
1951 4961 2042 5006 tu-

467 5042 648 5112 gurio,
677 5058 775 5112 pro
817 5044 976 5097 altari
1011 5059 1142 5098 usus
1186 5044 1542 5098 diaconerum
1587 5043 1862 5109 manibus,
1887 5057 2043 5098 sacra

469 5137 728 5205 mysteria
758 5137 971 5206 peregit
995 5137 1036 5187 ⁷.

687 5245 927 5314 Epistula
965 5245 1081 5309 170,
1110 5243 1461 5300 Orientalium
1502 5245 1572 5298 ad
1616 5244 1829 5314 Rufum.

543 5334 583 5390 l.
613 5336 764 5390 llanc
800 5334 1178 5391 Theodoretus
1208 5336 1482 5407 nuspiam,
1515 5337 1659 5406 quod
1695 5336 1916 5406 quidem
1943 5350 2043 5390 ηο-

2148 4478 2486 4543 Holstenius,
2509 4493 2635 4532 cum
2670 4493 2917 4532 errorem
2946 4478 3150 4548 vulgati
3188 4477 3397 4534 codicis
3444 4479 3730 4546 emendat,

2144 4580 2201 4627 et
2227 4571 2352 4625 loco
2378 4570 2476 4640 τῆς
2507 4568 2778 4640 Ἐριδικῆς
2820 4568 3146 4640 Ἐκκλησίας
3165 4570 3301 4640 legit
3328 4570 3426 4640 τῆς
3457 4571 3731 4643 ὣρδικῆς

2162 4662 2511 4732 Ἐκκλησίας.

2212 4776 2268 4830 2.
2298 4774 2515 4829 Dicitur
2555 4771 2798 4843 Cyrillus
2823 4771 3128 4842 depositus,
3168 4787 3281 4827 non
3323 4781 3384 4827 ut
3434 4772 3733 4829 hereticus

2151 4877 2386 4931 tantum,
2437 4867 2526 4921 cui
2556 4866 2781 4935 patebat
2825 4865 3038 4919 reditus
3063 4880 3162 4935 per
3185 4866 3604 4935 pmnitentiam;
3630 4867 3734 4922 sed

2150 4970 2408 5029 tanquam
2437 4957 2807 5013 hteresiarcha
2851 4956 2970 5010 sine
3013 4957 3122 5009 ulla
3163 4971 3261 5024 spe
3305 4956 3679 5012 restitutionis
3713 4973 3732 5010 :

2149 5053 2296 5122 quod
2325 5050 2608 5106 sanciebat
2639 5058 2796 5103 vetus
2827 5047 3088 5102 Ecclesia
3109 5047 3420 5117 disciplina.

2214 5148 2267 5201 '5.
2293 5145 2618 5216 Suspicione
2659 5159 2770 5196 non
2813 5151 2985 5206 caret,
3016 5142 3164 5212 quod
3202 5141 3404 5196 dicitur
3427 5142 3735 5212 imperator

2151 5239 2442 5296 mandasse
2472 5236 2788 5300 Catholicis,
2820 5243 2882 5289 ut
2921 5234 3007 5289 vel
3037 5233 3214 5304 capita
3253 5234 3440 5305 Cyrilli
3467 5243 3734 5303 tanquam

2153 5333 2278 5388 fidei
2299 5331 2528 5386 adversa
2573 5327 2843 5398 rejiclaut,
2873 5326 2962 5382 vel
2983 5336 3132 5381 certe
3159 5335 3418 5396 suscepto
3441 5341 3501 5380 in
3531 5337 3731 5380 eorum

1808 5486 2124 5545 SCHULZII
2175 5483 2401 5541 NOTAE.

534 5633 554 5662 τ
579 5629 892 5702 ﬁdeliam
921 5648 1106 5702 supra.
1128 5647 1194 5702 κῃ.
1227 5630 1346 5684 160.

451 5698 753 5756 Sirmondi.
845 5705 890 5737 ⁸ο
922 5698 1040 5756 Lib.
1068 5720 1082 5758 ι
1113 5698 1330 5756 Πινιηινν.
1368 5700 1573 5769 Pelag.,
1605 5717 1721 5772 cap.
1756 5702 1806 5755 6.

1430 5633 1456 5701 '7
1483 5631 1676 5683 Annal.
1713 5640 1847 5684 tom.
1885 5631 1947 5698 V,
1983 5645 2036 5701 p.
2076 5629 2197 5684 677.

2275 5629 2294 5660 ’
2334 5625 2394 5681 Ut
2424 5655 2490 5664 -—
2518 5623 2791 5676 codicibus.
2852 5621 2930 5676 lta
2996 5635 3214 5694 quoque
3258 5619 3496 5678 habebat
3559 5620 3736 5676 editio
