4024 6152
349 209 459 276 321

1527 222 1625 284 DE
1662 221 1918 284 LIBRIS
1953 221 2461 288 THEODORE’I‘I.

3514 233 3620 297 32.2

359 323 742 383 defensionem
805 329 1128 396 certamine,
1185 340 1500 387 sanctorum
1551 334 1773 390 Patrum
1819 351 1948 390 con-
1976 343 2017 397 Α
2048 346 2103 392 et
2147 339 2265 408 ipsa
2314 337 2592 411 synodalis
2621 349 2725 406 est,
2751 347 2813 395 ut
2852 357 2953 398 suo
2980 343 3102 400 loco
3131 344 3616 418 demonstrabitur,

358 419 589 476 fessioni
623 431 996 476 consentanea
1019 439 1140 477 esse
1165 425 1342 494 palam
1369 427 1680 483 ostendant.
1717 429 1772 484 Si
1811 430 1943 500 quid

359 509 640 583 ejusmodi
686 513 1003 568 mandasset
1045 515 1392 574 Theodosius
1445 518 1774 585 Catholieis,
1833 538 1941 577 non

359 606 519 674 prius
547 605 605 659 in
635 606 831 660 urbem
864 608 1067 678 regiam
1094 609 1161 663 ad
1207 609 1588 666 suﬂieiendum
1622 612 1861 666 Nestorii
1889 614 1942 667 in

361 696 554 749 sedem
583 696 903 766 episcopum
937 699 1262 768 excepisset,
1311 717 1476 770 quam
1520 701 1706 772 Cyrilli
1765 702 1944 771 capita

361 786 744 850 damnassent,
795 804 915 857 quae
958 800 1107 844 certe
1148 803 1258 845 non
1312 793 1662 846 damnarunt.
1709 793 1843 846 Nam
1896 795 1942 848 si

358 876 739 942 damnassent,
795 893 896 931 cur
943 878 997 931 in
1039 879 1451 936 conditionibus
1499 883 1652 952 pacis
1690 883 1839 936 nulla
1882 881 1941 937 iit

360 968 738 1022 damnationis
765 970 971 1024 mentio
994 971 1016 1022 ?
1039 969 1151 1024 Cur
1181 973 1352 1041 petita
1395 983 1478 1028 est
1519 983 1629 1027 tam
1672 975 1943 1028 instanter

356 1058 425 1111 ab
448 1056 986 1112 Orientalibus?Cur
1017 1069 1122 1112 tam
1145 1071 1527 1117 asseveranter
1542 1062 1777 1134 Cyrillus
1805 1064 1941 1117 nihil

357 1165 386 1204 a
412 1167 476 1205 se
506 1152 776 1220 scriptum
811 1152 1115 1217 contendit,
1152 1154 1299 1223 quod
1346 1154 1627 1209 obliterari
1664 1155 1942 1210 deberet?

353 1242 472 1298 Cur
518 1243 927 1309 Theodoretus,
966 1261 1093 1300 cum
1127 1247 1282 1301 alias
1329 1247 1692 1317 capitulorum
1751 1247 1940 1320 Cyrilli

356 1334 614 1387 meminit
637 1334 910 1404 (meminit
937 1351 1090 1399 vero,
1109 1336 1326 1405 quoties
1359 1339 1573 1392 occasio
1597 1354 1656 1393 se
1686 1337 1938 1409 praebet),

357 1424 503 1478 hanc
556 1424 1072 1480 condemnationem
1115 1442 1224 1481 non
1277 1427 1520 1497 objecit?
1569 1427 1678 1483 Cur
1706 1427 1940 1500 Cyrillus

356 1515 564 1568 Aeacio
594 1513 872 1579 Meliteno,
908 1517 1003 1584 qui
1031 1516 1138 1570 fuit
1181 1532 1327 1572 unus
1359 1517 1427 1572 de
1461 1518 1652 1589 legatis
1694 1519 1938 1574 Catholi-

356 1623 576 1673 corum,
610 1610 865 1679 querenti
896 1611 1043 1679 quod
1065 1611 1218 1666 visus
1238 1621 1386 1666 esset
1405 1612 1690 1682 pristinam
1721 1621 1941 1667 senten-

358 1700 493 1754 tiam
525 1711 878 1766 relraetasse,
907 1718 1033 1758 cum
1070 1702 1431 1758 Orientalium
1469 1703 1630 1758 ﬁdem
1665 1705 1936 1774 probavit,

358 1807 473 1845 non
504 1793 789 1860 respondit
815 1795 971 1864 pejus
998 1793 1259 1864 quiddam
1302 1794 1372 1848 ab
1406 1795 1524 1864 ipso
1554 1794 1780 1859 factum,
1813 1811 1938 1849 cum

353 1885 602 1953 capitula
628 1900 813 1938 coram
839 1886 1193 1956 imperatore,
1211 1888 1554 1957 testibusque
1577 1887 1938 1942 Orientalium

351 1973 553 2042 legatis
580 1975 960 2042 reprobasset?
988 1975 1100 2030 Hac
1133 1977 1298 2030 etiam
1344 1978 1559 2033 ratione
1596 1993 1707 2032 non
1741 1978 1936 2032 imme-

351 2064 466 2116 rito
497 2073 792 2119 revocatur
821 2065 875 2118 in
900 2066 1060 2137 373
1080 2067 1333 2133 dubium,
1375 2084 1497 2138 qua:
1523 2085 1700 2138 nuper
1734 2069 1939 2138 prodiit

349 2157 408 2210 in
445 2157 628 2210 lucem
662 2154 827 2210 Sacra
871 2158 1188 2225 Theodosii,
1227 2160 1512 2230 episcopos
1561 2161 1762 2230 Ephesi
1805 2177 1939 2216 con-

349 2259 610 2320 gregatos
639 2248 968 2304 dimittentis
1010 2251 1075 2305 ad
1105 2266 1230 2306 suas
1255 2253 1530 2308 Ecclesias
1560 2271 1573 2304 :
1620 2255 1764 2308 idem
1791 2255 1938 2309 enim

349 2341 706 2396 mendacium
754 2344 1017 2397 continet.
1063 2343 1264 2410 Quare,
1326 2345 1369 2399 si
1425 2345 1550 2414 quis
1600 2347 1938 2416 suppositam

347 2443 511 2504 putet
551 2450 580 2488 a
621 2434 971 2490 Theodoreto
1014 2438 1074 2501 “,
1114 2446 1208 2492 aut
1247 2453 1277 2491 a
1332 2438 1664 2492 Theodoreti
1692 2439 1939 2494 studioso

347 2523 580 2579 Sacram
601 2569 615 2591 ,
659 2541 769 2581 non
803 2527 1085 2584 videbitur
1112 2529 1254 2584 forte
1279 2544 1308 2584 a
1341 2546 1474 2584 vero
1505 2532 1695 2600 procul
1723 2531 1936 2586 abesse.

420 2616 474 2671 ι.
516 2617 736 2684 Mirum,
773 2621 920 2690 quod
967 2622 1214 2676 Euchita:
1245 2632 1300 2676 et
1338 2622 1706 2677 Enthusiastze
1735 2623 1938 2678 dicun-

349 2720 443 2764 tur
465 2710 665 2765 eadem
694 2728 907 2781 sapere,
947 2729 1070 2783 quae
1096 2714 1390 2769 Caelestius
1422 2725 1479 2769 et
1512 2715 1785 2785 Pelagius,
1813 2731 1938 2770 cum

347 2802 634 2874 Pelagiani
661 2805 908 2859 eamdem
940 2806 1240 2861 Catholicis
1275 2807 1582 2878 obiicerem
1620 2809 1940 2863 consensio-

345 2911 474 2950 nem
525 2911 654 2950 eum
710 2897 962 2953 Euchitis
1009 2907 1064 2954 et
1102 2899 1493 2953 Enthusiastis.
1545 2897 1940 2954 Admirationis

344 3000 572 3040 causam
624 2985 1004 3042 Theodoretus
1059 2989 1176 3058 ipse
1209 2988 1348 3041 alias
1372 2986 1535 3048 tollit,
1569 2979 1790 3056 qu’ando
1831 2987 1942 3040 Eu-
1967 3016 2008 3070 ε

348 3079 632 3133 cbitarum
674 3079 904 3134 hauesin
949 3087 1134 3150 partes
1166 3080 1304 3133 duas
1338 3079 1597 3133 habuisse
1621 3079 1783 3132 docet
1821 3079 1940 3132 :al-

348 3179 548 3236 teram,
604 3188 712 3241 qua
758 3173 1008 3228 dicerent
1057 3173 1360 3236 hominem,
1419 3188 1544 3226 cum
1596 3179 1935 3235 nasceretur,

347 3267 609 3335 potestati
653 3265 920 3320 dzemonis
956 3281 1076 3320 esse
1126 3264 1464 3330 obnoxium;
1519 3263 1772 3326 alteram,
1827 3277 1938 3332 qua

352 3355 625 3425 baptisma
653 3357 793 3412 nihil
829 3357 1260 3427 suscipientibus
1306 3356 1568 3426 prodesse
1605 3361 1938 3410 assererem.

348 3449 591 3505 Primam
624 3449 940 3504 Ccelestiani
973 3449 1272 3504 Catholicis
1295 3446 1627 3514 ;secundam
1669 3444 1939 3500 Catholici

345 3541 702 3597 leestianis
731 3543 1088 3613 objiciebant.
1111 3540 1436 3611 Quanquam
1484 3538 1828 3609 probabilius
1858 3537 1940 3591 vi-

348 3636 571 3700 deatur,
619 3652 726 3689 non
756 3644 863 3688 tam
890 3635 1184 3705 dogmatis,
1214 3648 1378 3703 quam
1407 3630 1812 3693 communionis
1853 3643 1940 3683 so-

347 3729 609 3786 cietatem
637 3727 767 3781 hinc
803 3727 930 3781 inde
966 3727 1238 3797 objectam
1263 3739 1404 3780 esse.

350 3883 598 3955 Epistula
641 3883 759 3947 l7l,
786 3899 947 3954 quam
981 3882 1332 3936 Theodoretus
1354 3881 1562 3950 scripsit
1594 3880 1664 3933 ad
1676 3879 1940 3934 Joannem

956 3955 1363 4008 Antiochenam.

423 4091 463 4146 l.
498 4089 558 4144 in
587 4091 740 4145 Actis
773 4107 804 4143 v
838 4089 1051 4160 synodi,
1073 4089 1198 4143 coll.
1233 4089 1285 4153 5,
1317 4086 1518 4158 legitur
1542 4086 1706 4155 hujus
1738 4085 1942 4155 episto-

348 4180 414 4233 la:
460 4179 642 4232 media
697 4179 810 4232 fere
854 4195 999 4248 pars,
1037 4177 1132 4232 sed
1171 4177 1364 4232 Latine
1397 4186 1605 4230 tantum
1633 4179 1674 4207 “
1713 4194 1725 4228 :
1767 4175 1940 4244 proli—

350 4271 562 4323 xiorem
591 4269 765 4323 edidit
793 4267 979 4322 Graece
1005 4276 1061 4322 et
1087 4268 1276 4321 Latine
1304 4282 1448 4320 anno
1483 4265 1611 4319 1661
1660 4265 1770 4318 Leo
1797 4263 1942 4317 Alla-
1971 4255 1978 4262 ’

2046 435 2102 481 et
2136 429 2204 482 ab
2237 430 2429 485 eadem
2461 432 2670 502 synodo
2687 434 2882 489 eodem
2917 443 3163 506 tempore
3189 439 3374 493 missa.

2122 519 2206 572 Ill.
2243 521 2412 575 Docet
2440 523 2725 595 inscriptio
2753 525 2936 580 (latam
2966 541 3086 582 esse
3113 529 3176 592 “,
3213 545 3337 583 cum
3369 529 3437 584 de
3470 531 3623 600 pacis

2049 609 2461 667 conditionibus
2489 626 2745 684 ageretur
2777 617 2821 648 “
2849 617 2905 670 in
2953 621 3186 674 concilio
3240 622 3466 678 Joannis
3509 623 3622 680 An-

2048 698 2292 754 tiocheni
2340 703 2482 771 apud
2507 704 2770 760 Acacium
2817 706 3186 774 Bermensem,
3224 721 3511 781 postquam
3535 729 3625 768 ac-

2046 798 2202 858 cepta
2228 801 2314 845 est
2335 793 2405 846 ab
2428 794 2799 851 Orientalibus
2829 797 3001 852 forma
3026 800 3173 865 lidei,
3198 817 3360 870 quam
3385 802 3623 873 Cyrillus

2052 882 2453 948 transmiserat,
2482 895 2538 939 et
2574 886 2892 956 priusquam
2935 891 3315 948 absolveretur
3343 894 3494 964 pacis
3522 911 3622 950 ne-

2044 972 2250 1042 gotium
2287 991 2300 1025 :
2329 974 2643 1029 absolutum
2687 992 2818 1032 vero
2849 988 2940 1034 est
2979 982 3134 1036 initio
3155 985 3281 1037 anni
3306 985 3429 1047 455,
3457 987 3623 1040 missa

2043 1079 2176 1118 vero
2207 1065 2379 1120 forma
2405 1066 2530 1121 ﬁdei
2560 1068 2782 1124 circiter
2807 1069 3181 1140 Septembrem
3212 1091 3454 1130 mensem
3491 1079 3621 1132 anni

2044 1155 2169 1208 45⁸2.
2195 1156 2432 1212 Necesse
2465 1167 2550 1213 est
2577 1160 2743 1230 igitur
2786 1165 3102 1233 synodicam
3141 1167 3282 1221 hanc
3330 1169 3432 1222 sub
3459 1169 3620 1223 tinem

2046 1245 2387 1317 Septembris
2427 1260 2522 1305 aut
2559 1267 2747 1308 mense
2789 1253 3012 1310 Octobri
3053 1259 3311 1328 scriptam
3339 1277 3480 1324 esse,
3512 1276 3622 1330 quo

2043 1349 2289 1409 tempore
2319 1343 2562 1412 synodus
2587 1348 2922 1402 autumnalis
2959 1365 3024 1402 ex
3058 1351 3377 1419 praascripto
3410 1352 3620 1407 Nieami

2041 1431 2269 1486 canonis
2295 1433 2362 1486 ab
2377 1434 2849 1504 Euphratensibus
2871 1439 3267 1495 celebrabatur.

2112 1525 2201 1579 IV.
2236 1527 2699 1596 Euphratensium
2721 1545 2885 1598 porro
2917 1531 3114 1586 animis
3141 1533 3520 1588 Theodoretus
3545 1533 3620 1589 ita

2044 1616 2456 1683 dominabatur,
2489 1621 2653 1692 374
2692 1632 2753 1676 ut
2790 1637 2883 1677 eos
2923 1625 2975 1676 in
3023 1641 3150 1679 suas
3191 1636 3372 1696 partes
3405 1638 3619 1695 pertra-

2446 1677 2653 1692 .--τ
3191 1677 3590 1696 r.--,_r-_-__

1976 1677 2016 1730 Β
2043 1708 2219 1773 heret,
2247 1727 2354 1780 qua
2379 1712 2566 1773 vellet,
2589 1713 2734 1767 unde.
2762 1713 3014 1769 Nestorio
3036 1716 3231 1771 favisse
3252 1719 3388 1771 nihil
3418 1719 3621 1773 mirum

2040 1809 2123 1854 est
2141 1801 2405 1857 Joannem
2436 1803 2815 1870 Germanicim,
2843 1806 3116 1861 Andream
3153 1808 3618 1875 Samosatenscm,

2044 1892 2414 1949 Alexandrum
2440 1895 2932 1966 Hierapolitanum,
2964 1898 3210 1967 aliosque
3245 1899 3621 1968 Euphratesia:

2047 1989 2314 2056 praesules
2345 2007 2357 2041 :
2389 2005 2569 2057 neque
2597 1977 2760 2043 etiam
2789 1991 2985 2043 mirum
3010 1991 3077 2044 ab
3102 1991 3466 2060 Euphratensi
3494 2008 3623 2063 pro-

2043 2076 2222 2130 vincia
2252 2078 2569 2148 synodicam
2618 2094 2729 2136 non
2778 2078 2946 2133 fuisse
2976 2080 3195 2134 missam
3231 2081 3397 2135 Leoni
3448 2081 3622 2152 impe-

2041 2167 2210 2222 ratori
2250 2177 2374 2237 post
2403 2169 2592 2240 viginti
2632 2170 2876 2239 quinque
2918 2170 3118 2225 abhinc
3160 2187 3352 2237 annos,
3387 2189 3511 2228 eum
3550 2175 3619 2230 de

2041 2260 2212 2314 rebus
2234 2261 2453 2316 concilii
2486 2261 2949 2317 Chalcedonensis
2980 2264 3306 2317 sententiam
3336 2267 3622 2336 episcopo-

2043 2367 2164 2404 rum
2199 2352 2576 2406 sciscitaretur
2614 2372 2626 2406 :
2661 2362 2792 2408 tunc
2819 2355 2966 2409 enim
3000 2355 3085 2409 vel
3128 2357 3392 2422 nondum,
3425 2360 3509 2412 vel
3533 2375 3622 2414 re-

2045 2460 2176 2499 cens
2209 2445 2590 2499 Theodorctus
2635 2447 2867 2514 obierat,
2906 2449 3133 2519 ejusque
3172 2449 3352 2505 adhuc
3396 2451 3621 2521 spiritus

2039 2535 2380 2605 provinciam
2411 2536 2650 2590 tenebat.

2115 2627 2179 2682 V.
2220 2627 2332 2683 ilae
2359 2629 2783 2698 epistola'Nilus
2822 2628 3324 2687 Thessalonicensis
3371 2642 3429 2688 et
3469 2633 3620 2689 Jose-

2041 2717 2185 2787 phus
2247 2718 2542 2773 Bricnnius
2591 2721 2746 2775 abusi
2794 2729 2939 2784 sunt,
2997 2731 3119 2775 com
3160 2724 3227 2776 (ie
3271 2728 3619 2793 processione

2043 2808 2284 2878 Spiritus
2315 2811 2488 2864 sancti
2513 2811 2887 2880 disputarent,
2913 2812 3333 2882 niterenturque
3369 2813 3617 2867 te'stimo-

2043 2901 2138 2955 nio
2161 2901 2491 2955 Theodoreti
2520 2902 2780 2971 probare,
2817 2897 2846 2955 a
2867 2901 3074 2972 Cyrillo
3101 2912 3470 2966 retractatam,
3494 2917 3618 2956 cum

2045 3005 2150 3062 pax
2181 2991 2436 3055 iniretur,
2471 3005 2633 3060 quam
2683 2991 2983 3044 tradiderat
3026 2991 3080 3045 in
3127 2992 3617 3058 anathematismis,

2041 3082 2348 3136 doctrinam
2395 3081 2464 3135 de
2499 3080 2708 3149 Spiritu
2761 3089 2952 3134 saneto
2995 3081 3330 3149 procedente
3374 3098 3404 3136 a
3458 3083 3618 3137 Patre

2039 3183 2096 3229 et
2126 3174 2282 3228 Filio.
2314 3173 2426 3226 Leo
2451 3172 2683 3226 Allatius
2723 3172 2778 3226 in
2817 3171 3062 3225 Vindiciis
3093 3175 3279 3244 synodi
3320 3173 3618 3244 Ephesiae,

2039 3276 2102 3320 ut
2136 3267 2278 3320 hanc
2303 3265 2687 3336 probationem
2720 3264 2914 3328 diluat,
2941 3264 3145 3333 excipit
3170 3265 3318 3319 duo:
3359 3266 3619 3331 alterum,

2039 3357 2326 3427 epistolam
2362 3356 2536 3410 videri
2590 3355 2696 3410 sibi
2730 3356 3135 3425 supposititiam
3164 3373 3178 3421 ;
3229 3357 3460 3410 alterum
3488 3397 3502 3420 ,
3553 3357 3619 3412 de

2045 3450 2395 3505 Theodoreto
2424 3449 2687 3520 Cyrillum
2709 3450 2997 3503 occasione
3023 3450 3187 3520 hujus
3207 3451 3451 3520 epistola:
3477 3452 3621 3521 apud

2038 3542 2301 3598 Joannem
2335 3541 2739 3596 Antiochenum
2768 3550 3022 3610 questum
3054 3557 3195 3595 esse.

2115 3633 2198 3688 Vi.
2237 3633 2349 3687 Nec
2383 3633 2495 3695 hic,
2521 3647 2624 3686 nec
2659 3631 2735 3685 illi
2777 3631 3035 3685 audiendi
3068 3642 3214 3686 sunt.
3257 3633 3392 3687 Nam
3442 3633 3624 3703 primo

2040 3724 2447 3780 inconsiderate
2489 3724 2719 3779 aﬂ'ertur
2763 3740 2794 3778 a
2842 3724 3208 3778 sehismaticis
3248 3725 3622 3780 testimonium

2041 3815 2284 3871 hominis
2338 3815 2603 3870 iracunde
2670 3815 3074 3869 calumniantis.
3105 3814 3312 3870 Deinde
3373 3816 3621 3879 Allatius,

2041 3924 2165 3964 cum
2193 3907 2582 3972 ait,occasionc
2615 3908 2778 3978 hujus
2807 3908 3054 3977 cpistola:
3077 3906 3338 3978 Cyrillum
3367 3915 3621 3975 questum

2041 4015 2161 4054 esse
2189 3999 2257 4053 de
2295 3998 2644 4053 Theodoreto
2683 3998 2827 4068 apud
2877 3999 3166 4062 Joannem,
3211 4005 3400 4067 peccat
3430 4005 3620 4050 contra

2042 4091 2311 4144 rationem
2366 4091 2662 4160 temporis;
2717 4090 3162 4160 quandoquidem
3229 4089 3344 4142 hmc
3393 4087 3621 4157 epistola

2041 4180 2166 4236 data
2211 4191 2295 4235 est
2343 4197 2486 4234 anno
2516 4182 2640 4245 432,
2695 4183 2797 4236 sub
2833 4182 3034 4247 finem;
3081 4181 3312 4251 epistola
3337 4195 3490 4242 vero,
3516 4195 3622 4248 qua

2041 4271 2279 4344 Cyrillus
2304 4273 2739 4341 queritur,anuo
2787 4275 2912 4338 458,
2949 4290 3111 4343 quam
3140 4271 3424 4327 citissime.
3460 4271 3620 4324 Deni-

352 4363 466 4414 tius
499 4361 550 4413 in
605 4359 846 4413 Vindiciis
887 4359 1070 4429 synodi
1109 4358 1387 4428 Ephesium
1417 4374 1434 4411 :
1471 4356 1646 4411 edidit
1675 4365 1730 4410 et
1760 4370 1938 4424 nuper
1971 4369 2014 4422 υ
2047 4378 2152 4432 que
2176 4362 2242 4416 de
2276 4361 2657 4432 suppositione
2692 4364 2967 4432 excipitur
2992 4365 3108 4417 sine
3150 4362 3344 4416 idonea
3388 4363 3494 4415 ulla
3533 4376 3622 4414 ra-

351 4452 661 4507 Cotelcrius
721 4452 775 4504 in
839 4451 1188 4504 Monumentis
1251 4447 1499 4503 Ecclesiae
1555 4448 1782 4512 ercw;
1840 4445 1934 4500 sed

355 4558 589 4614 uterque
637 4544 820 4597 adhuc
863 4544 1108 4598 mutilam
1163 4551 1440 4612 postrema
1475 4550 1648 4611 parte,
1681 4541 1726 4594 si
1753 4539 1936 4594 credi-

354 4653 478 4691 mus
512 4635 690 4689 codici
718 4636 980 4690 Vaticano
1000 4676 1013 4698 ,
1054 4635 1212 4704 cujus
1238 4634 1612 4703 apographum
1647 4631 1934 4696 habemus,

352 4744 667 4801 quanquam
695 4744 897 4792 vereor
927 4738 984 4781 ut
1010 4727 1170 4780 fidem
1206 4726 1377 4780 codex
1401 4734 1699 4779 mereatur.

419 4818 486 4873 ll.
513 4819 631 4872 Non
654 4818 989 4872 Theodoreti
1023 4819 1193 4872 solius
1212 4832 1353 4881 esse,
1375 4817 1468 4871 sed
1497 4816 1665 4870 totius
1685 4815 1936 4886 Euphra-

351 4914 527 4967 tensis
558 4912 775 4982 synodi,
816 4913 969 4982 cujus
1013 4912 1234 4966 nomine
1274 4911 1341 4965 ad
1373 4911 1638 4966 Joannem
1680 4907 1935 4964 Theodo-

351 5013 509 5058 retus
529 5004 771 5073 scripsit,
796 5004 991 5073 probat
1018 5004 1258 5074 primum
1298 5003 1413 5056 [HEC
1439 5017 1543 5056 vox
1575 5003 1633 5054 ἐν
1665 5001 1849 5070 κοινῷ,
1880 5003 1936 5055 in

352 5109 554 5147 conven
569 5103 626 5146 tu
657 5110 673 5146 :
698 5094 896 5148 deinde
933 5095 1160 5165 pluralis
1183 5109 1449 5148 numerus
1471 5093 1675 5163 ubique
1703 5091 1936 5163 positus:

351 5186 596 5258 denique
623 5202 710 5252 ea,
733 5202 855 5256 qua:
881 5197 1010 5242 sunt
1036 5189 1091 5242 in
1119 5168 1350 5257 epistola
1377 5185 1443 5240 ad
1469 5185 1794 5250 Himerium,
1819 5201 1941 5254 quae

2043 4454 2189 4508 tione
2218 4471 2230 4504 :
2265 4452 2451 4508 futiles
2486 4453 2630 4506 enim
2661 4463 2807 4517 sunt,
2827 4470 2963 4523 quas
3008 4454 3240 4508 Allatius
3273 4451 3514 4505 adducit.

2102 4543 2216 4600 γη.
2251 4543 2387 4598 Tres
2416 4545 2643 4598 omnino
2679 4544 2908 4614 profert.
2940 4544 3250 4612 l.Epistola
3276 4543 3377 4596 ista
3407 4543 3626 4596 videtur

2041 4633 2338 4688 admodum
2367 4635 2564 4689 similis
2597 4636 2669 4700 ei,
2701 4651 2822 4704 quae
2859 4635 2912 4689 in
2951 4635 3102 4690 obitu
3139 4633 3328 4706 Cyrilii
3380 4633 3557 4688 fertur
3593 4649 3624 4687 a

2042 4724 2393 4780 Theodoreto
2425 4725 2719 4792 indecore,
2757 4742 2826 4781 nc
2863 4727 3041 4782 dicam
3082 4725 3362 4788 atrociter,
3398 4729 3621 4793 scripta.

2041 4817 2178 4873 Cum
2229 4833 2362 4887 ergo
2404 4819 2767 4887 posteriorem
2817 4819 2974 4873 multi
3028 4817 3362 4887 suppositam
3407 4823 3622 4885 putent,

2043 4909 2188 4964 idem
2220 4909 2507 4963 ferendum
2527 4911 2746 4965 videtur
2767 4909 2833 4963 de
2856 4911 3038 4979 priore
3062 4909 3355 4978 judicium.
3377 4907 3430 4959 2.
3451 4907 3627 4960 Leon-

2044 5000 2155 5054 tius
2198 5009 2385 5054 monet
2424 5001 2628 5054 multas
2671 5000 2738 5054 ab
2779 5000 3054 5055 basreticis
3098 4997 3359 5054 confictas
3388 4997 3623 5052 Nestorii

2045 5097 2102 5146 et
2123 5089 2456 5146 Theodoreti
2490 5100 2712 5144 mutuas
2744 5089 2958 5144 litteras
2989 5108 3000 5143 :
3043 5089 3236 5159 quidni
3282 5089 3366 5143 hae
3404 5089 3623 5142 illarum

2048 5199 2172 5239 una:
2222 5183 2371 5237 sint?
2434 5184 2487 5238 5.
2547 5182 2918 5252 Conqueritur
2969 5180 3224 5254 Cyrillus,
3283 5180 3624 5240 circumferri

1676 5341 1991 5399 SCllULle
2014 5341 2244 5399 NOTAE.

426 5465 854 5540 “_V'id._s_upra,
884 5480 938 5534 p.
973 5463 1096 5540 iiii.
1188 5463 1238 5540 ’ξ
1254 5463 1376 5540 hat.
1407 5471 1636 5540 tantum.
1682 5461 1762 5514 lta
1801 5474 2022 5540 quoque
2047 5458 2203 5540 apud
2233 5458 2530 5540 Bai-ouium
2575 5458 2810 5540 {innati
2844 5467 2896 5540 t_._
2920 5459 2986 5525 ν,
3018 5474 3079 5540 p.
3116 5458 3236 5540 "7H.
3271 5458 3389 5540 ψη
3418 5455 3484 5540 in
3518 5470 3623 5540 ms:

426 5477 469 5497 "
503 5477 624 5519 vro.
667 5480 854 5534 supra,
884 5480 938 5534 p.
973 5477 1096 5518 161.
1188 5477 1230 5495 η
1254 5477 1376 5517 Lat.
1407 5477 1636 5516 tantum.
1684 5477 1762 5514 ua
1801 5477 2022 5584 quoqeue
2060 5477 2203 5528 apud
2235 5477 2530 5540 naromum
2575 5477 2787 5541 armat.
2844 5477 2896 5543 ι..
2930 5477 2986 5525 v,
3018 5477 3075 5542 Β.
3126 5477 3236 5512 ιιι.
3345 5477 3389 5489 ι·
3426 5477 3484 5512 ιιι
3518 5477 3623 5510 ms.

321 5535 599 5607 'quodam
629 5535 1041 5607 Vindobonen‘si
1074 5533 1250 5607 (apud
1274 5533 1532 5607 Lambec.
1555 5532 1633 5607 _l._
1659 5545 1811 5607 Iv_,_p.
1843 5532 1896 5594 5,
1951 5529 2014 5607 Α),
2047 5529 2162 5607 haec
2217 5536 2435 5607 exstant
2477 5529 2692 5607 ιιι-ϋηο
2753 5531 2899 5607 tituli
2943 5529 3232 5607 epistolae:
3261 5527 3520 5607 :Eypdeg
3573 5525 3631 5576 δὲ

402 5544 599 5590 uodam
634 5544 1041 5590 Vindohonenst
1074 5544 1241 5604 (apud
1274 5544 1532 5587 Lambec.
1582 5544 1620 5585 Ι.
1659 5545 1730 5594 Iv,
1756 5545 1811 5599 p.
1843 5544 1896 5594 ὗ,
1935 5544 1941 5579 1

402 5609 499 5682 se}
528 5605 589 5658 τὸ
623 5604 1078 5682 ἀπολογήσασρει-
1115 5605 1208 5682 τὸν
1241 5606 1296 5657 ὲν
1331 5604 1506 5682 ᾲγιοις
1548 5600 1824 5682 ,Κιῦριλλον
1868 5617 1941 5682 np

2047 5544 2162 5584 haec
2217 5544 2435 5612 exswnt
2477 5545 2532 5582 tn
2583 5544 2692 5586 nne
2753 5544 2899 5585 tttun
2943 5544 3232 5599 eptStoue:
3275 5544 3520 5651 1:53.971}
3573 5544 3630 5576 os

2051 5601 2150 5662 τὰς
2179 5599 2321 5651 κατὰ
2358 5615 2472 5682 Atreu
2511 5599 2597 5652 ιϐ’.
2625 5601 2950 5672 κεφαλαίων
2993 5597 3228 5668 μέμψεις
3257 5596 3329 5649 Θε
3440 5597 3630 5667 ρήτου.

378 5676 402 5708 ⁸
433 5677 565 5731 Cum
589 5705 659 5716 ——
685 5668 950 5746 ageretur.
981 5673 1211 5728 Videtur
1239 5668 1422 5743 potius
1454 5668 1681 5742 scripta,
1712 5687 1837 5726 cum
1861 5668 1973 5742 jam
2013 5680 2198 5726 actum
2229 5679 2373 5724 esset
2402 5668 2469 5723 de
2513 5683 2680 5738 pace.
