4056 6174
435 253 541 321 323

1559 251 1938 315 GARNERII
1978 249 2474 313 DISSERTATIO
2514 250 2595 309 II.

3591 241 3692 306 324

435 366 665 439 scripta,
697 365 905 438 quibus
935 367 1022 423 vel
1055 365 1170 436 ipse
1199 364 1457 430 fateatur,
1488 365 1576 420 vel
1615 365 1684 420 ab
1721 365 1845 420 aliis
1873 365 2017 422 dica-

2121 365 2188 418 Εῐ
2229 381 2312 426 τις
2334 362 2433 433 οὐχ
2459 360 2713 432 ὁμολογεῖ
2759 358 2920 430 σαρκὶ⁸
2961 356 3095 411 καθ’
3130 356 3425 410 ὑπόστασιν
3453 354 3696 426 ἡνῶσθαι

440 469 552 525 tur,
582 470 822 515 mutasse
842 459 1194 522 sententiam,
1241 465 1298 510 et
1331 456 1387 510 in
1428 465 1614 527 partes
1651 456 2016 514 Orientalium

437 549 752 610 transiisse;
780 547 836 602 id
857 547 978 602 istis
999 545 1220 616 scriptis
1242 546 1580 603 continetur.

497 642 635 698 VIII.
666 641 847 696 Prima
885 639 1029 695 ratio
1059 646 1271 693 tantum
1303 638 1462 694 abest
1490 651 1551 694 ut
1581 637 2014 712 suppositionem

439 732 746 795 confirmet,
801 739 862 784 ut
909 736 1118 784 evertat
1168 728 1373 799 potius.
1430 729 1568 783 Nam
1601 709 1876 800 posterior
1927 709 2015 785 iiloa

435 823 668 892 epistola
708 822 934 880 omnino
969 823 1209 893 genuina
1255 831 1363 888 est,
1403 831 1464 878 ut
1491 837 1592 877 suo
1637 824 1760 876 loco
1786 822 2020 892 apertis-

436 914 576 968 sime
595 914 1087 970 demonstrabitur.
1117 914 1370 970 Secunda
1402 930 1508 970 non
1540 915 1840 978 concludit,
1871 915 2017 984 quod

436 1011 690 1073 oportet:
724 1005 976 1074 quamvis
997 1005 1149 1060 enim
1177 1004 1316 1060 ficte
1354 1005 1608 1060 dicantur
1645 1015 1850 1060 mutuae
1873 1022 2019 1075 qua:-

435 1093 561 1148 dam
600 1094 933 1150 Theodoreti
976 1104 1031 1150 et
1080 1097 1319 1151 Nestorii
1362 1097 1581 1162 litterze,
1638 1097 1786 1168 quod
1830 1105 2018 1152 tamen

435 1193 643 1240 temere
676 1186 859 1242 forsan
882 1189 1148 1242 asseritur
1182 1204 1214 1242 a
1245 1187 1500 1252 Leontio,
1546 1204 1650 1244 nec
1678 1189 1745 1244 ad
1778 1204 2019 1259 praisens

435 1279 718 1348 negotium
747 1287 1072 1350 tempusque
1101 1281 1362 1350 pertinet,
1383 1296 1495 1335 non
1517 1290 1622 1345 est,
1642 1282 1858 1350 opinor,
1881 1297 2016 1336 con-

438 1386 700 1442 sequens,
751 1383 814 1428 ut
861 1374 1000 1428 fictae
1050 1374 1162 1428 sint
1219 1375 1406 1439 etiam,
1461 1389 1600 1444 quas
1637 1374 2020 1430 'l‘beodoretus

437 1462 661 1515 nomine
705 1464 903 1533 synodi
956 1464 1373 1534 Euphratensis,
1423 1479 1534 1518 non
1569 1464 1640 1518 ad
1679 1465 2016 1531 Nestorium,

439 1551 535 1606 sed
563 1553 629 1607 ad
663 1553 925 1608 Joannem
973 1553 1143 1609 totius
1181 1554 1422 1610 Orientis
1474 1555 1838 1624 patriarcham
1878 1557 2018 1611 scri-

439 1644 569 1714 psit.
617 1645 802 1700 Tertia
849 1646 1087 1716 denique
1137 1653 1328 1701 contra
1380 1646 1640 1702 Allatium
1687 1648 1850 1714 facit,
1906 1665 2016 1719 qua

2119 456 2210 511 τδν
2240 458 2302 510 ὲκ
2317 454 2453 508 Θεοῦ
2479 453 2692 524 Πατρός
2712 449 2904 520 Λόγον,
2930 458 3036 505 etc.

2116 538 2121 545 ’
2193 547 2449 604 Unionem
2492 543 2818 608 naturalem,
2849 552 2956 598 etc.
2989 539 3244 610 Capitula
3275 539 3347 594 ὅτ
3395 539 3465 594 Εἴ
3477 555 3564 603 τις
3589 539 3696 594 ἀπὸ

2117 638 2212 693 τοῦ
2265 638 2383 703 ἐνὸς
2425 634 2663 708 Χριστοῦ
2713 634 2912 707 διαιρεῖ
2952 634 3051 696 τὰς
3083 631 3409 697 ὑποστάσεις
3441 633 3580 703 μετὰ
3599 632 3696 708 τὴν

2116 729 2310 784 ἕνωσιν
2337 729 2473 801 μόνῃ
2493 726 2782 781 συνάπτων
2815 726 2984 788 αὐτὰς
3016 723 3300 797 συναφεῐᾳ,
3335 726 3399 795 τῇ
3431 723 3573 778 κατὰ
3601 724 3698 796 τὴν

2117 821 2298 886 ἀξίαν,
2341 821 2510 891 1ἤγουν
2570 818 2880 885 αὑθεντίαν,
2931 818 2964 889 ἦ
2994 817 3333 880 δυναστείαν,
3365 818 3459 871 καὶ
3487 817 3609 888 οὐχὶ
3633 817 3698 890 δὴ

2121 915 2322 986 μᾶλλον
2349 913 2551 983 συνόδῳ
2575 915 2638 983 τῇ
2667 912 2786 966 καθ’
2805 911 2997 965 ἕνωσιν
3021 914 3244 982 φυσικῇ,
3268 910 3511 981 ἀνάθεμα
3533 910 3696 966 ἔστω.

2188 1007 2607 1077 Primogenitum
2653 1022 2716 1059 ex
2769 1004 3009 1069 mortuis,
3060 1012 3167 1058 etc.
3215 1002 3465 1072 Capitula
3496 1003 3600 1058 I2:
3634 1003 3704 1057 Εῐ

2117 1119 2200 1164 τις
2229 1101 2325 1170 οὐχ
2358 1099 2609 1170 ὁμολογεῖ
2636 1098 2724 1152 τὸν
2746 1097 2840 1151 τοῦ
2866 1095 3000 1150 Θεοῦ
3032 1096 3206 1164 Λόγον
3239 1095 3477 1148 παθόντα
3509 1095 3694 1166 σαρκὶ,

2118 1192 2214 1245 καὶ
2255 1190 2666 1261 ἐσταυρωμένον
2721 1189 2907 1261 σαρκὶ,
2957 1188 3054 1241 καὶ
3095 1187 3326 1241 θανάτου
3363 1185 3700 1255 γευσάμενον

2121 1284 2307 1354 σαρκὶ,
2343 1282 2605 1352 γεγονότα
2655 1281 2711 1335 δὲ
2745 1280 3088 1352 πρωτότοκον
3135 1281 3200 1333 ὲκ
3242 1278 3452 1350 νεκρῶν
3504 1279 3627 1332 καθ’
3670 1277 3701 1330 ὅ

2120 1374 2232 1446 ζωή
2259 1377 2374 1428 ἐστι
2405 1377 2501 1428 καὶ
2532 1373 2816 1438 ζωοποιός.

2191 1467 2383 1522 Vocum
2406 1466 2734 1530 divisionem,
2764 1473 2872 1518 etc.
2905 1461 3160 1532 Capitqu
3189 1462 3224 1516 4
3250 1479 3262 1515 :
3292 1461 3361 1516 Et
3380 1478 3462 1524 τις
3486 1459 3700 1532 προσώ-

2120 1575 2243 1621 ποις
2297 1557 2447 1610 δυσὶν
2468 1593 2488 1622 -,
2545 1557 2712 1627 ἤγουν
2764 1554 3092 1608 ὑποστάσεσι
3121 1594 3135 1619 ,
3201 1553 3300 1615 τάς
3353 1569 3412 1605 τε
3469 1553 3528 1605 ὲν
3583 1553 3699 1613 τοῖς

2119 1647 2494 1716 εὐαγγελικοῖς
2549 1647 2642 1700 καὶ
2695 1643 3072 1706 ἁποστολικοῖς
3127 1643 3524 1714 συγγράμμασι
3579 1641 3697 1695 δια-

441 1744 598 1806 parte
616 1738 871 1807 queritur
885 1738 1121 1810 Cyrillus
1137 1739 1481 1798 circumferri
1502 1740 1716 1796 litteras
1736 1757 1767 1796 a
1783 1743 2016 1813 magnis,

2123 1741 2275 1813 νέμει
2332 1740 2538 1809 φωνὰς,
2597 1737 2630 1808 ἢ
2687 1739 2782 1790 ἐπὶ
2819 1737 3041 1809 Χριστῷ
3075 1733 3227 1807 παρὰ
3263 1734 3370 1787 τῶν
3406 1733 3574 1801 ἁγίων
3607 1732 3696 1784 λε-

442 1828 496 1882 id
534 1836 640 1892 est,
689 1845 896 1898 magum
940 1830 1292 1885 auctoritatis
1325 1831 1462 1886 viris
1509 1832 1776 1902 scriptas,
1817 1835 2020 1904 quibus

439 1915 721 1971 diceretur
753 1918 1088 1987 palinodiam
1117 1919 1279 1990 375
1311 1930 1561 1978 cantasse
1605 1941 1619 1977 :
1661 1940 1842 1994 neque
1871 1926 2021 1980 enim

437 2007 556 2072 has,
614 2024 737 2078 qua:
786 2009 1117 2066 Theodoreti
1153 2027 1351 2068 nomen
1376 2013 1691 2083 praeferunt,
1742 2016 1838 2070 sed
1863 2017 2018 2082 alias,

437 2115 562 2170 qum
595 2116 696 2155 suo
721 2101 944 2156 nomine
978 2102 1445 2169 inscribebantur,
1480 2104 1634 2161 ﬁctas
1663 2108 1880 2162 asserit.
1916 2109 2022 2164 Re-

439 2206 569 2246 vera
608 2191 886 2261 siquidem
921 2191 977 2247 id
1043 2193 1111 2248 de
1159 2192 1364 2264 Cyrillo
1419 2198 1543 2252 aliis
1592 2198 1770 2253 tribus
1819 2199 2021 2254 litteris

434 2285 678 2355 iactabat
714 2286 1117 2352 Thcodoretus,
1161 2289 1247 2342 vir
1285 2289 1456 2343 totius
1493 2287 1735 2344 Orientis
1771 2290 2023 2344 nomina-

438 2377 709 2441 tissimus,
764 2378 967 2447 primis
1026 2379 1095 2434 ad
1141 2379 1418 2434 Andream
1464 2380 2022 2452 Constantinopolita-

437 2483 572 2523 num
597 2469 965 2524 monachum:
1002 2488 1019 2521 ι
1055 2470 1198 2526 Ecce
1231 2470 1325 2541 qui
1357 2470 1660 2527 Salvatoris
1683 2471 1892 2529 Christi
1920 2490 2022 2529 na-

439 2569 593 2616 turas
630 2561 796 2630 impia
835 2561 1253 2617 ratiocinatione
1301 2562 1700 2634 confuderant,
1753 2573 1813 2621 et
1855 2582 2020 2621 unam

436 2661 692 2707 naturam
723 2651 844 2708 ausi
889 2651 1110 2708 fuerant
1151 2652 1476 2723 praedicare,
1510 2673 1529 2706 ι
1564 2663 1622 2710 et
1655 2664 1873 2722 cetera,
1900 2673 2022 2728 quae

437 2741 636 2799 iisdem
674 2742 790 2799 fere
821 2742 1007 2798 verbis
1043 2751 1208 2816 atque
1232 2747 1251 2765 "
1280 2744 1407 2812 ista,
1448 2747 1822 2803 continentur.
1859 2748 2024 2804 Juvat

436 2842 736 2906 utrumque
767 2835 1038 2906 scriptum
1071 2835 1348 2904 conferre,
1377 2846 1436 2894 et
1480 2837 1645 2894 simul
1679 2840 2020 2907 meminisse,

435 2928 830 2986 auctoritatem
871 2928 1013 2994 ﬁeri,
1042 2930 1220 3001 priori
1253 2931 1479 3001 quidem
1504 2947 1534 2986 a
1563 2932 1890 3003 posteriore,
1925 2948 2024 3004 po—

436 3020 661 3076 steriori
706 3035 838 3076 vero
881 3036 914 3076 a
953 3021 1110 3077 Marii
1179 3021 1506 3081 Mercatoris
1563 3024 1903 3081 testimonio.
1961 3025 2022 3081 Id

439 3111 620 3181 ipsum
669 3112 904 3169 habetur
931 3113 987 3169 in
1019 3113 1280 3170 secundis
1309 3114 1379 3170 ad
1413 3113 1722 3171 Himerium
1759 3116 2020 3174 Nicome-

437 3202 706 3270 diensem,
769 3213 824 3260 et
872 3205 1052 3262 tertiis
1099 3205 1168 3262 ad
1218 3205 1496 3262 Andream
1553 3205 2018 3263 Samosatensem.

435 3295 634 3352 Nullus
663 3312 832 3367 porro
857 3297 1075 3363 dubito,
1098 3298 1235 3368 quin
1253 3297 1494 3370 Cyrillus
1524 3298 1592 3353 ad
1621 3298 1766 3353 hanc
1788 3298 2024 3371 synoda-

435 3388 546 3444 lem
587 3390 877 3459 epistolam
914 3389 1238 3459 respexerit,
1279 3405 1391 3444 non
1431 3390 1562 3444 item
1582 3388 1650 3443 ad
1677 3397 1795 3444 tres
1823 3388 2024 3458 praedi-

435 3487 555 3535 ctas
601 3497 615 3533 :
659 3481 864 3552 quippe
904 3495 1030 3536 cum
1081 3481 1311 3550 privatae
1365 3480 1473 3535 illa:
1525 3479 1656 3545 sint,
1692 3479 1810 3535 haec
1852 3495 2019 3552 syno-

435 3571 584 3626 dica.

509 3681 574 3736 In
609 3691 864 3736 conventu
899 3683 1060 3746 enim,
1092 3689 1199 3736 etc.
1260 3680 1318 3735 In
1367 3679 1578 3750 synodo
1627 3679 1799 3734 lectas
1848 3678 2019 3735 fuisse

435 3780 694 3841 acceptas
732 3789 800 3826 ex
835 3771 1070 3844 [Egypto
1109 3773 1348 3835 litteras,
1374 3759 1675 3842 deiquibus
1707 3787 1890 3826 sermo
1914 3780 2017 3837 est,

435 3871 652 3919 constat
702 3879 769 3918 ex
815 3864 991 3918 tribus
1021 3864 1146 3918 aliis
1181 3863 1452 3934 epistolis,
1487 3879 1626 3934 quas
1651 3871 1811 3919 antea
1834 3864 2021 3934 appel-

436 3953 689 4009 lavimus.

509 4067 780 4124 Consonas
815 4071 1052 4124 omnium
1096 4071 1405 4135 sententias,
1461 4079 1568 4126 etc.
1627 4071 1834 4135 Graece,
1884 4090 2021 4144 συμ-

444 4161 654 4230 φώνους
683 4161 931 4232 ἀλλήλοις
953 4162 1050 4224 τὰς
1067 4162 1283 4215 πάντων
1308 4161 1475 4229 ἔδειξε
1494 4161 1738 4232 γνώμας.
1763 4163 2016 4228 Allatius,

438 4261 784 4307 consonantes
829 4254 925 4308 sibi
955 4255 1190 4308 omnium
1218 4254 1536 4309 voluntates.
1573 4255 1898 4320 Cotelerius,
1930 4257 2016 4309 in-

2121 1834 2380 1903 γομένας,
2427 1831 2460 1902 ἢ
2510 1832 2640 1902 παρ’
2696 1830 2860 1883 αὑτοῦ
2920 1829 3047 1898 περὶ
3083 1825 3301 1889 ἑαυτοῦ,
3339 1825 3435 1879 xa‘t
3462 1825 3559 1888 τὰς
3600 1825 3699 1894 μὲν

2119 1926 2194 1989 ὡς
2217 1924 2492 1997 ἀνθρώπῳ
2525 1922 2675 1994 παρὰ
2699 1922 2792 1976 τὸν
2822 1923 2887 1974 ὲκ
2916 1919 3052 1974 Θεοῦ
3079 1919 3289 1989 Πατρὶς
3318 1918 3486 1986 Λόγον
3520 1917 3701 1979 ιδικώς

2122 2019 2398 2089 νοουμένῳ
2425 2020 2753 2089 προσάπτει,
2778 2016 2875 2078 τὰς
2899 2015 2954 2066 δὲ
2979 2013 3054 2076 ὠς
3099 2012 3421 2081 θεοπρεπεῖς
3459 2010 3602 2082 μόνῳ
3621 2008 3700 2080 τῷ

2122 2111 2186 2162 ὲκ
2210 2087 2345 2162 Θεοῦ
2371 2087 2585 2179 Πατρδς
2614 2107 2792 2177 Λόγῳ,
2819 2105 3065 2176 ἀνάθεμα
3101 2104 3263 2158 ἔστω.

2192 2201 2428 2271 Denique
2450 2199 2710 2264 Spiritum
2737 2207 3002 2262 sanctum,
3029 2205 3133 2252 etc.
3157 2195 3258 2250 IIic
3287 2203 3372 2250 est
3400 2194 3572 2260 locus,
3603 2193 3698 2264 qui

2123 2303 2234 2349 tam
2267 2294 2610 2349 contentiosa
2641 2292 2806 2362 376
2829 2297 3059 2345 vexatus
3079 2297 3164 2342 est
3191 2303 3220 2342 a
3251 2287 3617 2343 schismaticis
3644 2293 3701 2341 et

2121 2386 2422 2448 Catholicis
2453 2385 2520 2439 de
2554 2383 2905 2454 processione
2933 2381 3173 2451 Spiritus
3208 2379 3382 2434 sancti
3415 2377 3700 2447 disputan-

2125 2477 2292 2541 tibus,
2345 2476 2550 2546 quique
2601 2473 2801 2529 Allatio
2845 2471 2999 2527 dedit
3043 2469 3389 2526 occasionem
3421 2466 3697 2523 scribendi

2124 2570 2385 2626 Vindicius
2432 2567 2618 2640 synodi
2671 2566 2970 2637 Ephesium,
3022 2577 3190 2633 opere
3240 2576 3350 2616 non
3388 2559 3696 2625 mediocri;

2122 2659 2240 2725 sed,
2279 2673 2399 2714 mea
2430 2656 2724 2722 sententia,
2767 2656 2907 2711 nihil
2937 2653 3041 2710 fuit
3059 2668 3259 2717 causae,
3292 2667 3393 2708 cur
3416 2657 3701 2721 tantopere
3747 2728 3772 2736 ἢ

2121 2751 2254 2807 hinc
2281 2759 2338 2807 et
2367 2749 2495 2806 inde
2531 2748 2912 2806 schismaticos
2952 2747 3098 2803 inter
3137 2755 3194 2802 et
3219 2743 3476 2800 Allatium
3505 2741 3574 2798 de
3594 2741 3702 2796 hoc

2122 2841 2246 2898 loco
2267 2842 2605 2898 concertatio
2636 2849 2786 2897 tanta
2809 2839 3068 2896 ferveret.
3094 2839 3232 2894 Nam
3259 2836 3329 2892 de
3351 2833 3701 2906 proeessione

2125 2935 2562 3007 Spiritussancti
2611 2949 2792 3005 neque
2838 2932 2944 2988 fuit
2991 2931 3226 2988 sollicita
3262 2928 3526 3002 synodus,
3570 2941 3699 2982 cum

2122 3025 2363 3097 capitula
2381 3025 2586 3098 ‘CyriIli
2629 3024 2890 3096 probaret
2921 3040 2938 3089 ;
2991 3035 3170 3092 neque
3212 3018 3450 3092 Cyrillus
3503 3016 3702 3089 egebat

2123 3117 2420 3174 admodum
2464 3116 2817 3188 processione
2863 3113 3106 3185 Spiritus
3151 3129 3184 3167 a
3235 3111 3413 3178 Filio;
3461 3109 3556 3165 sed
3579 3110 3700 3164 sola

2121 3208 2713 3275 consubstantialitate,
2767 3215 2828 3261 ut
2874 3205 3149 3260 refelleret
3174 3200 3409 3260 Nestorii
3424 3213 3694 3262 errorem,

2121 3302 2378 3368 volentis,
2411 3301 2693 3359 Christum
2725 3316 2755 3355 a
2784 3299 2995 3370 Spiritu
3018 3304 3228 3362 sancto,
3253 3295 3400 3349 velut
3423 3291 3492 3347 ab
3513 3298 3700 3346 extra-

2121 3410 2227 3451 nea
2277 3400 2336 3450 et
2387 3394 2674 3466 superiore
2732 3392 2959 3456 virtute,
3006 3389 3075 3445 ad
3126 3386 3391 3460 patranda
3434 3382 3701 3439 miracula

2122 3486 2389 3558 adiutum.

2121 3615 2368 3687 Epistola
2419 3614 2542 3681 I79,
2591 3630 2780 3687 quamA
2809 3610 3052 3687 Cyrinus
3093 3609 3301 3680 scripsit
3349 3603 3549 3662 Joanni
3587 3603 3700 3658 Aa-

2743 3683 2976 3738 tiocheno
3013 3682 3075 3735 ³⁵.

2195 3818 2456 3889 Epistola,
2510 3825 2617 3872 etc.
2659 3817 2794 3872 Data
2831 3827 2915 3872 est
2945 3814 3168 3870 circiter
3201 3827 3406 3868 annum
3429 3808 3532 3864 439
3555 3824 3570 3875 ;
3595 3822 3695 3863 ne-

2119 3928 2227 3981 que
2243 3911 2390 3966 enim
2405 3911 2587 3980 potuit
2601 3918 2696 3976 aut
2713 3909 2928 3966 tardius
2941 3916 3037 3964 aut
3059 3907 3226 3963 citius
3248 3905 3435 3960 scribi.
3451 3903 3570 3958 Non
3587 3909 3698 3957 tar~

2120 4005 2266 4070 dius,
2289 4005 2414 4074 quia
2441 4004 2678 4060 Joannes
2707 4002 3084 4057 Antiochenus
3102 4015 3133 4054 e
3159 4000 3271 4053 vita
3292 3996 3529 4054 decessit
3550 4010 3696 4050 anno

2119 4097 2242 4152 440.
2285 4096 2404 4150 Non
2446 4096 2631 4160 citius,
2661 4095 2922 4164 quoniam
2952 4103 3156 4146 mutua:
3189 4091 3386 4145 litterae
3411 4089 3698 4144 desierunt

2120 4190 2286 4253 mitti,
2319 4205 2444 4244 cum
2483 4188 2722 4260 Cyrillus
2765 4186 3029 4241 adversus
3060 4184 3362 4239 Diodorum
3415 4190 3470 4235 et
3511 4180 3690 4234 Theo-

2119 4283 2314 4338 dorum
2359 4279 2532 4335 libros
2570 4278 2762 4342 edidit,
2805 4275 3186 4331 Theodoretus
3231 4271 3411 4327 editos
3456 4267 3690 4324 refellit:

435 4347 598 4400 vicem
632 4347 1012 4400 consentientes
1050 4348 1213 4418 eﬂ'ecit
1232 4349 1540 4402 sententias.
1567 4347 1774 4402 Neuter
1801 4348 2018 4402 videtur
2047 4407 2091 4461 Β
2119 4371 2338 4442 scripsit
2365 4386 2497 4426 vero
2517 4369 2751 4425 Cvrmus
2771 4375 2896 4438 post
2917 4367 3233 4424 combustos
3256 4362 3494 4418 Νεειοι-ίί
3524 4360 3696 4415 libros

437 4446 610 4461 .-.κη
646 4452 864 4461 mnu“-..
899 4438 1227 4461 -_.._--_:---
1259 4455 1271 4461 -
1298 4438 1562 4461 -:__:n--.
1597 4439 1734 4461 ...ε..Δ
1765 4439 1986 4461 ml---.n-
2563 4427 2579 4440 '
3047 4460 3058 4461 γ
3262 4457 3277 4461 _
3301 4455 3341 4461 .-
3441 4455 3452 4461 -
3515 4454 3577 4461 _-

437 4446 612 4490 totum
645 4452 866 4492 sensum
895 4438 1231 4507 expressisse
1259 4455 1271 4490 :
1297 4438 1567 4509 significat
1591 4439 1737 4493 enim
1765 4439 2017 4494 Theodo-

435 4539 607 4593 retus,
656 4528 842 4600 Cyrilli
893 4546 1017 4585 cum
1049 4529 1443 4596 Orientalibus,
1486 4531 1847 4587 Orientalium
1889 4549 2014 4589 cum

434 4619 684 4675 Nestorio
726 4623 1146 4677 consensionem
1173 4623 1310 4677 adeo
1344 4622 1671 4693 patefactam
1698 4639 1840 4689 esse,
1865 4624 2014 4694 quod

431 4711 679 4779 apertius
733 4712 904 4766 tradit
942 4713 1011 4766 ad
1056 4713 1330 4769 Andream
1367 4722 1664 4786 utrumque
1719 4717 2011 4782 scribens;

434 4803 490 4857 id
538 4811 643 4869 est,
685 4803 753 4858 ad
786 4804 1115 4858 monachum
1149 4804 1838 4876 ConstantinOpolitanum,
1863 4817 1919 4863 et
1946 4808 2014 4864 ad

431 4894 751 4968 episcopum
784 4895 1240 4950 Samosatensem.

504 5008 808 5066 Carnaiiter
836 5029 1050 5067 carnem
1075 5012 1296 5083 factum,
1330 5021 1434 5068 etc.
1469 5008 1766 5084 CapiluloI
1797 5015 2010 5082 εΓεγὲν-

433 5120 566 5171 νηκε
612 5104 720 5174 γὰρ
765 5105 1043 5176 σαρκικῶς
1090 5106 1268 5177 σάρκα
1310 5107 1567 5174 γεγονότα
1613 5105 1699 5158 τὸν
1750 5107 1815 5160 ὲκ
1873 5107 2008 5162 Θεοῦ

436 5192 652 5260 {lat-pb;
684 5193 873 5262 Λόγον,
897 5205 1006 5250 etc.

505 5283 574 5337 Et
605 5285 851 5338 unionem
877 5289 1160 5343 secundum
1181 5287 1506 5360 hypostasin,
1528 5296 1634 5342 etc.
1663 5285 1914 5358 Capitula
1941 5287 2005 5340 2:

2113 4465 2270 4536 jussu
2323 4462 2672 4532 imperatoris
2705 4476 2848 4516 anno
2878 4461 3000 4516 155.
3031 4460 3211 4528 Quare
3246 4455 3492 4511 defensio
3515 4454 3697 4510 Theo-

2117 4555 2294 4610 doreti
2344 4553 2610 4609 adversus
2653 4552 2914 4626 Cyrillum
2951 4553 3227 4623 pertinere
3259 4548 3480 4604 videtur
3501 4545 3568 4599 ad
3593 4560 3694 4598 an—

2116 4663 2251 4702 num
2278 4647 2401 4710 456,
2429 4656 2524 4704 aut
2563 4646 2685 4700 457.
2712 4645 2870 4712 Vide,
2905 4661 3028 4716 qua:
3063 4644 3304 4698 diximus
3323 4641 3394 4695 ad
3428 4643 3595 4708 caput
3625 4634 3693 4689 10

2116 4739 2378 4794 Liberati.

2188 4831 2445 4903 Exemplo
2473 4833 2942 4894 sanctissimorum,
2968 4838 3076 4883 etc.
3099 4823 3390 4882 Orientalis
3414 4819 3690 4884 ditecesis,

2116 4925 2212 4996 qui
2247 4925 2593 4980 conditiones
2624 4925 2776 4996 pacis
2813 4931 3161 4993 acceperant.

2186 5018 2337 5072 Hanc
2350 5019 2474 5074 mihi
2493 5029 2584 5072 tua
2601 5020 2882 5080 sanctitas,
2899 5025 3006 5071 etc.
3035 5015 3478 5086 Exprobraturus
3498 5007 3691 5066 Joanni

2115 5107 2422 5162 molliorem
2473 5123 2601 5178 erga
2651 5107 3056 5162 Theodoretum
3103 5102 3523 5174 indulgentiam,
3557 5116 3691 5171 pru-

2115 5197 2312 5254 denter
2342 5198 2598 5254 invidiam
2626 5201 2765 5254 laasae
2797 5199 3083 5254 charitatis
3111 5198 3388 5252 amolitur.

2189 5288 2246 5343 Si
2284 5307 2409 5344 vera
2456 5303 2580 5344 sunt
2623 5307 2739 5362 quae
2781 5292 2958 5357 didici,
2987 5301 3093 5346 etc.
3124 5291 3266 5346 Vera
3314 5287 3540 5345 fuerunt
3571 5299 3692 5340 om-

1798 5440 2110 5498 SCHULZII
2141 5439 2367 5497 NOTAE.

511 5551 703 5630 ’_'_li:ec
729 5552 958 5630 epistola
980 5555 1351 5630 exstatetiam
1372 5556 1441 5630 in
1468 5556 1668 5630 Leonis
1693 5556 1878 5630 A-llatii
1911 5557 2173 5630 AViudiciis
2201 5558 2387 5630 synodi
2445 5556 2739 5629 Ephesium,
2772 5574 2827 5629 p.
2873 5560 2997 5614 HI.
3062 5558 3197 5615 Vide
3240 5571 3459 5629 quoque
3501 5569 3690 5630 supra,

435 5637 493 5694 ρ.
525 5622 647 5678 1⁸11.
674 5623 755 5679 Ad
769 5622 938 5695 epist.
973 5623 1228 5688 172-178,
1269 5625 1406 5680 nihil
1429 5627 1642 5681 monuit
1692 5627 2013 5682 Garnerius.
