4040 6172
288 274 390 337 325

1451 265 1550 328 DE
1584 261 1844 326 LIBRIS
1880 262 2388 328 THEODORETI.

3443 261 3549 333 326

287 381 420 436 nino
465 394 482 444 ;
517 385 576 432 et
619 383 844 447 propter
894 375 1101 441 turbas,
1136 388 1276 444 quas
1301 373 1664 430 discursando
1693 373 1874 428 Theo—
1902 384 1945 438 Α
1972 372 2202 429 Joannis
2225 370 2452 430 inscribi
2485 391 2502 431 :
2537 373 2634 431 sed
2663 372 2808 430 docti
2835 388 3026 431 omnes
3065 372 3179 431 fere
3201 376 3555 438 consentiunt

287 471 517 526 doretus
539 470 688 523 ciere
727 483 837 521 non
859 467 1092 530 destitit,
1113 467 1302 536 jussus
1322 475 1406 522 est
1426 483 1571 523 anno
1594 469 1716 533 445,
1746 465 1871 538 Cyri

289 562 492 617 ﬁnibus
522 577 582 615 se
612 561 922 625 continere,
950 559 1132 630 magni
1166 559 1253 613 sui
1291 561 1460 614 animi
1491 575 1747 617 nimrore.
1781 559 1874 615 Vi-

288 654 357 708 de
381 662 548 723 caput
576 652 607 706 8
641 652 798 707 Vitae.

286 763 535 836 Epistola
585 762 706 836 180,
755 779 916 836 quam
961 761 1417 836 Theodoretusnd
1450 761 1713 814 Damnum
1759 760 1872 816 An-

646 834 940 886 tiochenam
986 833 1254 899 scripsisse
1305 832 1513 885 dicitur.

357 927 400 982 Ι.
451 927 662 981 Inserta
715 934 799 979 est
847 923 1000 978 Actis
1051 940 1080 976 v
1131 923 1324 994 synodi
1377 926 1420 954 ‘°
1451 922 1664 977 actione
1694 923 1747 987 5,
1778 923 1873 977 scd

286 1031 554 1089 corrupta
606 1017 964 1087 inscriptione
998 1033 1011 1069 :
1045 1031 1145 1084 pro
1184 1015 1394 1070 Joanne
1435 1015 1580 1068 enim
1611 1031 1876 1084 reponen-

287 1111 394 1166 dus
434 1111 684 1164 Domnus
735 1110 798 1173 ‘7,
841 1117 897 1162 ut
950 1125 1094 1162 nunc
1119 1123 1310 1162 omnes
1340 1107 1452 1162 fere
1479 1108 1623 1162 docti
1650 1115 1872 1172 norunt,

287 1212 348 1257 et
376 1204 554 1257 series
599 1202 862 1255 Actorum
896 1200 1252 1254 demonstrat.
1286 1199 1499 1268 Scripta
1530 1215 1661 1253 vero
1693 1200 1874 1253 statim

287 1302 460 1364 atque
508 1293 663 1348 venit
711 1293 766 1346 in
815 1292 1097 1346 Orientem
1151 1291 1380 1346 nuntius
1413 1292 1479 1345 de
1513 1291 1667 1344 obitu
1703 1292 1876 1346 sancti

286 1383 527 1454 Cyrilli:
577 1399 748 1452 quare
800 1383 1040 1453 pertinet
1089 1383 1156 1436 ad
1205 1383 1331 1436 anni
1361 1382 1463 1436 -141
1489 1397 1733 1435 mensem
1779 1383 1875 1436 Ju-

288 1477 472 1540 lium;
502 1476 774 1545 siquidem
821 1474 1120 1528 secundum
1171 1474 1484 1542 opinionem
1540 1469 1873 1539 GneCorum,

288 1583 416 1636 qua!
473 1566 840 1636 probabilior,
874 1566 986 1618 vita
1035 1565 1258 1619 functus
1287 1573 1371 1619 est
1401 1573 1620 1619 sanctus
1641 1564 1878 1636 Cyrillus

284 1657 383 1710 die.
413 1656 447 1709 9
477 1656 648 1709 Junii.

364 1747 428 1800 II.
460 1746 594 1800 Inde
620 1745 785 1799 etiam
823 1746 1120 1802 innotescit
1151 1755 1368 1817 tempus
1423 1763 1532 1817 quo
1577 1747 1762 1802 habita
1795 1756 1880 1803 est

291 1840 512 1901 concio,
567 1842 724 1909 cujus
760 1838 1124 1909 fragmentum
1169 1839 1336 1893 habet
1365 1840 1568 1894 Marius
1589 1840 1876 1905 Mercator,

291 1937 525 1999 quaeque
563 1929 759 1984 iisdem
809 1930 1014 2000 quintae
1059 1929 1251 2002 synodi
1276 1929 1428 1984 Actis
1451 1931 1754 1984 inseritur:
1794 1946 1881 1985 se-

291 2031 420 2075 cuta
475 2021 624 2074 enim
679 2029 763 2074 est
807 2019 1119 2089 epistolam,
1166 2028 1328 2089 atque
1372 2019 1445 2073 ita
1491 2020 1686 2074 referri
1715 2019 1881 2075 debet

292 2112 360 2167 ad
388 2122 610 2181 tempus
640 2112 834 2182 synodi
862 2111 1217 2167 Antiochena:
1245 2111 1560 2177 ordinariae,
1604 2112 1670 2166 ad
1715 2127 1881 2183 quam

292 2203 684 2261 Theodoretus
707 2204 857 2259 venit
877 2203 1128 2258 autumni
1161 2213 1426 2274 tempore.

361 2295 456 2350 III.
509 2295 928 2366 Supposititiam
974 2296 1231 2366 opinatur
1273 2293 1568 2352 cardinalis
1597 2295 1758 2366 377
1783 2295 1882 2350 Ba-

294 2388 490 2442 ronius
526 2386 569 2418 ³⁸
618 2388 799 2442 tribus
829 2387 896 2443 de
940 2389 1140 2443 causis.
1170 2389 1374 2453 Prim’o,
1406 2388 1552 2459 quod
1577 2388 1773 2443 Joanni
1800 2388 1884 2442 in-

294 2479 498 2548 scripta
533 2479 647 2545 sit;
692 2495 817 2534 cum
874 2487 1058 2534 tamen
1114 2479 1205 2534 ille
1237 2478 1607 2550 quadriennio
1652 2487 1766 2534 toto
1789 2477 1885 2534 de-

293 2567 520 2625 functus
567 2568 640 2624 sit
667 2577 796 2625 ante
821 2565 1106 2642 Cyrillum.
1148 2569 1378 2634 Deinde,
1417 2570 1566 2641 quod
1589 2571 1660 2626 sit
1689 2570 1886 2627 Nesto-

295 2663 437 2718 riani
485 2661 755 2728 hominis,
805 2673 867 2718 ut
913 2663 1009 2734 qui
1059 2675 1157 2720 eos
1198 2673 1412 2736 arguat,
1441 2664 1536 2736 qui
1557 2665 1730 2720 Deum
1759 2678 1881 2719 esse

295 2770 521 2826 passum
552 2763 828 2810 asserunt.
870 2755 1140 2827 Denique,
1191 2755 1339 2828 quod
1379 2755 1641 2828 Cyrillum
1695 2755 1880 2821 tantis,

297 2852 523 2915 tamque
556 2844 861 2909 atrocibus,
884 2854 1048 2916 atque
1077 2845 1241 2900 etiam
1269 2844 1498 2918 abjectis
1533 2843 1884 2900 contumeliis

297 2935 519 3002 alﬁciat,
549 2945 612 2991 ut
639 2937 694 2991 in
749 2939 1072 3008 episcOpum
1117 2935 1466 2993 Theodoreto
1507 2935 1744 2993 similem
1794 2949 1884 2991 ca-

297 3028 426 3086 dere
446 3031 542 3084 vix
566 3045 726 3100 posse
750 3030 1062 3085 videantur.

364 3123 454 3179 IV.
489 3123 635 3177 Ante
661 3122 956 3177 Baronium
1001 3121 1230 3186 nemini,
1267 3120 1414 3191 quod
1445 3119 1883 3186 sciam,vencrat

302 3214 353 3270 in
373 3224 626 3270 mentem
654 3214 774 3269 haec
793 3213 1193 3284 suppositionis
1230 3213 1421 3282 Opinio
1449 3229 1464 3278 ;
1501 3219 1883 3266 verumtamen

302 3317 593 3377 postquam
642 3305 700 3359 in
748 3304 1043 3362 Annalibus
1095 3304 1428 3358 sententiam
1485 3302 1645 3368 dixit,
1677 3301 1886 3372 placuit

305 3399 558 3470 pluribus
598 3407 808 3454 tantum
852 3397 1070 3463 dueem,
1096 3397 1214 3452 sine
1237 3397 1348 3452 ulla
1371 3398 1484 3452 fere
1505 3394 1882 3465 inquisitione,

304 3492 505 3562 sequi;
553 3508 656 3546 nec
711 3491 920 3562 placuit
978 3498 1210 3553 tantum,
1270 3489 1362 3544 sed
1422 3486 1686 3543 addidere
1720 3501 1887 3541 voces

304 3585 702 3656 indignationis
744 3584 1020 3638 iracundae
1067 3583 1276 3653 plenas.
1330 3581 1486 3644 Nam,
1536 3587 1592 3634 ut
1641 3578 1776 3634 alios
1807 3589 1888 3633 ta-

306 3691 477 3739 ceam,
529 3675 879 3731 Christianus
923 3674 1132 3745 Lupus,
1195 3693 1212 3725 (
1248 3671 1544 3726 infernales
1603 3670 1703 3742 (sic
1737 3669 1884 3724 enim

307 3767 572 3838 loquitur)
609 3767 836 3836 soloque
867 3766 1112 3820 daemone
1139 3765 1331 3836 dignas
1359 3763 1568 3816 litteras
1603 3781 1620 3812 ι
1654 3761 1792 3816 dixit
1818 3763 1883 3828 ",

314 3879 331 3910 c
361 3875 470 3913 non
525 3858 864 3913 Theodoreti
923 3873 1062 3926 opus
1111 3871 1254 3919 esse,
1284 3863 1378 3908 aut
1404 3854 1570 3909 ullius
1589 3851 1886 3908 Christiani

307 3950 589 4020 cpiscOpi,
647 3948 739 4003 sed
790 3948 1014 4020 pessimi
1062 3963 1298 4012 scurrae,
1351 3945 1785 4016 prostibulique,
1833 3951 1888 3997 et

307 4040 622 4096 nebulonis.
653 4059 670 4091 ι

373 4131 439 4184 V.
491 4130 760 4183 Inventus
811 4136 896 4183 est
940 4128 1104 4182 etiam
1141 4143 1338 4196 nuper,
1371 4125 1463 4195 qui
1494 4126 1550 4179 in
1571 4123 1888 4194 praefatione

310 4220 374 4273 ad
391 4221 710 4274 versionem
730 4218 990 4274 Gallicam
1031 4219 1276 4272 Historiis
1308 4217 1672 4270 ecclesiastica:
1711 4214 1890 4268 Theo—

310 4312 484 4366 dorcti
540 4313 608 4375 ²⁹,
644 4327 768 4365 cum
812 4311 978 4364 vellet
1028 4311 1228 4364 addere
1258 4309 1464 4378 aliquid
1491 4308 1558 4361 de
1583 4321 1683 4361 suo
1705 4306 1770 4360 ad
1806 4322 1888 4360 ra-

1975 464 2031 518 in
2061 465 2114 519 id
2139 467 2182 496 ¹¹
2233 467 2382 536 quod
2419 475 2666 536 apertum
2701 476 2805 532 est,
2838 481 3034 537 nempe
3073 467 3362 536 irrepsisse
3394 481 3548 524 men-

1973 555 2104 612 dum
2145 557 2200 611 in
2241 559 2676 628 inscriptionem,
2712 559 3047 629 Joannisque
3075 575 3275 615 nomen
3305 577 3408 631 pro
3441 561 3551 616 Do-

1975 664 2104 702 mno
2135 664 2256 704 esse
2299 652 2538 720 positum
2567 651 2636 704 ab
2679 651 2936 720 imperito
2979 652 3224 706 librario.
3259 653 3430 708 Nemo
3471 662 3556 708 ta-

1975 755 2099 793 men
2125 740 2367 809 prudens
2405 741 2626 806 dixerit,
2653 756 2771 795 cam
2805 741 2876 795 ob
2915 756 3133 796 causam
3165 743 3316 812 rejici
3353 743 3554 798 debere

1974 831 2283 901 epistolam.
2343 832 2478 898 Quis
2539 833 2686 886 enim
2747 830 3078 888 Theodoreti
3133 823 3394 904 epistolas
3448 834 3554 888 117

1975 931 2032 976 et
2062 922 2164 976 159
2188 923 2555 990 repudiandas
2579 930 2820 987 censeat,
2872 924 2974 977 etsi
3023 924 3310 993 utriusque
3360 924 3558 980 inscri-

1977 1014 2091 1082 ptio
2122 1013 2461 1067 mentiatur?
2502 1014 2635 1067 Nam
2663 1015 2708 1044 ²²
2739 1030 2915 1082 neque
2957 1014 3108 1082 prior
3129 1016 3197 1070 ad
3221 1015 3555 1072 Florentium

1976 1105 2298 1174 episcopum
2349 1107 2476 1159 data
2524 1112 2626 1168 est,
2671 1119 2850 1174 neque
2897 1107 3168 1174 posterior
3191 1107 3255 1161 ad
3286 1109 3550 1177 Asparem

1977 1197 2302 1262 consulem,
2355 1211 2482 1250 eum
2537 1197 2627 1250 illa
2679 1197 2862 1250 sit'ad
2905 1197 3114 1266 plures,
3186 1200 3287 1253 ista
3335 1216 3465 1254 vero
3489 1202 3557 1256 ad

1990 1288 2260 1342 Avienum
2287 1288 2566 1342 consulem
2599 1289 2665 1353 ³³,
2698 1296 2860 1356 prout
2891 1288 3093 1357 scripta
3118 1291 3444 1359 suppenitur
3465 1300 3560 1346 aut

1978 1395 2125 1434 anno
2183 1380 2308 1444 M9,
2357 1389 2452 1433 aut
2493 1378 2616 1434 450.
2659 1378 2821 1434 Certe
2865 1379 3040 1449 Aspar
3079 1382 3422 1436 consulatum
3448 1399 3558 1438 non

1978 1469 2168 1540 gessit,
2193 1484 2302 1538 quo
2329 1478 2572 1537 tempore
2598 1468 2980 1523 Theodoretus
3004 1470 3071 1525 de
3122 1470 3322 1540 injuria
3368 1472 3474 1526 sibi
3527 1487 3558 1526 a

1979 1561 2239 1614 Dioscoro
2273 1560 2412 1613 facta
2446 1559 2708 1627 conqueri
2735 1561 2932 1628 potuit.

2050 1650 2185 1705 Vlll.
2234 1649 2538 1704 Fatendum
2587 1665 2804 1718 quoque
2852 1652 3141 1720 epistolam
3195 1653 3336 1708 hanc
3361 1654 3561 1708 Nesto-

1979 1743 2120 1796 riani
2151 1743 2389 1796 hominis
2413 1757 2550 1812 opus
2575 1758 2694 1797 esse
2722 1759 2736 1808 ;
2768 1759 2959 1797 verum
2988 1745 3115 1800 inde
3149 1745 3368 1800 Baronii
3420 1744 3563 1799 ratio

1980 1833 2332 1904 infringitur:
2361 1849 2484 1887 nam
2519 1833 2725 1887 idcirco
2749 1835 2955 1889 inserta
2982 1845 3069 1890 est
3099 1835 3250 1891 Actis
3288 1854 3321 1891 v
3344 1836 3560 1908 synodi,

1980 1932 2042 1979 ut
2093 1925 2220 1980 inde
2264 1925 2646 1980 Theodorctus
2698 1926 3080 1982 consensionis
3123 1942 3249 1982 cum
3304 1927 3561 1982 Nestorio

1980 2018 2408 2073 convinceretur
2433 2037 2445 2071 :
2469 2026 2524 2073 et
2540 2035 2672 2074 vero
2693 2020 2836 2089 quod
2856 2020 3093 2089 scriptor
3112 2035 3208 2076 eos
3231 2028 3438 2091 arguat,
3465 2020 3560 2091 qui

1979 2111 2152 2166 Deum
2179 2125 2398 2180 passum
2425 2126 2546 2166 esse
2601 2119 2876 2176 asserunt,
2915 2120 3107 2166 contra
3144 2112 3439 2167 Baronium
3478 2112 3563 2167 l‘a-

1980 2200 2075 2266 cit,
2114 2209 2175 2255 ut
2204 2201 2309 2256 hoc
2343 2201 2639 2256 abhorreat
2664 2217 2693 2255 a
2724 2202 3237 2273 TheodOreti378
3262 2203 3558 2267 sententia,

1982 2298 2044 2343 ut
2097 2290 2302 2360 ubique
2360 2291 2567 2362 passim
2617 2292 2672 2346 in
2723 2292 2897 2362 ipsius
2944 2293 3163 2362 scriptis
3204 2294 3321 2348 hac
3367 2293 3561 2348 eadem

1981 2381 2338 2450 reprehensio
2357 2389 2631 2437 occurrat.

2051 2471 2144 2526 IX.
2202 2473 2507 2528 Fatendum
2559 2474 2799 2545 denique
2856 2474 3122 2548 Cyrillum
3182 2476 3238 2531 in
3288 2491 3354 2533 ea
3404 2475 3562 2532 illudi

1981 2565 2334 2619 contumeliis
2367 2565 2652 2622 atrocibus
2701 2573 2758 2622 et
2808 2567 3074 2640 abjectis:
3117 2567 3214 2624 sed
3262 2583 3368 2624 nec
3414 2568 3562 2624 istud

1980 2652 2114 2708 facit
2155 2669 2258 2724 pro
2311 2652 2552 2711 Baronio
2577 2673 2591 2710 :
2630 2671 2759 2710 nam
2783 2655 3162 2714 Theodoretus
3183 2657 3468 2713 collectam
3493 2673 3564 2715 ex

1983 2742 2148 2815 longo
2207 2743 2374 2800 bilem
2422 2745 2488 2810 “,
2539 2758 3024 2816 oompressamque
3073 2755 3247 2810 metu,
3281 2745 3564 2801 exundare

1983 2834 2227 2900 tandem,
2276 2850 2401 2892 cum
2434 2835 2610 2891 libere
2655 2836 2914 2907 primum,
2938 2835 3070 2891 licet
3091 2834 3422 2906 impotenter
3441 2850 3570 2905 per-

1987 2927 2196 2982 mittit:
2237 2926 2624 2992 familiaribus,
2667 2936 2732 2982 ut
2763 2926 2846 2993 ﬁt,
2879 2925 3104 2992 litteris,
3135 2926 3280 2996 apud
3320 2926 3567 2995 singula-

1985 3033 2106 3074 rem
2139 3019 2398 3084 amicum,
2429 3019 2502 3074 de
2529 3018 2746 3074 infenso
2773 3018 3188 3088 cernuntque,
3232 3025 3293 3071 ut
3339 3016 3564 3086 quidem

1982 3108 2231 3181 putabat,
2265 3109 2511 3174 inimico,
2535 3108 2602 3165 de
2628 3107 2854 3164 homine
2881 3107 2978 3178 qui
3021 3121 3240 3171 novam,
3293 3105 3566 3176 peiorem-

1982 3214 2092 3272 que
2122 3200 2322 3270 prima,
2349 3200 2682 3256 moliebatur
2707 3197 3182 3268 Constantinopoli
3204 3197 3426 3268 utrique
3469 3213 3565 3254 ac-

1983 3293 2350 3357 cusationem,
2380 3303 2604 3346 sensum
2631 3292 2800 3347 animi
2832 3292 3135 3362 deponens,
3160 3293 3420 3357 exsultat,
3445 3309 3568 3364 gra-

1984 3386 2300 3454 tulnturque
2326 3381 2508 3438 datam
2543 3383 2700 3438 hoste
2732 3390 3005 3454 prostrato
3032 3397 3064 3437 a
3108 3383 3223 3438 Deo
3254 3383 3563 3439 victoriam.

1981 3477 2105 3534 Non
2147 3491 2283 3546 ergo
2327 3475 2550 3538 mirum,
2579 3475 2676 3530 sed
2700 3475 2964 3530 credibile
2989 3475 3194 3545 potius,
3224 3483 3448 3546 propter
3473 3491 3568 3530 ex-

1983 3568 2313 3638 perientiam
2344 3575 2452 3621 tam
2497 3567 2769 3620 infelicent
2798 3582 2960 3636 quam
2991 3566 3386 3635 quotidianam,
3416 3566 3563 3636 quod

1987 3660 2155 3714 homo
2180 3658 2402 3713 aliunde
2431 3659 2626 3722 bonus,
2667 3659 2903 3713 humana
2936 3674 3127 3728 passus
3157 3660 3245 3724 sit,
3269 3660 3569 3729 impotens—

1987 3766 2093 3821 que
2131 3761 2188 3806 et
2231 3750 2326 3805 ira:
2359 3759 2585 3820 propter
2624 3750 2937 3805 frustratam
2992 3753 3181 3821 gloria
3226 3753 3242 3771 ‘
3289 3767 3464 3821 spem,
3509 3761 3568 3806 et

1987 3843 2170 3915 gaudii
2205 3851 2431 3912 propter
2457 3843 2832 3898 adversarium
2858 3843 3156 3906 sublatum,
3189 3843 3413 3914 indigna
3445 3844 3566 3914 epi-

1987 3951 2155 4005 scopo
2181 3935 2286 3990 sibi
2313 3935 2567 3989 excidere
2589 3951 2783 4004 passus
2805 3933 2896 3988 sit.

2058 4029 2126 4083 X.
2173 4027 2279 4083 Sed
2331 4041 2453 4097 quae
2509 4026 2727 4081 tandem
2779 4025 3024 4079 convicia
3053 4025 3434 4080 Theodoretus
3459 4025 3566 4096 Cy-

1989 4121 2112 4175 rillo
2135 4120 2226 4172 hic
2251 4119 2401 4181 fecit,
2427 4119 2631 4188 quibus
2651 4118 2921 4172 atrociora
2942 4119 2997 4170 in
3017 4117 3294 4180 eumdem,
3321 4119 3569 4187 aliosque

1989 4213 2366 4268 sanctissimos
2420 4211 2588 4274 viros,
2650 4225 2760 4264 non
2820 4209 3081 4264 effuderit
3129 4209 3456 4264 indubitatis
3509 4210 3566 4264 in

1989 4304 2205 4358 libris?
2259 4300 2458 4356 Malunt
2513 4300 2602 4352 hic
2659 4301 2919 4352 hominem
2973 4307 3132 4352 vocat
3182 4309 3237 4352 et
3295 4301 3565 4363 miserum,

313 4405 487 4458 tiones
523 4404 761 4466 Baronii,
787 4404 1118 4457 asseveravit
1139 4401 1425 4472 septennio
1449 4400 1714 4455 Joannem
1762 4409 1888 4452 ante
1923 4417 1966 4472 ο
2002 4416 2018 4445 ‹
2049 4398 2206 4466 cujus
2252 4393 2563 4461 malignitas
2590 4391 2850 4445 Ecclesia:
2875 4391 3026 4444 velut
3062 4391 3231 4458 pestis
3257 4406 3288 4443 a
3318 4391 3429 4444 Deo
3460 4391 3564 4444 im-

308 4495 571 4564 Cyrillum
604 4493 713 4548 fato
745 4508 865 4548 esse
895 4483 1164 4555 functum,
1196 4493 1250 4544 in
1289 4505 1398 4559 quo
1436 4489 1884 4559 parachronismo

309 4602 416 4640 non
472 4586 672 4639 leviter
731 4586 1033 4653 peccavit:
1091 4582 1328 4653 Cyrillus
1376 4583 1522 4635 enim
1583 4580 1886 4634 certissime

310 4691 454 4730 anno
475 4676 580 4729 414
603 4673 898 4728 defunctus
925 4681 1027 4735 est,
1060 4671 1297 4726 Joannes
1315 4670 1440 4734 440,
1467 4677 1561 4722 aut
1584 4667 1709 4722 441.

377 4767 464 4821 VI.
503 4767 706 4821 Verum
739 4765 966 4820 dimisso
996 4765 1102 4819 hoc
1139 4771 1361 4817 auctore
1405 4775 1529 4816 cum
1584 4774 1684 4814 suo
1730 4772 1888 4827 para-

313 4858 651 4921 chronismo,
699 4856 928 4910 dimisso
971 4867 1191 4924 quoque
1226 4851 1382 4923 Lupo
1415 4867 1541 4906 cum
1569 4847 1886 4903 iracundio-

315 4951 468 5005 ribus
513 4950 764 5015 vocibus,
820 4949 1197 5004 examinemus
1245 4961 1367 5016 qua!
1400 4941 1691 4999 Annalium
1749 4938 1887 4994 scri-

313 5051 438 5112 ptor
479 5041 642 5111 objici
653 5050 689 5094 ι.

385 5133 500 5190 VII.
543 5131 846 5188 Fatendum
879 5141 966 5188 est
1005 5131 1060 5186 in
1089 5129 1327 5203 vulgatis
1361 5125 1644 5184 codicibus
1687 5139 1888 5179 nomen

1991 4497 2177 4558 putata
2207 4487 2298 4540 sit.
2340 4505 2356 4536 ι
2390 4485 2469 4538 Εο
2500 4484 2647 4538 enim
2678 4483 2860 4535 omnia
2905 4481 3176 4535 recidunt.

2061 4579 2151 4633 XI.
2185 4579 2251 4632 At
2277 4579 2333 4631 in
2371 4576 2600 4645 cpistola
2628 4574 2693 4627 ad
2737 4573 3000 4627 Joannem
3060 4569 3460 4624 Antiochenum
3520 4570 3568 4601 ’⁵

1992 4667 2284 4739 praeposita
2305 4663 2721 4734 reprehensioni
2739 4659 3323 4715 anathematismorum
3341 4660 3572 4714 sanctis-

1995 4761 2192 4815 simum
2221 4756 2527 4812 divinitatis
2553 4753 2760 4810 Christi
2787 4752 3136 4807 defensorem
3177 4761 3340 4806 vocat
3383 4760 3568 4821 pasto-

1993 4867 2132 4916 rem,
2192 4869 2210 4901 ‹
2245 4848 2339 4920 qui
2367 4846 2651 4902 crudelius
2684 4845 2818 4900 feris
2839 4859 2969 4899 oves
2997 4859 3125 4899 suas
3151 4843 3444 4912 discerpat,
3473 4841 3568 4911 qui

1993 4941 2098 4996 sub
2142 4939 2364 5011 pictatis
2399 4937 2622 4994 nomine
2667 4935 2905 4991 haereses
2952 4943 3009 4990 et
3037 4933 3402 5003 blaSphemias
3431 4947 3571 5002 prte-

1995 5033 2162 5094 dicet,
2208 5031 2302 5101 qui
2347 5029 2570 5099 impiam
2612 5027 2918 5082 doctrinam
2951 5032 3197 5086 renovet,
3230 5023 3387 5092 cujus
3415 5020 3571 5091 capi-

1996 5124 2113 5178 tula
2136 5122 2450 5177 luereticum
2471 5133 2690 5174 sensum
2713 5116 3054 5178 contineant,
3097 5133 3115 5165 ι
3143 5121 3248 5168 etc.

1650 5272 1970 5332 SCHULZII
2017 5270 2238 5328 NOTIE.

388 5431 431 5463 "
461 5429 585 5484 Vid.
621 5427 813 5482 Mansii
848 5424 1066 5480 Collect.
1113 5421 1301 5478 concil.
1345 5430 1386 5476 t.
1411 5417 1505 5484 IX,

315 5516 431 5572 θεει-
483 5481 563 5572 ἓῖ
575 5481 738 5553 Ten.
764 5497 784 5552 ι
806 5496 1004 5572 sese!"
1028 5510 1150 5564 μειε-
1182 5491 1340 5572 ῖηοο.
1381 5491 1426 5522 ’⁸
1457 5481 1518 5572 {"3
1546 5481 1846 5572 ερυεὶπψὲη
1864 5481 2608 5572 Ee°_?EEE3“E£-.--."

314 5547 431 5628 ili-2'
455 5547 1154 5668 adeo—apevrt—a'dici
1181 5563 1286 5617 ista
1324 5557 1663 5662 hxpothesis,
1692 5570 1822 5638 qu:e_
1862 5571 1881 5607 η

315 5635 418 5676 Sa:
455 5655 550 5676 mm
675 5637 699 5670 ι
725 5636 823 5676 VM
877 5650 1064 5676 enm-sa-
1100 5649 1150 5676 n,
1184 5632 1307 5676 sse-
1413 5629 1429 5662 ι
1461 5629 1616 5676 lnam
1649 5640 1881 5676 mmunu

1990 5553 2059 5607 ali
2106 5564 2230 5603 nam
2285 5547 2448 5603 habet
2495 5547 2609 5602 veri
2646 5563 2674 5602 θ

1982 5637 2033 5676 ac
2060 5567 2208 5676 dicta
2236 5626 2292 5675 et
2320 5617 2390 5674 ab
2416 5617 2674 5676 inacnio'

445 5655 572 5710 seq.
651 5624 699 5670 δ’
725 5624 1065 5710 Vid._s_up'ra,
1091 5649 1152 5704 ρ.
1184 5632 1308 5689 552.
1365 5624 1429 5662 τ’
1461 5629 1616 5686 Justo
1649 5624 1894 5696 iniquius
1916 5624 2033 5680 hac

315 5710 364 5744 ³ο
397 5708 515 5768 Vid.
535 5705 726 5779 supra,
758 5723 812 5778 ι).
843 5705 948 5762 363
966 5721 1081 5777 seq.

1594 5460 1605 5472 -
1637 5416 1742 5496 es
1791 5430 1907 5508 ερας
1985 5409 2184 5508 ius
2214 5423 2403 5508 eum
2433 5422 2490 5508 2-
2522 5407 2646 5508 at-

2736 5406 2779 5439 “'
2808 5403 2932 5461 Vid.
2992 5405 3190 5463 Annal.
3226 5415 3267 5461 t.
3297 5406 3386 5471 VI,
3421 5419 3475 5473 ρ.
3500 5401 3576 5459 εδ

2522 5477 2636 5548 Nec
2663 5475 2950 5548 doctorum
2988 5480 3311 5548 applausum
3348 5473 3573 5539 meruit,

2745 5547 2907 5617 ciem.
2982 5547 3028 5578 “
3061 5547 3184 5604 Vid.
3221 5563 3407 5617 supra,
3444 5560 3569 5614 pag.

2101 5620 2208 5674 icta
2236 5626 2292 5675 et
2320 5617 2390 5674 ab
2416 5617 2642 5692 ingenio
2665 5615 2996 5676 Theodoreti
3019 5618 3182 5674 nimis
3207 5615 3387 5673 aliena
3419 5624 3573 5671 sunt.
