4056 6174
489 220 595 284 327
1615 221 1991 287 GARNERII
2033 217 2528 283 DISSERTATIO
2565 216 2649 279 II.
3632 218 3739 289 328

558 330 669 389 XII.
699 328 769 389 Et
790 328 844 385 in
864 329 1098 401 epistola
1119 327 1187 384 ad
1210 326 1415 387 Rufum
1432 328 1978 387 Thessalonicensem
1998 328 2065 391 ",
2097 332 2138 386 Α
2170 339 2449 396 nunquam
2473 324 2673 395 potuit,
2691 322 3039 387 sententiam,
3061 320 3195 376 Deus
3218 338 3400 393 passus
3421 331 3516 376 est.
3537 325 3738 390 Quinta

495 440 515 473 ‹
540 420 962 495 haeresiarcham
1000 426 1191 483 vocat,
1235 417 1625 488 hominemque
1680 433 2065 488 perversorum
2167 423 2379 470 tantum
2426 415 2605 481 abest,
2648 424 2708 469 ut
2750 414 3143 485 suppositionis
3164 414 3537 484 conjecturam
3559 415 3736 487 juvet,

488 511 806 583 dogmatum
846 518 1148 574 auctorem,
1195 509 1293 579 qui
1337 509 1700 566 orthodoxam
1747 509 1911 564 Iidem
1942 525 2066 565 cor-
2168 514 2228 559 ut
2259 514 2484 577 propter
2516 506 2929 562 consonantiam
2965 521 3089 560 cum
3127 505 3453 560 indubitatis
3491 506 3739 564 historia:

488 611 732 673 rumpat,
754 602 912 671 cujus
937 600 1117 669 capita
1161 598 1217 654 in
1245 601 1550 671 perniciem
1580 601 1840 657 Ecclesiae
1871 616 2070 672 propo-

488 693 595 749 sita
626 693 754 747 sint.
787 710 804 742 ι
855 689 956 744 Hic
977 705 1108 760 ergo
1138 690 1375 746 libenter
1421 690 1749 762 interrogem
1773 692 2071 763 rejectores

486 783 753 851 epistolas,
799 796 868 834 an
913 795 1023 833 non
1075 779 1218 833 malo
1247 781 1478 845 homine,
1507 782 1798 852 miseroque
1821 783 1973 854 pejor
1998 781 2072 835 sit

488 874 893 930 bteresiarcha?
928 889 996 928 an
1041 890 1153 929 non
1180 874 1512 945 malignitate
1540 874 1923 935 detestabilior
1964 877 2069 930 im-

486 967 680 1037 pietas,
710 968 941 1029 heresis,
967 966 1292 1037 blasphemia
1316 968 1341 1021 ?

559 1058 699 1115 XIII.
755 1059 861 1116 Sed
907 1061 1112 1130 quibus
1154 1060 1403 1116 dicteriis
1427 1060 1734 1131 insequitur
1764 1057 2072 1130 Ephesinos

490 1150 698 1215 Patres,
752 1150 809 1205 id
863 1159 967 1213 est,
1019 1150 1282 1206 Ecclesiae
1338 1150 1612 1217 doctores,
1664 1160 1722 1206 et
1768 1150 2072 1207 sanctitatis

490 1241 824 1312 magistros?
878 1261 897 1294 ί
932 1241 1112 1297 Mente
1164 1252 1352 1313 captos
1407 1242 1676 1306 nominat,
1738 1251 2073 1312 spontaneos

491 1346 666 1386 GBCOS
719 1340 779 1387 et
828 1332 1050 1388 invidia:
1097 1332 1387 1402 mancipia,
1419 1331 1793 1395 theomacbos,
1828 1338 2073 1400 pastores

491 1424 589 1492 qui
622 1440 843 1494 gregem
872 1425 1018 1495 lupis
1047 1425 1286 1489 tradant,
1313 1424 1409 1494 qui
1438 1423 1635 1479 ovibus
1657 1422 1849 1478 noxias
1870 1422 2072 1478 herbas

493 1516 797 1586 porrigant,
825 1535 844 1568 ι
884 1525 995 1571 etc.

566 1607 707 1663 XIV.
756 1608 827 1663 At
880 1608 1119 1679 excipiet
1158 1608 1299 1664 forte
1348 1607 1620 1678 quispiam
1652 1626 1665 1662 :
1693 1606 1924 1677 Scripsit
1955 1606 2072 1662 haec

495 1696 876 1755 Theodoretus
898 1700 1092 1769 primis
1130 1701 1491 1770 temporibus,
1516 1716 1643 1757 cum
1676 1700 1919 1754 nondum
1942 1715 2073 1769 per-

494 1790 725 1845 vidisset
770 1792 1134 1860 capitulorum
1187 1807 1411 1848 sensum
1449 1793 1820 1848 catholicum:
1856 1790 2076 1860 scripsit

494 1889 621 1935 ante
675 1897 866 1951 pacem
890 1883 1284 1948 Ecclesiarum,
1325 1900 1450 1939 cum
1474 1884 1672 1941 infensi
1694 1890 1879 1939 essent
1903 1881 2074 1938 animi

493 1980 591 2025 aut
616 1978 768 2026 certe
817 1986 942 2026 cum
996 1974 1241 2029 nondum
1293 1974 1549 2030 rediisset
1599 1989 1724 2029 cum
1764 1973 1965 2045 Cyrillo
2018 1973 2072 2028 in

495 2058 745 2129 gratiam.
770 2061 968 2116 Fateor
990 2063 1044 2118 id
1072 2078 1237 2131 sane;
1260 2080 1450 2120 verum
1474 2080 1543 2119 ne
1560 2079 1702 2139 anno
1729 2064 1953 2135 quidem
1971 2063 2075 2118 449

497 2149 829 2220 deposuerat
871 2169 1027 2211 suam
1051 2155 1118 2209 de
1147 2156 1405 2225 capitulis
1428 2155 1770 2226 Opinionem,
1794 2170 1919 2209 cum
1942 2153 2077 2211 scri-

495 2239 634 2296 bens
681 2243 891 2298 Domno
932 2247 1121 2299 veneni
1170 2246 1329 2317 plena
1362 2245 1591 2303 diceret.
1636 2247 1928 2318 Nunquam
1964 2246 2075 2302 nisi

496 2333 716 2396 attritus
737 2334 915 2397 malis,
947 2335 1092 2405 quod
1118 2336 1282 2407 379
1308 2338 1537 2409 contigit
1568 2348 1694 2409 post
1726 2353 1929 2409 annum
1950 2338 2074 2404 447,

495 2425 551 2479 in
583 2440 774 2497 pacem
808 2426 1178 2485 Ecclesiarum
1231 2431 1542 2493 consentire
1584 2431 1737 2488 visus
1782 2438 1886 2495 est,
1936 2447 2078 2485 nun—

496 2531 662 2586 quam
709 2517 923 2581 sincere
962 2518 1170 2586 Cyrillo
1211 2522 1598 2591 reconciliatus
1637 2530 1742 2588 est.
1774 2522 1920 2593 quod
1945 2538 2079 2594 que-

476 2606 638 2681 gitur
666 2607 903 2680 Cyrinus
921 2609 1120 2671 Joanni
1141 2612 1411 2681 scribens.
1668 2670 1681 2675 -
2000 2660 2005 2665 -

516 2758 519 2763 _
570 2697 686 2769 XV.
729 2699 838 2754 Sed
894 2708 955 2769 ut
1004 2701 1600 2775 manifestiuspateat,
1650 2719 1815 2776 quam
1863 2705 2080 2769 levibus

495 2792 851 2873 coniectaria
864 2794 1083 2860 nitamr.
1101 2796 1290 2866 opinio
1313 2797 1718 2867 repudiantium
1742 2844 1749 2853 .
1766 2798 2077 2869 epistolam,

497 2885 950 2955 agereapretium
976 2888 1397 2957 est.eam.panlo
1419 2889 1682 2951 attentius
1703 2889 2077 2957 considerare.

2167 593 2531 658 documentis,
2581 604 2793 649 certum
2844 594 2917 649 sit
2947 593 3280 648 Theodoreti
3323 595 3567 649 auctoris
3588 596 3737 666 judi-

2168 686 2354 752 cium;
2386 686 2530 740 idem
2573 686 2720 740 enim
2750 685 2933 751 docet,
2963 684 3111 755 quod
3138 684 3374 756 Cyrillus
3404 685 3460 738 in
3495 685 3742 755 epistolis

2168 778 2234 832 ad
2268 778 2559 832 Maximum
2602 778 2917 841 diaconum,
2944 776 3011 832 ad
3041 776 3301 831 Acacium
3329 775 3644 831 Melitenum
3674 777 3743 833 de

2168 868 2424 935 Maximo,
2458 868 2526 923 ad
2551 869 2780 923 clericos
2820 876 2875 923 et
2904 867 3238 938 Lamponem
3272 866 3655 939 presbyterum
3675 868 3744 923 de

2169 962 2417 1033 ejusdem
2447 961 2663 1017 Maximi
2702 962 2964 1032 querelis,
2991 960 3059 1015 ad
3079 960 3329 1015 Proclum
3360 958 3747 1015 Constantino-

2170 1057 2495 1127 politanum,
2535 1055 2791 1126 quodque
2831 1055 3214 1111 Theodoretus
3248 1052 3303 1108 in
3351 1054 3597 1125 epistolis
3653 1054 3744 1121 84,

2171 1146 2259 1212 85,
2294 1155 2402 1201 etc.

2241 1237 2404 1295 XVII.
2440 1238 2519 1293 Ad
2552 1238 2691 1303 haec,
2726 1254 2846 1309 quat
2873 1252 2974 1308 pro
2996 1236 3358 1293 defendendis
3389 1237 3595 1317 quintae
3615 1254 3747 1309 syn-

2169 1329 2262 1386 odi
2305 1330 2479 1394 Actis,
2508 1330 2712 1400 quibus
2753 1329 2985 1401 epistola
3010 1329 3292 1393 inseritur,
3316 1328 3749 1410 hactenus'dicta

2172 1430 2322 1486 sunt,
2345 1420 2560 1479 accedit
2587 1421 2846 1491 primum,
2875 1421 3023 1491 quod
3043 1420 3180 1474 nihil
3202 1419 3471 1497 dogmatis
3490 1420 3753 1491 obiicitur

2171 1513 2396 1585 Cyrillo,
2423 1522 2620 1585 prmtcr
2643 1514 2697 1569 id
2725 1513 2875 1584 quod
2902 1513 3106 1583 ubique
3132 1513 3271 1568 solet
3305 1529 3335 1568 a
3362 1513 3747 1570 Theodoreto:

2182 1625 2201 1656 ‹
2235 1606 2401 1669 Deus,
2434 1621 2653 1676 nempe,
2677 1620 2888 1675 passus,
2922 1611 3097 1659 morte
3126 1604 3474 1660 circumdans
3495 1616 3749 1663 naturam

2175 1697 2557 1755 immortalem.
2606 1715 2626 1748 ι
2679 1695 2909 1761 Deinde,
2966 1695 3135 1766 quod,
3171 1696 3215 1751 si
3246 1713 3354 1767 qua
3399 1697 3595 1754 fuisset
3616 1699 3747 1754 olim

2175 1784 2572 1856 suppositionis
2609 1783 2820 1855 species
2860 1782 2947 1837 vel
2997 1782 3214 1849 umbra,
3243 1782 3577 1838 schismatici
3600 1792 3750 1839 certe

2174 1877 2343 1932 trium
2371 1876 2609 1947 capitum
2642 1873 2982 1936 defensores,
3032 1887 3157 1927 cum
3197 1871 3471 1929 curiosius
3515 1872 3569 1927 in
3614 1872 3748 1928 Acta

2174 1968 2380 2039 quinta
2406 1965 2600 2039 synodi
2626 1965 2988 2041 inquirerent,
3026 1980 3136 2035 quo
3187 1980 3382 2020 eorum
3435 1966 3749 2021 auctoritati

2172 2060 2533 2115 detraherent
2564 2074 2578 2123 ;
2608 2057 2677 2113 de
2706 2056 2842 2112 falso
2872 2056 3219 2131 excepissent
3256 2055 3523 2111 adversus
3545 2057 3752 2127 episto-

2174 2153 2305 2216 lam,
2338 2151 2485 2223 quod
2519 2160 2698 2205 tamen
2756 2149 2962 2205 nemini
2997 2163 3225 2221 prorsus
3256 2157 3548 2220 antequam
3586 2150 3753 2206 Baro-

2175 2244 2270 2298 nio
2294 2242 2445 2297 venit
2466 2242 2528 2319 in
2560 2250 2820 2296 mentem.
3222 2296 3225 2299 _

2246 2331 2434 2388 XVIII.
2464 2332 2596 2388 Inde
2617 2347 2750 2386 vero
2780 2340 2997 2386 constat
3015 2330 3213 2389 vitium
3234 2331 3483 2402 inscripti
3513 2332 3753 2389 nominis

2177 2425 2456 2496 prioribus
2481 2423 2646 2497 380
2675 2423 2731 2497 in
2755 2422 3040 2479 codicibus
3075 2423 3285 2481 nullum
3329 2422 3518 2488 fuisse,
3560 2425 3655 2479 sed
3693 2425 3753 2480 in

2178 2500 2585 2591 recentioribus
2623 2522 2833 2577 tantum
2860 2532 2874 2568 :
2901 2513 3178 2584 quomodo
3198 2574 3201 2579 ,
3224 2514 3372 2569 enim
3418 2514 3754 2579 Schismatici

2180 2608 2521 2687 tacuissent?
2550 2607 2656 2683 Sed
2686 2607 2959 2687 quomodo
3003 2606 3073 2662 ab
3112 2606 3343 2661 eruditis
3394 2594 3753 2687 conciliorum

2172 2684 2421 2781 antiquis
2442 2684 2763 2769 editoribus
2807 2684 2931 2781 non
2960 2698 3061 2771 fuit
3093 2684 3542 2781 deprehensum?
3568 2698 3755 2769 Potuit

2146 2850 2163 2867 π
2178 2793 2329 2869 enim
2365 2792 2521 2867 facile
2568 2807 2636 2851 ex
2683 2789 2990 2865 fragmento
3038 2798 3430 2863 consequente,
3477 2789 3584 2847 nisi
3622 2805 3756 2849 con-

2178 2880 2417 2961 suetydo
2435 2879 2652 2955 legendi
2673 2879 2963 2953 avertisset
2994 2879 3237 2957 animum
3267 2896 3279 2931 :
3307 2872 3556 2953 apertum
3577 2879 3753 2958 siqui-

494 2972 723 3057 Constat
762 2975 1260 3047 quinqueonmino
1288 2978 1559 3048 partibus,
1581 2981 1888 3050 quarumin
1906 2979 2080 3049 μήνιε
2106 3000 2148 3060 c
2182 2976 2306 3032 dcm
2353 2984 2438 3031 est
2469 2982 2525 3030 et
2565 2971 2849 3044 epistolam
2885 2981 2940 3026 et
2978 2971 3263 3028 concionis
3280 2971 3665 3045 fragmentum,
3688 2984 3757 3055 ut

498 3069 727 3129 occulta
764 3067 1112 3138 benignaque
1155 3069 1254 3126 Dei
1282 3070 1628 3139 providentia
1660 3070 1935 3137 laudatur,
1956 3088 2083 3142 qua:

498 3158 796 3228 aliquando
852 3158 1016 3217 bonis
1066 3160 1313 3226 brevem,
1347 3160 1612 3232 improbis
1642 3162 1960 3221 diuturnam
1991 3163 2080 3218 in-

499 3249 687 3322 dulget
724 3252 892 3309 vitam
918 3271 932 3306 :
963 3254 1074 3313 illis
1104 3261 1164 3308 ut
1209 3254 1515 3311 liberentur
1534 3255 1646 3312 cito
1670 3257 1848 3321 malis,
1878 3256 2001 3312 istis
2020 3264 2081 3312 ut

497 3344 839 3412 poenitentiae
910 3344 1092 3400 locum
1148 3346 1455 3402 obtineant.
1504 3346 1756 3404 Secunda
1804 3357 1863 3403 et
1920 3348 2080 3404 tertia

497 3434 783 3491 continent
830 3436 1197 3492 imitationem
1248 3438 1533 3505 locorum,
1586 3438 1790 3508 quibus
1841 3440 2082 3510 aspergit

496 3539 629 3579 suos
654 3523 931 3580 Lucianus
958 3525 1025 3581 de
1053 3525 1283 3581 mortuis
1302 3526 1573 3597 Dialogus,
1594 3535 1651 3582 et
1672 3542 1799 3583 eum
1820 3528 2076 3593 maxime,

435 3652 448 3662 .
498 3614 595 3683 qui
626 3614 908 3685 Tyrannus
935 3612 1280 3681 inscribitur,
1308 3617 1363 3671 in
1394 3634 1504 3687 quo
1527 3617 1914 3689 Megapentbes
1936 3618 2081 3673 Rha-

497 3704 754 3759 damanto
778 3706 1012 3771 sistitur,
1037 3714 1110 3771 et,
1138 3706 1369 3779 Cynisco
1411 3708 1737 3777 philosOpho
1765 3717 2077 3774 accusante,

498 3809 692 3864 ptenas
739 3796 860 3863 luit.
904 3795 1107 3862 Quarta
1157 3796 1482 3853 Christiana:
1514 3798 1736 3868 pietatis
1761 3799 2079 3854 testimonio

502 3883 661 3957 plena
686 3895 791 3951 est,
823 3903 1134 3957 quanquam
1156 3889 1474 3944 acrimonia:
1498 3890 1794 3944 admistum
1824 3890 2079 3947 nonnihil

500 3975 701 4031 habeat
732 3996 744 4031 :
781 3978 986 4033 mortui
1009 3980 1156 4034 enim
1186 3979 1567 4037 Theodoretus
1613 3979 1763 4035 dolet
1802 3981 1973 4046 vices,
2022 3989 2080 4037 et

498 4068 638 4139 petit
654 4085 684 4124 a
705 4070 915 4124 Domno
936 4069 1038 4139 ipsi
1064 4085 1257 4140 preces
1285 4070 1548 4141 impendi,
1594 4070 2078 4143 Christianumque

499 4160 860 4230 obsequium,
927 4176 1243 4231 quanquam
1298 4163 1516 4233 utrique
1564 4163 1845 4234 negotium
1914 4164 2076 4219 morti

497 4251 782 4321 proximus
826 4261 1056 4306 crearet.
1107 4251 1306 4316 Quinta
1360 4253 1620 4309 historica
1648 4264 1752 4319 est,
1783 4254 2074 4326 docetque,

497 4442 627 4499 tem,
653 4435 908 4505 querelas
957 4434 1027 4490 de
1079 4434 1321 4492 Orientis
1375 4436 1650 4507 episcopis
1695 4438 1964 4496 detulisse
2003 4439 2071 4495 ad

493 4525 899 4596 imperatorem.

560 4618 702 4673 XVI.
733 4617 876 4684 Quid
909 4616 1074 4672 habet
1103 4618 1302 4687 prima,
1328 4618 1375 4674 si
1410 4618 1574 4675 modo
1601 4619 1947 4690 excipiantur
1988 4618 2074 4674 hae

492 4723 678 4771 voces,
725 4708 899 4763 malus
955 4711 1132 4774 Iwmo,
1183 4709 1467 4779 indignum
1500 4710 1761 4781 episcopo
1785 4711 1807 4764 ’ἒ
1835 4711 2070 4774 Habent,

490 4797 691 4862 fateor,
721 4798 964 4853 secunda
984 4808 1042 4854 et
1070 4799 1253 4863 tertia,
1288 4800 1532 4868 joculare
1558 4801 1821 4868 quiddam
1869 4810 1926 4856 et
1971 4801 2076 4856 hu-

490 4890 644 4954 mile,
689 4889 787 4945 sed
831 4890 939 4945 hoc
964 4889 1137 4944 etiam
1155 4889 1654 4961 scribendigenere
1675 4910 2070 4965 nonnunquam

489 4980 597 5036 viri
646 4996 843 5053 graves
896 4989 1151 5046 utuntur,
1197 4995 1322 5036 cum
1369 4995 1438 5037 ex
1488 4983 1774 5039 comoediis
1821 4992 1919 5038 aut
1948 4986 2072 5041 aliis

487 5072 759 5143 ejusmodi
790 5072 1012 5143 scriptis
1040 5072 1336 5128 desumunt
1371 5070 1581 5142 aliquid
1618 5088 1729 5143 quo
1767 5074 1935 5129 animi
1981 5075 2067 5130 sui

486 5177 648 5219 sensa
674 5163 818 5232 apud
843 5163 1118 5220 familares
1145 5172 1438 5235 exponant.
1477 5162 1680 5230 Quarta
1727 5165 1876 5219 aliud
1929 5167 2065 5222 nihil

486 5253 658 5309 habet
700 5256 1034 5322 acrimonias,
1061 5273 1226 5327 quam
1250 5257 1397 5327 quod
1423 5256 1747 5328 jamdudum
1774 5258 2068 5328 collegerat

486 5344 793 5416 indignatio
814 5345 1078 5403 adversus
1104 5349 1266 5405 hanc.
1288 5363 1455 5419 quam
1488 5347 1870 5406 Theodoretus
1918 5349 2066 5406 ferre

2181 3075 2310 3131 sunt
2371 3066 2625 3139 ejusdem.
2665 3064 2971 3138 argumenti
3037 3063 3391 3145 ejusdemque
3451 3064 3622 3131 modi,
3679 3050 3757 3122 ita

2182 3163 2346 3235 unius
2362 3159 2485 3223 fere
2506 3174 2626 3214 esse
2649 3158 2915 3229 temporis
2943 3176 2956 3212 :
2990 3150 3140 3228 atqui
3165 3157 3442 3214 concionis
3465 3157 3756 3230 inscriptio

2180 3251 2373 3307 Domni
2402 3265 2600 3305 nomen
2639 3248 2878 3319 praefert.

2253 3342 2393 3398 XIX.
2440 3343 2735 3412 Postquam
2788 3349 2996 3396 asserta
3040 3349 3124 3396 est
3148 3339 3346 3397 veritas
3370 3338 3633 3410 epistolae,
3665 3352 3758 3394 re-

2181 3442 2288 3489 stat
2333 3431 2542 3502 aliquid
2574 3430 2889 3494 emendare,
2932 3430 3077 3500 quod
3104 3431 3302 3502 partim
3332 3431 3649 3501 interpretis
3673 3429 3758 3485 in-

2181 3525 2355 3587 curia,
2378 3524 2577 3594 partim
2598 3523 2948 3579 librariorum
2987 3523 3122 3581 vitio
3163 3524 3394 3596 legitur,
3420 3523 3478 3578 in
3510 3521 3755 3578 editione

2181 3624 2297 3671 tum
2342 3616 2733 3680 Conciliorum,
2784 3622 2899 3669 tum
2941 3615 3180 3671 Baronii.
3233 3616 3289 3670 Id
3352 3631 3485 3671 vero
3518 3630 3629 3670 non
3669 3623 3757 3669 est

2180 3721 2496 3776 operosum,
2535 3706 2787 3777 quamvis
2816 3705 3040 3762 Graecus
3082 3715 3262 3762 textus
3292 3707 3539 3762 nondum
3569 3704 3753 3762 editus

2180 3799 2270 3860 sit,
2319 3798 2430 3853 imo
2475 3798 2744 3855 incertum
2796 3798 2970 3854 sitan
3013 3799 3225 3869 uspiam
3267 3799 3453 3855 lateat.
3478 3798 3755 3855 Restituto

2181 3888 2345 3959 igitur
2398 3888 2450 3943 in
2506 3888 2865 3959 inscriptione
2921 3889 3114 3943 Domni
3156 3888 3400 3956 nomine,
3431 3886 3756 3960 corrigenda

2177 3978 2404 4033 fuerunt
2440 3979 2483 4010 "
2523 3995 2591 4033 ex
2630 3979 2945 4049 conjectura
2985 3978 3233 4050 quaedam
3259 3980 3326 4035 ad
3349 3980 3603 4052 syntaxin
3633 3995 3758 4034 ver-

2179 4070 2374 4125 borum
2422 4056 2778 4142 pertinentia,
2830 4066 3070 4141 primum
3100 4081 3155 4126 ut
3186 4074 3420 4144 capiant,
3453 4071 3678 4138 diaconi,
3705 4084 3758 4128 et

2179 4161 2322 4226 dent,
2370 4179 2487 4234 pro_
2521 4172 2791 4235 caperent,
2823 4164 3101 4229 discerent,
3132 4172 3184 4217 et
3214 4164 3422 4218 darent.
3451 4162 3659 4219 Deinde
3686 4166 3761 4219 ad

2179 4254 2476 4325 exemplum
2525 4255 2756 4310 aliorum
2796 4273 2902 4311 non
2942 4256 3160 4319 dimisit,
3195 4270 3316 4326 pro,
3365 4272 3457 4309 nec
3489 4254 3559 4307 ad
3584 4270 3763 4309 exem-

389 4366 399 4377 -
495 4342 645 4413 quod
687 4351 745 4398 et
789 4343 1011 4397 aliunde
1062 4344 1254 4407 scitur,
1282 4343 1545 4415 Cyrillum
1566 4346 1732 4415 paulo
1760 4355 1890 4402 ante
1923 4363 2072 4402 mor-
2106 4335 2150 4392 Ῐ)
2177 4343 2326 4415 plum
2378 4344 2609 4400 aliorum
2663 4347 2905 4413 dimisit;
2957 4345 3193 4417 denique
3223 4343 3429 4417 συνήδσὶ
3463 4344 3509 4376 ⁸⁸
3532 4342 3760 4399 Luciani

2179 4451 2300 4506 pro,
2340 4436 2512 4509 Cynni
2545 4436 2806 4493 Ciliciam.

2251 4528 2369 4583 XX.
2409 4528 2569 4594 Sunt,
2601 4529 2695 4598 qui
2739 4529 2858 4584 haec
2898 4526 3070 4583 verba
3107 4543 3119 4580 :
3169 4545 3187 4576 ‹
3216 4525 3415 4597 Maiora
3466 4534 3523 4581 et
3566 4526 3755 4596 pejora

2182 4625 2519 4689 perteutans,
2560 4616 2854 4672 defunctus
2891 4625 3014 4683 est;
3067 4616 3361 4673 somniavit
3395 4614 3565 4679 enim,
3614 4613 3760 4669 sicut

2179 4714 2393 4779 dicunt,
2445 4720 2502 4766 et
2534 4711 2738 4782 regiam
2764 4711 2956 4766 urbem
2984 4710 3332 4782 perturbare,
3360 4717 3417 4764 et
3446 4715 3594 4762 tuam
3626 4721 3756 4761 san-

2177 4805 2423 4860 ctitatem
2479 4818 2760 4867 accusare,
2791 4821 2810 4855 ο
2875 4809 3006 4867 etc.,
3061 4800 3499 4871 interpretentur
3544 4798 3641 4862 ita,
3692 4807 3758 4854 ut

2178 4896 2306 4951 velit
2326 4893 2591 4967 Cyrillum
2612 4894 2774 4964 paulo
2796 4901 2921 4948 ante
2956 4900 3191 4947 mortem
3225 4889 3756 4961 Constantinopolim

2177 4982 2414 5047 venisse,
2448 4982 2639 5052 ibique
2669 4996 2793 5036 cum
2816 4979 3013 5035 Proclo
3045 4994 3288 5045 causam,
3318 4978 3600 5034 Athanasii
3625 4976 3757 5033 Per-

2174 5074 2477 5131 rhenorum
2498 5070 2743 5142 episcopi
2776 5070 3119 5139 cognovisse,
3145 5076 3311 5140 atque
3339 5068 3465 5125 inde
3488 5068 3555 5124 ad
3585 5068 3755 5124 Dom-

2174 5179 2329 5229 num,
2384 5179 2415 5217 a
2462 5177 2573 5232 quo
2618 5160 2951 5216 Athanasius
2981 5161 3368 5231 appellaverat,
3414 5159 3629 5216 litteras
3657 5158 3757 5215 de-

2168 5255 2342 5311 disse.
2387 5253 2508 5309 Huc
2554 5252 2704 5308 enim
2757 5253 2985 5307 trahunt
3030 5250 3196 5307 verba
3246 5250 3530 5307 Athanasii
3581 5251 3755 5307 relata

2174 5348 2391 5404 actione
2415 5346 2473 5400 II
2520 5344 2739 5400 concilii
2788 5343 3305 5400 Chalcedonensis:
3355 5361 3373 5394 ι
3404 5339 3556 5398 Hanc
3602 5342 3755 5413 (cau-

1810 5485 2126 5545 SCHULZII
2193 5482 2418 5540 ΝΟΤΕ.

553 5572 599 5609 ²⁶
623 5572 746 5633 Vid.
778 5589 968 5646 supra,
988 5575 1285 5646 epistolam
1321 5576 1439 5633 I70.

493 5640 536 5672 ”
562 5646 708 5699 Edit.
750 5640 905 5716 prior
929 5640 1167 5701 habebat
1197 5644 1399 5717 Cynici,
1428 5658 1488 5702 ut
1518 5648 1545 5718 ς
1580 5649 1665 5716 15,
1697 5649 1911 5721 Cynico.

1539 5579 1692 5654 Fili:
1710 5580 2101 5654 hisgcorrigas,
2127 5581 2329 5639 sivtanti
2359 5583 2451 5649 sit,
2470 5552 2687 5652 partem
2713 5586 2897 5645 textus
2924 5572 3270 5642 Carneriani,
3307 5584 3348 5631 t.
3379 5575 3468 5639 IV,
3500 5588 3555 5645 ι).
3590 5571 3750 5629 I562.
