4024 6152
425 215 525 283 331

1521 210 1893 271 GARNERII
1936 210 2432 271 DISSERTATIO
2485 211 2568 270 II.

3589 212 3697 275 332

426 323 600 381 sancti
628 321 910 379 Michaelis
944 322 1000 376 in
1031 326 1216 374 monte
1239 317 1509 388 Gargano,
1556 315 1804 371 tunctum
1843 315 2013 370 fuisse
2041 324 2083 375 Α
2116 315 2354 370 Verbum
2410 316 2483 371 sit
2536 312 2940 381 immutabilis;
2991 314 3165 378 alter,
3215 313 3362 383 quod
3412 315 3697 372 iuconfusa

427 417 699 488 legatione
729 414 905 471 sancti
936 411 1139 467 Leonis
1181 424 1327 464 anno
1358 408 1485 473 450,
1537 422 1662 462 cum
1703 417 1850 463 esset
1887 406 2007 477 cpi-

428 520 628 576 scopus
650 505 762 575 jam
794 502 920 557 inde
942 517 974 555 a
998 508 1238 570 quatuor
1265 506 1362 552 aut
1388 496 1632 567 quinque
1656 498 1836 552 annis.
1874 496 2008 551 Inde

428 595 575 649 enim
605 594 661 649 id
689 608 859 648 unum
891 605 1239 661 consequens
1268 588 1396 655 erit,
1430 597 1491 643 ut
1536 588 1742 643 obiisse
1792 588 2011 643 dicatur

428 684 835 755 octogenarius,
870 694 964 738 aut
993 681 1158 752 paulo
1181 681 1377 751 major,
1411 679 1807 750 praefuisseque
1836 694 2011 734 annos

429 777 499 831 45
544 775 800 829 circiter:
848 773 995 843 quod
1046 788 1229 843 neque
1272 771 1536 837 insolens,
1565 787 1745 841 neque
1775 771 2012 827 incredi-

430 866 560 922 bile.

500 957 634 1014 Vlll.
667 957 857 1027 Neque
882 971 1012 1012 vero
1033 956 1235 1020 obstat,
1271 955 1418 1026 quod
1450 956 1710 1019 Joannes,
1749 955 1804 1010 in
1852 956 2013 1026 cujus

430 1050 615 1103 sedem
655 1048 903 1105 Asterius
948 1047 1282 1102 successisse
1330 1048 1528 1112 fertur,
1562 1045 1762 1101 vixisse
1798 1045 2014 1100 dicatur

430 1139 533 1194 sub
579 1139 762 1194 Leone
809 1139 851 1203 ι,
901 1152 1049 1192 anno
1096 1138 1225 1203 445,
1269 1138 1550 1207 multaque
1574 1153 1673 1207 per
1709 1136 1766 1190 id
1796 1144 2015 1206 tempus

428 1230 686 1300 praeclare
737 1232 933 1300 egisse,
977 1236 1040 1283 ut
1085 1227 1232 1299 quod
1278 1228 1461 1282 Attila:
1512 1226 1813 1282 Venusiam
1839 1240 2014 1295 oppu-

429 1322 615 1392 gnanti
646 1321 952 1376 occurrerit
985 1335 1111 1375 cum
1146 1320 1295 1375 clero
1324 1328 1378 1374 et
1415 1333 1602 1383 cruce,
1636 1318 2014 1388 impetumque

431 1413 650 1468 barbari
703 1412 1065 1482 represserit,
1115 1411 1189 1465 ita
1243 1418 1306 1465 ut
1352 1410 1675 1465 barbaricus
1717 1408 2013 1472 exercitus,

431 1504 545 1559 visa
571 1504 640 1558 de
665 1504 805 1559 caelo
827 1503 1076 1573 Deiparae
1100 1501 1357 1572 imagine,
1385 1517 1445 1555 re
1473 1500 1676 1556 iniecta
1699 1500 2011 1556 recesserit.

431 1596 567 1649 Nam
602 1604 967 1665 praeterquam
1010 1593 1158 1665 quod
1188 1593 1356 1649 Attila
1393 1592 1693 1648 Venusiam
1732 1609 2013 1664 nunquam

432 1685 742 1749 recesserit,
767 1699 998 1754 quaeque
1023 1691 1318 1737 narrantur
1352 1682 1419 1737 de
1442 1682 1651 1738 Joanne
1683 1683 1788 1752 ipsi
1813 1699 2010 1739 oecur-

433 1786 608 1835 rente.
662 1793 771 1830 non
827 1774 1122 1829 admodum
1148 1782 1402 1829 constant
1427 1791 1442 1827 :
1467 1773 1648 1844 potuit
1678 1783 1827 1829 certe
1853 1774 2010 1829 Aste-

434 1865 548 1918 rius
595 1864 821 1918 Joannis
869 1863 924 1917 in
969 1864 1152 1918 locum
1178 1862 1500 1925 succedere,
1533 1878 1600 1917 eo
1632 1863 1894 1934 temporis
1922 1863 2011 1918 in-

433 1955 681 2019 tervallo,
726 1954 876 2023 quod
921 1954 991 2009 ab
1039 1968 1187 2007 anno
1229 1953 1334 2009 M5
1362 1952 1428 2007 ad
1462 1951 1566 2007 £50
1585 1952 1812 2016 eﬁluxit,
1850 1960 1910 2007 ut
1943 1968 2012 2008 ex

432 2044 597 2100 dictis
622 2054 872 2116 apertum
912 2053 1017 2099 est.

500 2136 593 2190 IX.
629 2136 804 2207 Digna
826 2144 954 2190 sunt
975 2150 1100 2205 qua:
1120 2135 1480 2190 observentur
1500 2134 1625 2190 ista.
1643 2136 1694 2188 1.
1712 2135 1873 2190 Novae
1897 2136 2009 2190 lue-

433 2227 572 2282 resis
604 2226 829 2282 nomine
874 2226 1039 2297 383
1089 2242 1121 2280 a
1174 2225 1524 2281 Theodoreto
1580 2242 1702 2281 eam
1755 2226 2007 2297 intelligi,

430 2335 593 2389 quam
645 2318 850 2390 Cyrillo
899 2319 1123 2388 quidem
1147 2317 1437 2389 aiﬁngebat
1463 2359 1477 2383 ,
1525 2319 1704 2388 reipsa
1737 2335 1867 2373 vero
1895 2320 2008 2373 Eu-

430 2410 622 2481 tyches
654 2410 931 2464 tuebatur.
962 2409 1017 2463 2.
1040 2409 1317 2475 Quantum
1346 2410 1618 2465 tribueret
1640 2410 1838 2465 litteris
1862 2426 2010 2465 sum-

427 2514 645 2555 morum
694 2499 1017 2570 pontiﬁcum
1052 2499 1108 2554 in
1145 2514 1308 2555 causa
1353 2500 1529 2555 ﬁdei:
1579 2500 1813 2570 loquens
1857 2501 2007 2556 enim

427 2592 497 2647 de
525 2591 759 2661 epistola
792 2591 968 2645 sancti
1001 2590 1203 2645 Leonis
1230 2590 1298 2644 ad
1330 2590 1650 2646 Flavianum
1676 2592 1792 2647 haec
1819 2592 2004 2648 habet:

435 2679 580 2736 «Cui
613 2680 778 2735 etiam
834 2679 1158 2750 subscripsi,
1203 2688 1261 2735 et
1307 2695 1372 2734 ex
1412 2681 1519 2736 hoc
1563 2681 1812 2751 probavi,
1859 2683 2006 2752 quod

426 2772 643 2843 regulas
662 2770 1007 2840 apostolicus,
1032 2771 1140 2825 hoc
1160 2780 1245 2826 est
1273 2787 1401 2825 vera
1431 2770 1705 2841 dogmata,
1730 2788 1955 2841 sequor.
1978 2791 1996 2823 ι

424 2860 479 2914 3.
513 2859 683 2927 Quam
709 2859 925 2913 sincere
948 2857 1215 2914 fateretur
1242 2858 1369 2913 ﬁdei
1409 2859 1719 2913 columnam
1763 2860 1839 2914 ita
1884 2875 2005 2916 esse

2046 1654 2088 1709 Β

2114 407 2276 471 unio;
2308 406 2523 469 tertius,
2550 404 2697 475 quod
2724 405 2870 459 Deus
2905 404 3248 474 impatibilis.
3275 405 3504 461 Accedit
3527 422 3697 477 quar-

2114 507 2222 562 tus,
2265 497 2322 551 in
2360 512 2472 567 quo
2497 496 2824 568 syllogismis
2848 496 2964 551 lucc
2996 497 3185 551 eadem
3211 504 3495 567 urgentur.
3532 517 3550 550 ι

2187 589 2277 644 Ill.
2317 589 2567 644 Meminit
2604 589 2769 643 etiam
2799 587 3144 656 Nicephorus
3170 587 3267 642 lib.
3303 604 3422 654 xxv,
3454 604 3574 659 cap.
3604 590 3696 657 54,

2113 677 2211 733 ubi
2262 686 2556 749 postquam
2607 677 2887 732 recensuit
2935 678 3091 747 plura
3135 677 3466 734 Theodoreti
3507 696 3696 751 opera,

2113 770 2481 826 enumerandi
2506 769 2672 824 ﬁnem
2700 769 2829 823 facit
2866 769 2952 823 bis
2984 768 3170 824 verbis
3196 786 3210 821 :
3253 788 3271 818 ι
3305 769 3454 824 Libri
3485 779 3598 826 tres
3629 772 3698 828 de

2113 862 2323 917 divinis
2348 861 2697 931 dogmatibus
2723 860 2776 915 in
2802 860 3015 931 dialogo
3052 862 3371 931 conscripti.
3402 861 3532 932 Logi
3556 877 3698 932 pra:-

2114 960 2265 1008 terea
2288 968 2454 1024 supra
2504 953 2833 1023 quingentas
2871 953 2994 1023 ejus
3031 954 3316 1023 epistolas,
3346 953 3537 1009 Graeco
3575 969 3696 1009 ser-

2113 1056 2276 1096 mone
2298 1040 2502 1111 optime
2528 1041 2858 1110 compositas
2878 1041 2945 1094 “.
2983 1058 3003 1092 ι

2186 1133 2277 1187 IV.
2305 1132 2552 1187 Meminit
2577 1131 2959 1188 Theodoretus
2988 1131 3206 1188 duobus
3232 1133 3285 1188 in
3313 1134 3470 1198 locis,
3498 1151 3699 1206 nempe

2113 1224 2346 1294 epistola
2392 1224 2459 1278 l6
2500 1223 2567 1278 ad
2603 1223 2868 1280 lrenzeum
2894 1264 2909 1289 ,
2948 1224 3042 1279 ubi
3087 1225 3355 1280 rationem
3394 1226 3574 1292 aﬁ‘ert,
3599 1244 3702 1283 cur

2114 1316 2261 1370 inter
2303 1314 2688 1386 subjungenda
2731 1314 2966 1385 singulis
3012 1314 3245 1386 dialogis
3284 1316 3507 1371 Patrum
3542 1319 3698 1373 testi-

2114 1404 2322 1471 monia,
2370 1420 2549 1475 neque
2586 1404 2811 1460 Diodori
2854 1405 3162 1473 Tarsensis,
3199 1424 3377 1479 neque
3420 1410 3697 1466 Theodori

2115 1497 2485 1567 Mopsuesteni
2526 1497 2864 1552 mentionem
2918 1498 3181 1566 fecisset;
3238 1512 3293 1555 et
3345 1503 3575 1571 epistola
3627 1503 3698 1557 85

2116 1587 2185 1641 ad
2211 1587 2534 1642 Dioscorum
2584 1588 2930 1645 Alexandria:
2983 1591 3306 1657 antistitem,
3359 1608 3482 1649 cum
3539 1610 3692 1650 suam

2114 1678 2283 1734 vellet
2330 1679 2741 1741 observantiam
2801 1697 2929 1752 erga
2989 1681 3360 1752 TbeOpbilum
3421 1694 3477 1740 et
3516 1685 3695 1758 Cyril-

2112 1770 2263 1834 lum,
2308 1769 2556 1825 Dioscori
2611 1786 2994 1841 praecessores,
3051 1775 3264 1840 testari,
3314 1775 3433 1832 lucc
3483 1777 3690 1833 habet:

2114 1862 2238 1915 Ὀτι
2267 1860 2324 1915 δὲ
2355 1862 2448 1916 καὶ
2478 1865 2592 1927 τοίς
2636 1863 2744 1917 τῶν
2797 1864 3085 1936 μακαρίων
3138 1866 3398 1938 Θεοφίλου
3452 1870 3546 1922 καὶ
3578 1871 3690 1923 Κυ-

2114 1952 2294 2023 ρίλλου
2348 1954 2745 2025 συγγράμμασι
2800 1957 3150 2027 κεχρημένοι,
3202 1958 3331 2022 τοὺς
3389 1959 3691 2028 ἀντιλέγειν

2108 2041 2422 2112 τολμῶντας
2443 2043 2865 2114 ὲπιστομίζομεν
2883 2044 2948 2111 ⁸¹,
2965 2045 3103 2099 αὐτὰ
3125 2049 3392 2119 μαρτυρεί
3416 2048 3483 2101 τὰ
3506 2048 3689 2119 γράμ-

2112 2145 2259 2198 ματα
2278 2144 2292 2157 ·
2322 2129 2449 2193 τοὺς
2465 2128 2575 2200 γὰρ
2602 2134 2703 2202 τῆς
2723 2133 3056 2204 Δεσποτικῆς
3089 2136 3290 2207 σαρκὸς
3318 2138 3412 2191 καὶ
3438 2138 3537 2208 τῆς
3569 2140 3690 2192 θεό-

2107 2235 2270 2290 τητος
2307 2220 2403 2289 τὴν
2429 2220 2694 2293 διαφορὰν
2723 2224 3111 2295 ἀρνουμένους,
3160 2227 3252 2281 καὶ
3296 2229 3425 2282 ποτὲ
3457 2230 3556 2300 μὶν
3589 2232 3692 2302 τὴν

2109 2310 2258 2364 θείαν
2288 2311 2450 2381 φύσιν
2476 2315 2554 2376 εἰς
2587 2313 2766 2385 σάρκα
2805 2317 3103 2387 τετράφθαι
3152 2318 3426 2387 λέγοντας,
3476 2323 3605 2375 ποτὲ
3627 2324 3687 2377 δὲ

2106 2404 2208 2473 τὴν
2242 2405 2420 2476 σάρκα
2449 2407 2531 2469 εἰς
2569 2405 2825 2477 θεότητος
2871 2409 3307 2483 μεταϐεϐλῆσθαι
3350 2412 3532 2482 φύσιν,
3575 2418 3686 2479 τοῖς

2108 2495 2213 2548 τῶν
2270 2494 2587 2566 θαυμασίων
2651 2497 2856 2551 τούτων
2901 2500 3109 2571 ἀνδρῶν
3166 2504 3480 2574 φαρμάκοις
3527 2504 3687 2577 θερα-

2106 2583 2292 2637 πεύειν
2321 2583 2733 2656 σπουδάζομεν
2797 2586 2983 2656 σαφῶς
3028 2589 3136 2661 γὰρ
3190 2592 3283 2644 καὶ
3327 2593 3435 2645 τῶν
3467 2593 3560 2648 δύο
3587 2595 3687 2664 φύ-

2108 2689 2247 2726 σεων
2309 2675 2458 2743 ἡμᾶς
2516 2675 2614 2745 τὴν
2675 2675 2939 2747 διαφορὰν
3005 2678 3420 2747 ὲκπαιδεύουσι,
3478 2683 3571 2736 καὶ
3623 2684 3686 2738 τδ

2103 2763 2373 2835 ἄτρεπτον
2419 2765 2518 2835 τῆς
2571 2764 2720 2829 θείας
2771 2766 3102 2838 κηρύττουσι
3149 2769 3398 2838 φύσεως,
3445 2775 3536 2826 καὶ
3583 2774 3686 2848 τὴν

2103 2858 2440 2929 Δεσποτικὴν
2465 2860 2643 2931 σάρκα
2666 2860 2816 2915 θείαν
2840 2864 2936 2933 μὲν
2958 2865 3323 2920 ἀποκαλοῦσιν
3343 2869 3418 2932 ὡς
3436 2868 3528 2922 τοῦ
3547 2871 3686 2924 Θεοῦ

424 2950 570 3021 apud
610 2949 1007 3013 Occidentales,
1068 2956 1177 3003 «ut
1221 2964 1290 3004 ex
1340 2949 1410 3004 iis
1475 2949 1641 3004 etiam
1695 2950 2003 3006 Orientales

2107 2948 2283 3016 Λόγου
2315 2948 2495 3018 σάρκα
2523 2952 2917 3023 γεγενημένην,
2948 2954 3010 3006 τὸ
3039 2954 3093 3008 δὲ
3124 2956 3203 3019 εἰς
3234 2954 3486 3028 θεότητος
3512 2960 3684 3029 αὐτὴν

425 3049 785 3099 sacrosancta
803 3040 1063 3096 Ecclesiae
1084 3055 1271 3095 veram
1294 3040 1607 3097 custodiant
1622 3042 1963 3114 religionem.
1976 3063 1995 3095 ι

1023 3171 1249 3229 CAPUT
1295 3172 1384 3229 Vl.

491 3282 740 3338 Reccnsio
763 3281 991 3353 Operam
1013 3322 1027 3347 ,
1054 3298 1176 3363 quin.
1203 3292 1342 3363 tomo
1395 3284 1471 3339 IV
1502 3286 1629 3339 edit.
1664 3284 1932 3342 Sirmondi

1037 3359 1391 3407 continentur.
1634 3390 1637 3393 ι

495 3473 700 3527 Tomus
736 3479 970 3542 quartus
1009 3469 1393 3539 complectitur
1420 3470 1692 3525 Eranistae
1716 3486 1812 3526 seu
1836 3472 2002 3544 Poly-

427 3565 630 3634 morplti
667 3563 840 3617 libros
881 3569 1139 3631 quatuor,
1166 3560 1551 3615 Hcereticarum
1593 3561 1898 3631 fabularum
1934 3564 2002 3617 li-

426 3655 552 3709 bros
576 3652 818 3723 quinque
843 3692 858 3716 ,
888 3650 964 3704 De
992 3650 1328 3705 Providentia
1356 3667 1647 3708 sermones
1674 3653 1863 3709 decem
1888 3695 1902 3719 ,
1926 3654 2002 3709 De

426 3746 741 3803 Grmcanicis
789 3745 1143 3816 affectionibus
1193 3745 1441 3799 curandis
1478 3745 1647 3800 libros
1687 3746 1999 3813 duodecim,

427 3846 483 3892 et
508 3835 907 3909 Appendiecm.

734 3945 762 4015 ᾗ
788 3945 828 3999 l.
860 3944 1138 3998 Eranistes
1162 3961 1254 4013 seu
1286 3945 1688 4018 Polymorphus.

494 4059 535 4111 1.
565 4057 836 4113 Eranistes
868 4074 965 4115 seu
994 4059 1373 4131 Polgmorphus
1413 4058 1568 4113 libris
1598 4067 1834 4128 quatuor
1868 4076 2002 4116 cnn-

425 4146 653 4210 tinetur,
684 4162 923 4217 quorum
966 4157 1079 4203 tres
1128 4148 1343 4219 priores
1381 4147 1580 4218 dialogi
1625 4148 1854 4204 formam
1901 4151 2000 4205 lia-

421 4238 575 4293 bent.
600 4236 840 4305 Quartus
869 4240 1194 4295 inscribitur
1221 4240 1630 4294 Demonstratio
1679 4256 1780 4310 per
1832 4242 1999 4312 syllo-

2110 3039 2546 3109 μεταϐεϐλῆσθαι
2579 3041 2762 3110 φύσιν,
2788 3044 2863 3107 ὡς
2892 3044 3087 3109 ἀσεϐὲς
3117 3047 3587 3119 ἁποκηρύττουσιν
3613 3053 3683 3106 ³³.

2104 3130 2258 3196 Quod
2278 3147 2398 3185 vero
2426 3131 2700 3187 beatorum
2724 3150 2927 3205 quoque
2952 3136 3216 3207 Theophili
3252 3148 3301 3191 et
3339 3138 3522 3211 ϐριήΗί
3542 3145 3683 3196 scri-

2102 3224 2206 3292 ptis
2247 3232 2485 3288 utamur,
2526 3226 2595 3278 ad
2646 3227 2999 3280 retundendus
3045 3229 3279 3285 homines
3328 3234 3685 3289 contradicere

2103 3329 2261 3367 ausos
2282 3353 2296 3379 ,
2330 3313 2450 3367 libri
2488 3315 2589 3386 ipsi
2634 3323 2915 3370 testantur.
2949 3316 3055 3372 Eos
3097 3320 3237 3372 enim
3279 3322 3370 3391 qui
3394 3321 3687 3379 Dominica

2101 3407 2278 3459 carnis
2322 3424 2385 3459 ac
2422 3406 2632 3461 deitatis
2671 3408 3023 3478 differentiam
3061 3424 3276 3480 negant,
3309 3420 3360 3465 et
3390 3431 3530 3468 nunc
3568 3418 3688 3486 qui-

2102 3496 2219 3549 dem
2251 3497 2485 3551 divinam
2519 3506 2772 3551 naturam
2805 3501 2858 3552 in
2899 3515 3112 3553 carnem
3144 3502 3298 3556 aiunt
3326 3520 3437 3558 esse
3463 3522 3683 3561 conver-

2098 3604 2235 3652 sam,
2269 3605 2407 3641 nunc
2426 3605 2546 3643 vero
2576 3606 2789 3643 carnem
2820 3591 2874 3643 in
2904 3591 3193 3646 divinitatis
3227 3604 3482 3653 naturam
3498 3608 3681 3654 trans-

2098 3680 2252 3745 iisse,
2315 3682 2750 3735 admirandornm
2781 3682 3004 3736 Patrum
3032 3684 3253 3739 istorum
3291 3690 3685 3745 medicamentis

2099 3787 2289 3825 curare
2326 3774 2566 3826 nitimur.
2595 3772 2790 3845 Aperte
2816 3775 3072 3847 siquidem
3109 3789 3158 3831 et
3191 3777 3420 3835 duarum
3450 3791 3685 3839 natura-

2102 3880 2219 3916 rum
2247 3864 2527 3918 discrimcn
2557 3882 2649 3920 nos
2679 3867 2882 3931 docent,
2913 3879 2963 3923 et
2984 3872 3463 3928 inmutabilitatem
3488 3875 3687 3930 dicitur

2101 3964 2309 4010 natura:
2346 3957 2667 4033 prazdicant,
2714 3969 2764 4013 et
2802 3960 3133 4019 Dominicam
3177 3983 3391 4020 carnem
3444 3968 3683 4022 divinam

2102 4049 2308 4120 quidem
2339 4060 2548 4117 vocant,
2582 4060 2839 4125 tanquam
2876 4056 2972 4111 Dei
3007 4058 3157 4113 Verbi
3193 4077 3407 4114 carnem
3437 4061 3633 4132 {actam
3661 4080 3679 4117 :

2100 4141 2250 4195 illam
2277 4153 2455 4198 autem
2486 4144 2540 4198 in
2570 4145 2859 4202 divinitatis
2876 4165 3179 4205 conversam
3204 4151 3364 4221 fuisse
3401 4161 3676 4219 naturam,

2100 4230 2241 4285 velut
2269 4234 2489 4304 impium
2514 4236 2776 4305 rejiciunt.

421 4324 662 4427 ξξεῐηοθὲ
716 4342 836 4396 qum
874 4328 1036 4427 θῐξίηι-
1073 4327 1127 4382 ίη
1154 4327 1384 4427 ἀῖίιῘ-οξξε
1434 4327 1706 4427 Ῑυεξξιεξί
1756 4332 1995 4388 οτθιοτῖο
2030 4321 2074 4375 D
2170 4342 2335 4416 385,
2375 4344 2438 4399 ν.
2479 4345 2561 4401 Ad
2604 4347 2744 4404 hanc
2786 4359 3075 4423 utramque
3107 4353 3435 4412 Theodoreti
3472 4356 3678 4427 episto-

421 4417 698 4486 disputata
737 4427 865 4473 sunt
914 4420 982 4473 de
1022 4420 1469 4476 immutabilitate
1514 4421 1715 4487 Verbi,
1744 4423 1996 4481 inconfu-

420 4508 575 4563 sione
602 4516 945 4573 naturarum,
973 4517 1028 4565 et
1061 4511 1496 4582 impossibilitate
1528 4512 1726 4568 divina:
1759 4523 1990 4583 naturae,

417 4613 481 4652 ea
508 4600 914 4655 contrahuntur
935 4601 991 4655 in
1015 4602 1376 4673 syllogismos,
1397 4612 1458 4657 ut
1475 4605 1560 4659 vis
1583 4614 1637 4659 et
1659 4608 1898 4678 apertior
1924 4611 1995 4665 sit

415 4695 472 4742 et
495 4688 784 4745 elﬁcaeior.

487 4779 552 4834 ll.
584 4779 830 4835 Meminit
862 4781 1093 4852 hujusce
1114 4783 1295 4852 operis
1315 4784 1544 4842 Photius
1566 4789 1756 4844 codice
1780 4791 1867 4857 46,
1894 4793 1989 4849 ubi

418 4884 542 4923 cum
572 4870 642 4925 de
665 4871 853 4941 viginti
881 4880 935 4926 et
958 4880 1165 4942 septem
1195 4873 1351 4930 libris
1375 4916 1388 4940 ,
1425 4893 1564 4947 quos
1594 4896 1781 4936 omnes
1802 4883 1984 4938 Theo-

417 4959 610 5016 doreto
636 4961 851 5029 tribuit,
886 4962 1166 5034 sigillatim
1193 4964 1501 5031 dixisset”,
1537 4970 1690 5026 addit
1712 4972 1893 5030 adhuc
1927 4975 1984 5030 in

414 5051 607 5106 eodem
631 5054 908 5109 velamine
933 5055 1054 5125 ipso
1082 5054 1187 5127 legi
1217 5065 1328 5112 tres
1349 5054 1594 5130 ejusdem
1624 5063 1795 5119 libros
1822 5080 1988 5137 supe-

415 5142 654 5197 rioribus
690 5144 946 5215 majores.
988 5166 1006 5199 ι
1046 5144 1289 5203 Titulum
1334 5151 1631 5220 przefcrunt
1686 5154 1984 5223 Eranistes,

413 5246 511 5288 seu
541 5232 925 5305 Potymorphns
952 5254 971 5292 :
1003 5237 1200 5294 horum
1232 5240 1443 5311 primus
1474 5242 1633 5299 docet
1661 5246 1807 5316 quod
1842 5249 1988 5305 Deus

2098 4432 2206 4486 lam
2235 4449 2417 4503 operte
2447 4436 2686 4504 pretium
2722 4449 2807 4495 est
2841 4441 3168 4499 observare:
3202 4445 3252 4498 l°
3274 4446 3429 4513 Eam,
3455 4462 3578 4517 qua:
3603 4448 3679 4502 ad

2099 4525 2366 4580 lrenmum
2416 4525 2761 4597 inscribitur,
2806 4535 3066 4604 scriptam
3113 4552 3233 4592 esse
3266 4538 3312 4571 ³⁸
3362 4554 3505 4594 anno
3543 4540 3677 4605 M9,

2100 4615 2205 4670 sub
2236 4614 2400 4671 ﬁnem
2428 4617 2651 4687 Aprilis,
2680 4636 2789 4690 quo
2818 4631 3063 4693 tempore
3097 4625 3443 4682 Antiochiam
3481 4641 3676 4698 perve-

2094 4714 2250 4760 nerat
2278 4704 2444 4760 Sacra
2473 4706 2767 4765 Theodosii
2799 4710 2864 4765 ad
2902 4712 3127 4769 alteram
3149 4716 3415 4787 synodum
3445 4716 3678 4786 Ephesi-

2093 4810 2221 4849 nam
2266 4798 2645 4867 metropolitas
2698 4804 3017 4869 evocantis,
3074 4805 3346 4875 siquidem
3403 4807 3676 4866 Constan-

2094 4888 2323 4958 tinopoli
2385 4890 2511 4946 data
2572 4892 2772 4964 legitur
2835 4911 2889 4950 ιιι
2945 4895 3171 4952 Calend.
3230 4903 3247 4919 '
3314 4899 3487 4970 April.
3547 4913 3674 4971 post

2095 4980 2439 5036 consulatum
2466 4982 2702 5039 Zenonis
2729 4992 2784 5039 et
2821 4984 3225 5043 Posthumiani.
3248 4989 3303 5043 2°
3332 4990 3414 5045 Ad
3446 4990 3674 5045 Diosco-

2099 5087 2223 5125 rum
2245 5088 2275 5126 a
2304 5071 2657 5129 Theodorcto
2685 5074 2908 5131 missam
2949 5093 3070 5134 esse
3113 5080 3397 5149 epistolam
3420 5080 3485 5146 ³⁸,
3523 5098 3671 5137 anno

2095 5162 2201 5217 448
2255 5179 2363 5217 non
2418 5163 2711 5219 admodum
2771 5166 2999 5232 affecto,
3042 5178 3335 5240 antequam
3375 5171 3585 5227 scilicet
3636 5188 3670 5228 a

2094 5253 2355 5310 Dioscoro
2380 5256 2434 5309 in
2453 5256 2695 5312 Ecclesia
2709 5258 3073 5316 Alexandrina
3088 5263 3307 5332 publico
3320 5265 3668 5320 anathemate

1755 5401 2073 5461 SCHULZH
2101 5405 2336 5462 ΝΟΤᾹΞ.

476 5545 520 5576 ³ο
545 5543 668 5622 vid.
695 5562 886 5622 supra.
917 5563 973 5617 p.
1007 5546 1134 5622 258.
1161 5618 1173 5622 Α
1209 5548 1251 5580 ⁸⁸
1278 5548 1569 5622 Ἶίειχίὶιίᾱ.

395 5611 640 5667 (uerunt.
718 5611 934 5673 “'EditI
969 5618 1124 5690 prior
1150 5618 1519 5691 ἀπεκήρυξαν.
1600 5624 1643 5659 ⁸⁸

1745 5558 1998 5643 ξπιστομ.

2099 5559 2365 5643 lin-prior
2388 5564 2759 5643 praeminebat
2786 5569 2987 5643 xa‘ijta
3020 5571 3212 5643 τούτῳ,
3248 5590 3370 5643 qua:
3399 5574 3665 5634 'delenda

1668 5625 1790 5681 vsa.
1820 5625 2006 5699 supra,
2031 5645 2084 5701 p.
2110 5625 2234 5687 sui
2313 5633 2356 5664 ³·
2388 5625 2510 5689 Via.
2539 5648 2725 5708 supra,
2750 5639 2955 5710 p.330,
2995 5625 3253 5697 scholii.
