4024 6152
225 323 334 384 333

219 527 572 596 Ephesinum
620 527 971 582 latrocinium
1013 528 1207 591 coiret,
1252 538 1400 583 utex
1438 529 1666 598 epistola
1704 529 1805 601 “5

212 619 523 688 colligitur.
555 617 610 670 3"
637 617 973 672 Mcntionem
1001 618 1120 673 ﬁeri
1155 620 1422 674 Eranista:
1448 621 1598 673 velut
1621 621 1806 688 operis

214 708 556 778 pervulgati,
592 717 648 762 et
682 709 794 778 jam
834 709 951 763 noti
991 708 1046 762 in
1074 708 1339 780 Egypto;
1371 711 1638 781 divulgari
1673 726 1804 764 vero

213 801 314 869 qui
345 801 548 870 potuit,
568 809 624 854 et
646 800 702 853 in
730 800 1005 870 regionem
1031 801 1168 856 adeo
1196 811 1458 856 remotam
1491 803 1800 871 pervenire,

212 893 325 945 nisi
362 901 494 945 ante
521 892 731 960 aliquot
773 907 965 956 annos,
993 893 1132 946 duos
1157 901 1251 947 aut
1282 902 1412 957 tres,
1439 893 1802 962 compositum

210 991 385 1050 atque
421 979 630 1033 editum
654 980 891 1033 fuisset?
920 980 1051 1034 Inde
1072 996 1202 1034 vero
1230 981 1519 1045 concludo,
1551 997 1659 1035 non
1698 982 1802 1034 im-

211 1073 421 1126 merito
445 1073 623 1126 videri
655 1088 814 1141 posse
849 1073 1090 1142 cuipiam
1125 1075 1323 1126 mirum
1356 1075 1469 1127 sive
1509 1074 1799 1138 Ccnuadii,

212 1167 331 1219 sive
360 1165 599 1218 aliorum
639 1165 931 1234 judicium,
971 1165 1065 1234 qui
1091 1181 1230 1234 opus
1255 1181 1285 1219 a
1313 1166 1661 1220 Thcodoreto
1686 1167 1803 1220 lau-

211 1260 430 1320 datum,
472 1274 597 1312 cum
646 1259 908 1313 Dioscoro
954 1259 1168 1313 litteras
1197 1257 1571 1313 excusatorias
1621 1257 1797 1319 daret,

212 1350 584 1404 crediderunt
634 1350 900 1405 adversus
951 1351 1248 1420 ipsummet
1299 1351 1618 1404 Dioscorum
1668 1349 1802 1404 scri-

211 1452 370 1510 ptum
410 1457 553 1495 esse.
582 1441 674 1495 Na:
696 1441 1080 1496 Theodoretus
1101 1442 1296 1497 fuisset
1315 1452 1409 1496 aut
1439 1443 1801 1513 impudentis—

209 1533 388 1586 simus
411 1533 716 1595 hominum,
751 1533 843 1602 qui
871 1534 1170 1587 secundum
1201 1549 1231 1587 a
1263 1534 1508 1588 Romano
1544 1535 1799 1589 Ecclesite

207 1623 522 1678 antistitem
561 1631 912 1694 provocasset
939 1624 1006 1678 ad
1047 1625 1333 1694 legendum
1363 1640 1520 1696 Opus,
1560 1642 1668 1696 quo
1692 1635 1796 1679 tra-

205 1713 517 1766 duceretur
558 1713 792 1767 ridicula
817 1713 979 1784 385
1015 1715 1117 1768 sub
1154 1731 1414 1784 persona;
1465 1725 1561 1770 aut
1606 1717 1796 1770 incon-

1395 320 1492 379 DE
1528 317 1736 379 LIBRI
1741 317 1781 376 S
1811 317 2318 381 THEODORETI.

217 437 655 506 percelleretur;
690 436 976 505 perculsus
1001 451 1133 490 vero
1155 444 1237 490 est
1269 451 1413 494 anno
1431 435 1806 505 priore,quam
1840 435 1882 491 Α

3377 331 3481 396 334

1980 435 2030 488 1.
2063 437 2283 493 Sanctio
2327 441 2477 510 prior
2516 441 2658 498 edita
2687 454 2770 499 est
2797 460 2941 500 anno
2974 447 3095 512 14⁵1,
3139 464 3262 504 nam
3295 449 3477 506 edicto

1905 535 2198 593 praetorum
2241 531 2522 599 proposito
2562 551 2580 582 ‹
2629 533 2767 588 lecta
2809 536 2977 589 estin
3021 539 3250 594 ecclesia
3283 556 3474 595 mona-

1904 615 2132 670 chorum
2164 618 2219 673 in
2248 620 2480 677 desertis
2506 623 2819 694 degentium
2850 626 2938 680 die
2975 627 3044 680 25
3073 632 3277 686 mensis
3303 632 3473 687 Phar-

1904 708 2099 770 muthi,
2130 709 2428 767 indictione
2456 715 2506 778 1,
2540 730 2682 769 anno
2712 717 3031 773 Diocletiani
3059 721 3194 788 164;
3227 742 3245 773 ι
3277 722 3330 776 id
3368 734 3470 788 est.

1903 796 1992 850 die
2025 798 2238 854 decima
2281 813 2471 858 octava
2516 806 2719 875 Aprilis
2766 809 2894 862 anni
2937 809 3073 874 M8,
3124 828 3249 867 cum
3300 816 3473 869 eremi

1903 886 2142 942 cultores
2198 893 2582 948 convenissent
2647 896 2713 949 ad
2780 898 3170 954 celebrandum
3230 901 3471 966 Pascha,

1903 993 2137 1048 moxque
2179 980 2446 1036 absolutis
2480 982 2632 1040 festis
2666 997 2789 1055 post
2828 989 2951 1042 νέαν
2982 993 3251 1064 κυριακὴν
3277 995 3346 1049 ad
3375 1012 3471 1050 sua

1903 1083 1960 1122 se
1992 1069 2108 1121 loca
2142 1069 2342 1138 singuli
2377 1075 2651 1141 recepturi
2689 1076 2891 1131 forent.
2926 1079 3044 1133 Non
3077 1084 3257 1149 potuit
3288 1095 3471 1141 autem

1902 1159 1959 1213 in
2010 1159 2349 1214 Palaestinam
2409 1161 2915 1236 Constantinopoli,
2975 1180 3138 1241 atque
3199 1176 3363 1229 etiam
3412 1175 3466 1232 in

1898 1249 2117 1321 {Egypti
2155 1252 2369 1306 deserta
2411 1255 2614 1310 deferri
2655 1259 2896 1323 sanctio,
2932 1261 3062 1330 quin
3097 1263 3306 1334 aliquot
3345 1282 3472 1320 ante

1901 1357 2118 1397 menses
2147 1342 2269 1396 data
2304 1343 2394 1407 sit,
2445 1354 2609 1414 atque
2656 1348 2793 1402 adeo
2841 1350 2941 1404 sub
2981 1350 3141 1406 finem
3175 1357 3302 1409 anni
3343 1357 3466 1422 147,

1899 1434 2180 1488 Decembri
2213 1451 2420 1500 mense,
2444 1445 2505 1490 ut
2535 1439 2749 1506 Opinor,
2777 1443 3050 1496 autetiam
3068 1445 3394 1502 Novembri:
3422 1449 3469 1504 si

1899 1526 2046 1579 enim
2090 1527 2254 1582 citius
2283 1528 2478 1584 fuisset
2518 1529 2664 1592 data,
2708 1533 2976 1600 potuisset
3003 1535 3110 1605 legi
3152 1537 3206 1591 in
3237 1539 3468 1594 ecclesia

1899 1615 2292 1670 monachorum
2327 1619 2772 1674 convenientium
2812 1621 2880 1675 ad
2911 1623 3237 1680 celebranda
3263 1626 3467 1682 Christi

1899 1704 2035 1760 festa
2072 1707 2238 1778 386
2267 1709 2532 1764 natalitia.
2560 1709 2723 1766 Lecta
2758 1727 2924 1781 porro
2947 1723 3033 1769 est
3061 1715 3154 1787 νέᾳ
3181 1724 3417 1791 κυριακῇ
3453 1740 3465 1774 :

122 1875 134 1894 ι
204 1805 575 1869 sanissimus,
626 1806 718 1876 qui
763 1783 997 1877 ραι-ἐπε
1036 1823 1094 1862 δε
1149 1783 1407 1863 coluisset
1453 1809 1594 1878 apud
1643 1825 1790 1872 eum,
1827 1783 1868 1838 Β
1898 1811 2020 1849 nam
2053 1813 2197 1851 anno
2221 1799 2345 1864 418,
2375 1800 2578 1854 Pascha
2609 1801 2801 1857 incidit
2824 1802 2878 1856 in
2905 1803 3048 1859 diem
3078 1783 3142 1860 11
3166 1783 3470 1878 Αιιι-ἰιὶε,“θι

201 1912 376 1965 quem
404 1895 522 1966 ipse
545 1907 857 1963 accusaret;
886 1906 980 1951 aut
1007 1900 1436 1964 amentissimus,
1469 1900 1562 1969 qui
1605 1893 1794 1953 amici-

205 1989 342 2041 tiam
367 1987 689 2056 expetiisset
715 1987 974 2052 hominis,
1007 2005 1167 2058 quem
1197 1989 1526 2046 ludificatur.

279 2080 372 2132 Vl.
419 2079 463 2133 A
507 2079 725 2134 nemine
766 2088 1013 2134 veterum
1053 2096 1192 2150 opus
1235 2081 1340 2134 hoc
1377 2082 1484 2134 ulla
1529 2083 1792 2152 peculiari

206 2169 376 2223 laude
406 2168 661 2230 afficitur,
695 2168 947 2238 quamvis
985 2184 1016 2222 a
1060 2170 1388 2238 quibusdam
1435 2180 1789 2236 memoratur,

203 2262 362 2314 velut
421 2279 452 2313 a
495 2260 689 2314 Photio
731 2269 787 2313 et
829 2261 1174 2330 Nicephoro:
1212 2262 1357 2331 quod
1391 2263 1508 2316 sine
1548 2263 1794 2317 animad-

204 2353 470 2406 versione
504 2353 773 2420 przeteriri
813 2367 919 2406 non
959 2352 1144 2416 debet,
1172 2354 1477 2422 praesertim
1503 2369 1627 2407 cum
1659 2369 1790 2424 pro-

205 2446 328 2498 fusa
384 2447 454 2498 sit
501 2444 742 2514 alioquin
794 2445 1083 2514 utriusque
1129 2447 1371 2499 auctoris
1413 2446 1466 2499 in
1516 2445 1791 2500 laudando

206 2535 568 2589 Theodoreto
609 2534 1003 2590 incontinentia
1037 2553 1049 2588 :
1085 2536 1286 2590 librum
1321 2538 1556 2606 appellat
1581 2547 1788 2592 tantum

207 2627 561 2696 Nicephorus
582 2666 596 2689 ,
629 2626 860 2680 I’hotius
891 2626 1040 2680 aliud
1077 2628 1211 2681 nihil
1239 2628 1444 2693 laudat,
1477 2645 1639 2698 quam
1671 2645 1791 2698 qua:

207 2720 440 2787 reliquis
466 2717 726 2772 omnibus
753 2719 1014 2788 operibus
1051 2720 1326 2784 convenit,
1370 2721 1638 2774 sermonis
1660 2735 1788 2790 per-

205 2811 560 2879 spicuitatem
587 2818 641 2862 et
665 2809 983 2878 puritatem.

275 2900 392 2954 Yll.
425 2899 548 2953 Non
577 2901 739 2953 modo
762 2917 870 2954 non
901 2901 1197 2955 laudarunt
1221 2911 1454 2965 veteres,
1486 2903 1581 2956 sed
1622 2904 1788 2958 etiam

206 2993 435 3045 nomine
478 2990 704 3045 haeresis
755 3000 1068 3062 suspectum
1112 2993 1470 3048 habuerunt:
1512 3011 1674 3064 quam
1717 2994 1788 3048 ob

207 3098 432 3138 causam
456 3082 500 3112 ³⁵
531 3081 766 3136 flammis
796 3084 1073 3138 addictum
1123 3095 1206 3139 est
1233 3087 1448 3154 gemina
1490 3085 1784 3139 Theodosii
1814 3109 1860 3170 ρ

209 3175 496 3228 sanctione
523 3194 535 3228 :
567 3174 812 3244 priorem
845 3173 1017 3229 edixit
1036 3174 1332 3245 imperator
1363 3191 1506 3229 anno
1535 3176 1658 3233 417,
1683 3178 1785 3230 sub

209 3265 402 3328 finem,
437 3268 671 3322 habetur
697 3267 750 3320 in
786 3283 843 3321 ιιι
887 3277 1041 3336 parte
1085 3269 1300 3322 concilii
1351 3268 1634 3338 Ephesini,
1663 3283 1783 3336 cap.

206 3359 316 3420 £7;
381 3359 668 3411 secundam
716 3358 868 3412 dedit
917 3374 1061 3413 anno
1111 3359 1234 3423 419,
1281 3375 1406 3413 cum
1450 3358 1784 3428 Ephesinum

205 3449 510 3504 concilium
542 3467 575 3504 ιι
607 3451 958 3520 approbaret.

279 3541 425 3594 Vlll.
466 3543 602 3595 Sunt
644 3543 761 3597 haec
797 3543 997 3613 prioris
1025 3543 1236 3598 verba:
1274 3564 1289 3595 ι
1337 3544 1607 3611 Quoniam
1655 3560 1788 3599 vero

205 3635 275 3687 ad
307 3634 430 3703 pias
450 3643 505 3689 et
528 3650 711 3690 sacras
738 3651 902 3690 aures
929 3645 1144 3691 nostras
1179 3637 1449 3706 pervenit,
1483 3653 1513 3691 a
1552 3637 1789 3690 nonnul-

207 3728 275 3781 lis
300 3727 585 3782 doctrinas
611 3730 873 3798 quasdam
910 3730 1256 3798 conscriptas
1296 3738 1350 3783 et
1389 3731 1565 3785 editas
1595 3730 1784 3795 fuisse,

206 3820 522 3890 ambiguas,
571 3831 625 3875 et
673 3837 785 3874 non
837 3821 996 3890 plane
1041 3836 1104 3874 ac
1147 3827 1335 3888 aperte
1378 3822 1788 3877 consentientes

205 3928 338 3966 cum
383 3912 680 3967 orthodoxa
717 3912 822 3965 fide
866 3911 1111 3981 exposita
1155 3925 1184 3964 a
1228 3910 1434 3981 synodo
1475 3921 1787 3970 sanctorum

205 4004 440 4057 Patrum
469 4002 655 4057 Nicase
694 4012 749 4056 et
782 4001 981 4071 Ephesi
1017 4007 1490 4070 congregatorum,
1525 4011 1578 4055 et
1616 4017 1644 4055 a
1686 4002 1788 4071 pice

203 4095 497 4150 memoria:
562 4095 765 4166 Cyrillo
823 4109 1019 4164 magno
1071 4093 1565 4146 Alexandrinorum
1637 4093 1789 4146 urbis

203 4187 492 4258 qumulam
535 4189 793 4257 episcopo
845 4204 858 4239 :
903 4186 1257 4250 mandamus,
1303 4195 1365 4240 ut
1411 4185 1786 4255 hujuscemodi

202 4279 451 4346 scripta,
496 4278 608 4331 sive
642 4277 906 4338 antehac,
954 4277 1068 4330 sive
1123 4276 1227 4330 hoc
1273 4291 1490 4346 quoque
1541 4284 1786 4344 tempore

203 4368 516 4435 composita
550 4367 680 4430 sint,
715 4368 1130 4428 comburantur,
1157 4381 1218 4420 ac
1255 4381 1484 4435 prorsus
1525 4365 1785 4420 abolean-

202 4473 324 4523 tur,
356 4469 414 4512 ut
440 4461 590 4513 nullo
614 4459 775 4512 modo
802 4459 1054 4528 cuiquam
1081 4458 1147 4512 ad
1181 4458 1470 4528 legendum
1495 4467 1786 4528 suppetere

199 4549 426 4619 possint
453 4567 466 4600 :
496 4549 606 4603 illis
638 4550 731 4618 qui
772 4548 1041 4620 ejusmodi
1081 4548 1283 4617 scripta
1313 4557 1408 4602 aut
1441 4549 1610 4602 libros
1643 4548 1787 4618 apud

195 4659 255 4696 se
289 4641 500 4694 habere
523 4657 587 4694 ac
621 4641 800 4711 legere
827 4639 946 4694 ausi
981 4640 1202 4704 fuerint,
1233 4648 1539 4695 extremum
1576 4640 1788 4709 suppli—

193 4735 362 4787 cium
399 4730 838 4784 formidantibus.
877 4750 894 4780 ι

269 4822 375 4879 lx.
413 4822 550 4876 Sunt
586 4822 685 4876 ista
719 4821 1039 4891 posterioris
1064 4821 1252 4885 edicti,
1288 4835 1399 4890 quo
1434 4821 1784 4878 latrocinium

195 4918 549 4989 Ephesinum
577 4915 912 4985 approbatur
945 4932 957 4967 :
1003 4933 1019 4964 ι
1045 4913 1305 4982 Quisquis
1337 4913 1555 4968 codices
1581 4914 1787 4970 habue-

195 5009 272 5061 rit
313 5005 663 5059 interdictam
693 5003 852 5058 fidem
888 5004 1124 5058 Nestorii
1162 5019 1226 5058 ac
1250 5003 1581 5060 Theodoreti
1607 5006 1782 5061 conti-

193 5106 426 5160 nentes,
447 5106 542 5152 aut
561 5097 1040 5168 interpretationes
1058 5111 1271 5159 eorum,
1296 5096 1382 5150 vel
1409 5097 1502 5167 qui
1523 5109 1789 5154 vocantur

193 5189 488 5244 Sermones
508 5188 809 5243 allocutorii
831 5190 938 5243 sive
965 5189 1308 5253 traditiones;
1329 5189 1522 5244 iisdem
1551 5200 1789 5246 tormen-

193 5281 271 5335 tis
305 5277 592 5348 subjaceat
619 5295 632 5330 :
665 5277 876 5332 etiamsi
901 5292 986 5341 ea,
1015 5292 1136 5346 quae
1168 5284 1297 5332 sunt
1324 5276 1393 5331 ab
1424 5276 1532 5332 illis
1564 5293 1789 5348 compo-

191 5372 336 5434 sita,
369 5370 596 5424 alterius
621 5371 843 5425 nomine
869 5370 1076 5425 fuerint
1103 5377 1422 5439 praenotata.
1461 5389 1480 5423 ι

270 5460 350 5516 Χ.
389 5461 548 5517 Circa
584 5471 875 5532 utramque
913 5461 1251 5517 sanctionem
1295 5462 1637 5518 observanda
1661 5475 1791 5518 sunt

196 5568 299 5608 sex
340 5555 436 5608 ista
463 5573 478 5609 :

1895 1887 2124 1955 proinde
2149 1889 2243 1942 νέα
2272 1892 2508 1962 κυριακὴ
2543 1893 2598 1947 ἰιι
2630 1895 2776 1949 diem
2806 1893 2872 1951 18
2893 1897 3111 1966 Aprilis.
3145 1900 3310 1955 Lecta
3338 1917 3468 1956 vero

1893 1986 1977 2051 est
2018 1980 2300 2036 monachis
2329 1991 2554 2052 propter
2587 1988 3003 2053 tumultuantes,
3036 1991 3090 2044 in
3125 1992 3258 2061 ipsis
3301 1994 3464 2048 etiam

1892 2067 2133 2124 Orientis
2182 2072 2402 2137 eremis,
2458 2073 2744 2141 factiones,
2790 2085 2849 2131 ut
2893 2077 3156 2136 discimus
3193 2097 3260 2136 ex
3300 2082 3468 2138 Sacra

1894 2161 2188 2217 Theodosii
2221 2168 2573 2221 convocantis
2601 2169 2668 2223 ad
2703 2170 2970 2241 synodum
3011 2173 3341 2242 Ephesinam
3377 2192 3466 2232 se-

1893 2251 2130 2305 cundam
2181 2256 2576 2311 monachorum
2618 2257 2862 2314 Orientis
2908 2262 3230 2332 signiferum
3264 2265 3465 2322 Borsu-

1892 2359 2057 2408 mam,
2082 2346 2174 2414 qui
2197 2363 2297 2415 pro
2319 2351 2578 2405 omnibus
2604 2353 2747 2407 inter
2769 2354 2957 2409 Patres
2981 2357 3312 2412 consideret.

1961 2435 2016 2488 2.
2059 2436 2242 2491 Altera
2289 2441 2522 2500 sanctio.
2566 2443 2669 2496 etsi
2705 2445 2911 2499 nullam
2961 2446 3162 2503 habeat
3205 2451 3470 2520 temporis

1891 2536 2097 2590 notam,
2141 2543 2206 2582 ex
2245 2529 2310 2583 iis
2350 2538 2552 2596 tamen,
2590 2550 2711 2603 quae
2752 2537 3023 2603 continet,
3069 2539 3204 2593 satis
3237 2541 3466 2596 demon-

1891 2626 2028 2672 strat
2065 2635 2270 2674 annum
2312 2623 2415 2676 449
2458 2625 2561 2678 sub
2608 2627 2790 2691 finem,
2823 2637 2920 2682 aut
2954 2629 3108 2685 initia
3140 2634 3463 2701 sequentis:

1891 2707 2179 2764 confirmat
2219 2712 2368 2765 enim
2415 2715 2708 2769 concilium
2751 2718 3088 2788 Ephesinum
3132 2738 3170 2775 ιι
3217 2722 3466 2780 habitum

1890 2799 1980 2852 die
2016 2800 2082 2853 10
2113 2801 2340 2872 Augusti
2367 2806 2494 2866 anni
2524 2808 2646 2861 419.

1959 2893 2011 2946 5.
2044 2894 2169 2948 Haec
2209 2897 2412 2966 prioris
2443 2901 2610 2954 verba
2655 2920 2668 2954 :
2721 2922 2738 2953 ‹
2774 2904 2818 2956 Α
2864 2906 3144 2960 nonnullis
3187 2906 3467 2964 doctrinas

1891 2984 2152 3053 quasdam
2186 2990 2524 3058 conscriptas
2555 2999 2610 3045 et
2643 2993 2820 3048 editas
2850 2994 3040 3059 fuisse,
3073 2997 3380 3067 ambiguas,
3408 3008 3466 3054 et

1890 3090 2000 3129 non
2034 3079 2192 3145 plene
2220 3093 2283 3132 ac
2324 3090 2509 3148 aperte
2555 3084 2962 3139 consentientes
2993 3102 3118 3141 cum
3160 3089 3464 3146 orthodoxa

1889 3165 1996 3220 fide
2038 3168 2304 3236 exposita,
2355 3187 2375 3221 ι
2421 3179 2524 3224 etc.
2579 3172 2865 3228 manifeste
2896 3173 3181 3246 designant
3221 3177 3466 3250 dialogos

1889 3274 2016 3312 cum
2045 3259 2300 3314 Eranista
2337 3277 2355 3314 :
2394 3262 2446 3315 in
2478 3262 2585 3317 illis
2615 3267 2762 3319 enim
2791 3267 3057 3322 catholica
3088 3269 3224 3326 ﬁdes
3252 3273 3306 3326 in
3343 3287 3466 3342 spe-

1889 3350 2051 3416 ciem,
2096 3367 2287 3406 revera
2333 3353 2795 3410 Nestorianismus
2839 3359 3104 3426 traditur;
3153 3363 3249 3416 sed
3295 3364 3464 3418 artifi-

1889 3441 2038 3497 ciose
2084 3441 2488 3511 dissimulatus,
2546 3457 2608 3502 ut
2654 3458 2840 3517 postea
2891 3451 3126 3508 dicetur.
3193 3455 3354 3511 Certe
3406 3458 3462 3512 in

1890 3545 2176 3606 utramque
2204 3549 2412 3608 partem
2445 3555 2543 3608 pro
2569 3541 2734 3595 animi
2780 3543 3069 3600 affectione
3113 3546 3462 3617 interpretari

1888 3626 2015 3681 licet
2049 3630 2252 3691 omnia,
2289 3639 2349 3684 ut
2394 3647 2573 3700 neque
2602 3633 2936 3700 Catholicus,
2965 3652 3143 3707 neque
3183 3639 3462 3696 Nestoria-

1888 3734 1992 3773 nus
2020 3721 2036 3740 '
2065 3736 2096 3774 a
2131 3720 2466 3791 dialogorum
2501 3723 2684 3777 verbis
2716 3725 2868 3779 valde
2905 3727 3248 3783 abhorreret.

1957 3811 2011 3864 4.
2062 3811 2187 3866 [hee
2234 3814 2439 3882 pariter
2488 3815 2689 3884 prioris
2740 3817 2927 3882 verba,
2970 3837 2988 3868 ι
3049 3819 3161 3874 sive
3205 3821 3461 3882 antehac.

1889 3903 2002 3957 sive
2061 3904 2165 3958 hoc
2220 3921 2438 3974 quoque
2493 3915 2736 3975 tempore
2796 3910 3097 3978 composita
3144 3909 3384 3977 fuerint,
3436 3932 3456 3963 ›

1890 3993 2240 4063 intelligenda
2289 3995 2478 4064 procul
2534 3995 2704 4050 dubio
2767 4005 2894 4051 sunt
2945 3998 3013 4051 de
3063 3999 3219 4056 libris
3270 4017 3464 4058 recens

1889 4085 2238 4152 compositis,
2311 4086 2404 4153 qui
2471 4087 2656 4140 turbas
2715 4087 3016 4143 excitarent
3076 4089 3132 4144 in
3201 4089 3460 4156 Oriente,

1889 4175 1982 4243 qui
2042 4176 2533 4231 Nestoriauismum
2596 4177 2879 4238 foverent.
2931 4179 3024 4249 qui
3075 4182 3255 4251 magni
3317 4182 3464 4236 inter

1889 4268 2187 4320 monachos
2239 4268 2471 4338 alicujus
2530 4269 2630 4322 viri
2690 4286 2890 4325 nomen
2941 4272 3283 4342 praeferrent.
3337 4275 3463 4330 Haec

1888 4373 2020 4412 vero
2066 4359 2396 4414 Theodoreti
2470 4360 2699 4432 dialogis
2763 4363 3007 4433 apprime
3056 4367 3392 4422 conveniunt
3443 4385 3458 4421 :

1821 4443 1861 4496 Β
1892 4467 2016 4504 nam
2058 4459 2113 4503 et
2145 4459 2269 4504 ante
2312 4451 2499 4505 lrenzei
2532 4451 2926 4520 depositionem
2970 4457 3264 4526 conscripti
3310 4469 3459 4522 sunt,

1888 4552 1949 4596 ut
1971 4559 2036 4596 ex
2063 4543 2290 4610 cpistola
2323 4542 2388 4596 16
2424 4553 2654 4606 constat,
2683 4552 2738 4597 ct
2766 4544 2988 4600 Oriente
3016 4556 3130 4601 toto
3160 4550 3460 4620 vulgaban-

1889 4643 2010 4700 tur;
2045 4643 2100 4689 et
2131 4635 2351 4689 nomine
2386 4620 2716 4691 Theodoreti
2751 4638 3032 4708 inscripto,
3073 4650 3222 4696 tanto
3259 4658 3463 4699 nocen-

1890 4727 1997 4780 tius
2022 4726 2364 4797 legebantur,
2393 4738 2598 4797 quanto
2628 4731 2801 4798 major
2827 4741 2947 4785 erat
2976 4732 3108 4786 tanti
3135 4733 3238 4788 viri
3274 4744 3463 4791 aucto-

1888 4821 2042 4883 ritas,
2081 4829 2396 4888 quantoque
2425 4821 2665 4889 plurium
2704 4822 2962 4880 Ecclesiae
2993 4823 3278 4879 doctorum
3312 4826 3463 4880 testi-

1891 4911 2076 4964 monio
2109 4910 2314 4964 firmari
2348 4910 2688 4966 viderentur.

1962 5003 2016 5057 5.
2053 5002 2333 5056 Posterior
2362 5003 2572 5058 sanctio
2603 5004 2806 5073 prioris
2845 5005 3186 5059 confirmatio
3233 5012 3328 5058 aut
3369 5019 3464 5058 ex-

1891 5096 2092 5167 positio
2125 5095 2308 5165 potius
2347 5095 2593 5165 quaedam
2637 5103 2748 5158 est;
2783 5109 2909 5148 nam
2951 5096 3065 5165 qui,
3103 5094 3267 5150 tacito
3311 5096 3464 5165 prius

1894 5188 2136 5242 auctoris
2169 5194 2223 5240 et
2256 5201 2356 5239 suo
2389 5185 2631 5248 nomine,
2681 5184 3083 5240 damnabantur
3121 5185 3270 5248 li-bri,
3318 5201 3466 5242 nunc

1897 5277 2199 5333 Theodoreti
2242 5277 2534 5340 dicuntur,
2582 5285 2638 5330 et
2673 5291 2938 5330 sermones
2985 5275 3318 5344 allacutorii,
3361 5280 3466 5332 sive

1892 5369 2200 5422 traditiones
2231 5374 2526 5431 vocantur;
2555 5365 2610 5420 id
2649 5374 2752 5429 est,
2789 5366 3012 5438 dialogi,
3057 5383 3290 5438 quorum
3334 5367 3466 5422 doc-

1892 5458 2036 5513 trina
2057 5459 2279 5513 Patrum
2303 5471 2370 5510 ex
2396 5455 2653 5510 omnibus
2687 5457 2876 5513 mundi
2917 5459 3162 5527 partibus
3197 5457 3465 5514 sententia

1892 5559 1947 5604 et
1979 5547 2291 5606 testimonio
2323 5546 2592 5602 firmetur.

1560 5689 1871 5750 SCHULZIL
1898 5687 2133 5748 ΝΟΤᾹΞ.

277 5758 328 5790 ³⁸
355 5756 478 5815 Vid.
511 5774 565 5829 p.
606 5759 724 5826 16-1,
755 5760 926 5814 schol.
962 5761 1039 5813 l3.
