4056 6174
469 317 575 382 335

1572 297 1948 357 GARNERII
1986 291 2483 357 DISSERTATIO
2520 291 2579 352 Il

3623 288 3732 355 396

542 425 594 479 6.
623 415 950 477 Posterioris
976 414 1090 468 haec
1119 418 1201 465 est
1226 406 1508 479 inscriptio
1535 407 1600 462 ad
1626 407 1911 463 historiam
1936 420 2046 460 non
2079 411 2116 467 Α
2148 406 2332 461 anima
2358 421 2457 477 per
2493 404 2753 459 unionem
2795 415 2917 456 cum
2951 413 3180 470 corpore
3215 398 3273 455 ﬁt
3310 396 3497 454 hom’o.
3536 399 3594 453 2°
3624 403 3731 458 Per

474 508 828 569 mediocriter
877 500 1283 560 conducibilis:
1320 517 1339 551 ι
1388 498 1774 568 lnterprctatio
1835 497 1970 568 legis
2020 512 2050 551 a

474 600 788 659 Theodosio
812 595 1059 658 iuniore,
1092 606 1219 648 cum
1250 589 1512 645 seductus
1539 588 1733 643 fuisset
1761 604 1790 642 a
1820 586 2054 658 Chrysa—

474 696 625 766 phio,
675 691 939 747 adversus
979 684 1300 740 Flavianum
1344 690 1401 737 et
1433 681 1632 745 socios,
1660 696 1765 750 pro
1806 679 2053 749 Eutyche

472 785 850 857 promulgatae,
881 793 1043 849 quam
1075 774 1472 848 religiosissimi
1508 773 1763 828 Marciani
1791 771 2055 842 principis

476 880 562 932 lex
587 876 881 931 subsecuta
918 869 1209 925 destruxit.
1241 887 1259 919 ι
1290 866 1420 934 Qua:
1459 864 1745 935 inscriptio
1774 863 1993 917 videtur
2024 878 2056 916 a

474 969 702 1024 Rustico
730 965 986 1028 diacono,
1017 970 1113 1016 aut
1137 960 1205 1015 ab
1241 959 1349 1014 alio
1377 958 1717 1027 descriptore
1745 955 1949 1009 addita.

543 1060 635 1116 X1.
686 1057 884 1114 Audivi
940 1053 1071 1125 qui,
1108 1065 1221 1122 pra:
1266 1048 1484 1114 studio,
1529 1063 1640 1118 quo
1678 1045 1958 1101 ferebatur
2003 1043 2057 1097 in

480 1151 916 1213 Theodoretum,
968 1145 1071 1200 tria
1111 1143 1468 1198 vehementer
1514 1137 1918 1193 contenderet:
1948 1134 2062 1204 pri-

476 1259 650 1308 mum,
674 1239 901 1297 dubiam
927 1251 1048 1292 esse
1069 1232 1428 1305 posteriorem
1457 1228 1820 1290 sanctionem,
1850 1233 1911 1280 ut
1941 1239 2062 1295 quae

474 1336 664 1391 Graece
710 1347 821 1386 non
854 1330 1103 1399 legatur,
1137 1338 1245 1393 qua
1286 1320 1499 1376 ratione
1541 1317 1696 1389 rejici
1747 1316 1885 1371 solet
1917 1314 2062 1369 actio

477 1424 699 1481 concilii
743 1414 1210 1487 Chalcedonensis
1253 1412 1321 1467 de
1364 1411 1611 1474 Domno;
1653 1407 1918 1470 alterum,
1950 1420 2063 1460 non

478 1517 681 1572 debere
706 1515 762 1568 in
786 1527 851 1567 ea
876 1510 984 1581 legi
1015 1504 1347 1563 Theodoreti
1379 1515 1603 1567 nomen,
1634 1499 1730 1555 sed
1761 1497 2063 1563 Theodori,

479 1624 588 1679 quo
606 1606 864 1677 magistro
876 1597 1164 1657 Nestorius
1179 1593 1371 1650 didicit
1385 1590 1643 1657 haeresin,
1654 1591 1920 1662 cujusque
1934 1586 2067 1643 scri-

482 1678 593 1765 pta,
612 1702 667 1747 et
692 1708 720 1746 a
740 1688 944 1746 sanctis
958 1685 1119 1757 337
1137 1682 1341 1754 Cyrillo
1363 1689 1420 1736 et
1435 1680 1630 1735 Proclo
1657 1678 1892 1734 refutata
1914 1685 2063 1742 sunt,

482 1793 538 1840 et
558 1801 588 1839 a
613 1780 924 1839 Theodosio
939 1778 1194 1832 damnata
1224 1788 1350 1829 cum
1376 1772 1638 1843 operibus
1650 1769 1910 1834 Nestorii,
1937 1784 2062 1824 san-

487 1875 671 1929 ctione
696 1873 900 1928 inserta
927 1867 1078 1923 Actis
1106 1883 1139 1920 v
1163 1863 1378 1937 synodi,
1410 1862 1594 1918 collat.
1614 1861 1647 1915 5
1665 1877 1680 1927 ;
1697 1869 2058 1931 postremum,

483 1961 779 2021 Theodosii
820 1958 1183 2023 sanctionem,
1209 1964 1273 2011 ut
1312 1969 1445 2010 vera
1488 1952 1581 2017 sit,
1628 1950 1835 2006 nullius
1878 1960 2062 2005 tamen

483 2071 606 2112 esse
636 2051 919 2115 momenti,
967 2056 1261 2121 propterea
1298 2044 1447 2117 quod
1481 2041 1807 2115 Chrysaphii
1852 2041 2065 2095 artibus

484 2147 747 2215 subrepta
781 2143 854 2198 sit
883 2136 1201 2210 imperatori
1242 2135 1602 2206 imprudenti,
1627 2141 1684 2189 et
1712 2148 1743 2187 a
1791 2132 2064 2187 Marciano

487 2245 608 2308 post
639 2251 753 2291 rem
784 2232 1091 2289 accuratius
1119 2229 1480 2299 disceptatam
1511 2227 1762 2281 rescissa.

554 2349 669 2405 ΧΠ.
694 2346 860 2403 Levia
878 2352 1009 2401 sunt
1033 2342 1261 2399 omnino
1282 2342 1399 2397 haec
1423 2340 1553 2407 tria;
1578 2348 1635 2394 et
1653 2337 1818 2409 primi
1840 2335 2065 2407 quidem

488 2442 697 2496 vanitas
723 2455 789 2494 ex
824 2453 892 2493 eo
917 2444 1084 2507 patet,
1107 2433 1253 2506 quod
1278 2433 1448 2488 multa
1479 2431 1607 2486 olim
1634 2431 1818 2486 Graece
1840 2429 2063 2499 scripta,

490 2548 638 2588 nunc
677 2530 870 2586 Latine
916 2536 1149 2591 tantum,
1202 2525 1288 2580 vel
1352 2524 1408 2578 in
1460 2523 1580 2592 ipsa
1629 2520 2067 2578 Chalcedonensi

487 2622 697 2695 synodo
727 2623 1006 2691 leguntur.
1037 2616 1197 2672 Certe
1227 2614 1417 2684 quinta
1444 2612 1687 2684 synodus
1717 2627 1828 2666 non
1859 2610 2069 2665 idcirco
2106 2645 2111 2651 η

487 2710 841 2784 despicienda
875 2718 979 2775 est,
1007 2707 1140 2779 quia
1171 2707 1305 2761 Acta
1333 2704 1522 2760 Graeca
1558 2703 1865 2774 perierunt.
1909 2702 2067 2769 Quod

489 2815 704 2877 spectat
728 2801 1053 2864 secundum,
1081 2798 1294 2854 sanctio
1332 2794 1594 2851 Marciani
1623 2794 2069 2863 emendationem

490 2896 561 2950 ab
607 2901 852 2947 amatore
913 2889 1008 2944 illo
1056 2884 1390 2941 Theodoreti
1433 2892 1694 2938 tentatam
1742 2882 2071 2937 temeritatis

490 2985 673 3056 arguit
702 3000 715 3036 :
755 2977 1192 3036 Theodosianam
1228 2975 1377 3031 enim
1410 2991 1537 3030 cum
1570 2973 1856 3039 rescindit,
1892 2973 2070 3028 mani-

2156 496 2691 557 transmutationem,
2715 508 2822 563 qua
2846 490 3058 546 ratione
3088 490 3234 545 dicta
3264 500 3349 546 est
3371 507 3509 560 aqua
3541 476 3595 545 in
3625 508 3729 547 uu-

2155 590 2305 660 ptiis,
2339 595 2600 658 operante
2629 584 2871 649 Christo,
2894 583 3035 638 facta
3061 583 3268 638 vinum.
3309 583 3365 636 3°
3400 584 3502 636 Per
3539 585 3730 637 confu-

2155 680 2366 735 sionem
2403 689 2459 733 et
2504 677 2837 739 mistionem,
2888 673 3163 745 quomodo
3202 674 3472 728 elementa
3506 674 3732 728 mistum

2157 770 2314 826 ﬁunt.
2351 772 2405 825 4ο
2421 770 2524 824 Per
2550 764 3205 840 ltjpostaticam-duarum
3230 771 3551 819 naturarum
3575 765 3736 819 unio-

2157 876 2304 927 nem,
2343 876 2454 931 quo
2489 869 2648 930 pacto
2675 857 3021 911 individuum
3060 865 3273 910 natura:
3302 856 3465 909 unius
3504 856 3734 927 cogitari

2159 961 2341 1023 potest
2379 951 2496 1006 ﬁeri
2527 951 2780 1004 alterum.
2812 949 2866 1003 5°
2900 948 3145 1016 Denique
3178 961 3277 1016 per
3306 961 3513 1000 meram
3550 949 3737 1018 σχέσιν

2160 1061 2265 1116 qua
2309 1044 2392 1098 vir
2430 1051 2486 1097 et
2520 1057 2657 1097 uxor
2692 1041 2829 1095 ﬁunt
2859 1055 2967 1095 una
3006 1055 3156 1103 caro,
3196 1054 3415 1108 unaque
3452 1038 3739 1092 moraliter

2160 1153 2414 1209 persona.
2448 1136 2690 1191 Primum
2718 1142 2775 1188 et
2804 1131 3106 1189 secundum
3134 1130 3396 1201 reprobat
3415 1129 3739 1184 Theodore-

2165 1237 2274 1293 tus,
2306 1227 2524 1298 dialogo
2554 1225 2769 1296 primo,
2809 1223 2903 1293 qui
2944 1220 3296 1277 Immutabilt's
3340 1219 3583 1285 dicitur;
3621 1227 3737 1274 ter-

2164 1320 2301 1374 tium
2330 1317 2594 1381 secundo,
2623 1316 2717 1385 qui
2746 1314 3101 1384 Inconfusus;
3129 1320 3386 1383 quartum
3419 1307 3606 1375 tertio,
3641 1310 3737 1380 qui

2163 1408 2533 1482 Impassibt'lis.
2586 1406 2811 1462 Certum
2861 1406 3012 1460 enim
3062 1413 3147 1459 est
3190 1404 3391 1475 primo,
3447 1402 3739 1457 mutationi

2165 1519 2286 1560 esse
2315 1502 2633 1566 obnoxium,
2670 1497 2935 1570 quidquid
2966 1497 3052 1552 vel
3093 1493 3376 1550 informari
3427 1493 3620 1564 incipit
3652 1493 3739 1548 vel

2167 1593 2389 1650 misceri
2427 1611 2440 1647 :
2471 1591 2672 1648 deinde
2710 1587 2987 1659 propriam
3035 1584 3410 1656 operationem
3456 1599 3569 1637 non
3601 1581 3740 1637 reti-

2169 1685 2291 1741 neri
2343 1684 2414 1739 ab
2454 1698 2521 1738 eo
2569 1679 2716 1752 quod
2764 1676 3154 1741 confunditur;
3200 1673 3364 1728 tertio
3410 1672 3578 1743 388
3618 1685 3740 1725 esse

2169 1790 2513 1845 consequens
2566 1788 2634 1827 ex
2683 1785 2750 1825 eo
2795 1767 2941 1839 quod
2983 1766 3224 1822 Verbum
3264 1763 3509 1834 φυσικῶς
3540 1770 3595 1818 et
3618 1760 3742 1815 καθ’

2172 1867 2467 1922 ὑπόστασιν
2484 1864 2734 1918 humana:
2746 1867 2956 1914 natura:
2975 1856 3344 1928 conjungitur,
3358 1863 3417 1909 ut
3437 1867 3567 1908 vere
3587 1853 3741 1908 dica-

2171 1968 2260 2014 tur
2292 1958 2456 2021 Deus,
2491 1969 2685 2027 passus
2707 1994 2721 2019 ,
2761 1959 3029 2014 mortuus,
3065 1947 3330 2018 sepultus,
3356 1953 3413 1999 et
3444 1960 3475 1999 a
3510 1943 3745 1999 mortuis

2170 2048 2509 2112 suscitatus;
2553 2059 2692 2115 quas
2729 2040 3054 2103 locutiones,
3095 2038 3247 2091 velut
3282 2051 3312 2090 a
3350 2043 3501 2089 recta
3529 2034 3741 2088 ratione

2170 2140 2555 2201 abhorrentes,
2592 2135 2790 2205 rejicit.
2831 2133 3022 2187 Restat
3046 2129 3217 2201 igitur
3251 2135 3313 2182 ut
3335 2122 3451 2180 sola
3485 2124 3743 2194 σχέσειίιι

2172 2246 2343 2288 unum
2365 2228 2697 2285 conveniant
2726 2225 2898 2280 amba:
2925 2220 3169 2278 Christi‘
3194 2227 3426 2283 naturae,
3452 2216 3546 2286 qui
3569 2230 3745 2286 purus

2170 2320 2657 2379 Nestorianismus.

2244 2413 2383 2469 XIV.
2411 2413 2707 2482 Postquam
2722 2396 2864 2463 vero
2887 2407 3005 2461 haec
3036 2412 3092 2459 et
3123 2401 3317 2457 fusiori
3346 2398 3593 2456 oratione
3618 2412 3745 2468 pro-

2173 2516 2396 2564 secutus
2417 2514 2522 2570 est,
2555 2513 2612 2559 et
2633 2504 2785 2558 visus
2808 2500 2915 2557 sibi
2947 2497 3178 2568 dialogis
3207 2494 3385 2549 tribus
3403 2490 3705 2547 confecisse
3725 2529 3746 2558 ,

2173 2600 2386 2664 eadem,
2412 2597 2511 2653 lib.
2541 2612 2612 2662 IV,
2638 2593 2883 2665 pressius
2933 2588 3345 2646 dialecticorum
3377 2598 3533 2639 more
3577 2580 3747 2652 syllo-

2178 2689 2371 2762 gismis
2404 2686 2766 2758 quadraginta
2793 2681 3035 2747 conﬁcit,
3052 2681 3161 2745 vel,
3190 2687 3251 2735 ut
3269 2679 3385 2748 ipse
3411 2673 3752 2729 conﬁdenter

2174 2760 2272 2844 ait,
2316 2779 2679 2833 demonstrat.
2732 2775 2801 2828 Et
2855 2779 3005 2826 certe
3055 2770 3147 2825 vix
3191 2767 3366 2823 ullum
3407 2780 3467 2819 se
3510 2760 3751 2818 credidit

2175 2886 2314 2941 opus
2342 2865 2676 2925 elaboratius
2713 2863 2993 2929 edidisse;
3038 2858 3418 2930 quamobrem,
3463 2868 3589 2908 cum
3613 2852 3750 2906 Era-

2176 2963 2350 3019 nistes
2384 2962 2565 3031 ipsum
2595 2954 2891 3027 aliquando
2932 2951 3236 3007 monuisset
3268 2954 3329 3004 ut
3368 2962 3505 3018 quas
3534 2943 3750 3016 pollici-

490 3036 685 3131 fegtam
708 3071 839 3128 facit
870 3070 938 3126 de
966 3067 1314 3124 Theodoreto
1337 3066 1694 3121 mentionem.
1724 3036 2065 3120 Postremum
2102 3092 2145 3151 ο
2179 3065 2267 3112 tus
2292 3065 2413 3111 erat
2434 3048 2928 3109 demonstrationes
2951 3044 3246 3117 proferret,
3273 3040 3517 3095 monitus
3537 3036 3751 3093 inducit

492 3164 751 3234 denique,
791 3160 937 3232 quod
970 3159 1183 3216 sanctio
1210 3156 1538 3229 Chrysaphii
1568 3156 1783 3211 artibus
1810 3156 2071 3226 subrepta
2103 3128 2145 3151 υ
2178 3148 2466 3204 Eranisten
2495 3157 2719 3200 suarum
2753 3134 3279 3195 demonstrationum
3305 3132 3449 3187 vires
3471 3128 3752 3185 admiran-

494 3254 590 3317 sit,
620 3262 680 3308 ut
707 3252 924 3324 probet,
960 3252 1110 3307 illam
1146 3250 1283 3305 vitio
1315 3264 1428 3305 non
1471 3263 1683 3314 carere,
1726 3264 1839 3303 non
1875 3249 2075 3319 probat

495 3346 667 3402 fuisse
699 3345 943 3409 nullam;
991 3342 1038 3399 si
1068 3350 1251 3398 autem
1288 3340 1393 3396 fuit
1418 3324 1623 3409 aliqua,
1663 3347 1898 3404 constat,
1925 3339 2073 3410 quod

495 3433 989 3494 demonstrandum
1035 3440 1177 3495 erat,
1215 3431 1461 3501 dialogos
1504 3445 1701 3499 nempe
1736 3429 2075 3485 Theodoreti

499 3526 735 3581 flammis
753 3524 1005 3580 addictos
1028 3522 1219 3577 fuisse.
1243 3520 1399 3588 Quod
1423 3535 1589 3590 porro
1606 3519 1746 3574 dixit
1773 3520 2077 3590 imperator

499 3617 556 3671 in
586 3615 838 3685 dialogis,
883 3613 1189 3683 ambiguas,
1223 3618 1355 3675 etc.,
1405 3609 1686 3664 doctrinas
1716 3624 1837 3664 esse
1864 3608 2075 3675 editas;

498 3702 757 3773 quodque
806 3699 1014 3765 addidi,
1070 3699 1243 3755 verbo
1304 3706 1467 3754 tenus
1507 3698 1830 3754 catholicam
1890 3698 2074 3764 ﬁdem,

497 3792 686 3864 reipsa
725 3790 1220 3848 Nestorianismum
1261 3790 1432 3857 tradi,
1476 3789 1637 3846 facile
1680 3789 2075 3861 deprehendet.

500 3887 595 3959 qui
637 3884 869 3942 eruditis
907 3884 1070 3940 simul
1114 3892 1171 3940 et
1225 3882 1460 3939 curiosis
1492 3881 1669 3937 oculis
1720 3897 1860 3952 opus
1904 3891 2078 3938 totum

502 3978 800 4050 perlegerit
849 3994 867 4034 :
906 3991 1034 4031 nam
1076 3974 1144 4030 de
1203 3973 1591 4045 conjunctione
1648 3981 1968 4027 naturarum
2023 3974 2079 4028 in

501 4069 723 4124 Christo
741 4082 852 4122 non
874 4068 1137 4123 abhorret
1162 4066 1218 4121 iu
1234 4065 1472 4137 speciem
1494 4080 1524 4120 a
1547 4065 1820 4121 sententia
1834 4065 2077 4131 Patrum,

505 4174 646 4230 quos
662 4159 850 4213 laudat
878 4158 1163 4228 plurimos,
1198 4157 1292 4213 sed
1316 4156 1383 4213 iis
1406 4165 1589 4212 tamen
1607 4154 1793 4211 verbis
1817 4156 2079 4227 loquitur,

509 4248 714 4319 quibus
734 4248 1026 4305 Nestorius
1055 4262 1190 4304 usus
1233 4256 1339 4313 est,
1382 4262 1612 4318 quaeque
1650 4256 1785 4302 tunc
1820 4250 2083 4320 temporis

509 4339 711 4394 merito
759 4348 1015 4410 suspecta
1066 4347 1226 4394 erant
1277 4356 1290 4392 :
1338 4354 1466 4393 nam
1520 4339 1695 4396 solius
1733 4341 2081 4411 ἐνοικήσεως,

506 4429 848 4500 ἀναλήψεως,
866 4428 1222 4502 προσλήψεως
1245 4438 1303 4485 et
1326 4429 1540 4500 λήψεως
1575 4429 1847 4485 meminit.

580 4521 722 4576 Xlll.
768 4520 913 4588 Quin
937 4520 1106 4576 etiam
1132 4519 1429 4577 artiﬁciose
1464 4520 1961 4576 Nestorianismum
1996 4521 2084 4576 in-

510 4613 714 4678 sinuat,
744 4612 1028 4668 autetiam
1057 4612 1255 4683 probat
1295 4613 1339 4645 ³⁷
1382 4630 1395 4665 :
1430 4628 1556 4666 nam
1583 4627 1709 4668 cum
1746 4612 1801 4666 in
1832 4611 2085 4668 confesso

512 4707 606 4770 sit,
627 4704 970 4761 admirabilis
990 4705 1139 4760 illius
1164 4703 1470 4768 sententiae,
1497 4703 1717 4759 Verbum
1739 4720 1863 4759 caro
1889 4704 2087 4773 factum

512 4804 588 4853 est
609 4808 659 4859 ι,
686 4795 1048 4866 intelligentia
1069 4793 1339 4849 contineri
1371 4793 1702 4849 catholicum
1722 4793 1919 4866 dogma
1941 4811 1956 4860 ;
1984 4808 2087 4848 nec

513 4885 687 4956 possit
710 4885 939 4941 Joannis
987 4883 1282 4948 sententia,
1312 4883 1358 4938 si
1393 4883 1557 4938 modo
1582 4884 1828 4955 rejicitur
1856 4885 2087 4939 Doceta-

516 4990 641 5030 rum
687 4991 865 5041 error,
912 4974 1024 5032 nisi
1068 4974 1312 5045 quinque
1357 4973 1536 5029 modis
1583 4975 1836 5046 intelligi,
1889 4975 2091 5044 quibus

515 5083 712 5138 nempe
737 5069 1055 5141 contingere
1078 5075 1278 5139 potest,
1296 5075 1358 5121 ut
1380 5065 1685 5122 substantia
1709 5083 1815 5122 una
1850 5067 1969 5121 fieri
2004 5066 2092 5121 di-

518 5167 673 5214 catur
701 5159 892 5216 altera.
923 5160 975 5216 1ο
1007 5159 1113 5216 Per
1138 5159 1605 5226 informationem,
1627 5158 2092 5230 quemadmodum

591 5325 615 5352 ⁸
647 5312 801 5369 Joan.
836 5330 873 5379 t,
908 5315 989 5368 14.

2175 3250 2286 3297 tem
2316 3257 2328 3293 :
2363 3236 2510 3292 unde
2539 3233 2796 3303 colligere
2829 3236 2914 3284 est
2950 3241 3114 3297 quam
3149 3223 3375 3279 ﬁrmiter
3414 3229 3470 3275 et
3502 3217 3754 3289 quandin

2176 3348 2290 3390 suae
2317 3331 2385 3387 de
2414 3328 2618 3384 unione
2659 3324 2881 3396 σχετικῇ
2917 3328 3241 3375 naturarum
3277 3312 3523 3386 Opinioni
3563 3311 3754 3366 adhae-

2176 3426 2332 3482 serit.

2246 3515 2365 3572 XV.
2392 3514 2526 3569 Eam
2552 3524 2718 3582 porro
2741 3508 2914 3563 fuisse
2933 3512 3176 3560 mentem
3207 3499 3563 3562 Theodoreti,
3589 3511 3754 3568 quam

2178 3607 2439 3671 diximus,
2486 3602 2690 3658 Marius
2729 3599 3033 3659 Mercator,
3076 3610 3187 3649 non
3239 3591 3486 3664 ejusdem
3539 3596 3754 3643 tantum

2177 3695 2377 3761 aetatis,
2399 3692 2492 3749 sed
2526 3689 2775 3762 ejusdem
2810 3688 2974 3742 etiam
3008 3698 3223 3756 pugnae,
3258 3681 3392 3736 licet
3413 3695 3481 3735 ex
3500 3679 3752 3741 adverso,

2177 3784 2383 3849 socius,
2408 3781 2696 3837 evidenter
2717 3777 2914 3850 probat
2933 3776 3098 3830 allato
3111 3771 3426 3828 testimonio
3452 3784 3520 3824 ex
3539 3768 3681 3823 libro
3701 3784 3758 3822 vt

2178 3876 2483 3947 Pentalogii
2514 3875 2579 3929 ³⁸.
2614 3893 2632 3925 ι
2663 3870 2820 3939 Quod
2854 3868 3119 3925 Dominus
3139 3865 3208 3920 de
3235 3865 3359 3919 viro
3387 3869 3444 3917 et
3465 3875 3632 3916 uxore
3654 3859 3755 3920 ait,

2180 3978 2244 4025 ut
2264 3970 2376 4041 jam
2407 3983 2517 4024 non
2544 3973 2674 4022 sunt
2705 3963 2839 4027 duo,
2882 3960 2979 4017 sed
3009 3974 3117 4013 una
3144 3971 3297 4021 caro,
3333 3952 3547 4009 naturis
3561 3950 3761 4021 procul

2181 4040 2353 4119 dubio
2380 4056 2785 4120 constantibus,
2816 4052 2914 4109 sed
2946 4049 3331 4105 discretionem
3376 4040 3707 4098 habentibus
3741 4055 3757 4094 :

2182 4163 2239 4210 et
2260 4153 2403 4209 sicut
2425 4150 2500 4206 ibi
2534 4147 2672 4204 nihil
2696 4146 2854 4201 obest
2877 4142 3113 4197 duorum
3141 4151 3427 4199 numerus,
3461 4131 3765 4203 quominus

2184 4260 2293 4301 una
2330 4257 2459 4299 caro
2497 4240 2749 4303 dicatur;
2795 4236 2869 4291 ita
2900 4242 2958 4288 et
2987 4232 3080 4286 hic
3115 4242 3361 4301 personae
3397 4224 3580 4279 unitas
3614 4220 3763 4275 nihil

2186 4337 2346 4392 obest
2377 4329 2700 4388 differentiae
2724 4334 3067 4381 naturarum.
3091 4320 3337 4388 Denique
3370 4329 3495 4373 cum
3534 4319 3764 4366 naturas

2114 4423 2160 4478 Ι)
2186 4425 2569 4485 discernimus,
2606 4420 2705 4475 Dei
2738 4416 2903 4473 Verbi
2945 4420 3193 4468 naturam
3225 4409 3491 4477 integram
3522 4400 3767 4457 dicimus

2190 4525 2246 4571 et
2276 4526 2565 4585 personam
2594 4509 2711 4565 sine
2740 4504 3084 4561 dubitatione
3105 4500 3403 4571 perfectam
3436 4512 3449 4548 :
3478 4506 3581 4548 nec
3608 4491 3764 4545 enim

2191 4608 2311 4662 sine
2335 4617 2570 4676 persona
2598 4601 2680 4657 fas
2707 4607 2792 4655 est
2810 4607 3125 4652 asseverare
3149 4586 3547 4649 substantiam;
3576 4579 3763 4651 perfe-

2192 4709 2339 4756 ctam
2366 4710 2585 4768 quoque
2620 4702 2874 4748 naturam
2903 4689 3197 4742 humanam
3234 4695 3359 4737 cum
3396 4691 3493 4732 sua
3525 4685 3765 4744 persona

2193 4789 2449 4846 similiter
2474 4764 2839 4847 conﬁtemur;
2894 4791 3020 4833 cum
3049 4788 3183 4829 vero
3210 4770 3278 4826 ad
3319 4764 3767 4839 conjunctionem

2192 4879 2540 4951 respicimus,
2578 4885 2713 4931 tunc
2740 4874 2914 4929 Deum
2950 4882 3115 4923 unam
3142 4875 3435 4936 personam
3472 4869 3768 4924 nuncupa-

2194 4949 2318 5027 mus
2335 4970 2399 5026 ”.
2438 4984 2460 5022 't
2489 4968 2787 5040 Πρὸσωπον
2831 4962 2986 5027 dicit,
3033 4972 3155 5030 qua).
3194 4970 3301 5011 vox
3345 4949 3607 5015 moralis;
3652 4960 3771 5000 non

2196 5063 2515 5126 ὑπόστασιν,
2541 5075 2662 5131 quae
2686 5056 2932 5128 physica.

2267 5154 2406 5210 XVI.
2435 5128 2605 5208 Mario
2627 5146 2916 5206 Mercatori
2940 5145 3014 5200 ita
3049 5143 3118 5199 de
3141 5138 3490 5196 Theodoreto
3507 5128 3772 5191 sentienti

1860 5431 2179 5492 SCHULZII
2218 5428 2452 5488 NOTE.

593 5592 640 5625 "
666 5592 765 5651 His
789 5594 1003 5665 gemina
1026 5592 1175 5659 vide,
1206 5607 1260 5662 p.
1298 5591 1421 5648 176.
1498 5594 1543 5626 ⁸⁸
1580 5591 1702 5665 Vid_.
1738 5590 1893 5645 Marii
1922 5591 2147 5646 Mercat.
2184 5587 2349 5665 Qpp.,
2386 5591 2425 5637 t.
2461 5581 2561 5665 ll,‘
2583 5595 2641 5665 p;
2668 5568 3297 5665 ﬁgite-dihlﬁar-neti‘i.

521 5661 623 5743 leg.
650 5641 769 5719 tibi}
789 5641 1013 5719 “£5.33;
1040 5641 1532 5732 iiéh'pér'sbham
1564 5641 2168 5731 niéit':o"££tici{,§é£{§t.
2200 5641 2288 5712 ita.
2300 5641 2524 5726 quoque
2545 5641 2711 5706 habet
2734 5644 2965 5718 epistola
2990 5641 3193 5712 Pelagii

524 5730 807 5788 leiensem.

3340 5564 3343 5567 ’
3425 5561 3775 5617 "Lococit.

3220 5639 3286 5705 ll,
3307 5635 3374 5693 ad
3404 5631 3582 5690 Eliam
3604 5628 3781 5701 Aqui-
