4040 6172
306 204 408 275 337

1475 224 1572 284 DE
1612 226 1866 287 LIBRIS
1902 226 2410 295 THEODORETI.

3463 242 3571 306 338

307 322 476 375 ﬁdem
510 319 645 376 facit
679 319 977 392 Gregorius
1015 323 1257 396 Magnus,
1307 340 1431 381 cum
1479 330 1701 384 nomine
1745 330 1899 385 Pela-
1924 335 1972 390 A
1999 347 2119 388 esse
2150 344 2434 405 cuperent,
2465 353 2531 393 ex
2558 340 2745 395 multis
2768 340 2932 396 sectis
2956 341 3291 413 impietatem
3321 346 3570 401 emendi-

305 411 379 482 gii
417 411 465 466 ll
499 411 754 468 scribens
792 414 861 468 ad
903 415 1195 487 episcopos
1241 417 1429 485 lstriae,
1465 421 1661 477 eadem
1697 423 1892 479 tribuit

307 502 685 569 Theodoreto,
718 521 840 575 quae
860 506 1162 576 Mercator;
1187 526 1289 565 nec
1314 511 1507 566 eadem
1534 519 1767 579 tantum,
1794 516 1891 570 sed

298 594 509 650 'iisdem
534 596 702 651 etiam
735 597 961 664 verbis,
993 614 1116 669 qum
1139 615 1207 654 ex
1233 600 1552 658 Mercatoris
1585 619 1751 674 opere
1794 621 1891 660 ex—

307 688 555 757 scripsit.

378 779 547 836 XVII.
600 781 725 837 Scio
772 783 1063 840 Leontium
1107 794 1164 842 et
1208 797 1587 859 excerptorem
1624 807 1657 845 v
1699 791 1892 862 synodi

310 869 477 923 verba
505 870 625 925 haec
662 871 954 927 Theodoro
981 874 1365 944 Mopsuesteno
1390 877 1708 949 adjudicare
1748 898 1761 934 :
1792 896 1889 935 ve-

310 972 429 1010 rum
457 959 601 1013 nihil
637 960 932 1016 admodum
965 973 1069 1027 est,
1095 964 1243 1034 quod
1273 964 1397 1034 quis
1418 967 1673 1035 miretur,
1705 969 1890 1025 Theo-

310 1049 563 1104 doretum
594 1067 662 1105 ex
682 1051 975 1109 Theodoro
1008 1055 1217 1130 aliquid
1258 1058 1556 1128 accepisse,
1600 1068 1730 1117 tunc
1764 1078 1888 1118 cum

309 1139 620 1208 discipulus
676 1141 998 1211 magistrum
1041 1142 1382 1210 defenderet,
1427 1150 1889 1217 quemadmodum

311 1230 361 1283 in
376 1227 810 1287 Commentariis
825 1233 1166 1289 Psalmorum
1186 1234 1559 1308 Chrysostomi
1581 1241 1749 1296 verba
1767 1258 1891 1297 sen-

311 1322 622 1391 tentiasque
648 1333 952 1380 mutuatur.
974 1326 1130 1392 Vide,
1157 1343 1280 1398 qua:
1301 1328 1542 1387 diximus
1567 1332 1633 1388 ad
1657 1332 1888 1388 citatum

308 1425 630 1484 excerptum
674 1415 731 1471 in
762 1419 1071 1487 posteriore
1101 1430 1253 1491 parte
1287 1421 1528 1494 Operum
1558 1424 1711 1479 Marii
1745 1425 1887 1480 Mer-

308 1506 534 1571 catoris,
562 1523 798 1579 qumque
830 1509 887 1564 in
922 1512 1241 1568 recensione
1262 1512 1798 1570 Commentariorum
1830 1515 1887 1570 i‘n

308 1595 425 1649 Psal
434 1612 577 1651 mos.

1996 436 2210 493 carunt,
2247 438 2301 484 et
2330 429 2470 485 hanc
2496 432 2862 501 perniciosam
2896 434 3128 490 haeresin
3171 434 3501 492 conflarunt.
3542 456 3561 490 ι

2064 517 2200 587 Ipsis
2224 518 2421 575 deinde
2449 521 2762 591 exprobrat,
2787 524 2932 593 quod
2955 523 3328 580 Orientalibus
3357 526 3569 581 calum-

1995 607 2140 662 niam
2172 617 2485 676 struerent;
2515 628 2639 667 nam
2669 624 2791 683 post
2808 615 2969 668 allata
2993 615 3306 669 testimonia
3331 614 3571 670 Albana-

1996 698 2084 763 sii,
2106 699 2199 768 qui
2233 699 2634 759 Alexandrinus
2659 704 2792 770 fuit;
2818 704 3066 775 Gregorii
3088 705 3437 771 Nazianzeni,
3472 708 3568 776 qui

1994 788 2305 858 Asiaticus;
2352 793 2648 859 Ambrosii,
2676 796 2769 865 qui
2815 796 2979 850 Italus
3020 814 3032 849 :
3072 803 3133 850 ut
3177 797 3372 865 reliqui
3418 797 3570 852 orbis

1996 881 2280 951 episcopos
2300 883 2568 948 laudaret,
2584 885 2943 941 Orientalium
2963 886 3076 941 sive
3098 887 3567 943 Antiochenorum

1998 973 2250 1028 meminit
2285 974 2339 1028 in
2369 974 2487 1029 haec
2517 977 2685 1031 verba
2716 977 2756 1008 δ’
2790 995 2803 1029 :
2839 997 2855 1028 ‹
2897 978 3026 1033 Post
3057 979 3158 1032 hos
3187 978 3443 1033 convenit
3472 979 3569 1032 do-

1997 1073 2178 1117 ctores
2204 1061 2510 1119 Orientales
2530 1066 2745 1121 audire.
2779 1065 2903 1121 llaec
2930 1068 3077 1122 enim
3109 1067 3267 1122 nobis
3301 1067 3413 1122 sola
3443 1083 3569 1137 pars

1996 1163 2168 1208 restat
2209 1170 2275 1209 ex
2318 1155 2452 1213 orbe
2498 1163 2792 1222 terrarum,
2832 1165 2887 1211 et
2917 1157 3148 1212 decebat
3181 1158 3284 1212 hos
3310 1158 3520 1227 primos
3552 1162 3568 1179 '

1996 1240 2375 1295 testimonium
2398 1242 2692 1311 perhibere
2717 1242 2958 1309 veritati,
2987 1244 3078 1312 qui
3108 1243 3412 1299 doctrinam
3440 1258 3571 1314 apo-

1993 1331 2240 1386 stolicam
2277 1332 2442 1401 primi
2483 1341 2612 1387 sunt
2640 1333 2877 1403 amplexi
2908 1350 2922 1386 :
2952 1333 3047 1388 sed
3078 1335 3336 1403 quoniam
3369 1334 3566 1389 adver-

1993 1435 2087 1475 sus
2117 1420 2511 1493 primogenitos
2533 1422 2754 1493 pietatis
2786 1422 2927 1478 filios
2953 1424 3166 1494 linguas
3184 1433 3399 1479 vestras
3418 1425 3570 1479 acui-

1993 1512 2114 1575 stis,
2141 1512 2413 1567 mendacii
2436 1521 2614 1569 cotem
2639 1513 2802 1584 390
2831 1514 3178 1580 adhibentes,
3202 1515 3457 1570 ultimum
3488 1515 3570 1571 eis

1993 1603 2173 1659 locum
2223 1604 2496 1670 dedimus,
2545 1613 2624 1670 ut,
2673 1620 2798 1659 cum
2833 1606 2969 1661 alios
3018 1607 3174 1677 prius
3222 1607 3566 1673 audiveritis,

372 1686 564 1743 XVIII.
613 1689 693 1744 Ex
732 1690 838 1755 his,
885 1707 1006 1761 quae
1041 1692 1311 1749 hactenus
1351 1694 1519 1766 389
1545 1694 1693 1750 dicta
1735 1705 1885 1762 sunt,
1919 1668 1969 1727 Β
1992 1693 2189 1749 horum
2215 1695 2416 1751 dehinc
2444 1668 2589 1750 dicta
2610 1668 2750 1749 cum
2784 1668 3203 1752 illorum-dictis
3238 1668 3567 1767 comparati;

303 1786 521 1832 constat
570 1779 863 1835 Eranisten
919 1783 1291 1854 conscriptum
1333 1801 1456 1841 esse
1510 1795 1635 1841 ante
1682 1802 1887 1842 annum

302 1868 405 1923 M8
436 1870 509 1935 δ’,
559 1886 672 1940 quo
709 1887 854 1927 anno
901 1875 1122 1944 scripsit
1164 1876 1548 1935 Theodoretns
1576 1880 1840 1937 Dioscoro
1870 1900 1884 1936 :

303 1960 585 2029 quomodo
609 1963 760 2016 enim
791 1963 869 2018 ad‘
893 1979 1031 2035 opus
1053 1965 1185 2021 illud
1210 1978 1565 2037 provocasset
1587 1986 1732 2026 anno
1757 1970 1883 2035 448.

302 2051 408 2105 nisi
454 2055 840 2124 pervulgatum
883 2063 1013 2111 tunc
1049 2066 1198 2113 esset
1221 2059 1386 2113 etiam
1431 2060 1488 2115 in
1519 2059 1792 2133 Αἴθῃ)ιοῖ
1819 2061 1887 2116 Et

300 2143 582 2212 quomodo
620 2148 962 2214 pervenisset
1000 2149 1054 2203 in
1074 2149 1388 2222 Egyptum,
1415 2153 1469 2208 in
1499 2168 1675 2223 eaque
1714 2154 1884 2209 veluti

296 2235 682 2305 pervulgatum
713 2237 972 2306 quiddam
1026 2251 1328 2312 notumque
1357 2242 1674 2310 haberetur,
1705 2245 1751 2300 si
1774 2261 1884 2300 non

299 2335 461 2382 antea
507 2327 563 2381 in
593 2329 878 2399 publicum
927 2333 1262 2402 prodiisset?
1284 2334 1512 2391 Constat
1547 2336 1713 2392 etiam
1748 2353 1883 2393 con-

298 2419 569 2489 scriptum
602 2436 723 2475 esse
748 2432 871 2491 post
899 2424 1110 2479 obitum
1135 2425 1347 2498 Cyrilli,
1375 2430 1532 2498 cujus
1563 2429 1751 2500 utique
1784 2430 1882 2485 de-

300 2509 477 2564 functi
514 2512 893 2567 testimonium
929 2514 1161 2570 affertur
1217 2517 1434 2589 dialogo
1470 2519 1734 2574 secundo.
1781 2521 1885 2577 De-

299 2599 499 2666 functi,
549 2602 808 2673 inquam,
861 2605 990 2674 quia
1052 2607 1288 2664 viventis
1327 2609 1534 2665 nullius
1585 2613 1885 2667 auctoritas

301 2689 620 2746 adhibetur.
649 2693 1032 2765 Conscriptum
1062 2697 1229 2768 igitur
1259 2714 1380 2754 esse
1414 2708 1631 2769 oportet
1658 2716 1726 2756 eo
1751 2710 1885 2756 tem-

300 2783 452 2850 poris
484 2782 800 2851 intervallo,
841 2786 988 2854 quod
1014 2787 1082 2841 ab
1117 2803 1261 2841 anno
1300 2788 1406 2844 ΔΗ
1433 2789 1501 2843 ad
1541 2805 1746 2847 annum
1778 2790 1884 2847 4.58

300 2873 633 2930 interﬂuxit.

1992 1793 2095 1851 tes,
2123 1786 2478 1842 concordiam
2503 1786 2751 1841 omnium
2783 1785 3154 1853 admiremini,
3191 1795 3298 1843 ctc.

2061 1876 2250 1933 Refert
2271 1891 2369 1932 eos
2391 1886 2580 1947 postea
2596 1876 2875 1932 Theodori
2898 1884 2955 1931 et
2973 1876 3195 1932 Diodori
3218 1885 3568 1932 accusatores

1989 1969 2180 2024 fuisse.
2232 1988 2250 2020 ι
2282 1967 2593 2024 Proferrem
2625 1967 2791 2023 etiam
2827 1967 2925 2023 tibi
2962 1967 3389 2023 fortissimorum
3419 1967 3566 2021 veri-

1989 2060 2116 2115 tatis
2138 2067 2604 2130 propugnatorum
2632 2058 2857 2114 Diodori
2882 2068 2939 2114 et
2953 2058 3230 2115 Theodori
3258 2057 3566 2114 enarratio-

1987 2168 2108 2217 nes,
2142 2151 2247 2206 nisi
2291 2152 2536 2206 viderem
2578 2167 2676 2206 vos
2705 2150 2917 2206 infenso
2970 2150 3026 2204 in
3064 2150 3166 2204 hos
3208 2149 3393 2203 animo
3419 2163 3564 2212 esse,

1985 2242 2429 2314 Apollinarisque
2470 2242 2527 2297 in
2557 2258 2653 2298 eos
2676 2242 2805 2296 odio
2838 2250 2893 2296 et
2919 2239 3316 2297 malevolentiae
3342 2254 3564 2295 succes-

1986 2337 2159 2403 sisse;
2191 2335 2426 2390 vidisses
2447 2335 2614 2389 etiam
2641 2335 2744 2389 hos
2782 2333 2998 2389 cazteris
3027 2331 3387 2388 consonantia
3417 2332 3557 2386 scri-

1986 2429 2182 2499 psisse,
2213 2436 2273 2483 et
2311 2443 2380 2482 ex
2422 2427 2613 2482 divino
2646 2424 2795 2481 fonte
2826 2425 3031 2480 fluenta
3076 2423 3350 2487 hausisse,
3386 2421 3559 2475 rivos-

1985 2534 2093 2589 que
2125 2526 2181 2573 et
2220 2518 2371 2588 ipsos
2416 2532 2636 2588 quoque
2678 2516 2915 2586 Spiritus
2965 2514 3283 2570 exstitisse:
3316 2511 3410 2567 sed
3459 2511 3562 2566 hos

1986 2609 2209 2679 quidem
2229 2609 2664 2680 praetermittam,
2690 2607 2816 2677 quia
2853 2605 3198 2677 implacabile
3224 2602 3428 2659 bellum
3462 2601 3562 2657 ad-

1986 2717 2179 2757 versus
2208 2716 2304 2756 eos
2327 2700 2651 2771 suscepistis
2685 2699 2750 2754 ι’.
2790 2718 2808 2750 ι

2056 2791 2208 2847 Facit
2226 2791 2391 2845 etiam
2419 2799 2587 2846 testes
2610 2788 2944 2860 Apollinaris
2965 2794 3284 2841 sectatores.
3315 2802 3333 2836 ‹
3371 2782 3564 2839 Sed‘et
3623 2822 3627 2827 ι

1984 2898 2085 2955 ego
2125 2881 2223 2937 tibi
2267 2897 2461 2936 rursus
2502 2880 2848 2951 inopinatum
2887 2876 3173 2948 applicabo
3220 2874 3561 2939 remedium;

365 2964 517 3021 XIX.
544 2965 655 3021 Sed
698 2984 807 3037 quo
852 2967 1073 3024 definite
1120 2976 1364 3041 tempore
1387 2973 1421 3025 ?'
1451 2972 1535 3027 An
1571 2976 1756 3029 statim
1809 2975 1880 3030 ab
1910 2995 1951 3053 ε
1985 2990 2157 3029 unum
2183 2974 2330 3028 enim
2359 2971 2703 3028 admirabilis
2734 2978 2932 3024 vestrae
2974 2969 3250 3023 haereseos
3279 2967 3562 3022 doctorem

300 3056 452 3111 obitu
479 3055 712 3129 Cyrilli?
753 3059 997 3128 Epistola
1024 3069 1171 3116 certe
1209 3069 1340 3117 tunc
1369 3064 1573 3133 scripta
1617 3065 1686 3119 ad
1718 3065 1881 3119 Dom—

301 3166 450 3212 num,
486 3151 809 3220 concioque.
834 3151 1137 3208 Antiochiae
1179 3169 1364 3209 coram
1407 3154 1603 3228 eodem
1646 3157 1880 3227 praesule

302 3241 507 3306 habita,
541 3244 599 3297 in
620 3257 743 3296 eam
767 3244 1140 3313 conjecturam
1173 3245 1416 3299 animum
1439 3260 1549 3300 non
1574 3247 1768 3302 leviter
1794 3248 1879 3302 in-

301 3332 505 3386 clinant
547 3341 777 3402 propter
821 3336 1126 3405 argumenti
1173 3336 1587 3392 similitudinem
1631 3356 1644 3391 :
1686 3354 1881 3394 verum

300 3422 649 3493 imperatoris
691 3424 887 3490 verba,
948 3428 1454 3499 monachorumque
1506 3430 1776 3497 historia,
1823 3442 1881 3488 et

298 3529 416 3582 qua:
438 3513 589 3568 dicta
614 3525 763 3579 sunt,
794 3530 907 3570 rem
940 3516 1209 3573 conti‘cese
1231 3518 1510 3586 videntur,
1542 3530 1708 3592 atque
1741 3523 1880 3579 adeo

300 3604 553 3671 suadere,
606 3604 660 3660 id
702 3607 885 3676 operis
916 3607 1315 3665 aTheodoreto
1347 3610 1605 3666 effectum
1658 3612 1882 3668 circiter

301 3710 506 3751 annum
556 3698 685 3763 446,
724 3709 1013 3770 postquam
1066 3701 1135 3756 ab
1182 3702 1516 3773 imperatore
1553 3705 1743 3775 jussus
1793 3715 1881 3762 est

299 3787 421 3857 Cyri
460 3787 667 3844 ﬁnibus
707 3805 767 3845 se
802 3791 1105 3847 continere.
1148 3793 1343 3849 Iussus
1383 3802 1469 3850 est
1521 3806 1705 3851 autem
1735 3813 1882 3853 anno

302 3880 423 3944 645,
451 3892 515 3937 ut
539 3880 851 3937 confectum
874 3892 959 3939 est
983 3900 1051 3940 ex
1086 3885 1248 3956 epist.
1273 3885 1335 3940 81
1367 3886 1436 3941 ad
1470 3887 1705 3944 Nonium
1743 3905 1879 3945 con-

306 3970 504 4028 uilem.

366 4083 487 4150 XX,
514 4084 721 4141 Verum
742 4096 804 4140 ut
822 4086 1005 4141 adhuc
1024 4086 1245 4157 planius
1268 4087 1620 4160 intelligatur,
1644 4088 1791 4159 quod
1812 4087 1880 4145 de

303 4186 550 4247 tempore
574 4176 1002 4247 conscriptionis
1034 4177 1242 4233 dictum
1271 4186 1376 4244 est,
1405 4180 1684 4249 inquirere
1714 4181 1879 4251 paulo

301 4266 623 4337 diligentius
678 4275 915 4336 oportet,
979 4283 1084 4337 qua
1150 4268 1436 4323 occasione
1494 4266 1880 4326 Thcodoretus

301 4357 552 4430 Dialogas
572 4358 829 4414 ediderit.
861 4358 917 4413 ld
937 4375 1089 4423 vero,
1118 4370 1178 4413 ut
1201 4359 1312 4424 fiat,
1342 4360 1749 4417 observandum
1769 4372 1875 4427 est,

301 4466 437 4519 quos
468 4451 577 4507 sibi
600 4452 947 4507 adversarios
972 4452 1373 4523 impugnandos
1409 4463 1722 4524 proponat:
1760 4456 1878 4512 suis

299 4544 447 4598 enim
467 4544 617 4614 ipsos
642 4559 755 4599 non
780 4561 890 4600 uno
921 4546 1041 4601 loco
1067 4546 1479 4602 characterihus
1502 4547 1770 4619 depingit.

361 4635 432 4689 Et
455 4634 635 4704 primo
668 4636 890 4706 quidem
917 4636 972 4691 in
1005 4637 1330 4695 Przefatione
1360 4640 1456 4703 ait,
1490 4640 1662 4694 fuisse
1694 4641 1875 4695 homi-

298 4740 397 4781 nes
425 4726 640 4781 nullius
675 4727 940 4793 nominis,
965 4728 1284 4799 similesque
1312 4738 1367 4785 et
1398 4731 1710 4786 Alexandro
1738 4750 1877 4789 aera-

302 4820 403 4883 rio,
439 4820 538 4889 qui
573 4820 822 4889 apostolo
861 4820 1061 4887 Paulo;
1098 4829 1155 4876 et
1190 4821 1391 4886 Semei,
1441 4823 1537 4892 qui
1565 4823 1793 4890 Davidi;
1826 4833 1881 4880 et

297 4910 523 4978 Ilaneti,
556 4912 650 4982 qui
685 4912 963 4978 Ecclesiae,
1004 4921 1232 4984 propter
1265 4929 1420 4968 vana:
1450 4913 1635 4984 gloriae
1658 4915 1878 4985 cupidi-

301 5007 490 5064 tatem,
542 5002 824 5071 negotium
865 5000 1164 5057 facessivit.
1220 5020 1238 5052 ‹
1275 5000 1390 5056 Hoc
1429 5001 1631 5071 ipsum,
1674 5003 1876 5075 inquit,

298 5091 553 5146 nonnulli
575 5107 723 5147 nunc
746 5108 966 5162 quoque
998 5092 1228 5158 faciunt,
1264 5094 1358 5164 qui
1378 5095 1742 5164 expetendam
1765 5098 1881 5152 vir-

301 5181 436 5235 tutis
467 5181 698 5252 gloriam
726 5191 952 5253 propter
976 5184 1212 5247 labores,
1232 5183 1326 5254 qui
1353 5185 1500 5240 illam
1538 5189 1878 5256 praecedunt,

301 5269 597 5340 fugientes,
636 5273 1006 5343 turpissimam
1049 5282 1107 5330 et
1136 5274 1502 5329 miserrimam
1542 5277 1647 5331 sibi
1682 5278 1880 5333 famam

301 5375 572 5433 peperere
609 5381 622 5417 :
671 5379 794 5418 cum
826 5364 972 5420 enim
1013 5381 1282 5421 novorum
1311 5365 1625 5437 dogmatnm
1663 5371 1879 5438 patroni

1983 3065 2386 3135 Apollinarium
2409 3064 2466 3119 in
2500 3061 2743 3117 medium
2779 3059 3068 3123 adducam,
3097 3066 3281 3114 etnon
3308 3057 3467 3112 aliter
3500 3072 3563 3112 ac

1983 3156 2158 3212 sancti
2197 3156 2407 3221 Patres,
2452 3153 2675 3208 Verbum
2705 3168 2830 3206 caro
2863 3150 3061 3221 factum
3095 3157 3191 3215 est,
3229 3147 3562 3203 intellexisse

1982 3248 2270 3305 ostendam
2306 3247 2370 3300 ⁸³.
2389 3233 2423 3297 ἰ

2051 3340 2159 3395 Eos
2195 3337 2414 3393 tandem
2437 3336 2607 3393 veluti
2644 3335 2783 3401 Arii,
2807 3350 2914 3405 qua
2947 3340 3100 3405 parte
3125 3347 3251 3388 cum
3283 3330 3564 3401 Apollina-

1983 3433 2066 3488 rio
2099 3431 2395 3495 consentit,
2433 3429 2736 3500 discipulos
2774 3426 3095 3497 alloquitur.
3155 3423 3292 3479 Nam
3323 3430 3447 3493 post
3479 3420 3561 3476 ci-

1984 3531 2155 3580 tatum
2202 3522 2428 3580 Eusebii
2484 3520 2728 3578 Emiseni
2789 3534 2891 3590 pro
2942 3515 3345 3588 impatihilitate
3394 3512 3561 3570 Verbi

1984 3616 2358 3672 testimonium
2391 3632 2405 3668 :
2445 3632 2463 3665 ‹
2501 3612 2701 3670 Vidisti
2725 3611 2912 3673 etiam.
2942 3608 3218 3678 inquit“,
3246 3606 3411 3660 aliam
3443 3619 3560 3657 ma-

1982 3710 2279 3781 gistrorum
2318 3714 2631 3762 vestrorum
2670 3704 2924 3767 classem,
2969 3716 2999 3754 a
3033 3714 3141 3770 qua
3191 3710 3404 3768 passam
3439 3707 3564 3749 esse

1981 3797 2262 3872 Unigeniti
2292 3797 2641 3853 divinitatem
2678 3793 2938 3850 didicisse
2983 3806 3084 3847 nos
3120 3789 3383 3861 putastis,
3421 3787 3563 3842 hanc

1983 3891 2381 3963 blasphemiam
2417 3887 2720 3952 exsecrari,
2743 3894 2799 3942 et
2827 3883 3172 3940 divinitatem
3201 3878 3561 3952 impatibilem

1982 3983 2303 4054 praedicare,
2349 3989 2406 4037 et
2454 3995 2670 4043 eorum,
2709 3975 2803 4048 qui
2843 3975 3155 4047 passionem
3198 3971 3562 4028 illi-tribuere

1984 4072 2212 4138 audent,
2246 4079 2523 4127 catervam
2549 4068 2851 4138 dissipare.
2871 4084 2890 4116 ι
3161 4068 3165 4073 '

2051 4183 2464 4241 Observandum
2490 4182 2717 4252 pariter,
2744 4195 2884 4251 quos
2904 4196 3101 4251 passus
3124 4178 3197 4235 sit
3222 4178 3336 4248 ipse
3361 4176 3560 4232 adver~

1983 4278 2187 4341 sarios,
2221 4274 2446 4332 eosdem
2481 4288 2679 4343 nempe
2725 4288 2866 4343 quos
2911 4272 3182 4327 Diodorus
3215 4278 3271 4326 et
3305 4268 3562 4325 Theodo-

1985 4383 2098 4422 rus.
2150 4366 2208 4421 ld
2250 4371 2470 4421 constat
2495 4378 2564 4418 ex
2596 4364 2857 4433 pericope
2892 4361 3141 4432 epistolae
3178 4358 3245 4413 ad
3271 4359 3558 4419 Irenaeum,

1985 4460 2143 4530 cujus
2168 4466 2327 4512 antea
2353 4454 2558 4510 mentio
2577 4454 2719 4508 facta
2746 4460 2869 4509 est..

2059 4550 2199 4605 XXI.
2234 4549 2314 4603 Ex
2346 4547 2434 4601 his
2461 4545 2717 4615 colligere
2751 4542 2885 4597 mihi
2926 4556 3087 4612 posse
3124 4539 3336 4604 videor,
3362 4538 3557 4593 adver-

1985 4642 2161 4699 sarios
2183 4632 2321 4711 q'uos
2349 4634 2744 4708 oppugnandos
2765 4633 2870 4688 sibi
2890 4631 3139 4703 opponit,
3161 4630 3330 4685 fuiSSe
3359 4630 3415 4684 in
3432 4644 3558 4701 spe-

1984 4736 2124 4791 ciem
2159 4731 2478 4793 monachos,
2501 4728 2616 4783 sive
2642 4740 2782 4797 quos
2812 4725 3083 4780 Armenos
3111 4720 3363 4778 meminit
3389 4719 3556 4775 Libe-

1984 4835 2156 4890 ratus,
2205 4824 2320 4879 sive
2358 4821 2454 4893 qui
2490 4819 2827 4877 thniciam
2872 4816 3327 4885 Palaestinamque
3369 4818 3558 4883 postea

1983 4919 2402 4972 commoverunt
2452 4929 2464 4964 :
2503 4926 2630 4965 nam
2674 4918 2732 4964 et
2767 4906 2992 4965 obscuri
3025 4904 3265 4961 nominis
3295 4903 3557 4967 fuerunt;

1983 5015 2039 5063 et
2077 5004 2450 5063 Orientalibus
2484 5001 2762 5074 episcopis
2799 4998 3130 5055 calumniam
3173 4996 3460 5059 fecerunt;
3504 4999 3561 5047 et

1984 5098 2213 5155 Diodori
2253 5095 2641 5164 Theodorique
2684 5091 2886 5163 scripta
2943 5090 3097 5145 velut
3136 5087 3396 5144 hmretica
3443 5093 3560 5140 tra-

1985 5190 2284 5253 duxerunt,
2310 5183 2707 5257 et_Apollinarii
2729 5181 2957 5252 Ariique
2987 5190 3172 5251 partes
3197 5176 3373 5234 secuti
3394 5182 3558 5240 sunt;

1983 5284 2041 5331 et
2067 5276 2123 5331 in
2163 5275 2300 5330 urbe
2326 5274 2476 5343 regia
2520 5270 2806 5343 Eutychen
2856 5284 2981 5325 cum
3028 5268 3146 5324 suis
3188 5267 3473 5323 monachis
3501 5266 3559 5321 in

1983 5383 2232 5425 errorem
2275 5366 2648 5436 impulerunt;
2694 5372 2750 5418 et
2798 5363 3147 5419 Theodoreto
3188 5363 3407 5433 [ineque
3459 5376 3559 5431 per

1642 5524 1959 5581 SCIlULle
1997 5522 2230 5582 ΝΟΤίΕ.

373 5617 821 5691 fiAnteAannnm
839 5620 942 5691 4,576
973 5621 1209 5691 scriptus
1233 5621 1434 5677 dicitur
1455 5637 1640 5691 supra,
1671 5638 1723 5689 p.
1747 5622 1871 5680 9.06.
1897 5623 2018 5681 Vid.
2051 5628 2229 5676 tamen
2250 5636 2303 5690 p.
2324 5619 2446 5676 5'39.

307 5692 347 5742 ι.
372 5686 460 5755 1v,
485 5703 540 5761 ρ.
572 5688 661 5744 ts.
738 5688 783 5721 η
808 5690 969 5757 lhid,,
998 5708 1051 5763 ιι.
1086 5686 1180 5747 '70.
1236 5691 1302 5778 ἐκ
1326 5691 1488 5759 lbid.,
1524 5686 1578 5765 ᾖ.
1610 5686 1733 5750 262.

2556 5617 2596 5650 "1
2630 5618 2749 5674 Vid.
2786 5626 2821 5672 t.
2852 5618 2936 5683 IV,
2971 5634 3023 5688 p.
3055 5617 3120 5672 ιίῦ
3153 5632 3268 5686 seq.
3364 5615 3405 5646 “
3434 5612 3555 5670 Yid.
