  <div class='ocr_page' id='page_1' title='image "/cluster/home/n/w/nwhite01/storage/ocr_20150623/84/hvd.32044073502213/179.png"; bbox 0 0 4040 6172; ppageno 0'>
   <div class='ocr_carea' id='block_1_1' title="bbox 475 241 579 304">
    <p class='ocr_par' dir='ltr' id='par_1_1' title="bbox 475 241 579 304">
     <span class='ocr_line' id='line_1_1' title="bbox 475 241 579 304; baseline 0 0"><span class='ocrx_word' id='word_1_1' title='bbox 475 241 579 304; x_wconf 76' lang='lat'><strong>339</strong></span> 
     </span>
    </p>
   </div>
   <div class='ocr_carea' id='block_1_2' title="bbox 1568 229 2583 296">
    <p class='ocr_par' dir='ltr' id='par_1_2' title="bbox 1568 229 2583 296">
     <span class='ocr_line' id='line_1_2' title="bbox 1568 229 2583 296; baseline -0.005 -1"><span class='ocrx_word' id='word_1_2' title='bbox 1568 232 1946 296; x_wconf 75' lang='lat' dir='ltr'><strong>GABNERII</strong></span> <span class='ocrx_word' id='word_1_3' title='bbox 1985 229 2484 293; x_wconf 82' lang='lat' dir='ltr'><strong>DISSERTATIO</strong></span> <span class='ocrx_word' id='word_1_4' title='bbox 2522 232 2583 292; x_wconf 92' lang='lat' dir='ltr'><strong>II</strong></span> 
     </span>
    </p>
   </div>
   <div class='ocr_carea' id='block_1_3' title="bbox 3626 219 3734 286">
    <p class='ocr_par' dir='ltr' id='par_1_3' title="bbox 3626 219 3734 286">
     <span class='ocr_line' id='line_1_3' title="bbox 3626 219 3734 286; baseline 0 0"><span class='ocrx_word' id='word_1_5' title='bbox 3626 219 3734 286; x_wconf 70' lang='grc'><strong>340</strong></span> 
     </span>
    </p>
   </div>
   <div class='ocr_carea' id='block_1_4' title="bbox 478 328 3734 421">
    <p class='ocr_par' dir='ltr' id='par_1_4' title="bbox 478 328 3734 421">
     <span class='ocr_line' id='line_1_4' title="bbox 478 328 3734 421; baseline -0.007 -15"><span class='ocrx_word' id='word_1_6' title='bbox 478 346 764 421; x_wconf 74' lang='lat' dir='ltr'><strong>Eutychen</strong></span> <span class='ocrx_word' id='word_1_7' title='bbox 787 346 1113 420; x_wconf 82' lang='lat' dir='ltr'><strong>Chrysaphii</strong></span> <span class='ocrx_word' id='word_1_8' title='bbox 1142 345 1383 415; x_wconf 85' lang='lat' dir='ltr'><strong>suscepti</strong></span> <span class='ocrx_word' id='word_1_9' title='bbox 1414 342 1497 397; x_wconf 88' lang='lat' dir='ltr'><strong>sui</strong></span> <span class='ocrx_word' id='word_1_10' title='bbox 1534 341 1783 413; x_wconf 88' lang='lat' dir='ltr'><strong>potentia</strong></span> <span class='ocrx_word' id='word_1_11' title='bbox 1815 340 2051 396; x_wconf 87' lang='lat' dir='ltr'><strong>abuten-</strong></span> <span class='ocrx_word' id='word_1_12' title='bbox 2083 341 2123 396; x_wconf 78' lang='grc' dir='ltr'>Α</span> <span class='ocrx_word' id='word_1_13' title='bbox 2154 336 2541 393; x_wconf 66' lang='lat' dir='ltr'><strong>ecclesiasticae</strong></span> <span class='ocrx_word' id='word_1_14' title='bbox 2572 335 2818 391; x_wconf 75' lang='lat' dir='ltr'><strong>historiae</strong></span> <span class='ocrx_word' id='word_1_15' title='bbox 2838 332 3172 406; x_wconf 87' lang='lat' dir='ltr'><strong>colliguntur</strong></span> <span class='ocrx_word' id='word_1_16' title='bbox 3192 330 3347 387; x_wconf 82' lang='lat' dir='ltr'><strong>utilia</strong></span> <span class='ocrx_word' id='word_1_17' title='bbox 3376 330 3481 386; x_wconf 87' lang='lat' dir='ltr'><strong>ista</strong></span> <span class='ocrx_word' id='word_1_18' title='bbox 3504 329 3548 361; x_wconf 79' lang='grc'><strong>⁸⁷</strong></span> <span class='ocrx_word' id='word_1_19' title='bbox 3572 328 3734 400; x_wconf 77' lang='lat' dir='ltr'><strong>quin-</strong></span> 
     </span>
    </p>
   </div>
   <div class='ocr_carea' id='block_1_5' title="bbox 480 430 2052 509">
    <p class='ocr_par' dir='ltr' id='par_1_5' title="bbox 480 430 2052 509">
     <span class='ocr_line' id='line_1_5' title="bbox 480 430 2052 509; baseline -0.007 -13"><span class='ocrx_word' id='word_1_20' title='bbox 480 451 613 507; x_wconf 83' lang='lat' dir='ltr'><strong>tem,</strong></span> <span class='ocrx_word' id='word_1_21' title='bbox 640 439 979 509; x_wconf 86' lang='lat' dir='ltr'><strong>clericosque</strong></span> <span class='ocrx_word' id='word_1_22' title='bbox 1011 436 1283 493; x_wconf 86' lang='lat' dir='ltr'><strong>Osroenes</strong></span> <span class='ocrx_word' id='word_1_23' title='bbox 1314 434 1628 506; x_wconf 63' lang='lat' dir='ltr'><strong>provinciis,</strong></span> <span class='ocrx_word' id='word_1_24' title='bbox 1660 432 1939 504; x_wconf 77' lang='lat' dir='ltr'><strong>negotium</strong></span> <span class='ocrx_word' id='word_1_25' title='bbox 1969 430 2052 486; x_wconf 86' lang='lat' dir='ltr'><strong>fe-</strong></span> 
     </span>
    </p>
   </div>
   <div class='ocr_carea' id='block_1_6' title="bbox 480 524 2055 600">
    <p class='ocr_par' dir='ltr' id='par_1_6' title="bbox 480 524 2055 600">
     <span class='ocr_line' id='line_1_6' title="bbox 480 524 2055 600; baseline -0.01 -8"><span class='ocrx_word' id='word_1_26' title='bbox 480 543 697 592; x_wconf 88' lang='lat' dir='ltr'><strong>cerunt.</strong></span> <span class='ocrx_word' id='word_1_27' title='bbox 727 534 838 590; x_wconf 83' lang='lat' dir='ltr'><strong>Hos</strong></span> <span class='ocrx_word' id='word_1_28' title='bbox 865 545 1001 600; x_wconf 89' lang='lat' dir='ltr'><strong>ergo</strong></span> <span class='ocrx_word' id='word_1_29' title='bbox 1019 529 1073 582; x_wconf 92' lang='lat' dir='ltr'><strong>in</strong></span> <span class='ocrx_word' id='word_1_30' title='bbox 1095 542 1337 590; x_wconf 85' lang='lat' dir='ltr'><strong>secessu,</strong></span> <span class='ocrx_word' id='word_1_31' title='bbox 1364 541 1488 580; x_wconf 92' lang='lat' dir='ltr'><strong>cum</strong></span> <span class='ocrx_word' id='word_1_32' title='bbox 1509 540 1653 595; x_wconf 69' lang='lat' dir='ltr'><strong>aeger</strong></span> <span class='ocrx_word' id='word_1_33' title='bbox 1678 524 1897 581; x_wconf 88' lang='lat' dir='ltr'><strong>animus</strong></span> <span class='ocrx_word' id='word_1_34' title='bbox 1922 538 2055 578; x_wconf 76' lang='lat' dir='ltr'><strong>con-</strong></span> 
     </span>
    </p>
   </div>
   <div class='ocr_carea' id='block_1_7' title="bbox 482 611 2053 695">
    <p class='ocr_par' dir='ltr' id='par_1_7' title="bbox 482 611 2053 695">
     <span class='ocr_line' id='line_1_7' title="bbox 482 611 2053 695; baseline -0.011 -14"><span class='ocrx_word' id='word_1_35' title='bbox 482 639 720 695; x_wconf 82' lang='lat' dir='ltr'><strong>coquere</strong></span> <span class='ocrx_word' id='word_1_36' title='bbox 773 636 884 675; x_wconf 90' lang='lat' dir='ltr'><strong>non</strong></span> <span class='ocrx_word' id='word_1_37' title='bbox 936 628 1123 688; x_wconf 87' lang='lat' dir='ltr'><strong>posset</strong></span> <span class='ocrx_word' id='word_1_38' title='bbox 1170 616 1424 688; x_wconf 80' lang='lat' dir='ltr'><strong>injuriam</strong></span> <span class='ocrx_word' id='word_1_39' title='bbox 1489 630 1654 684; x_wconf 90' lang='lat' dir='ltr'><strong>quam</strong></span> <span class='ocrx_word' id='word_1_40' title='bbox 1703 611 2053 669; x_wconf 77' lang='lat' dir='ltr'><strong>continenter</strong></span> 
     </span>
    </p>
   </div>
   <div class='ocr_carea' id='block_1_8' title="bbox 480 701 2053 776">
    <p class='ocr_par' dir='ltr' id='par_1_8' title="bbox 480 701 2053 776">
     <span class='ocr_line' id='line_1_8' title="bbox 480 701 2053 776; baseline -0.01 -6"><span class='ocrx_word' id='word_1_41' title='bbox 480 716 731 771; x_wconf 81' lang='lat' dir='ltr'><strong>versabat</strong></span> <span class='ocrx_word' id='word_1_42' title='bbox 766 711 961 766; x_wconf 85' lang='lat' dir='ltr'><strong>avidus</strong></span> <span class='ocrx_word' id='word_1_43' title='bbox 984 708 1213 763; x_wconf 88' lang='lat' dir='ltr'><strong>ultionis</strong></span> <span class='ocrx_word' id='word_1_44' title='bbox 1237 726 1249 773; x_wconf 91' lang='lat'><strong>;</strong></span> <span class='ocrx_word' id='word_1_45' title='bbox 1277 708 1398 771; x_wconf 87' lang='lat' dir='ltr'><strong>llos,</strong></span> <span class='ocrx_word' id='word_1_46' title='bbox 1444 706 1690 776; x_wconf 89' lang='lat' dir='ltr'><strong>inquam,</strong></span> <span class='ocrx_word' id='word_1_47' title='bbox 1733 703 1884 758; x_wconf 89' lang='lat' dir='ltr'><strong>velut</strong></span> <span class='ocrx_word' id='word_1_48' title='bbox 1925 701 2053 756; x_wconf 88' lang='lat' dir='ltr'><strong>ﬁdei</strong></span> 
     </span>
    </p>
   </div>
   <div class='ocr_carea' id='block_1_9' title="bbox 479 796 1806 871">
    <p class='ocr_par' dir='ltr' id='par_1_9' title="bbox 479 796 1806 871">
     <span class='ocr_line' id='line_1_9' title="bbox 479 796 1806 871; baseline -0.008 -9"><span class='ocrx_word' id='word_1_49' title='bbox 479 810 684 871; x_wconf 81' lang='lat' dir='ltr'><strong>hostes,</strong></span> <span class='ocrx_word' id='word_1_50' title='bbox 716 804 938 859; x_wconf 83' lang='lat' dir='ltr'><strong>fallente</strong></span> <span class='ocrx_word' id='word_1_51' title='bbox 974 802 1112 866; x_wconf 83' lang='lat' dir='ltr'><strong>zelo,</strong></span> <span class='ocrx_word' id='word_1_52' title='bbox 1147 798 1516 871; x_wconf 86' lang='lat' dir='ltr'><strong>proﬁigandos</strong></span> <span class='ocrx_word' id='word_1_53' title='bbox 1545 796 1806 866; x_wconf 85' lang='lat' dir='ltr'><strong>suscepit.</strong></span> 
     </span>
    </p>
   </div>
   <div class='ocr_carea' id='block_1_10' title="bbox 549 883 2051 963">
    <p class='ocr_par' dir='ltr' id='par_1_10' title="bbox 549 883 2051 963">
     <span class='ocr_line' id='line_1_10' title="bbox 549 883 2051 963; baseline -0.01 -11"><span class='ocrx_word' id='word_1_54' title='bbox 549 895 713 952; x_wconf 89' lang='lat' dir='ltr'><strong>XXII.</strong></span> <span class='ocrx_word' id='word_1_55' title='bbox 731 893 1022 949; x_wconf 83' lang='lat' dir='ltr'><strong>Eranisten</strong></span> <span class='ocrx_word' id='word_1_56' title='bbox 1044 892 1212 963; x_wconf 82' lang='lat' dir='ltr'><strong>igitur</strong></span> <span class='ocrx_word' id='word_1_57' title='bbox 1232 888 1533 945; x_wconf 79' lang='lat' dir='ltr'><strong>elaboravit</strong></span> <span class='ocrx_word' id='word_1_58' title='bbox 1558 896 1806 958; x_wconf 86' lang='lat' dir='ltr'><strong>tempore</strong></span> <span class='ocrx_word' id='word_1_59' title='bbox 1823 883 2051 939; x_wconf 89' lang='lat' dir='ltr'><strong>manda-</strong></span> 
     </span>
    </p>
   </div>
   <div class='ocr_carea' id='block_1_11' title="bbox 480 972 2049 1053">
    <p class='ocr_par' dir='ltr' id='par_1_11' title="bbox 480 972 2049 1053">
     <span class='ocr_line' id='line_1_11' title="bbox 480 972 2049 1053; baseline -0.008 -12"><span class='ocrx_word' id='word_1_60' title='bbox 480 997 595 1041; x_wconf 88' lang='lat' dir='ltr'><strong>tum</strong></span> <span class='ocrx_word' id='word_1_61' title='bbox 642 982 995 1053; x_wconf 83' lang='lat' dir='ltr'><strong>imperatoris</strong></span> <span class='ocrx_word' id='word_1_62' title='bbox 1028 996 1153 1036; x_wconf 81' lang='lat' dir='ltr'><strong>mox</strong></span> <span class='ocrx_word' id='word_1_63' title='bbox 1182 989 1467 1050; x_wconf 89' lang='lat' dir='ltr'><strong>sequente,</strong></span> <span class='ocrx_word' id='word_1_64' title='bbox 1507 978 1561 1032; x_wconf 90' lang='lat' dir='ltr'><strong>id</strong></span> <span class='ocrx_word' id='word_1_65' title='bbox 1598 985 1700 1040; x_wconf 91' lang='lat' dir='ltr'><strong>est,</strong></span> <span class='ocrx_word' id='word_1_66' title='bbox 1746 990 1889 1031; x_wconf 88' lang='lat' dir='ltr'><strong>anno</strong></span> <span class='ocrx_word' id='word_1_67' title='bbox 1925 972 2049 1029; x_wconf 67' lang='grc'><strong>446.</strong></span> 
     </span>
    </p>
   </div>
   <div class='ocr_carea' id='block_1_12' title="bbox 478 1062 2052 1143">
    <p class='ocr_par' dir='ltr' id='par_1_12' title="bbox 478 1062 2052 1143">
     <span class='ocr_line' id='line_1_12' title="bbox 478 1062 2052 1143; baseline -0.009 -11"><span class='ocrx_word' id='word_1_68' title='bbox 478 1073 813 1138; x_wconf 83' lang='lat' dir='ltr'><strong>Elaboravit,</strong></span> <span class='ocrx_word' id='word_1_69' title='bbox 865 1073 1274 1143; x_wconf 88' lang='lat' dir='ltr'><strong>inquam;nam</strong></span> <span class='ocrx_word' id='word_1_70' title='bbox 1313 1076 1426 1124; x_wconf 89' lang='lat' dir='ltr'><strong>tota</strong></span> <span class='ocrx_word' id='word_1_71' title='bbox 1464 1082 1597 1124; x_wconf 88' lang='lat' dir='ltr'><strong>usus</strong></span> <span class='ocrx_word' id='word_1_72' title='bbox 1642 1074 1727 1122; x_wconf 91' lang='lat' dir='ltr'><strong>est</strong></span> <span class='ocrx_word' id='word_1_73' title='bbox 1765 1064 1819 1119; x_wconf 92' lang='lat' dir='ltr'><strong>vi</strong></span> <span class='ocrx_word' id='word_1_74' title='bbox 1854 1062 2052 1119; x_wconf 90' lang='lat' dir='ltr'><strong>mentis</strong></span> 
     </span>
    </p>
   </div>
   <div class='ocr_carea' id='block_1_13' title="bbox 478 1156 2055 1235">
    <p class='ocr_par' dir='ltr' id='par_1_13' title="bbox 478 1156 2055 1235">
     <span class='ocr_line' id='line_1_13' title="bbox 478 1156 2055 1235; baseline -0.009 -13"><span class='ocrx_word' id='word_1_75' title='bbox 478 1182 612 1230; x_wconf 66' lang='lat' dir='ltr'><strong>sum,</strong></span> <span class='ocrx_word' id='word_1_76' title='bbox 654 1173 897 1235; x_wconf 89' lang='lat' dir='ltr'><strong>totaque,</strong></span> <span class='ocrx_word' id='word_1_77' title='bbox 925 1179 1032 1233; x_wconf 86' lang='lat' dir='ltr'><strong>qua</strong></span> <span class='ocrx_word' id='word_1_78' title='bbox 1054 1162 1270 1217; x_wconf 88' lang='lat' dir='ltr'><strong>valebat</strong></span> <span class='ocrx_word' id='word_1_79' title='bbox 1295 1160 1617 1231; x_wconf 91' lang='lat' dir='ltr'><strong>plurimum,</strong></span> <span class='ocrx_word' id='word_1_80' title='bbox 1648 1168 1766 1213; x_wconf 85' lang='lat' dir='ltr'><strong>arte</strong></span> <span class='ocrx_word' id='word_1_81' title='bbox 1791 1156 1858 1210; x_wconf 91' lang='lat' dir='ltr'><strong>ad</strong></span> <span class='ocrx_word' id='word_1_82' title='bbox 1884 1157 2055 1209; x_wconf 86' lang='lat' dir='ltr'><strong>lecto-</strong></span> 
     </span>
    </p>
   </div>
   <div class='ocr_carea' id='block_1_14' title="bbox 479 1247 2052 1324">
    <p class='ocr_par' dir='ltr' id='par_1_14' title="bbox 479 1247 2052 1324">
     <span class='ocr_line' id='line_1_14' title="bbox 479 1247 2052 1324; baseline -0.009 -11"><span class='ocrx_word' id='word_1_83' title='bbox 479 1274 605 1313; x_wconf 88' lang='lat' dir='ltr'><strong>rum</strong></span> <span class='ocrx_word' id='word_1_84' title='bbox 643 1258 858 1312; x_wconf 88' lang='lat' dir='ltr'><strong>animos</strong></span> <span class='ocrx_word' id='word_1_85' title='bbox 893 1254 1047 1309; x_wconf 85' lang='lat' dir='ltr'><strong>suavi</strong></span> <span class='ocrx_word' id='word_1_86' title='bbox 1102 1252 1337 1324; x_wconf 81' lang='lat' dir='ltr'><strong>quadam</strong></span> <span class='ocrx_word' id='word_1_87' title='bbox 1372 1250 1630 1321; x_wconf 83' lang='lat' dir='ltr'><strong>facilique</strong></span> <span class='ocrx_word' id='word_1_88' title='bbox 1685 1247 2052 1303; x_wconf 88' lang='lat' dir='ltr'><strong>collocutione</strong></span> 
     </span>
    </p>
   </div>
   <div class='ocr_carea' id='block_1_15' title="bbox 477 1334 2053 1418">
    <p class='ocr_par' dir='ltr' id='par_1_15' title="bbox 477 1334 2053 1418">
     <span class='ocr_line' id='line_1_15' title="bbox 477 1334 2053 1418; baseline -0.008 -17"><span class='ocrx_word' id='word_1_89' title='bbox 477 1346 657 1418; x_wconf 90' lang='lat' dir='ltr'><strong>primo</strong></span> <span class='ocrx_word' id='word_1_90' title='bbox 703 1343 861 1414; x_wconf 89' lang='lat' dir='ltr'><strong>quasi</strong></span> <span class='ocrx_word' id='word_1_91' title='bbox 906 1341 1275 1405; x_wconf 85' lang='lat' dir='ltr'><strong>fascinandos,</strong></span> <span class='ocrx_word' id='word_1_92' title='bbox 1325 1338 1523 1393; x_wconf 89' lang='lat' dir='ltr'><strong>deinde</strong></span> <span class='ocrx_word' id='word_1_93' title='bbox 1570 1336 1686 1392; x_wconf 87' lang='lat' dir='ltr'><strong>suis</strong></span> <span class='ocrx_word' id='word_1_94' title='bbox 1725 1334 2053 1407; x_wconf 78' lang='lat' dir='ltr'><strong>syllogismis</strong></span> 
     </span>
    </p>
   </div>
   <div class='ocr_carea' id='block_1_16' title="bbox 479 1426 2051 1508">
    <p class='ocr_par' dir='ltr' id='par_1_16' title="bbox 479 1426 2051 1508">
     <span class='ocr_line' id='line_1_16' title="bbox 479 1426 2051 1508; baseline -0.008 -16"><span class='ocrx_word' id='word_1_95' title='bbox 479 1435 876 1508; x_wconf 89' lang='lat' dir='ltr'><strong>illaqueandos,</strong></span> <span class='ocrx_word' id='word_1_96' title='bbox 916 1444 978 1489; x_wconf 90' lang='lat' dir='ltr'><strong>ut</strong></span> <span class='ocrx_word' id='word_1_97' title='bbox 1014 1435 1117 1489; x_wconf 87' lang='lat' dir='ltr'><strong>sibi</strong></span> <span class='ocrx_word' id='word_1_98' title='bbox 1155 1432 1499 1493; x_wconf 85' lang='lat' dir='ltr'><strong>viderentur,</strong></span> <span class='ocrx_word' id='word_1_99' title='bbox 1543 1429 1599 1482; x_wconf 88' lang='lat' dir='ltr'><strong>in</strong></span> <span class='ocrx_word' id='word_1_100' title='bbox 1654 1437 1835 1498; x_wconf 87' lang='lat' dir='ltr'><strong>partes</strong></span> <span class='ocrx_word' id='word_1_101' title='bbox 1879 1426 2051 1481; x_wconf 89' lang='lat' dir='ltr'><strong>collo-</strong></span> 
     </span>
    </p>
   </div>
   <div class='ocr_carea' id='block_1_17' title="bbox 477 1520 2049 1602">
    <p class='ocr_par' dir='ltr' id='par_1_17' title="bbox 477 1520 2049 1602">
     <span class='ocr_line' id='line_1_17' title="bbox 477 1520 2049 1602; baseline -0.009 -16"><span class='ocrx_word' id='word_1_102' title='bbox 477 1536 710 1602; x_wconf 82' lang='lat' dir='ltr'><strong>quentes</strong></span> <span class='ocrx_word' id='word_1_103' title='bbox 746 1544 857 1584; x_wconf 90' lang='lat' dir='ltr'><strong>non</strong></span> <span class='ocrx_word' id='word_1_104' title='bbox 889 1528 1066 1582; x_wconf 85' lang='lat' dir='ltr'><strong>aliena</strong></span> <span class='ocrx_word' id='word_1_105' title='bbox 1116 1525 1331 1580; x_wconf 83' lang='lat' dir='ltr'><strong>ratione</strong></span> <span class='ocrx_word' id='word_1_106' title='bbox 1381 1521 1531 1586; x_wconf 90' lang='lat' dir='ltr'><strong>duci,</strong></span> <span class='ocrx_word' id='word_1_107' title='bbox 1580 1520 1677 1576; x_wconf 92' lang='lat' dir='ltr'><strong>sed</strong></span> <span class='ocrx_word' id='word_1_108' title='bbox 1717 1526 1911 1590; x_wconf 83' lang='lat' dir='ltr'><strong>sponte</strong></span> <span class='ocrx_word' id='word_1_109' title='bbox 1952 1534 2049 1573; x_wconf 91' lang='lat' dir='ltr'><strong>sua</strong></span> 
     </span>
    </p>
   </div>
   <div class='ocr_carea' id='block_1_18' title="bbox 479 1637 685 1678">
    <p class='ocr_par' dir='ltr' id='par_1_18' title="bbox 479 1637 685 1678">
     <span class='ocr_line' id='line_1_18' title="bbox 479 1637 685 1678; baseline -0.015 0"><span class='ocrx_word' id='word_1_110' title='bbox 479 1637 685 1678; x_wconf 85' lang='lat' dir='ltr'><strong>ventre.</strong></span> 
     </span>
    </p>
   </div>
   <div class='ocr_carea' id='block_1_19' title="bbox 547 1700 2052 1783">
    <p class='ocr_par' dir='ltr' id='par_1_19' title="bbox 547 1700 2052 1783">
     <span class='ocr_line' id='line_1_19' title="bbox 547 1700 2052 1783; baseline -0.009 -14"><span class='ocrx_word' id='word_1_111' title='bbox 547 1712 706 1783; x_wconf 77' lang='lat'><strong>391</strong></span> <span class='ocrx_word' id='word_1_112' title='bbox 745 1709 936 1765; x_wconf 91' lang='lat' dir='ltr'><strong>XXIII.</strong></span> <span class='ocrx_word' id='word_1_113' title='bbox 974 1707 1169 1777; x_wconf 88' lang='lat' dir='ltr'><strong>Operis</strong></span> <span class='ocrx_word' id='word_1_114' title='bbox 1209 1720 1374 1776; x_wconf 88' lang='lat' dir='ltr'><strong>porro</strong></span> <span class='ocrx_word' id='word_1_115' title='bbox 1406 1704 1594 1767; x_wconf 86' lang='lat' dir='ltr'><strong>totius,</strong></span> <span class='ocrx_word' id='word_1_116' title='bbox 1632 1702 1778 1773; x_wconf 84' lang='lat' dir='ltr'><strong>quod</strong></span> <span class='ocrx_word' id='word_1_117' title='bbox 1821 1700 2052 1772; x_wconf 79' lang='lat' dir='ltr'><strong>dialogis</strong></span> 
     </span>
    </p>
   </div>
   <div class='ocr_carea' id='block_1_20' title="bbox 479 1790 2053 1869">
    <p class='ocr_par' dir='ltr' id='par_1_20' title="bbox 479 1790 2053 1869">
     <span class='ocr_line' id='line_1_20' title="bbox 479 1790 2053 1869; baseline -0.008 -12"><span class='ocrx_word' id='word_1_118' title='bbox 479 1803 658 1857; x_wconf 89' lang='lat' dir='ltr'><strong>tribus</strong></span> <span class='ocrx_word' id='word_1_119' title='bbox 689 1810 746 1855; x_wconf 85' lang='lat' dir='ltr'><strong>et</strong></span> <span class='ocrx_word' id='word_1_120' title='bbox 773 1815 886 1854; x_wconf 87' lang='lat' dir='ltr'><strong>uno</strong></span> <span class='ocrx_word' id='word_1_121' title='bbox 913 1795 1354 1869; x_wconf 76' lang='lat' dir='ltr'><strong>syllogismorum</strong></span> <span class='ocrx_word' id='word_1_122' title='bbox 1392 1794 1537 1848; x_wconf 86' lang='lat' dir='ltr'><strong>libro</strong></span> <span class='ocrx_word' id='word_1_123' title='bbox 1566 1791 1897 1856; x_wconf 80' lang='lat' dir='ltr'><strong>absolvitur,</strong></span> <span class='ocrx_word' id='word_1_124' title='bbox 1934 1790 2053 1845; x_wconf 61' lang='lat' dir='ltr'><strong>haec</strong></span> 
     </span>
    </p>
   </div>
   <div class='ocr_carea' id='block_1_21' title="bbox 478 1881 2051 1960">
    <p class='ocr_par' dir='ltr' id='par_1_21' title="bbox 478 1881 2051 1960">
     <span class='ocr_line' id='line_1_21' title="bbox 478 1881 2051 1960; baseline -0.009 -13"><span class='ocrx_word' id='word_1_125' title='bbox 478 1901 584 1955; x_wconf 90' lang='lat' dir='ltr'><strong>est,</strong></span> <span class='ocrx_word' id='word_1_126' title='bbox 624 1901 684 1946; x_wconf 90' lang='lat' dir='ltr'><strong>ut</strong></span> <span class='ocrx_word' id='word_1_127' title='bbox 709 1892 821 1960; x_wconf 84' lang='lat' dir='ltr'><strong>jam</strong></span> <span class='ocrx_word' id='word_1_128' title='bbox 865 1905 932 1943; x_wconf 84' lang='lat' dir='ltr'><strong>ex</strong></span> <span class='ocrx_word' id='word_1_129' title='bbox 964 1897 1117 1958; x_wconf 89' lang='lat' dir='ltr'><strong>parte</strong></span> <span class='ocrx_word' id='word_1_130' title='bbox 1164 1886 1372 1941; x_wconf 89' lang='lat' dir='ltr'><strong>dictum</strong></span> <span class='ocrx_word' id='word_1_131' title='bbox 1412 1894 1519 1949; x_wconf 90' lang='lat' dir='ltr'><strong>est,</strong></span> <span class='ocrx_word' id='word_1_132' title='bbox 1550 1883 1866 1939; x_wconf 86' lang='lat' dir='ltr'><strong>lllelhodus.</strong></span> <span class='ocrx_word' id='word_1_133' title='bbox 1913 1881 2051 1937; x_wconf 90' lang='lat' dir='ltr'><strong>Cum</strong></span> 
     </span>
    </p>
   </div>
   <div class='ocr_carea' id='block_1_22' title="bbox 479 1968 2049 2048">
    <p class='ocr_par' dir='ltr' id='par_1_22' title="bbox 479 1968 2049 2048">
     <span class='ocr_line' id='line_1_22' title="bbox 479 1968 2049 2048; baseline -0.007 -14"><span class='ocrx_word' id='word_1_134' title='bbox 479 1981 585 2034; x_wconf 87' lang='lat' dir='ltr'><strong>tria</strong></span> <span class='ocrx_word' id='word_1_135' title='bbox 605 1979 708 2034; x_wconf 91' lang='lat' dir='ltr'><strong>sibi</strong></span> <span class='ocrx_word' id='word_1_136' title='bbox 731 1979 982 2048; x_wconf 80' lang='lat' dir='ltr'><strong>dogmata</strong></span> <span class='ocrx_word' id='word_1_137' title='bbox 1004 1976 1400 2046; x_wconf 81' lang='lat' dir='ltr'><strong>proposuisset,</strong></span> <span class='ocrx_word' id='word_1_138' title='bbox 1423 1989 1529 2028; x_wconf 91' lang='lat' dir='ltr'><strong>non</strong></span> <span class='ocrx_word' id='word_1_139' title='bbox 1554 1970 1835 2043; x_wconf 85' lang='lat' dir='ltr'><strong>probanda</strong></span> <span class='ocrx_word' id='word_1_140' title='bbox 1867 1968 2049 2033; x_wconf 88' lang='lat' dir='ltr'><strong>modo,</strong></span> 
     </span>
    </p>
   </div>
   <div class='ocr_carea' id='block_1_23' title="bbox 475 2061 2048 2136">
    <p class='ocr_par' dir='ltr' id='par_1_23' title="bbox 475 2061 2048 2136">
     <span class='ocr_line' id='line_1_23' title="bbox 475 2061 2048 2136; baseline -0.006 -12"><span class='ocrx_word' id='word_1_141' title='bbox 475 2067 571 2125; x_wconf 83' lang='lat' dir='ltr'><strong>sed</strong></span> <span class='ocrx_word' id='word_1_142' title='bbox 602 2068 790 2131; x_wconf 88' lang='lat' dir='ltr'><strong>etiam,</strong></span> <span class='ocrx_word' id='word_1_143' title='bbox 826 2076 887 2121; x_wconf 91' lang='lat' dir='ltr'><strong>ut</strong></span> <span class='ocrx_word' id='word_1_144' title='bbox 916 2066 1033 2136; x_wconf 83' lang='lat' dir='ltr'><strong>ipse</strong></span> <span class='ocrx_word' id='word_1_145' title='bbox 1062 2066 1284 2135; x_wconf 85' lang='lat' dir='ltr'><strong>quidem</strong></span> <span class='ocrx_word' id='word_1_146' title='bbox 1315 2065 1581 2134; x_wconf 88' lang='lat' dir='ltr'><strong>loquitur,</strong></span> <span class='ocrx_word' id='word_1_147' title='bbox 1602 2061 2048 2125; x_wconf 88' lang='lat' dir='ltr'><strong>demonstranda,</strong></span> 
     </span>
    </p>
   </div>
   <div class='ocr_carea' id='block_1_24' title="bbox 476 2152 2051 2217">
    <p class='ocr_par' dir='ltr' id='par_1_24' title="bbox 476 2152 2051 2217">
     <span class='ocr_line' id='line_1_24' title="bbox 476 2152 2051 2217; baseline -0.008 -2"><span class='ocrx_word' id='word_1_148' title='bbox 476 2159 547 2215; x_wconf 87' lang='lat' dir='ltr'><strong>de</strong></span> <span class='ocrx_word' id='word_1_149' title='bbox 582 2156 750 2212; x_wconf 82' lang='lat' dir='ltr'><strong>Verbi</strong></span> <span class='ocrx_word' id='word_1_150' title='bbox 796 2154 1262 2217; x_wconf 87' lang='lat' dir='ltr'><strong>ilnmutabilitate,</strong></span> <span class='ocrx_word' id='word_1_151' title='bbox 1304 2157 1372 2208; x_wconf 88' lang='lat' dir='ltr'><strong>de</strong></span> <span class='ocrx_word' id='word_1_152' title='bbox 1406 2152 1694 2208; x_wconf 85' lang='lat' dir='ltr'><strong>inconfusa</strong></span> <span class='ocrx_word' id='word_1_153' title='bbox 1731 2160 2051 2204; x_wconf 84' lang='lat' dir='ltr'><strong>naturarum</strong></span> 
     </span>
    </p>
   </div>
   <div class='ocr_carea' id='block_1_25' title="bbox 478 2241 2050 2316">
    <p class='ocr_par' dir='ltr' id='par_1_25' title="bbox 478 2241 2050 2316">
     <span class='ocr_line' id='line_1_25' title="bbox 478 2241 2050 2316; baseline -0.006 -12"><span class='ocrx_word' id='word_1_154' title='bbox 478 2247 702 2311; x_wconf 86' lang='lat' dir='ltr'><strong>unione,</strong></span> <span class='ocrx_word' id='word_1_155' title='bbox 724 2254 780 2300; x_wconf 93' lang='lat' dir='ltr'><strong>et</strong></span> <span class='ocrx_word' id='word_1_156' title='bbox 797 2244 1235 2316; x_wconf 88' lang='lat' dir='ltr'><strong>impassibilitate</strong></span> <span class='ocrx_word' id='word_1_157' title='bbox 1264 2243 1591 2307; x_wconf 87' lang='lat' dir='ltr'><strong>divinitatis,</strong></span> <span class='ocrx_word' id='word_1_158' title='bbox 1624 2241 1837 2312; x_wconf 89' lang='lat' dir='ltr'><strong>singula</strong></span> <span class='ocrx_word' id='word_1_159' title='bbox 1860 2241 2050 2310; x_wconf 90' lang='lat' dir='ltr'><strong>singu-</strong></span> 
     </span>
    </p>
   </div>
   <div class='ocr_carea' id='block_1_26' title="bbox 475 2332 2050 2407">
    <p class='ocr_par' dir='ltr' id='par_1_26' title="bbox 475 2332 2050 2407">
     <span class='ocr_line' id='line_1_26' title="bbox 475 2332 2050 2407; baseline -0.007 -13"><span class='ocrx_word' id='word_1_160' title='bbox 475 2339 546 2394; x_wconf 88' lang='lat' dir='ltr'><strong>lis</strong></span> <span class='ocrx_word' id='word_1_161' title='bbox 569 2336 801 2407; x_wconf 81' lang='lat' dir='ltr'><strong>dialogis</strong></span> <span class='ocrx_word' id='word_1_162' title='bbox 827 2336 1041 2390; x_wconf 81' lang='lat' dir='ltr'><strong>ratione</strong></span> <span class='ocrx_word' id='word_1_163' title='bbox 1069 2335 1335 2404; x_wconf 89' lang='lat' dir='ltr'><strong>primum,</strong></span> <span class='ocrx_word' id='word_1_164' title='bbox 1376 2332 1577 2387; x_wconf 90' lang='lat' dir='ltr'><strong>deinde</strong></span> <span class='ocrx_word' id='word_1_165' title='bbox 1601 2332 1827 2386; x_wconf 86' lang='lat' dir='ltr'><strong>Patrum</strong></span> <span class='ocrx_word' id='word_1_166' title='bbox 1858 2338 2050 2384; x_wconf 81' lang='lat' dir='ltr'><strong>aucto-</strong></span> 
     </span>
    </p>
   </div>
   <div class='ocr_carea' id='block_1_27' title="bbox 475 2420 2052 2493">
    <p class='ocr_par' dir='ltr' id='par_1_27' title="bbox 475 2420 2052 2493">
     <span class='ocr_line' id='line_1_27' title="bbox 475 2420 2052 2493; baseline -0.006 -9"><span class='ocrx_word' id='word_1_167' title='bbox 475 2431 637 2485; x_wconf 84' lang='lat' dir='ltr'><strong>ritate</strong></span> <span class='ocrx_word' id='word_1_168' title='bbox 678 2427 1003 2493; x_wconf 78' lang='lat' dir='ltr'><strong>conﬁrmat,</strong></span> <span class='ocrx_word' id='word_1_169' title='bbox 1043 2435 1105 2481; x_wconf 86' lang='lat' dir='ltr'><strong>ut</strong></span> <span class='ocrx_word' id='word_1_170' title='bbox 1144 2440 1257 2480; x_wconf 89' lang='lat' dir='ltr'><strong>non</strong></span> <span class='ocrx_word' id='word_1_171' title='bbox 1300 2431 1408 2478; x_wconf 87' lang='lat' dir='ltr'><strong>tam</strong></span> <span class='ocrx_word' id='word_1_172' title='bbox 1453 2439 1628 2487; x_wconf 91' lang='lat' dir='ltr'><strong>suam,</strong></span> <span class='ocrx_word' id='word_1_173' title='bbox 1672 2437 1836 2492; x_wconf 90' lang='lat' dir='ltr'><strong>quam</strong></span> <span class='ocrx_word' id='word_1_174' title='bbox 1885 2420 2052 2476; x_wconf 89' lang='lat' dir='ltr'><strong>totius</strong></span> 
     </span>
    </p>
   </div>
   <div class='ocr_carea' id='block_1_28' title="bbox 473 2512 2047 2578">
    <p class='ocr_par' dir='ltr' id='par_1_28' title="bbox 473 2512 2047 2578">
     <span class='ocr_line' id='line_1_28' title="bbox 473 2512 2047 2578; baseline -0.008 0"><span class='ocrx_word' id='word_1_175' title='bbox 473 2522 626 2578; x_wconf 86' lang='lat' dir='ltr'><strong>orbis</strong></span> <span class='ocrx_word' id='word_1_176' title='bbox 676 2520 977 2577; x_wconf 86' lang='lat' dir='ltr'><strong>Christiani</strong></span> <span class='ocrx_word' id='word_1_177' title='bbox 1047 2518 1354 2574; x_wconf 89' lang='lat' dir='ltr'><strong>doctrinam</strong></span> <span class='ocrx_word' id='word_1_178' title='bbox 1405 2515 1625 2569; x_wconf 86' lang='lat' dir='ltr'><strong>tradere</strong></span> <span class='ocrx_word' id='word_1_179' title='bbox 1689 2513 1944 2567; x_wconf 86' lang='lat' dir='ltr'><strong>videatur</strong></span> <span class='ocrx_word' id='word_1_180' title='bbox 1979 2512 2047 2565; x_wconf 80' lang='lat'><strong>&quot;.</strong></span> 
     </span>
    </p>
   </div>
   <div class='ocr_carea' id='block_1_29' title="bbox 471 2602 2048 2682">
    <p class='ocr_par' dir='ltr' id='par_1_29' title="bbox 471 2602 2048 2682">
     <span class='ocr_line' id='line_1_29' title="bbox 471 2602 2048 2682; baseline -0.01 -12"><span class='ocrx_word' id='word_1_181' title='bbox 471 2614 662 2670; x_wconf 88' lang='lat' dir='ltr'><strong>Patres</strong></span> <span class='ocrx_word' id='word_1_182' title='bbox 693 2612 840 2668; x_wconf 90' lang='lat' dir='ltr'><strong>enim</strong></span> <span class='ocrx_word' id='word_1_183' title='bbox 876 2610 1153 2682; x_wconf 83' lang='lat' dir='ltr'><strong>producit,</strong></span> <span class='ocrx_word' id='word_1_184' title='bbox 1189 2608 1284 2680; x_wconf 90' lang='lat' dir='ltr'><strong>qui</strong></span> <span class='ocrx_word' id='word_1_185' title='bbox 1317 2622 1509 2663; x_wconf 90' lang='lat' dir='ltr'><strong>omnes</strong></span> <span class='ocrx_word' id='word_1_186' title='bbox 1540 2605 1728 2660; x_wconf 90' lang='lat' dir='ltr'><strong>mundi</strong></span> <span class='ocrx_word' id='word_1_187' title='bbox 1761 2612 1945 2674; x_wconf 89' lang='lat' dir='ltr'><strong>partes</strong></span> <span class='ocrx_word' id='word_1_188' title='bbox 1982 2602 2048 2656; x_wconf 90' lang='lat' dir='ltr'><strong>il-</strong></span> 
     </span>
    </p>
   </div>
   <div class='ocr_carea' id='block_1_30' title="bbox 471 2693 2051 2773">
    <p class='ocr_par' dir='ltr' id='par_1_30' title="bbox 471 2693 2051 2773">
     <span class='ocr_line' id='line_1_30' title="bbox 471 2693 2051 2773; baseline -0.009 -12"><span class='ocrx_word' id='word_1_189' title='bbox 471 2707 801 2769; x_wconf 86' lang='lat' dir='ltr'><strong>lustrarunt,</strong></span> <span class='ocrx_word' id='word_1_190' title='bbox 821 2703 1023 2773; x_wconf 89' lang='lat' dir='ltr'><strong>quibus</strong></span> <span class='ocrx_word' id='word_1_191' title='bbox 1039 2703 1218 2771; x_wconf 89' lang='lat' dir='ltr'><strong>ipsum</strong></span> <span class='ocrx_word' id='word_1_192' title='bbox 1245 2701 1412 2755; x_wconf 90' lang='lat' dir='ltr'><strong>etiam</strong></span> <span class='ocrx_word' id='word_1_193' title='bbox 1432 2696 1832 2769; x_wconf 78' lang='lat' dir='ltr'><strong>Apollinarium</strong></span> <span class='ocrx_word' id='word_1_194' title='bbox 1857 2693 2051 2748; x_wconf 88' lang='lat' dir='ltr'><strong>adver-</strong></span> 
     </span>
    </p>
   </div>
   <div class='ocr_carea' id='block_1_31' title="bbox 473 2786 2049 2866">
    <p class='ocr_par' dir='ltr' id='par_1_31' title="bbox 473 2786 2049 2866">
     <span class='ocr_line' id='line_1_31' title="bbox 473 2786 2049 2866; baseline -0.009 -13"><span class='ocrx_word' id='word_1_195' title='bbox 473 2797 742 2853; x_wconf 82' lang='lat' dir='ltr'><strong>sariorum</strong></span> <span class='ocrx_word' id='word_1_196' title='bbox 781 2795 1107 2866; x_wconf 86' lang='lat' dir='ltr'><strong>magistrum</strong></span> <span class='ocrx_word' id='word_1_197' title='bbox 1148 2791 1301 2847; x_wconf 82' lang='lat' dir='ltr'><strong>addit</strong></span> <span class='ocrx_word' id='word_1_198' title='bbox 1349 2808 1362 2845; x_wconf 92' lang='lat'><strong>:</strong></span> <span class='ocrx_word' id='word_1_199' title='bbox 1396 2790 1634 2860; x_wconf 89' lang='lat' dir='ltr'><strong>denique</strong></span> <span class='ocrx_word' id='word_1_200' title='bbox 1668 2787 1815 2858; x_wconf 91' lang='lat' dir='ltr'><strong>quod</strong></span> <span class='ocrx_word' id='word_1_201' title='bbox 1857 2786 2049 2841; x_wconf 81' lang='lat' dir='ltr'><strong>fusiori</strong></span> 
     </span>
    </p>
   </div>
   <div class='ocr_carea' id='block_1_32' title="bbox 471 2877 2049 2955">
    <p class='ocr_par' dir='ltr' id='par_1_32' title="bbox 471 2877 2049 2955">
     <span class='ocr_line' id='line_1_32' title="bbox 471 2877 2049 2955; baseline -0.008 -13"><span class='ocrx_word' id='word_1_202' title='bbox 471 2886 721 2943; x_wconf 89' lang='lat' dir='ltr'><strong>oratione</strong></span> <span class='ocrx_word' id='word_1_203' title='bbox 764 2886 822 2940; x_wconf 87' lang='lat' dir='ltr'><strong>in</strong></span> <span class='ocrx_word' id='word_1_204' title='bbox 866 2884 1100 2955; x_wconf 77' lang='lat' dir='ltr'><strong>dialogis</strong></span> <span class='ocrx_word' id='word_1_205' title='bbox 1147 2882 1518 2945; x_wconf 87' lang='lat' dir='ltr'><strong>disseruerat,</strong></span> <span class='ocrx_word' id='word_1_206' title='bbox 1580 2878 1857 2934; x_wconf 90' lang='lat' dir='ltr'><strong>contrahit</strong></span> <span class='ocrx_word' id='word_1_207' title='bbox 1906 2877 2049 2931; x_wconf 88' lang='lat' dir='ltr'><strong>libro</strong></span> 
     </span>
    </p>
   </div>
   <div class='ocr_carea' id='block_1_33' title="bbox 470 2967 2118 3073">
    <p class='ocr_par' dir='ltr' id='par_1_33' title="bbox 470 2967 2118 3073">
     <span class='ocr_line' id='line_1_33' title="bbox 470 2967 2118 3073; baseline -0.007 -40"><span class='ocrx_word' id='word_1_208' title='bbox 470 2985 668 3048; x_wconf 85' lang='lat' dir='ltr'><strong>quarto</strong></span> <span class='ocrx_word' id='word_1_209' title='bbox 704 2977 760 3031; x_wconf 90' lang='lat' dir='ltr'><strong>in</strong></span> <span class='ocrx_word' id='word_1_210' title='bbox 797 2974 1162 3048; x_wconf 76' lang='lat' dir='ltr'><strong>syllogismos,</strong></span> <span class='ocrx_word' id='word_1_211' title='bbox 1184 2972 1387 3043; x_wconf 91' lang='lat' dir='ltr'><strong>quibus</strong></span> <span class='ocrx_word' id='word_1_212' title='bbox 1413 2986 1531 3027; x_wconf 87' lang='lat' dir='ltr'><strong>rem</strong></span> <span class='ocrx_word' id='word_1_213' title='bbox 1561 2968 1807 3033; x_wconf 89' lang='lat' dir='ltr'><strong>omnino,</strong></span> <span class='ocrx_word' id='word_1_214' title='bbox 1844 2977 1905 3023; x_wconf 87' lang='lat' dir='ltr'><strong>ut</strong></span> <span class='ocrx_word' id='word_1_215' title='bbox 1928 2967 2049 3038; x_wconf 89' lang='lat' dir='ltr'><strong>qui-</strong></span> <span class='ocrx_word' id='word_1_216' title='bbox 2075 3013 2118 3073; x_wconf 62' lang='grc' dir='ltr'>ϐ</span> 
     </span>
    </p>
   </div>
   <div class='ocr_carea' id='block_1_34' title="bbox 470 3061 1504 3136">
    <p class='ocr_par' dir='ltr' id='par_1_34' title="bbox 470 3061 1504 3136">
     <span class='ocr_line' id='line_1_34' title="bbox 470 3061 1504 3136; baseline -0.008 -12"><span class='ocrx_word' id='word_1_217' title='bbox 470 3070 595 3124; x_wconf 88' lang='lat' dir='ltr'><strong>dem</strong></span> <span class='ocrx_word' id='word_1_218' title='bbox 630 3067 734 3123; x_wconf 91' lang='lat' dir='ltr'><strong>sibi</strong></span> <span class='ocrx_word' id='word_1_219' title='bbox 766 3065 990 3122; x_wconf 86' lang='lat' dir='ltr'><strong>videtur</strong></span> <span class='ocrx_word' id='word_1_220' title='bbox 1015 3080 1196 3136; x_wconf 90' lang='lat' dir='ltr'><strong>posse,</strong></span> <span class='ocrx_word' id='word_1_221' title='bbox 1229 3061 1504 3118; x_wconf 79' lang='lat' dir='ltr'><strong>conficiat.</strong></span> 
     </span>
    </p>
   </div>
   <div class='ocr_carea' id='block_1_35' title="bbox 542 3154 2045 3220">
    <p class='ocr_par' dir='ltr' id='par_1_35' title="bbox 542 3154 2045 3220">
     <span class='ocr_line' id='line_1_35' title="bbox 542 3154 2045 3220; baseline -0.008 -6"><span class='ocrx_word' id='word_1_222' title='bbox 542 3158 732 3216; x_wconf 89' lang='lat' dir='ltr'><strong>XXIV.</strong></span> <span class='ocrx_word' id='word_1_223' title='bbox 782 3158 934 3214; x_wconf 86' lang='lat' dir='ltr'><strong>Inter</strong></span> <span class='ocrx_word' id='word_1_224' title='bbox 966 3154 1373 3212; x_wconf 87' lang='lat' dir='ltr'><strong>ecclesiasticos</strong></span> <span class='ocrx_word' id='word_1_225' title='bbox 1415 3161 1766 3216; x_wconf 85' lang='lat' dir='ltr'><strong>tractatores,</strong></span> <span class='ocrx_word' id='word_1_226' title='bbox 1806 3165 2045 3220; x_wconf 89' lang='lat' dir='ltr'><strong>quorum</strong></span> 
     </span>
    </p>
   </div>
   <div class='ocr_carea' id='block_1_36' title="bbox 470 3241 2046 3316">
    <p class='ocr_par' dir='ltr' id='par_1_36' title="bbox 470 3241 2046 3316">
     <span class='ocr_line' id='line_1_36' title="bbox 470 3241 2046 3316; baseline -0.008 -9"><span class='ocrx_word' id='word_1_227' title='bbox 470 3252 794 3307; x_wconf 86' lang='lat' dir='ltr'><strong>auctoritate</strong></span> <span class='ocrx_word' id='word_1_228' title='bbox 820 3250 1017 3316; x_wconf 87' lang='lat' dir='ltr'><strong>utitur,</strong></span> <span class='ocrx_word' id='word_1_229' title='bbox 1055 3249 1360 3304; x_wconf 89' lang='lat' dir='ltr'><strong>Diodorum</strong></span> <span class='ocrx_word' id='word_1_230' title='bbox 1390 3246 1716 3301; x_wconf 88' lang='lat' dir='ltr'><strong>Tarsensem</strong></span> <span class='ocrx_word' id='word_1_231' title='bbox 1739 3284 1753 3309; x_wconf 93' lang='lat'><strong>,</strong></span> <span class='ocrx_word' id='word_1_232' title='bbox 1786 3241 2046 3297; x_wconf 88' lang='lat' dir='ltr'><strong>Theodo-</strong></span> 
     </span>
    </p>
   </div>
   <div class='ocr_carea' id='block_1_37' title="bbox 471 3333 2046 3413">
    <p class='ocr_par' dir='ltr' id='par_1_37' title="bbox 471 3333 2046 3413">
     <span class='ocr_line' id='line_1_37' title="bbox 471 3333 2046 3413; baseline -0.006 -17"><span class='ocrx_word' id='word_1_233' title='bbox 471 3357 703 3413; x_wconf 89' lang='lat' dir='ltr'><strong>rumque</strong></span> <span class='ocrx_word' id='word_1_234' title='bbox 743 3341 1188 3413; x_wconf 81' lang='lat' dir='ltr'><strong>Mopsuestenum</strong></span> <span class='ocrx_word' id='word_1_235' title='bbox 1224 3355 1338 3395; x_wconf 90' lang='lat' dir='ltr'><strong>non</strong></span> <span class='ocrx_word' id='word_1_236' title='bbox 1378 3342 1661 3401; x_wconf 88' lang='lat' dir='ltr'><strong>recenset,</strong></span> <span class='ocrx_word' id='word_1_237' title='bbox 1696 3333 1947 3405; x_wconf 85' lang='lat' dir='ltr'><strong>quamvis</strong></span> <span class='ocrx_word' id='word_1_238' title='bbox 1990 3340 2046 3386; x_wconf 91' lang='lat' dir='ltr'><strong>et</strong></span> 
     </span>
    </p>
   </div>
   <div class='ocr_carea' id='block_1_38' title="bbox 471 3423 2043 3501">
    <p class='ocr_par' dir='ltr' id='par_1_38' title="bbox 471 3423 2043 3501">
     <span class='ocr_line' id='line_1_38' title="bbox 471 3423 2043 3501; baseline -0.009 -11"><span class='ocrx_word' id='word_1_239' title='bbox 471 3434 721 3491; x_wconf 82' lang='lat' dir='ltr'><strong>celebres</strong></span> <span class='ocrx_word' id='word_1_240' title='bbox 763 3442 952 3488; x_wconf 87' lang='lat' dir='ltr'><strong>essent</strong></span> <span class='ocrx_word' id='word_1_241' title='bbox 994 3447 1061 3487; x_wconf 90' lang='lat' dir='ltr'><strong>ea</strong></span> <span class='ocrx_word' id='word_1_242' title='bbox 1106 3438 1454 3501; x_wconf 88' lang='lat' dir='ltr'><strong>tempestate,</strong></span> <span class='ocrx_word' id='word_1_243' title='bbox 1494 3436 1551 3482; x_wconf 91' lang='lat' dir='ltr'><strong>et</strong></span> <span class='ocrx_word' id='word_1_244' title='bbox 1576 3442 1673 3482; x_wconf 90' lang='lat' dir='ltr'><strong>eos</strong></span> <span class='ocrx_word' id='word_1_245' title='bbox 1710 3426 1827 3495; x_wconf 87' lang='lat' dir='ltr'><strong>ipse</strong></span> <span class='ocrx_word' id='word_1_246' title='bbox 1869 3423 2043 3493; x_wconf 89' lang='lat' dir='ltr'><strong>magi-</strong></span> 
     </span>
    </p>
   </div>
   <div class='ocr_carea' id='block_1_39' title="bbox 469 3525 2045 3591">
    <p class='ocr_par' dir='ltr' id='par_1_39' title="bbox 469 3525 2045 3591">
     <span class='ocr_line' id='line_1_39' title="bbox 469 3525 2045 3591; baseline -0.01 0"><span class='ocrx_word' id='word_1_247' title='bbox 469 3544 709 3591; x_wconf 86' lang='lat' dir='ltr'><strong>strorum</strong></span> <span class='ocrx_word' id='word_1_248' title='bbox 738 3535 861 3589; x_wconf 89' lang='lat' dir='ltr'><strong>loco</strong></span> <span class='ocrx_word' id='word_1_249' title='bbox 889 3533 1138 3588; x_wconf 86' lang='lat' dir='ltr'><strong>haberet.</strong></span> <span class='ocrx_word' id='word_1_250' title='bbox 1174 3530 1322 3585; x_wconf 84' lang='lat' dir='ltr'><strong>Facti</strong></span> <span class='ocrx_word' id='word_1_251' title='bbox 1357 3544 1550 3583; x_wconf 88' lang='lat' dir='ltr'><strong>causas</strong></span> <span class='ocrx_word' id='word_1_252' title='bbox 1589 3526 1770 3591; x_wconf 83' lang='lat' dir='ltr'><strong>aﬁ&#39;ert,</strong></span> <span class='ocrx_word' id='word_1_253' title='bbox 1806 3535 1869 3580; x_wconf 91' lang='lat' dir='ltr'><strong>ut</strong></span> <span class='ocrx_word' id='word_1_254' title='bbox 1899 3525 2045 3579; x_wconf 77' lang='lat' dir='ltr'><strong>dixi-</strong></span> 
     </span>
    </p>
   </div>
   <div class='ocr_carea' id='block_1_40' title="bbox 470 3616 2042 3695">
    <p class='ocr_par' dir='ltr' id='par_1_40' title="bbox 470 3616 2042 3695">
     <span class='ocr_line' id='line_1_40' title="bbox 470 3616 2042 3695; baseline -0.008 -14"><span class='ocrx_word' id='word_1_255' title='bbox 470 3642 614 3692; x_wconf 88' lang='lat' dir='ltr'><strong>mus,</strong></span> <span class='ocrx_word' id='word_1_256' title='bbox 645 3626 702 3680; x_wconf 89' lang='lat' dir='ltr'><strong>in</strong></span> <span class='ocrx_word' id='word_1_257' title='bbox 727 3624 945 3695; x_wconf 78' lang='lat' dir='ltr'><strong>dialogo</strong></span> <span class='ocrx_word' id='word_1_258' title='bbox 972 3624 1026 3689; x_wconf 77' lang='lat' dir='ltr'><strong>i,</strong></span> <span class='ocrx_word' id='word_1_259' title='bbox 1056 3630 1113 3677; x_wconf 90' lang='lat' dir='ltr'><strong>et</strong></span> <span class='ocrx_word' id='word_1_260' title='bbox 1133 3621 1297 3692; x_wconf 89' lang='lat' dir='ltr'><strong>epist.</strong></span> <span class='ocrx_word' id='word_1_261' title='bbox 1330 3620 1397 3674; x_wconf 79' lang='grc'><strong>16</strong></span> <span class='ocrx_word' id='word_1_262' title='bbox 1417 3618 1484 3673; x_wconf 92' lang='lat' dir='ltr'><strong>ad</strong></span> <span class='ocrx_word' id='word_1_263' title='bbox 1514 3618 1781 3672; x_wconf 68' lang='lat' dir='ltr'><strong>Irenaeum</strong></span> <span class='ocrx_word' id='word_1_264' title='bbox 1805 3616 2042 3686; x_wconf 91' lang='lat' dir='ltr'><strong>idipsum</strong></span> 
     </span>
    </p>
   </div>
   <div class='ocr_carea' id='block_1_41' title="bbox 469 3714 858 3771">
    <p class='ocr_par' dir='ltr' id='par_1_41' title="bbox 469 3714 858 3771">
     <span class='ocr_line' id='line_1_41' title="bbox 469 3714 858 3771; baseline -0.005 -1"><span class='ocrx_word' id='word_1_265' title='bbox 469 3715 763 3771; x_wconf 88' lang='lat' dir='ltr'><strong>mirantem</strong></span> <span class='ocrx_word' id='word_1_266' title='bbox 790 3714 858 3768; x_wconf 82' lang='grc'><strong>⁴⁶.</strong></span> 
     </span>
    </p>
   </div>
   <div class='ocr_carea' id='block_1_42' title="bbox 536 3801 2042 3875">
    <p class='ocr_par' dir='ltr' id='par_1_42' title="bbox 536 3801 2042 3875">
     <span class='ocr_line' id='line_1_42' title="bbox 536 3801 2042 3875; baseline -0.005 -14"><span class='ocrx_word' id='word_1_267' title='bbox 536 3806 706 3863; x_wconf 87' lang='lat' dir='ltr'><strong>XXV.</strong></span> <span class='ocrx_word' id='word_1_268' title='bbox 733 3805 814 3860; x_wconf 79' lang='lat' dir='ltr'><strong>Ex</strong></span> <span class='ocrx_word' id='word_1_269' title='bbox 837 3804 1036 3875; x_wconf 84' lang='lat' dir='ltr'><strong>quibus</strong></span> <span class='ocrx_word' id='word_1_270' title='bbox 1064 3803 1267 3859; x_wconf 79' lang='lat' dir='ltr'><strong>litteris</strong></span> <span class='ocrx_word' id='word_1_271' title='bbox 1302 3801 1525 3874; x_wconf 70' lang='lat' dir='ltr'><strong>aﬁ‘ulget</strong></span> <span class='ocrx_word' id='word_1_272' title='bbox 1549 3803 1667 3869; x_wconf 87' lang='lat' dir='ltr'><strong>lux,</strong></span> <span class='ocrx_word' id='word_1_273' title='bbox 1696 3802 1753 3856; x_wconf 92' lang='lat' dir='ltr'><strong>in</strong></span> <span class='ocrx_word' id='word_1_274' title='bbox 1788 3816 1896 3871; x_wconf 90' lang='lat' dir='ltr'><strong>qua</strong></span> <span class='ocrx_word' id='word_1_275' title='bbox 1929 3815 2042 3855; x_wconf 92' lang='lat' dir='ltr'><strong>non</strong></span> 
     </span>
    </p>
   </div>
   <div class='ocr_carea' id='block_1_43' title="bbox 467 3891 2041 3967">
    <p class='ocr_par' dir='ltr' id='par_1_43' title="bbox 467 3891 2041 3967">
     <span class='ocr_line' id='line_1_43' title="bbox 467 3891 2041 3967; baseline -0.004 -15"><span class='ocrx_word' id='word_1_276' title='bbox 467 3911 533 3952; x_wconf 85' lang='lat' dir='ltr'><strong>ea</strong></span> <span class='ocrx_word' id='word_1_277' title='bbox 555 3904 786 3961; x_wconf 87' lang='lat' dir='ltr'><strong>tantum,</strong></span> <span class='ocrx_word' id='word_1_278' title='bbox 801 3912 923 3967; x_wconf 67' lang='lat' dir='ltr'><strong>qua:</strong></span> <span class='ocrx_word' id='word_1_279' title='bbox 940 3895 1201 3960; x_wconf 81' lang='lat' dir='ltr'><strong>diximus,</strong></span> <span class='ocrx_word' id='word_1_280' title='bbox 1218 3892 1450 3950; x_wconf 88' lang='lat' dir='ltr'><strong>clariora</strong></span> <span class='ocrx_word' id='word_1_281' title='bbox 1471 3892 1622 3960; x_wconf 85' lang='lat' dir='ltr'><strong>ﬁant,</strong></span> <span class='ocrx_word' id='word_1_282' title='bbox 1646 3892 1740 3949; x_wconf 90' lang='lat' dir='ltr'><strong>sed</strong></span> <span class='ocrx_word' id='word_1_283' title='bbox 1762 3891 1867 3946; x_wconf 91' lang='lat' dir='ltr'><strong>alia</strong></span> <span class='ocrx_word' id='word_1_284' title='bbox 1889 3907 2041 3962; x_wconf 70' lang='lat' dir='ltr'><strong>qua:-</strong></span> 
     </span>
    </p>
   </div>
   <div class='ocr_carea' id='block_1_44' title="bbox 468 3982 2041 4057">
    <p class='ocr_par' dir='ltr' id='par_1_44' title="bbox 468 3982 2041 4057">
     <span class='ocr_line' id='line_1_44' title="bbox 468 3982 2041 4057; baseline -0.004 -14"><span class='ocrx_word' id='word_1_285' title='bbox 468 3987 593 4043; x_wconf 90' lang='lat' dir='ltr'><strong>dam</strong></span> <span class='ocrx_word' id='word_1_286' title='bbox 617 3986 925 4053; x_wconf 83' lang='lat' dir='ltr'><strong>videantur,</strong></span> <span class='ocrx_word' id='word_1_287' title='bbox 951 3996 1007 4042; x_wconf 91' lang='lat' dir='ltr'><strong>et</strong></span> <span class='ocrx_word' id='word_1_288' title='bbox 1026 3986 1248 4057; x_wconf 88' lang='lat' dir='ltr'><strong>quidem</strong></span> <span class='ocrx_word' id='word_1_289' title='bbox 1265 3984 1429 4056; x_wconf 84' lang='lat' dir='ltr'><strong>digna</strong></span> <span class='ocrx_word' id='word_1_290' title='bbox 1461 3984 1624 4040; x_wconf 91' lang='lat' dir='ltr'><strong>scitu.</strong></span> <span class='ocrx_word' id='word_1_291' title='bbox 1652 3985 1706 4038; x_wconf 79' lang='grc' dir='ltr'><strong>1ο</strong></span> <span class='ocrx_word' id='word_1_292' title='bbox 1725 3982 2041 4055; x_wconf 74' lang='lat' dir='ltr'><strong>Apologiain</strong></span> 
     </span>
    </p>
   </div>
   <div class='ocr_carea' id='block_1_45' title="bbox 469 4075 2046 4148">
    <p class='ocr_par' dir='ltr' id='par_1_45' title="bbox 469 4075 2046 4148">
     <span class='ocr_line' id='line_1_45' title="bbox 469 4075 2046 4148; baseline -0.002 -17"><span class='ocrx_word' id='word_1_293' title='bbox 469 4093 566 4148; x_wconf 79' lang='lat' dir='ltr'><strong>pro</strong></span> <span class='ocrx_word' id='word_1_294' title='bbox 606 4076 837 4131; x_wconf 84' lang='lat' dir='ltr'><strong>Diodoro</strong></span> <span class='ocrx_word' id='word_1_295' title='bbox 883 4085 939 4133; x_wconf 90' lang='lat' dir='ltr'><strong>et</strong></span> <span class='ocrx_word' id='word_1_296' title='bbox 972 4077 1238 4132; x_wconf 83' lang='lat' dir='ltr'><strong>Theodoro</strong></span> <span class='ocrx_word' id='word_1_297' title='bbox 1288 4076 1550 4147; x_wconf 89' lang='lat' dir='ltr'><strong>scriptam</strong></span> <span class='ocrx_word' id='word_1_298' title='bbox 1595 4090 1717 4131; x_wconf 88' lang='lat' dir='ltr'><strong>esse</strong></span> <span class='ocrx_word' id='word_1_299' title='bbox 1751 4085 1878 4132; x_wconf 88' lang='lat' dir='ltr'><strong>ante</strong></span> <span class='ocrx_word' id='word_1_300' title='bbox 1912 4075 2046 4131; x_wconf 85' lang='lat' dir='ltr'><strong>Era-</strong></span> 
     </span>
    </p>
   </div>
   <div class='ocr_carea' id='block_1_46' title="bbox 469 4167 2043 4239">
    <p class='ocr_par' dir='ltr' id='par_1_46' title="bbox 469 4167 2043 4239">
     <span class='ocr_line' id='line_1_46' title="bbox 469 4167 2043 4239; baseline 0.001 -17"><span class='ocrx_word' id='word_1_301' title='bbox 469 4167 675 4223; x_wconf 86' lang='lat' dir='ltr'><strong>nisten.</strong></span> <span class='ocrx_word' id='word_1_302' title='bbox 731 4167 789 4221; x_wconf 77' lang='lat'><strong>2°</strong></span> <span class='ocrx_word' id='word_1_303' title='bbox 829 4168 1021 4224; x_wconf 89' lang='lat' dir='ltr'><strong>Editos</strong></span> <span class='ocrx_word' id='word_1_304' title='bbox 1062 4184 1183 4224; x_wconf 89' lang='lat' dir='ltr'><strong>esse</strong></span> <span class='ocrx_word' id='word_1_305' title='bbox 1213 4167 1465 4239; x_wconf 76' lang='lat' dir='ltr'><strong>Dialogus</strong></span> <span class='ocrx_word' id='word_1_306' title='bbox 1509 4175 1637 4224; x_wconf 87' lang='lat' dir='ltr'><strong>ante</strong></span> <span class='ocrx_word' id='word_1_307' title='bbox 1685 4167 1959 4239; x_wconf 89' lang='lat' dir='ltr'><strong>dejectum</strong></span> <span class='ocrx_word' id='word_1_308' title='bbox 2011 4183 2043 4223; x_wconf 91' lang='lat' dir='ltr'><strong>e</strong></span> 
     </span>
    </p>
   </div>
   <div class='ocr_carea' id='block_1_47' title="bbox 468 4257 2042 4332">
    <p class='ocr_par' dir='ltr' id='par_1_47' title="bbox 468 4257 2042 4332">
     <span class='ocr_line' id='line_1_47' title="bbox 468 4257 2042 4332; baseline 0.001 -19"><span class='ocrx_word' id='word_1_309' title='bbox 468 4257 599 4314; x_wconf 88' lang='lat' dir='ltr'><strong>sede</strong></span> <span class='ocrx_word' id='word_1_310' title='bbox 620 4258 909 4325; x_wconf 67' lang='lat' dir='ltr'><strong>Irenaeum,</strong></span> <span class='ocrx_word' id='word_1_311' title='bbox 929 4261 1024 4331; x_wconf 92' lang='lat' dir='ltr'><strong>qui</strong></span> <span class='ocrx_word' id='word_1_312' title='bbox 1047 4260 1293 4332; x_wconf 71' lang='lat' dir='ltr'><strong>deiectus</strong></span> <span class='ocrx_word' id='word_1_313' title='bbox 1305 4269 1390 4316; x_wconf 86' lang='lat' dir='ltr'><strong>est</strong></span> <span class='ocrx_word' id='word_1_314' title='bbox 1401 4276 1546 4315; x_wconf 89' lang='lat' dir='ltr'><strong>anno</strong></span> <span class='ocrx_word' id='word_1_315' title='bbox 1566 4259 1690 4315; x_wconf 71' lang='grc'><strong>448.</strong></span> <span class='ocrx_word' id='word_1_316' title='bbox 1717 4260 1773 4314; x_wconf 78' lang='lat'><strong>3°</strong></span> <span class='ocrx_word' id='word_1_317' title='bbox 1783 4260 2042 4316; x_wconf 89' lang='lat' dir='ltr'><strong>Occasio-</strong></span> 
     </span>
    </p>
   </div>
   <div class='ocr_carea' id='block_1_48' title="bbox 2155 442 2317 497">
    <p class='ocr_par' dir='ltr' id='par_1_48' title="bbox 2155 442 2317 497">
     <span class='ocr_line' id='line_1_48' title="bbox 2155 442 2317 497; baseline -0.006 -17"><span class='ocrx_word' id='word_1_318' title='bbox 2155 442 2262 497; x_wconf 88' lang='lat' dir='ltr'><strong>que</strong></span> <span class='ocrx_word' id='word_1_319' title='bbox 2302 444 2317 478; x_wconf 84' lang='lat'><strong>:</strong></span> 
     </span>
    </p>
   </div>
   <div class='ocr_carea' id='block_1_49' title="bbox 2223 507 3729 585">
    <p class='ocr_par' dir='ltr' id='par_1_49' title="bbox 2223 507 3729 585">
     <span class='ocr_line' id='line_1_49' title="bbox 2223 507 3729 585; baseline -0.006 -15"><span class='ocrx_word' id='word_1_320' title='bbox 2223 517 2275 570; x_wconf 82' lang='lat' dir='ltr'><strong>I.</strong></span> <span class='ocrx_word' id='word_1_321' title='bbox 2324 515 2445 571; x_wconf 78' lang='lat' dir='ltr'><strong>Non</strong></span> <span class='ocrx_word' id='word_1_322' title='bbox 2499 529 2659 585; x_wconf 88' lang='lat' dir='ltr'><strong>posse</strong></span> <span class='ocrx_word' id='word_1_323' title='bbox 2702 511 2924 569; x_wconf 84' lang='lat' dir='ltr'><strong>defendi</strong></span> <span class='ocrx_word' id='word_1_324' title='bbox 2971 512 3290 583; x_wconf 86' lang='lat' dir='ltr'><strong>opinionem</strong></span> <span class='ocrx_word' id='word_1_325' title='bbox 3340 509 3585 574; x_wconf 87' lang='lat' dir='ltr'><strong>Baronii,</strong></span> <span class='ocrx_word' id='word_1_326' title='bbox 3634 507 3729 578; x_wconf 87' lang='lat' dir='ltr'><strong>qui</strong></span> 
     </span>
    </p>
   </div>
   <div class='ocr_carea' id='block_1_50' title="bbox 2152 598 3729 676">
    <p class='ocr_par' dir='ltr' id='par_1_50' title="bbox 2152 598 3729 676">
     <span class='ocr_line' id='line_1_50' title="bbox 2152 598 3729 676; baseline -0.008 -12"><span class='ocrx_word' id='word_1_327' title='bbox 2152 610 2372 664; x_wconf 82' lang='lat' dir='ltr'><strong>videtur</strong></span> <span class='ocrx_word' id='word_1_328' title='bbox 2396 607 2623 673; x_wconf 91' lang='lat' dir='ltr'><strong>sentire,</strong></span> <span class='ocrx_word' id='word_1_329' title='bbox 2652 606 2706 661; x_wconf 89' lang='lat' dir='ltr'><strong>id</strong></span> <span class='ocrx_word' id='word_1_330' title='bbox 2732 606 2917 676; x_wconf 87' lang='lat' dir='ltr'><strong>operis</strong></span> <span class='ocrx_word' id='word_1_331' title='bbox 2949 604 3162 660; x_wconf 90' lang='lat' dir='ltr'><strong>editum</strong></span> <span class='ocrx_word' id='word_1_332' title='bbox 3189 602 3361 657; x_wconf 80' lang='lat' dir='ltr'><strong>fuisse</strong></span> <span class='ocrx_word' id='word_1_333' title='bbox 3389 611 3513 672; x_wconf 86' lang='lat' dir='ltr'><strong>post</strong></span> <span class='ocrx_word' id='word_1_334' title='bbox 3543 598 3729 654; x_wconf 86' lang='lat' dir='ltr'><strong>conci-</strong></span> 
     </span>
    </p>
   </div>
   <div class='ocr_carea' id='block_1_51' title="bbox 2153 691 3487 760">
    <p class='ocr_par' dir='ltr' id='par_1_51' title="bbox 2153 691 3487 760">
     <span class='ocr_line' id='line_1_51' title="bbox 2153 691 3487 760; baseline -0.007 -7"><span class='ocrx_word' id='word_1_335' title='bbox 2153 699 2285 753; x_wconf 92' lang='lat' dir='ltr'><strong>lium</strong></span> <span class='ocrx_word' id='word_1_336' title='bbox 2314 696 2779 760; x_wconf 88' lang='lat' dir='ltr'><strong>Cllaleedonense,</strong></span> <span class='ocrx_word' id='word_1_337' title='bbox 2820 709 2965 748; x_wconf 91' lang='lat' dir='ltr'><strong>anno</strong></span> <span class='ocrx_word' id='word_1_338' title='bbox 2995 692 3093 748; x_wconf 73' lang='grc'><strong>451</strong></span> <span class='ocrx_word' id='word_1_339' title='bbox 3128 691 3487 746; x_wconf 90' lang='lat' dir='ltr'><strong>celebratum.</strong></span> 
     </span>
    </p>
   </div>
   <div class='ocr_carea' id='block_1_52' title="bbox 2222 778 3731 857">
    <p class='ocr_par' dir='ltr' id='par_1_52' title="bbox 2222 778 3731 857">
     <span class='ocr_line' id='line_1_52' title="bbox 2222 778 3731 857; baseline -0.007 -14"><span class='ocrx_word' id='word_1_340' title='bbox 2222 790 2276 843; x_wconf 72' lang='lat'><strong>2.</strong></span> <span class='ocrx_word' id='word_1_341' title='bbox 2323 790 2443 843; x_wconf 89' lang='lat' dir='ltr'><strong>Non</strong></span> <span class='ocrx_word' id='word_1_342' title='bbox 2492 786 2814 851; x_wconf 84' lang='lat' dir='ltr'><strong>audiendos,</strong></span> <span class='ocrx_word' id='word_1_343' title='bbox 2863 787 2959 857; x_wconf 91' lang='lat' dir='ltr'><strong>qui</strong></span> <span class='ocrx_word' id='word_1_344' title='bbox 3000 792 3220 856; x_wconf 90' lang='lat' dir='ltr'><strong>putant,</strong></span> <span class='ocrx_word' id='word_1_345' title='bbox 3263 796 3453 857; x_wconf 89' lang='lat' dir='ltr'><strong>veram</strong></span> <span class='ocrx_word' id='word_1_346' title='bbox 3498 795 3567 835; x_wconf 73' lang='lat' dir='ltr'><strong>ex</strong></span> <span class='ocrx_word' id='word_1_347' title='bbox 3610 778 3731 834; x_wconf 89' lang='lat' dir='ltr'><strong>istis</strong></span> 
     </span>
    </p>
   </div>
   <div class='ocr_carea' id='block_1_53' title="bbox 2151 855 3729 952">
    <p class='ocr_par' dir='ltr' id='par_1_53' title="bbox 2151 855 3729 952">
     <span class='ocr_line' id='line_1_53' title="bbox 2151 855 3729 952; baseline -0.008 -13"><span class='ocrx_word' id='word_1_348' title='bbox 2151 883 2309 939; x_wconf 92' lang='lat' dir='ltr'><strong>libris</strong></span> <span class='ocrx_word' id='word_1_349' title='bbox 2331 881 2593 952; x_wconf 86' lang='lat' dir='ltr'><strong>Entycbis</strong></span> <span class='ocrx_word' id='word_1_350' title='bbox 2623 855 2953 936; x_wconf 71' lang='lat' dir='ltr'><strong>sententiam</strong></span> <span class='ocrx_word' id='word_1_351' title='bbox 2988 855 3218 948; x_wconf 72' lang='lat' dir='ltr'><strong>intelligi</strong></span> <span class='ocrx_word' id='word_1_352' title='bbox 3249 855 3476 939; x_wconf 76' lang='lat' dir='ltr'><strong>debere,</strong></span> <span class='ocrx_word' id='word_1_353' title='bbox 3518 889 3645 928; x_wconf 87' lang='lat' dir='ltr'><strong>cum</strong></span> <span class='ocrx_word' id='word_1_354' title='bbox 3675 873 3729 926; x_wconf 93' lang='lat' dir='ltr'><strong>in</strong></span> 
     </span>
    </p>
   </div>
   <div class='ocr_carea' id='block_1_54' title="bbox 2154 965 3732 1045">
    <p class='ocr_par' dir='ltr' id='par_1_54' title="bbox 2154 965 3732 1045">
     <span class='ocr_line' id='line_1_54' title="bbox 2154 965 3732 1045; baseline -0.006 -16"><span class='ocrx_word' id='word_1_355' title='bbox 2154 974 2288 1045; x_wconf 85' lang='lat' dir='ltr'><strong>ipsis</strong></span> <span class='ocrx_word' id='word_1_356' title='bbox 2313 974 2463 1028; x_wconf 87' lang='lat' dir='ltr'><strong>aliud</strong></span> <span class='ocrx_word' id='word_1_357' title='bbox 2497 973 2610 1028; x_wconf 86' lang='lat' dir='ltr'><strong>fere</strong></span> <span class='ocrx_word' id='word_1_358' title='bbox 2648 972 2788 1027; x_wconf 90' lang='lat' dir='ltr'><strong>nihil</strong></span> <span class='ocrx_word' id='word_1_359' title='bbox 2817 971 3203 1027; x_wconf 85' lang='lat' dir='ltr'><strong>Thcodoretus</strong></span> <span class='ocrx_word' id='word_1_360' title='bbox 3230 967 3546 1023; x_wconf 89' lang='lat' dir='ltr'><strong>adversario</strong></span> <span class='ocrx_word' id='word_1_361' title='bbox 3584 965 3732 1035; x_wconf 80' lang='lat' dir='ltr'><strong>obji-</strong></span> 
     </span>
    </p>
   </div>
   <div class='ocr_carea' id='block_1_55' title="bbox 2154 1056 3730 1136">
    <p class='ocr_par' dir='ltr' id='par_1_55' title="bbox 2154 1056 3730 1136">
     <span class='ocr_line' id='line_1_55' title="bbox 2154 1056 3730 1136; baseline -0.006 -15"><span class='ocrx_word' id='word_1_362' title='bbox 2154 1067 2282 1132; x_wconf 89' lang='lat' dir='ltr'><strong>ciat,</strong></span> <span class='ocrx_word' id='word_1_363' title='bbox 2314 1081 2477 1136; x_wconf 90' lang='lat' dir='ltr'><strong>quam</strong></span> <span class='ocrx_word' id='word_1_364' title='bbox 2503 1064 2651 1136; x_wconf 89' lang='lat' dir='ltr'><strong>quod</strong></span> <span class='ocrx_word' id='word_1_365' title='bbox 2683 1063 2815 1118; x_wconf 90' lang='lat' dir='ltr'><strong>olim</strong></span> <span class='ocrx_word' id='word_1_366' title='bbox 2836 1062 3061 1134; x_wconf 88' lang='lat' dir='ltr'><strong>Cyrillo,</strong></span> <span class='ocrx_word' id='word_1_367' title='bbox 3078 1060 3192 1116; x_wconf 84' lang='lat' dir='ltr'><strong>sive</strong></span> <span class='ocrx_word' id='word_1_368' title='bbox 3217 1058 3272 1113; x_wconf 91' lang='lat' dir='ltr'><strong>in</strong></span> <span class='ocrx_word' id='word_1_369' title='bbox 3297 1056 3730 1128; x_wconf 80' lang='lat' dir='ltr'><strong>reprehensione</strong></span> 
     </span>
    </p>
   </div>
   <div class='ocr_carea' id='block_1_56' title="bbox 2154 1148 3500 1227">
    <p class='ocr_par' dir='ltr' id='par_1_56' title="bbox 2154 1148 3500 1227">
     <span class='ocr_line' id='line_1_56' title="bbox 2154 1148 3500 1227; baseline -0.007 -16"><span class='ocrx_word' id='word_1_370' title='bbox 2154 1156 2394 1227; x_wconf 87' lang='lat' dir='ltr'><strong>capitum</strong></span> <span class='ocrx_word' id='word_1_371' title='bbox 2429 1155 2544 1211; x_wconf 85' lang='lat' dir='ltr'><strong>sive</strong></span> <span class='ocrx_word' id='word_1_372' title='bbox 2580 1155 2634 1209; x_wconf 87' lang='lat' dir='ltr'><strong>in</strong></span> <span class='ocrx_word' id='word_1_373' title='bbox 2668 1155 2793 1209; x_wconf 89' lang='lat' dir='ltr'><strong>aliis</strong></span> <span class='ocrx_word' id='word_1_374' title='bbox 2826 1152 3050 1223; x_wconf 84' lang='lat' dir='ltr'><strong>scriptis</strong></span> <span class='ocrx_word' id='word_1_375' title='bbox 3084 1150 3219 1205; x_wconf 90' lang='lat' dir='ltr'><strong>vitio</strong></span> <span class='ocrx_word' id='word_1_376' title='bbox 3251 1148 3500 1203; x_wconf 89' lang='lat' dir='ltr'><strong>verterit.</strong></span> 
     </span>
    </p>
   </div>
   <div class='ocr_carea' id='block_1_57' title="bbox 2223 1239 3732 1314">
    <p class='ocr_par' dir='ltr' id='par_1_57' title="bbox 2223 1239 3732 1314">
     <span class='ocr_line' id='line_1_57' title="bbox 2223 1239 3732 1314; baseline -0.006 -14"><span class='ocrx_word' id='word_1_377' title='bbox 2223 1247 2356 1301; x_wconf 74' lang='grc'><strong>5⁸⁸.</strong></span> <span class='ocrx_word' id='word_1_378' title='bbox 2400 1248 2518 1303; x_wconf 85' lang='lat' dir='ltr'><strong>Non</strong></span> <span class='ocrx_word' id='word_1_379' title='bbox 2577 1245 2912 1302; x_wconf 90' lang='lat' dir='ltr'><strong>audiendum</strong></span> <span class='ocrx_word' id='word_1_380' title='bbox 2969 1243 3176 1314; x_wconf 89' lang='lat' dir='ltr'><strong>pariter</strong></span> <span class='ocrx_word' id='word_1_381' title='bbox 3234 1239 3582 1297; x_wconf 87' lang='lat' dir='ltr'><strong>Gennadium</strong></span> <span class='ocrx_word' id='word_1_382' title='bbox 3635 1239 3732 1308; x_wconf 89' lang='lat' dir='ltr'><strong>qui</strong></span> 
     </span>
    </p>
   </div>
   <div class='ocr_carea' id='block_1_58' title="bbox 2153 1332 3733 1410">
    <p class='ocr_par' dir='ltr' id='par_1_58' title="bbox 2153 1332 3733 1410">
     <span class='ocr_line' id='line_1_58' title="bbox 2153 1332 3733 1410; baseline -0.006 -16"><span class='ocrx_word' id='word_1_383' title='bbox 2153 1340 2358 1409; x_wconf 91' lang='lat' dir='ltr'><strong>scripta</strong></span> <span class='ocrx_word' id='word_1_384' title='bbox 2409 1339 2520 1405; x_wconf 85' lang='lat' dir='ltr'><strong>illa,</strong></span> <span class='ocrx_word' id='word_1_385' title='bbox 2570 1355 2693 1410; x_wconf 81' lang='lat' dir='ltr'><strong>qua:</strong></span> <span class='ocrx_word' id='word_1_386' title='bbox 2734 1347 2894 1393; x_wconf 84' lang='lat' dir='ltr'><strong>vocat</strong></span> <span class='ocrx_word' id='word_1_387' title='bbox 2928 1337 3112 1402; x_wconf 78' lang='lat' dir='ltr'><strong>fortia,</strong></span> <span class='ocrx_word' id='word_1_388' title='bbox 3148 1335 3416 1390; x_wconf 87' lang='lat' dir='ltr'><strong>adversus</strong></span> <span class='ocrx_word' id='word_1_389' title='bbox 3446 1332 3733 1403; x_wconf 81' lang='lat' dir='ltr'><strong>Eutychen</strong></span> 
     </span>
    </p>
   </div>
   <div class='ocr_carea' id='block_1_59' title="bbox 2153 1424 3733 1492">
    <p class='ocr_par' dir='ltr' id='par_1_59' title="bbox 2153 1424 3733 1492">
     <span class='ocr_line' id='line_1_59' title="bbox 2153 1424 3733 1492; baseline -0.005 -6"><span class='ocrx_word' id='word_1_390' title='bbox 2153 1431 2320 1488; x_wconf 82' lang='lat' dir='ltr'><strong>fuisse</strong></span> <span class='ocrx_word' id='word_1_391' title='bbox 2352 1432 2518 1486; x_wconf 88' lang='lat' dir='ltr'><strong>tradit</strong></span> <span class='ocrx_word' id='word_1_392' title='bbox 2544 1451 2557 1485; x_wconf 88' lang='lat'><strong>:</strong></span> <span class='ocrx_word' id='word_1_393' title='bbox 2587 1447 2710 1487; x_wconf 89' lang='lat' dir='ltr'><strong>cum</strong></span> <span class='ocrx_word' id='word_1_394' title='bbox 2750 1430 2896 1485; x_wconf 91' lang='lat' dir='ltr'><strong>enim</strong></span> <span class='ocrx_word' id='word_1_395' title='bbox 2927 1429 3245 1492; x_wconf 88' lang='lat' dir='ltr'><strong>ederentur,</strong></span> <span class='ocrx_word' id='word_1_396' title='bbox 3279 1428 3527 1482; x_wconf 88' lang='lat' dir='ltr'><strong>nondum</strong></span> <span class='ocrx_word' id='word_1_397' title='bbox 3569 1424 3733 1480; x_wconf 86' lang='lat' dir='ltr'><strong>deliri</strong></span> 
     </span>
    </p>
   </div>
   <div class='ocr_carea' id='block_1_60' title="bbox 2153 1516 3732 1595">
    <p class='ocr_par' dir='ltr' id='par_1_60' title="bbox 2153 1516 3732 1595">
     <span class='ocr_line' id='line_1_60' title="bbox 2153 1516 3732 1595; baseline -0.007 -15"><span class='ocrx_word' id='word_1_398' title='bbox 2153 1525 2301 1580; x_wconf 87' lang='lat' dir='ltr'><strong>senis</strong></span> <span class='ocrx_word' id='word_1_399' title='bbox 2328 1524 2602 1595; x_wconf 86' lang='lat' dir='ltr'><strong>impietas,</strong></span> <span class='ocrx_word' id='word_1_400' title='bbox 2628 1539 2697 1578; x_wconf 90' lang='lat' dir='ltr'><strong>ne</strong></span> <span class='ocrx_word' id='word_1_401' title='bbox 2729 1522 2889 1593; x_wconf 80' lang='lat'><strong>392</strong></span> <span class='ocrx_word' id='word_1_402' title='bbox 2917 1522 2972 1575; x_wconf 90' lang='lat' dir='ltr'><strong>in</strong></span> <span class='ocrx_word' id='word_1_403' title='bbox 3005 1519 3120 1590; x_wconf 89' lang='lat' dir='ltr'><strong>ipsa</strong></span> <span class='ocrx_word' id='word_1_404' title='bbox 3143 1518 3366 1589; x_wconf 90' lang='lat' dir='ltr'><strong>quidem</strong></span> <span class='ocrx_word' id='word_1_405' title='bbox 3399 1517 3532 1572; x_wconf 88' lang='lat' dir='ltr'><strong>urbe</strong></span> <span class='ocrx_word' id='word_1_406' title='bbox 3562 1516 3732 1586; x_wconf 79' lang='lat' dir='ltr'><strong>regia,</strong></span> 
     </span>
    </p>
   </div>
   <div class='ocr_carea' id='block_1_61' title="bbox 2154 1607 3735 1687">
    <p class='ocr_par' dir='ltr' id='par_1_61' title="bbox 2154 1607 3735 1687">
     <span class='ocr_line' id='line_1_61' title="bbox 2154 1607 3735 1687; baseline -0.007 -16"><span class='ocrx_word' id='word_1_407' title='bbox 2154 1615 2420 1687; x_wconf 80' lang='lat' dir='ltr'><strong>patefacta</strong></span> <span class='ocrx_word' id='word_1_408' title='bbox 2458 1624 2608 1678; x_wconf 85' lang='lat' dir='ltr'><strong>erat;</strong></span> <span class='ocrx_word' id='word_1_409' title='bbox 2660 1623 2810 1670; x_wconf 90' lang='lat' dir='ltr'><strong>certe</strong></span> <span class='ocrx_word' id='word_1_410' title='bbox 2862 1614 2918 1667; x_wconf 86' lang='lat' dir='ltr'><strong>in</strong></span> <span class='ocrx_word' id='word_1_411' title='bbox 2958 1611 3241 1682; x_wconf 89' lang='lat' dir='ltr'><strong>publicum</strong></span> <span class='ocrx_word' id='word_1_412' title='bbox 3283 1625 3392 1664; x_wconf 91' lang='lat' dir='ltr'><strong>non</strong></span> <span class='ocrx_word' id='word_1_413' title='bbox 3450 1607 3735 1678; x_wconf 86' lang='lat' dir='ltr'><strong>prodierat</strong></span> 
     </span>
    </p>
   </div>
   <div class='ocr_carea' id='block_1_62' title="bbox 2154 1700 3736 1770">
    <p class='ocr_par' dir='ltr' id='par_1_62' title="bbox 2154 1700 3736 1770">
     <span class='ocr_line' id='line_1_62' title="bbox 2154 1700 3736 1770; baseline -0.006 -6"><span class='ocrx_word' id='word_1_414' title='bbox 2154 1716 2281 1764; x_wconf 85' lang='lat' dir='ltr'><strong>ante</strong></span> <span class='ocrx_word' id='word_1_415' title='bbox 2307 1716 2538 1763; x_wconf 86' lang='lat' dir='ltr'><strong>mortem</strong></span> <span class='ocrx_word' id='word_1_416' title='bbox 2563 1706 2774 1770; x_wconf 86' lang='lat' dir='ltr'><strong>Procli,</strong></span> <span class='ocrx_word' id='word_1_417' title='bbox 2799 1711 2855 1760; x_wconf 92' lang='lat' dir='ltr'><strong>et</strong></span> <span class='ocrx_word' id='word_1_418' title='bbox 2882 1703 3285 1759; x_wconf 83' lang='lat' dir='ltr'><strong>ordinationem</strong></span> <span class='ocrx_word' id='word_1_419' title='bbox 3323 1700 3589 1763; x_wconf 83' lang='lat' dir='ltr'><strong>Flaviani,</strong></span> <span class='ocrx_word' id='word_1_420' title='bbox 3609 1715 3736 1769; x_wconf 76' lang='lat' dir='ltr'><strong>quae</strong></span> 
     </span>
    </p>
   </div>
   <div class='ocr_carea' id='block_1_63' title="bbox 2154 1793 3001 1868">
    <p class='ocr_par' dir='ltr' id='par_1_63' title="bbox 2154 1793 3001 1868">
     <span class='ocr_line' id='line_1_63' title="bbox 2154 1793 3001 1868; baseline -0.006 -15"><span class='ocrx_word' id='word_1_421' title='bbox 2154 1798 2380 1868; x_wconf 87' lang='lat' dir='ltr'><strong>contigit</strong></span> <span class='ocrx_word' id='word_1_422' title='bbox 2403 1798 2505 1852; x_wconf 91' lang='lat' dir='ltr'><strong>sub</strong></span> <span class='ocrx_word' id='word_1_423' title='bbox 2532 1796 2692 1850; x_wconf 86' lang='lat' dir='ltr'><strong>ﬁnem</strong></span> <span class='ocrx_word' id='word_1_424' title='bbox 2725 1795 2852 1850; x_wconf 90' lang='lat' dir='ltr'><strong>anni</strong></span> <span class='ocrx_word' id='word_1_425' title='bbox 2877 1793 3001 1849; x_wconf 70' lang='grc'><strong>446.</strong></span> 
     </span>
    </p>
   </div>
   <div class='ocr_carea' id='block_1_64' title="bbox 2220 1880 3730 1954">
    <p class='ocr_par' dir='ltr' id='par_1_64' title="bbox 2220 1880 3730 1954">
     <span class='ocr_line' id='line_1_64' title="bbox 2220 1880 3730 1954; baseline -0.007 -10"><span class='ocrx_word' id='word_1_426' title='bbox 2220 1891 2272 1945; x_wconf 71' lang='grc'><strong>4.</strong></span> <span class='ocrx_word' id='word_1_427' title='bbox 2296 1890 2489 1944; x_wconf 86' lang='lat' dir='ltr'><strong>Mirum</strong></span> <span class='ocrx_word' id='word_1_428' title='bbox 2517 1888 2570 1942; x_wconf 93' lang='lat' dir='ltr'><strong>in</strong></span> <span class='ocrx_word' id='word_1_429' title='bbox 2592 1886 2816 1941; x_wconf 89' lang='lat' dir='ltr'><strong>modum</strong></span> <span class='ocrx_word' id='word_1_430' title='bbox 2834 1884 2946 1939; x_wconf 81' lang='lat' dir='ltr'><strong>falli</strong></span> <span class='ocrx_word' id='word_1_431' title='bbox 2982 1884 3241 1954; x_wconf 86' lang='lat' dir='ltr'><strong>opinione</strong></span> <span class='ocrx_word' id='word_1_432' title='bbox 3261 1899 3359 1939; x_wconf 88' lang='lat' dir='ltr'><strong>sua</strong></span> <span class='ocrx_word' id='word_1_433' title='bbox 3382 1880 3730 1935; x_wconf 79' lang='lat' dir='ltr'><strong>Albertinum</strong></span> 
     </span>
    </p>
   </div>
   <div class='ocr_carea' id='block_1_65' title="bbox 2151 1972 3732 2047">
    <p class='ocr_par' dir='ltr' id='par_1_65' title="bbox 2151 1972 3732 2047">
     <span class='ocr_line' id='line_1_65' title="bbox 2151 1972 3732 2047; baseline -0.006 -12"><span class='ocrx_word' id='word_1_434' title='bbox 2151 1979 2608 2047; x_wconf 89' lang='lat' dir='ltr'><strong>Blondellumque</strong></span> <span class='ocrx_word' id='word_1_435' title='bbox 2635 1975 3007 2041; x_wconf 86' lang='lat' dir='ltr'><strong>Calvinianos,</strong></span> <span class='ocrx_word' id='word_1_436' title='bbox 3053 1974 3147 2044; x_wconf 91' lang='lat' dir='ltr'><strong>qui</strong></span> <span class='ocrx_word' id='word_1_437' title='bbox 3189 1990 3311 2044; x_wconf 76' lang='lat' dir='ltr'><strong>qua:</strong></span> <span class='ocrx_word' id='word_1_438' title='bbox 3346 1972 3732 2028; x_wconf 86' lang='lat' dir='ltr'><strong>Thcodoretus</strong></span> 
     </span>
    </p>
   </div>
   <div class='ocr_carea' id='block_1_66' title="bbox 2152 2060 3731 2131">
    <p class='ocr_par' dir='ltr' id='par_1_66' title="bbox 2152 2060 3731 2131">
     <span class='ocr_line' id='line_1_66' title="bbox 2152 2060 3731 2131; baseline -0.006 -8"><span class='ocrx_word' id='word_1_439' title='bbox 2152 2068 2312 2123; x_wconf 71' lang='lat' dir='ltr'><strong>aﬁ‘ert</strong></span> <span class='ocrx_word' id='word_1_440' title='bbox 2348 2066 2657 2123; x_wconf 85' lang='lat' dir='ltr'><strong>testimonia</strong></span> <span class='ocrx_word' id='word_1_441' title='bbox 2696 2066 2942 2128; x_wconf 87' lang='lat' dir='ltr'><strong>Patrum,</strong></span> <span class='ocrx_word' id='word_1_442' title='bbox 2985 2063 3179 2119; x_wconf 90' lang='lat' dir='ltr'><strong>eadem</strong></span> <span class='ocrx_word' id='word_1_443' title='bbox 3215 2078 3339 2117; x_wconf 91' lang='lat' dir='ltr'><strong>cum</strong></span> <span class='ocrx_word' id='word_1_444' title='bbox 3382 2062 3468 2125; x_wconf 86' lang='lat' dir='ltr'><strong>iis,</strong></span> <span class='ocrx_word' id='word_1_445' title='bbox 3512 2076 3633 2131; x_wconf 77' lang='lat' dir='ltr'><strong>qua:</strong></span> <span class='ocrx_word' id='word_1_446' title='bbox 3674 2060 3731 2114; x_wconf 89' lang='lat' dir='ltr'><strong>in</strong></span> 
     </span>
    </p>
   </div>
   <div class='ocr_carea' id='block_1_67' title="bbox 2153 2153 3732 2225">
    <p class='ocr_par' dir='ltr' id='par_1_67' title="bbox 2153 2153 3732 2225">
     <span class='ocr_line' id='line_1_67' title="bbox 2153 2153 3732 2225; baseline -0.006 -10"><span class='ocrx_word' id='word_1_447' title='bbox 2153 2160 2373 2216; x_wconf 90' lang='lat' dir='ltr'><strong>concilii</strong></span> <span class='ocrx_word' id='word_1_448' title='bbox 2395 2155 3020 2214; x_wconf 79' lang='lat' dir='ltr'><strong>ChalcedonensisActis</strong></span> <span class='ocrx_word' id='word_1_449' title='bbox 3043 2156 3321 2225; x_wconf 86' lang='lat' dir='ltr'><strong>leguntur,</strong></span> <span class='ocrx_word' id='word_1_450' title='bbox 3346 2154 3591 2225; x_wconf 79' lang='lat' dir='ltr'><strong>subjecta</strong></span> <span class='ocrx_word' id='word_1_451' title='bbox 3614 2153 3732 2222; x_wconf 86' lang='lat' dir='ltr'><strong>epi-</strong></span> 
     </span>
    </p>
   </div>
   <div class='ocr_carea' id='block_1_68' title="bbox 2151 2244 3731 2310">
    <p class='ocr_par' dir='ltr' id='par_1_68' title="bbox 2151 2244 3731 2310">
     <span class='ocr_line' id='line_1_68' title="bbox 2151 2244 3731 2310; baseline -0.007 -3"><span class='ocrx_word' id='word_1_452' title='bbox 2151 2253 2304 2307; x_wconf 84' lang='lat' dir='ltr'><strong>stolae</strong></span> <span class='ocrx_word' id='word_1_453' title='bbox 2336 2250 2509 2306; x_wconf 87' lang='lat' dir='ltr'><strong>sancti</strong></span> <span class='ocrx_word' id='word_1_454' title='bbox 2538 2249 2739 2306; x_wconf 88' lang='lat' dir='ltr'><strong>Leonis</strong></span> <span class='ocrx_word' id='word_1_455' title='bbox 2768 2248 2835 2302; x_wconf 91' lang='lat' dir='ltr'><strong>ad</strong></span> <span class='ocrx_word' id='word_1_456' title='bbox 2872 2247 3214 2310; x_wconf 88' lang='lat' dir='ltr'><strong>Flavianum,</strong></span> <span class='ocrx_word' id='word_1_457' title='bbox 3256 2261 3367 2300; x_wconf 91' lang='lat' dir='ltr'><strong>non</strong></span> <span class='ocrx_word' id='word_1_458' title='bbox 3394 2244 3731 2299; x_wconf 88' lang='lat' dir='ltr'><strong>erubescunt</strong></span> 
     </span>
    </p>
   </div>
   <div class='ocr_carea' id='block_1_69' title="bbox 2152 2332 3731 2406">
    <p class='ocr_par' dir='ltr' id='par_1_69' title="bbox 2152 2332 3731 2406">
     <span class='ocr_line' id='line_1_69' title="bbox 2152 2332 3731 2406; baseline -0.007 -10"><span class='ocrx_word' id='word_1_459' title='bbox 2152 2341 2336 2397; x_wconf 89' lang='lat' dir='ltr'><strong>dicere</strong></span> <span class='ocrx_word' id='word_1_460' title='bbox 2372 2359 2402 2395; x_wconf 87' lang='lat' dir='ltr'><strong>a</strong></span> <span class='ocrx_word' id='word_1_461' title='bbox 2438 2338 2787 2394; x_wconf 83' lang='lat' dir='ltr'><strong>Tllcodoreto</strong></span> <span class='ocrx_word' id='word_1_462' title='bbox 2818 2353 2885 2392; x_wconf 81' lang='lat' dir='ltr'><strong>ex</strong></span> <span class='ocrx_word' id='word_1_463' title='bbox 2916 2335 3146 2406; x_wconf 89' lang='lat' dir='ltr'><strong>epistola</strong></span> <span class='ocrx_word' id='word_1_464' title='bbox 3174 2332 3347 2389; x_wconf 84' lang='lat' dir='ltr'><strong>sancti</strong></span> <span class='ocrx_word' id='word_1_465' title='bbox 3379 2332 3580 2387; x_wconf 88' lang='lat' dir='ltr'><strong>Leonis</strong></span> <span class='ocrx_word' id='word_1_466' title='bbox 3609 2346 3731 2385; x_wconf 86' lang='lat' dir='ltr'><strong>esse</strong></span> 
     </span>
    </p>
   </div>
   <div class='ocr_carea' id='block_1_70' title="bbox 2152 2423 3727 2509">
    <p class='ocr_par' dir='ltr' id='par_1_70' title="bbox 2152 2423 3727 2509">
     <span class='ocr_line' id='line_1_70' title="bbox 2152 2423 3727 2509; baseline -0.008 -20"><span class='ocrx_word' id='word_1_467' title='bbox 2152 2444 2390 2503; x_wconf 90' lang='lat' dir='ltr'><strong>sumpta.</strong></span> <span class='ocrx_word' id='word_1_468' title='bbox 2416 2431 2565 2509; x_wconf 83' lang='lat' dir='ltr'><strong>Nihil</strong></span> <span class='ocrx_word' id='word_1_469' title='bbox 2592 2430 2740 2486; x_wconf 91' lang='lat' dir='ltr'><strong>enim</strong></span> <span class='ocrx_word' id='word_1_470' title='bbox 2761 2429 2869 2484; x_wconf 88' lang='lat' dir='ltr'><strong>dici</strong></span> <span class='ocrx_word' id='word_1_471' title='bbox 2892 2427 3074 2498; x_wconf 89' lang='lat' dir='ltr'><strong>potuit</strong></span> <span class='ocrx_word' id='word_1_472' title='bbox 3108 2434 3204 2480; x_wconf 90' lang='lat' dir='ltr'><strong>aut</strong></span> <span class='ocrx_word' id='word_1_473' title='bbox 3228 2423 3591 2495; x_wconf 81' lang='lat' dir='ltr'><strong>ignorantius,</strong></span> <span class='ocrx_word' id='word_1_474' title='bbox 3628 2430 3727 2476; x_wconf 84' lang='lat' dir='ltr'><strong>aut</strong></span> 
     </span>
    </p>
   </div>
   <div class='ocr_carea' id='block_1_71' title="bbox 2154 2515 3730 2594">
    <p class='ocr_par' dir='ltr' id='par_1_71' title="bbox 2154 2515 3730 2594">
     <span class='ocr_line' id='line_1_71' title="bbox 2154 2515 3730 2594; baseline -0.008 -14"><span class='ocrx_word' id='word_1_475' title='bbox 2154 2524 2551 2594; x_wconf 87' lang='lat' dir='ltr'><strong>impudentius.</strong></span> <span class='ocrx_word' id='word_1_476' title='bbox 2581 2524 2717 2578; x_wconf 86' lang='lat' dir='ltr'><strong>Nam</strong></span> <span class='ocrx_word' id='word_1_477' title='bbox 2751 2520 3036 2576; x_wconf 86' lang='lat' dir='ltr'><strong>Eranistes</strong></span> <span class='ocrx_word' id='word_1_478' title='bbox 3062 2526 3393 2590; x_wconf 85' lang='lat' dir='ltr'><strong>pervagatus</strong></span> <span class='ocrx_word' id='word_1_479' title='bbox 3420 2525 3524 2581; x_wconf 87' lang='lat' dir='ltr'><strong>est,</strong></span> <span class='ocrx_word' id='word_1_480' title='bbox 3561 2515 3730 2569; x_wconf 87' lang='lat' dir='ltr'><strong>etiam</strong></span> 
     </span>
    </p>
   </div>
   <div class='ocr_carea' id='block_1_72' title="bbox 2152 2606 3731 2689">
    <p class='ocr_par' dir='ltr' id='par_1_72' title="bbox 2152 2606 3731 2689">
     <span class='ocr_line' id='line_1_72' title="bbox 2152 2606 3731 2689; baseline -0.009 -16"><span class='ocrx_word' id='word_1_481' title='bbox 2152 2619 2208 2673; x_wconf 89' lang='lat' dir='ltr'><strong>in</strong></span> <span class='ocrx_word' id='word_1_482' title='bbox 2232 2616 2545 2689; x_wconf 66' lang='lat' dir='ltr'><strong>Egyptum,</strong></span> <span class='ocrx_word' id='word_1_483' title='bbox 2570 2623 2697 2670; x_wconf 87' lang='lat' dir='ltr'><strong>ante</strong></span> <span class='ocrx_word' id='word_1_484' title='bbox 2725 2620 3048 2683; x_wconf 88' lang='lat' dir='ltr'><strong>conceptam</strong></span> <span class='ocrx_word' id='word_1_485' title='bbox 3080 2610 3415 2679; x_wconf 78' lang='lat' dir='ltr'><strong>missumque</strong></span> <span class='ocrx_word' id='word_1_486' title='bbox 3443 2606 3731 2677; x_wconf 86' lang='lat' dir='ltr'><strong>epistolam</strong></span> 
     </span>
    </p>
   </div>
   <div class='ocr_carea' id='block_1_73' title="bbox 2152 2699 3732 2778">
    <p class='ocr_par' dir='ltr' id='par_1_73' title="bbox 2152 2699 3732 2778">
     <span class='ocr_line' id='line_1_73' title="bbox 2152 2699 3732 2778; baseline -0.007 -12"><span class='ocrx_word' id='word_1_487' title='bbox 2152 2710 2323 2767; x_wconf 89' lang='lat' dir='ltr'><strong>sancti</strong></span> <span class='ocrx_word' id='word_1_488' title='bbox 2348 2708 2571 2773; x_wconf 87' lang='lat' dir='ltr'><strong>Leonis,</strong></span> <span class='ocrx_word' id='word_1_489' title='bbox 2597 2707 2801 2778; x_wconf 91' lang='lat' dir='ltr'><strong>quippe</strong></span> <span class='ocrx_word' id='word_1_490' title='bbox 2822 2721 2948 2760; x_wconf 91' lang='lat' dir='ltr'><strong>cum</strong></span> <span class='ocrx_word' id='word_1_491' title='bbox 2971 2704 3097 2758; x_wconf 90' lang='lat' dir='ltr'><strong>data</strong></span> <span class='ocrx_word' id='word_1_492' title='bbox 3123 2703 3195 2757; x_wconf 89' lang='lat' dir='ltr'><strong>sit</strong></span> <span class='ocrx_word' id='word_1_493' title='bbox 3225 2716 3369 2756; x_wconf 92' lang='lat' dir='ltr'><strong>anno</strong></span> <span class='ocrx_word' id='word_1_494' title='bbox 3392 2700 3517 2762; x_wconf 65' lang='lat'><strong>449,</strong></span> <span class='ocrx_word' id='word_1_495' title='bbox 3542 2699 3732 2755; x_wconf 84' lang='lat' dir='ltr'><strong>Idibus</strong></span> 
     </span>
    </p>
   </div>
   <div class='ocr_carea' id='block_1_74' title="bbox 2149 2791 3730 2868">
    <p class='ocr_par' dir='ltr' id='par_1_74' title="bbox 2149 2791 3730 2868">
     <span class='ocr_line' id='line_1_74' title="bbox 2149 2791 3730 2868; baseline -0.008 -11"><span class='ocrx_word' id='word_1_496' title='bbox 2149 2800 2302 2865; x_wconf 83' lang='lat' dir='ltr'><strong>Julii,</strong></span> <span class='ocrx_word' id='word_1_497' title='bbox 2326 2800 2547 2855; x_wconf 81' lang='lat' dir='ltr'><strong>Asterie</strong></span> <span class='ocrx_word' id='word_1_498' title='bbox 2575 2809 2631 2854; x_wconf 90' lang='lat' dir='ltr'><strong>et</strong></span> <span class='ocrx_word' id='word_1_499' title='bbox 2651 2799 2958 2868; x_wconf 82' lang='lat' dir='ltr'><strong>Protogene</strong></span> <span class='ocrx_word' id='word_1_500' title='bbox 2987 2810 3130 2850; x_wconf 92' lang='lat' dir='ltr'><strong>coss.</strong></span> <span class='ocrx_word' id='word_1_501' title='bbox 3164 2793 3409 2863; x_wconf 85' lang='lat' dir='ltr'><strong>scriptus</strong></span> <span class='ocrx_word' id='word_1_502' title='bbox 3428 2791 3730 2856; x_wconf 75' lang='lat' dir='ltr'><strong>Eranistes,</strong></span> 
     </span>
    </p>
   </div>
   <div class='ocr_carea' id='block_1_75' title="bbox 2151 2890 3006 2963">
    <p class='ocr_par' dir='ltr' id='par_1_75' title="bbox 2151 2890 3006 2963">
     <span class='ocr_line' id='line_1_75' title="bbox 2151 2890 3006 2963; baseline -0.002 -18"><span class='ocrx_word' id='word_1_503' title='bbox 2151 2908 2314 2963; x_wconf 86' lang='lat' dir='ltr'><strong>quam</strong></span> <span class='ocrx_word' id='word_1_504' title='bbox 2345 2891 2678 2955; x_wconf 89' lang='lat' dir='ltr'><strong>tardissime,</strong></span> <span class='ocrx_word' id='word_1_505' title='bbox 2714 2906 2861 2945; x_wconf 86' lang='lat' dir='ltr'><strong>anno</strong></span> <span class='ocrx_word' id='word_1_506' title='bbox 2882 2890 3006 2945; x_wconf 69' lang='grc'><strong>446.</strong></span> 
     </span>
    </p>
   </div>
   <div class='ocr_carea' id='block_1_76' title="bbox 2225 2975 3727 3053">
    <p class='ocr_par' dir='ltr' id='par_1_76' title="bbox 2225 2975 3727 3053">
     <span class='ocr_line' id='line_1_76' title="bbox 2225 2975 3727 3053; baseline -0.006 -15"><span class='ocrx_word' id='word_1_507' title='bbox 2225 2984 2278 3038; x_wconf 87' lang='grc'><strong>5.</strong></span> <span class='ocrx_word' id='word_1_508' title='bbox 2305 2982 2593 3053; x_wconf 85' lang='lat' dir='ltr'><strong>Nuperum</strong></span> <span class='ocrx_word' id='word_1_509' title='bbox 2623 2980 2892 3035; x_wconf 91' lang='lat' dir='ltr'><strong>editorem</strong></span> <span class='ocrx_word' id='word_1_510' title='bbox 2913 2978 3155 3050; x_wconf 78' lang='lat' dir='ltr'><strong>Operam</strong></span> <span class='ocrx_word' id='word_1_511' title='bbox 3183 2977 3361 3033; x_wconf 90' lang='lat' dir='ltr'><strong>sancti</strong></span> <span class='ocrx_word' id='word_1_512' title='bbox 3392 2976 3594 3031; x_wconf 88' lang='lat' dir='ltr'><strong>Leonis</strong></span> <span class='ocrx_word' id='word_1_513' title='bbox 3620 2975 3727 3029; x_wconf 88' lang='lat' dir='ltr'><strong>inl-</strong></span> 
     </span>
    </p>
   </div>
   <div class='ocr_carea' id='block_1_77' title="bbox 2152 3070 3728 3148">
    <p class='ocr_par' dir='ltr' id='par_1_77' title="bbox 2152 3070 3728 3148">
     <span class='ocr_line' id='line_1_77' title="bbox 2152 3070 3728 3148; baseline -0.004 -18"><span class='ocrx_word' id='word_1_514' title='bbox 2152 3076 2456 3148; x_wconf 88' lang='lat' dir='ltr'><strong>prudenter</strong></span> <span class='ocrx_word' id='word_1_515' title='bbox 2477 3075 2772 3131; x_wconf 75' lang='lat' dir='ltr'><strong>adhaesisse</strong></span> <span class='ocrx_word' id='word_1_516' title='bbox 2791 3073 3106 3130; x_wconf 87' lang='lat' dir='ltr'><strong>Calvinistis</strong></span> <span class='ocrx_word' id='word_1_517' title='bbox 3137 3072 3258 3128; x_wconf 87' lang='lat' dir='ltr'><strong>istis</strong></span> <span class='ocrx_word' id='word_1_518' title='bbox 3285 3070 3523 3135; x_wconf 86' lang='lat' dir='ltr'><strong>duobus,</strong></span> <span class='ocrx_word' id='word_1_519' title='bbox 3554 3076 3612 3124; x_wconf 90' lang='lat' dir='ltr'><strong>et</strong></span> <span class='ocrx_word' id='word_1_520' title='bbox 3635 3084 3728 3124; x_wconf 84' lang='lat' dir='ltr'><strong>se-</strong></span> 
     </span>
    </p>
   </div>
   <div class='ocr_carea' id='block_1_78' title="bbox 2152 3159 3728 3228">
    <p class='ocr_par' dir='ltr' id='par_1_78' title="bbox 2152 3159 3728 3228">
     <span class='ocr_line' id='line_1_78' title="bbox 2152 3159 3728 3228; baseline -0.006 -4"><span class='ocrx_word' id='word_1_521' title='bbox 2152 3167 2395 3224; x_wconf 89' lang='lat' dir='ltr'><strong>cundum</strong></span> <span class='ocrx_word' id='word_1_522' title='bbox 2417 3181 2513 3223; x_wconf 91' lang='lat' dir='ltr'><strong>eos</strong></span> <span class='ocrx_word' id='word_1_523' title='bbox 2535 3164 2863 3221; x_wconf 89' lang='lat' dir='ltr'><strong>sententiam</strong></span> <span class='ocrx_word' id='word_1_524' title='bbox 2893 3163 3120 3228; x_wconf 76' lang='lat' dir='ltr'><strong>dixisse,</strong></span> <span class='ocrx_word' id='word_1_525' title='bbox 3156 3170 3219 3217; x_wconf 90' lang='lat' dir='ltr'><strong>ut</strong></span> <span class='ocrx_word' id='word_1_526' title='bbox 3241 3176 3327 3216; x_wconf 91' lang='lat' dir='ltr'><strong>me</strong></span> <span class='ocrx_word' id='word_1_527' title='bbox 3358 3160 3641 3215; x_wconf 89' lang='lat' dir='ltr'><strong>damnaret</strong></span> <span class='ocrx_word' id='word_1_528' title='bbox 3670 3159 3728 3214; x_wconf 88' lang='lat' dir='ltr'><strong>in</strong></span> 
     </span>
    </p>
   </div>
   <div class='ocr_carea' id='block_1_79' title="bbox 2151 3249 3732 3329">
    <p class='ocr_par' dir='ltr' id='par_1_79' title="bbox 2151 3249 3732 3329">
     <span class='ocr_line' id='line_1_79' title="bbox 2151 3249 3732 3329; baseline -0.006 -16"><span class='ocrx_word' id='word_1_529' title='bbox 2151 3258 2300 3314; x_wconf 90' lang='lat' dir='ltr'><strong>notis</strong></span> <span class='ocrx_word' id='word_1_530' title='bbox 2332 3256 2400 3312; x_wconf 91' lang='lat' dir='ltr'><strong>ad</strong></span> <span class='ocrx_word' id='word_1_531' title='bbox 2428 3273 2466 3312; x_wconf 84' lang='grc' dir='ltr'><strong>ιι</strong></span> <span class='ocrx_word' id='word_1_532' title='bbox 2489 3265 2700 3329; x_wconf 65' lang='lat' dir='ltr'><strong>partem</strong></span> <span class='ocrx_word' id='word_1_533' title='bbox 2723 3253 2963 3326; x_wconf 86' lang='lat' dir='ltr'><strong>Operum</strong></span> <span class='ocrx_word' id='word_1_534' title='bbox 2996 3252 3151 3309; x_wconf 77' lang='lat' dir='ltr'><strong>Marii</strong></span> <span class='ocrx_word' id='word_1_535' title='bbox 3189 3249 3504 3306; x_wconf 82' lang='lat' dir='ltr'><strong>Mercatoris</strong></span> <span class='ocrx_word' id='word_1_536' title='bbox 3540 3249 3732 3306; x_wconf 84' lang='lat' dir='ltr'><strong>obiter</strong></span> 
     </span>
    </p>
   </div>
   <div class='ocr_carea' id='block_1_80' title="bbox 2152 3338 3733 3411">
    <p class='ocr_par' dir='ltr' id='par_1_80' title="bbox 2152 3338 3733 3411">
     <span class='ocr_line' id='line_1_80' title="bbox 2152 3338 3733 3411; baseline -0.008 -6"><span class='ocrx_word' id='word_1_537' title='bbox 2152 3351 2240 3405; x_wconf 90' lang='lat' dir='ltr'><strong>bis</strong></span> <span class='ocrx_word' id='word_1_538' title='bbox 2273 3349 2341 3405; x_wconf 90' lang='lat' dir='ltr'><strong>de</strong></span> <span class='ocrx_word' id='word_1_539' title='bbox 2359 3346 2695 3404; x_wconf 90' lang='lat' dir='ltr'><strong>testimoniis</strong></span> <span class='ocrx_word' id='word_1_540' title='bbox 2712 3346 2978 3401; x_wconf 90' lang='lat' dir='ltr'><strong>locutum.</strong></span> <span class='ocrx_word' id='word_1_541' title='bbox 3007 3343 3180 3411; x_wconf 83' lang='lat' dir='ltr'><strong>Quam</strong></span> <span class='ocrx_word' id='word_1_542' title='bbox 3204 3340 3484 3396; x_wconf 90' lang='lat' dir='ltr'><strong>immerito</strong></span> <span class='ocrx_word' id='word_1_543' title='bbox 3514 3338 3569 3393; x_wconf 88' lang='lat' dir='ltr'><strong>id</strong></span> <span class='ocrx_word' id='word_1_544' title='bbox 3597 3354 3733 3410; x_wconf 84' lang='lat' dir='ltr'><strong>ege-</strong></span> 
     </span>
    </p>
   </div>
   <div class='ocr_carea' id='block_1_81' title="bbox 2152 3437 2948 3506">
    <p class='ocr_par' dir='ltr' id='par_1_81' title="bbox 2152 3437 2948 3506">
     <span class='ocr_line' id='line_1_81' title="bbox 2152 3437 2948 3506; baseline -0.009 -8"><span class='ocrx_word' id='word_1_545' title='bbox 2152 3443 2246 3506; x_wconf 86' lang='lat' dir='ltr'><strong>rit,</strong></span> <span class='ocrx_word' id='word_1_546' title='bbox 2273 3442 2523 3497; x_wconf 89' lang='lat' dir='ltr'><strong>dicemus</strong></span> <span class='ocrx_word' id='word_1_547' title='bbox 2552 3438 2655 3495; x_wconf 90' lang='lat' dir='ltr'><strong>sub</strong></span> <span class='ocrx_word' id='word_1_548' title='bbox 2685 3437 2848 3493; x_wconf 89' lang='lat' dir='ltr'><strong>ﬁnem</strong></span> <span class='ocrx_word' id='word_1_549' title='bbox 2878 3438 2948 3491; x_wconf 67' lang='grc' dir='ltr'><strong>δ’.</strong></span> 
     </span>
    </p>
   </div>
   <div class='ocr_carea' id='block_1_82' title="bbox 2222 3521 3726 3600">
    <p class='ocr_par' dir='ltr' id='par_1_82' title="bbox 2222 3521 3726 3600">
     <span class='ocr_line' id='line_1_82' title="bbox 2222 3521 3726 3600; baseline -0.008 -11"><span class='ocrx_word' id='word_1_550' title='bbox 2222 3532 2435 3588; x_wconf 82' lang='lat' dir='ltr'><strong>XXVII.</strong></span> <span class='ocrx_word' id='word_1_551' title='bbox 2471 3532 2767 3600; x_wconf 88' lang='lat' dir='ltr'><strong>Postquam</strong></span> <span class='ocrx_word' id='word_1_552' title='bbox 2812 3529 3020 3584; x_wconf 92' lang='lat' dir='ltr'><strong>dictum</strong></span> <span class='ocrx_word' id='word_1_553' title='bbox 3066 3527 3134 3583; x_wconf 92' lang='lat' dir='ltr'><strong>de</strong></span> <span class='ocrx_word' id='word_1_554' title='bbox 3175 3534 3423 3596; x_wconf 89' lang='lat' dir='ltr'><strong>tempore</strong></span> <span class='ocrx_word' id='word_1_555' title='bbox 3459 3534 3516 3580; x_wconf 91' lang='lat' dir='ltr'><strong>et</strong></span> <span class='ocrx_word' id='word_1_556' title='bbox 3543 3521 3726 3579; x_wconf 72' lang='lat' dir='ltr'><strong>causis</strong></span> 
     </span>
    </p>
   </div>
   <div class='ocr_carea' id='block_1_83' title="bbox 2149 3613 3730 3695">
    <p class='ocr_par' dir='ltr' id='par_1_83' title="bbox 2149 3613 3730 3695">
     <span class='ocr_line' id='line_1_83' title="bbox 2149 3613 3730 3695; baseline -0.007 -17"><span class='ocrx_word' id='word_1_557' title='bbox 2149 3622 2493 3695; x_wconf 81' lang='lat' dir='ltr'><strong>Polymorphi</strong></span> <span class='ocrx_word' id='word_1_558' title='bbox 2512 3636 2609 3675; x_wconf 90' lang='lat' dir='ltr'><strong>seu</strong></span> <span class='ocrx_word' id='word_1_559' title='bbox 2631 3621 2917 3682; x_wconf 69' lang='lat' dir='ltr'><strong>Eranistaz,</strong></span> <span class='ocrx_word' id='word_1_560' title='bbox 2951 3619 3201 3689; x_wconf 90' lang='lat' dir='ltr'><strong>sequitur</strong></span> <span class='ocrx_word' id='word_1_561' title='bbox 3229 3617 3513 3685; x_wconf 90' lang='lat' dir='ltr'><strong>deinceps,</strong></span> <span class='ocrx_word' id='word_1_562' title='bbox 3544 3626 3605 3669; x_wconf 90' lang='lat' dir='ltr'><strong>ut</strong></span> <span class='ocrx_word' id='word_1_563' title='bbox 3638 3613 3730 3668; x_wconf 88' lang='lat' dir='ltr'><strong>ill-</strong></span> 
     </span>
    </p>
   </div>
   <div class='ocr_carea' id='block_1_84' title="bbox 2150 3705 3728 3780">
    <p class='ocr_par' dir='ltr' id='par_1_84' title="bbox 2150 3705 3728 3780">
     <span class='ocr_line' id='line_1_84' title="bbox 2150 3705 3728 3780; baseline -0.006 -12"><span class='ocrx_word' id='word_1_564' title='bbox 2150 3712 2429 3775; x_wconf 85' lang='lat' dir='ltr'><strong>dicentur,</strong></span> <span class='ocrx_word' id='word_1_565' title='bbox 2457 3726 2579 3780; x_wconf 68' lang='lat' dir='ltr'><strong>quae</strong></span> <span class='ocrx_word' id='word_1_566' title='bbox 2600 3708 2945 3765; x_wconf 83' lang='lat' dir='ltr'><strong>observanda</strong></span> <span class='ocrx_word' id='word_1_567' title='bbox 2964 3710 3018 3765; x_wconf 89' lang='lat' dir='ltr'><strong>in</strong></span> <span class='ocrx_word' id='word_1_568' title='bbox 3046 3709 3135 3763; x_wconf 88' lang='lat' dir='ltr'><strong>his</strong></span> <span class='ocrx_word' id='word_1_569' title='bbox 3157 3706 3388 3777; x_wconf 89' lang='lat' dir='ltr'><strong>dialogis</strong></span> <span class='ocrx_word' id='word_1_570' title='bbox 3411 3705 3728 3760; x_wconf 90' lang='lat' dir='ltr'><strong>videantur.</strong></span> 
     </span>
    </p>
   </div>
   <div class='ocr_carea' id='block_1_85' title="bbox 2152 3802 3176 3873">
    <p class='ocr_par' dir='ltr' id='par_1_85' title="bbox 2152 3802 3176 3873">
     <span class='ocr_line' id='line_1_85' title="bbox 2152 3802 3176 3873; baseline -0.004 -13"><span class='ocrx_word' id='word_1_571' title='bbox 2152 3805 2293 3860; x_wconf 89' lang='lat' dir='ltr'><strong>Sunt</strong></span> <span class='ocrx_word' id='word_1_572' title='bbox 2320 3812 2503 3858; x_wconf 88' lang='lat' dir='ltr'><strong>autem</strong></span> <span class='ocrx_word' id='word_1_573' title='bbox 2531 3803 2634 3858; x_wconf 90' lang='lat' dir='ltr'><strong>ista</strong></span> <span class='ocrx_word' id='word_1_574' title='bbox 2663 3802 2938 3873; x_wconf 68' lang='lat' dir='ltr'><strong>praecipue</strong></span> <span class='ocrx_word' id='word_1_575' title='bbox 2964 3810 3176 3872; x_wconf 90' lang='lat' dir='ltr'><strong>septem</strong></span> 
     </span>
    </p>
   </div>
   <div class='ocr_carea' id='block_1_86' title="bbox 2215 3889 3735 3965">
    <p class='ocr_par' dir='ltr' id='par_1_86' title="bbox 2215 3889 3735 3965">
     <span class='ocr_line' id='line_1_86' title="bbox 2215 3889 3735 3965; baseline -0.004 -15"><span class='ocrx_word' id='word_1_576' title='bbox 2215 3896 2257 3951; x_wconf 94' lang='lat' dir='ltr'><strong>I.</strong></span> <span class='ocrx_word' id='word_1_577' title='bbox 2292 3893 2676 3950; x_wconf 88' lang='lat' dir='ltr'><strong>Thcodoretus</strong></span> <span class='ocrx_word' id='word_1_578' title='bbox 2720 3910 2829 3950; x_wconf 90' lang='lat' dir='ltr'><strong>non</strong></span> <span class='ocrx_word' id='word_1_579' title='bbox 2872 3893 3137 3965; x_wconf 88' lang='lat' dir='ltr'><strong>postulat,</strong></span> <span class='ocrx_word' id='word_1_580' title='bbox 3182 3893 3298 3949; x_wconf 89' lang='lat' dir='ltr'><strong>sive</strong></span> <span class='ocrx_word' id='word_1_581' title='bbox 3356 3907 3481 3949; x_wconf 90' lang='lat' dir='ltr'><strong>cum</strong></span> <span class='ocrx_word' id='word_1_582' title='bbox 3530 3889 3735 3945; x_wconf 85' lang='lat' dir='ltr'><strong>scribit</strong></span> 
     </span>
    </p>
   </div>
   <div class='ocr_carea' id='block_1_87' title="bbox 2151 3980 3736 4057">
    <p class='ocr_par' dir='ltr' id='par_1_87' title="bbox 2151 3980 3736 4057">
     <span class='ocr_line' id='line_1_87' title="bbox 2151 3980 3736 4057; baseline -0.004 -16"><span class='ocrx_word' id='word_1_583' title='bbox 2151 3986 2320 4042; x_wconf 91' lang='lat' dir='ltr'><strong>Leoni</strong></span> <span class='ocrx_word' id='word_1_584' title='bbox 2352 3985 2620 4057; x_wconf 90' lang='lat' dir='ltr'><strong>pontiﬁci,</strong></span> <span class='ocrx_word' id='word_1_585' title='bbox 2639 3986 2754 4041; x_wconf 89' lang='lat' dir='ltr'><strong>sive</strong></span> <span class='ocrx_word' id='word_1_586' title='bbox 2782 4001 2905 4040; x_wconf 91' lang='lat' dir='ltr'><strong>cum</strong></span> <span class='ocrx_word' id='word_1_587' title='bbox 2928 3986 3139 4040; x_wconf 85' lang='lat' dir='ltr'><strong>Renato</strong></span> <span class='ocrx_word' id='word_1_588' title='bbox 3164 3984 3507 4055; x_wconf 88' lang='lat' dir='ltr'><strong>presbytero,</strong></span> <span class='ocrx_word' id='word_1_589' title='bbox 3530 3996 3597 4036; x_wconf 78' lang='lat' dir='ltr'><strong>ex</strong></span> <span class='ocrx_word' id='word_1_590' title='bbox 3620 3980 3736 4035; x_wconf 88' lang='lat' dir='ltr'><strong>hoc</strong></span> 
     </span>
    </p>
   </div>
   <div class='ocr_carea' id='block_1_88' title="bbox 2152 4073 3736 4150">
    <p class='ocr_par' dir='ltr' id='par_1_88' title="bbox 2152 4073 3736 4150">
     <span class='ocr_line' id='line_1_88' title="bbox 2152 4073 3736 4150; baseline -0.004 -16"><span class='ocrx_word' id='word_1_591' title='bbox 2152 4078 2583 4150; x_wconf 85' lang='lat' dir='ltr'><strong>librojudicium</strong></span> <span class='ocrx_word' id='word_1_592' title='bbox 2609 4078 2677 4134; x_wconf 91' lang='lat' dir='ltr'><strong>de</strong></span> <span class='ocrx_word' id='word_1_593' title='bbox 2714 4093 2812 4134; x_wconf 90' lang='lat' dir='ltr'><strong>sua</strong></span> <span class='ocrx_word' id='word_1_594' title='bbox 2850 4077 2958 4132; x_wconf 90' lang='lat' dir='ltr'><strong>ﬁde</strong></span> <span class='ocrx_word' id='word_1_595' title='bbox 2994 4077 3241 4133; x_wconf 83' lang='lat' dir='ltr'><strong>exerceri</strong></span> <span class='ocrx_word' id='word_1_596' title='bbox 3274 4094 3288 4130; x_wconf 92' lang='lat'><strong>:</strong></span> <span class='ocrx_word' id='word_1_597' title='bbox 3325 4082 3538 4146; x_wconf 85' lang='lat' dir='ltr'><strong>poterat</strong></span> <span class='ocrx_word' id='word_1_598' title='bbox 3575 4073 3736 4128; x_wconf 90' lang='lat' dir='ltr'><strong>enim</strong></span> 
     </span>
    </p>
   </div>
   <div class='ocr_carea' id='block_1_89' title="bbox 2154 4165 3737 4241">
    <p class='ocr_par' dir='ltr' id='par_1_89' title="bbox 2154 4165 3737 4241">
     <span class='ocr_line' id='line_1_89' title="bbox 2154 4165 3737 4241; baseline -0.004 -13"><span class='ocrx_word' id='word_1_599' title='bbox 2154 4172 2282 4228; x_wconf 88' lang='lat' dir='ltr'><strong>inde</strong></span> <span class='ocrx_word' id='word_1_600' title='bbox 2306 4171 2576 4237; x_wconf 90' lang='lat' dir='ltr'><strong>damnari,</strong></span> <span class='ocrx_word' id='word_1_601' title='bbox 2614 4186 2739 4226; x_wconf 90' lang='lat' dir='ltr'><strong>cum</strong></span> <span class='ocrx_word' id='word_1_602' title='bbox 2764 4170 3167 4241; x_wconf 88' lang='lat' dir='ltr'><strong>propositiones</strong></span> <span class='ocrx_word' id='word_1_603' title='bbox 3196 4177 3436 4241; x_wconf 89' lang='lat' dir='ltr'><strong>quatuor</strong></span> <span class='ocrx_word' id='word_1_604' title='bbox 3462 4184 3492 4222; x_wconf 89' lang='lat' dir='ltr'><strong>a</strong></span> <span class='ocrx_word' id='word_1_605' title='bbox 3522 4165 3737 4238; x_wconf 89' lang='lat' dir='ltr'><strong>Cyrillo</strong></span> 
     </span>
    </p>
   </div>
   <div class='ocr_carea' id='block_1_90' title="bbox 2153 4261 3733 4332">
    <p class='ocr_par' dir='ltr' id='par_1_90' title="bbox 2153 4261 3733 4332">
     <span class='ocr_line' id='line_1_90' title="bbox 2153 4261 3733 4332; baseline -0.008 -11"><span class='ocrx_word' id='word_1_606' title='bbox 2153 4277 2411 4330; x_wconf 89' lang='lat' dir='ltr'><strong>assertas,</strong></span> <span class='ocrx_word' id='word_1_607' title='bbox 2442 4273 2500 4321; x_wconf 92' lang='lat' dir='ltr'><strong>et</strong></span> <span class='ocrx_word' id='word_1_608' title='bbox 2535 4264 2605 4319; x_wconf 92' lang='lat' dir='ltr'><strong>ab</strong></span> <span class='ocrx_word' id='word_1_609' title='bbox 2637 4263 2883 4319; x_wconf 87' lang='lat' dir='ltr'><strong>Ecclesia</strong></span> <span class='ocrx_word' id='word_1_610' title='bbox 2913 4271 3182 4330; x_wconf 86' lang='lat' dir='ltr'><strong>receptas,</strong></span> <span class='ocrx_word' id='word_1_611' title='bbox 3226 4261 3368 4316; x_wconf 80' lang='lat' dir='ltr'><strong>Deus</strong></span> <span class='ocrx_word' id='word_1_612' title='bbox 3411 4275 3595 4332; x_wconf 80' lang='lat' dir='ltr'><strong>passus</strong></span> <span class='ocrx_word' id='word_1_613' title='bbox 3627 4266 3733 4323; x_wconf 76' lang='lat' dir='ltr'><strong>est,</strong></span> 
     </span>
    </p>
   </div>
   <div class='ocr_carea' id='block_1_91' title="bbox 467 4349 2048 4429">
    <p class='ocr_par' dir='ltr' id='par_1_91' title="bbox 467 4349 2041 4409">
     <span class='ocr_line' id='line_1_91' title="bbox 467 4349 2041 4409; baseline 0.003 -6"><span class='ocrx_word' id='word_1_614' title='bbox 467 4364 593 4405; x_wconf 90' lang='lat' dir='ltr'><strong>nem</strong></span> <span class='ocrx_word' id='word_1_615' title='bbox 620 4349 903 4406; x_wconf 90' lang='lat' dir='ltr'><strong>scribendi</strong></span> <span class='ocrx_word' id='word_1_616' title='bbox 938 4366 1005 4406; x_wconf 84' lang='lat' dir='ltr'><strong>ex</strong></span> <span class='ocrx_word' id='word_1_617' title='bbox 1034 4353 1384 4409; x_wconf 87' lang='lat' dir='ltr'><strong>accusatione</strong></span> <span class='ocrx_word' id='word_1_618' title='bbox 1418 4360 1616 4407; x_wconf 90' lang='lat' dir='ltr'><strong>ortam.</strong></span> <span class='ocrx_word' id='word_1_619' title='bbox 1641 4354 1698 4407; x_wconf 72' lang='grc' dir='ltr'><strong>4ο</strong></span> <span class='ocrx_word' id='word_1_620' title='bbox 1720 4352 2041 4408; x_wconf 88' lang='lat' dir='ltr'><strong>Theodore-</strong></span> 
     </span>
    </p>
   </div>
   <div class='ocr_carea' id='block_1_92' title="bbox 2154 4349 3736 4429">
    <p class='ocr_par' dir='ltr' id='par_1_92' title="bbox 2154 4353 3736 4429">
     <span class='ocr_line' id='line_1_92' title="bbox 2154 4353 3736 4429; baseline -0.005 -18"><span class='ocrx_word' id='word_1_621' title='bbox 2154 4374 2334 4429; x_wconf 81' lang='lat' dir='ltr'><strong>passus</strong></span> <span class='ocrx_word' id='word_1_622' title='bbox 2352 4366 2427 4411; x_wconf 80' lang='lat' dir='ltr'><strong>est</strong></span> <span class='ocrx_word' id='word_1_623' title='bbox 2459 4371 2639 4422; x_wconf 85' lang='lat' dir='ltr'><strong>carne,</strong></span> <span class='ocrx_word' id='word_1_624' title='bbox 2665 4372 2852 4427; x_wconf 82' lang='lat' dir='ltr'><strong>passus</strong></span> <span class='ocrx_word' id='word_1_625' title='bbox 2884 4364 2957 4410; x_wconf 79' lang='lat' dir='ltr'><strong>est</strong></span> <span class='ocrx_word' id='word_1_626' title='bbox 2983 4354 3180 4419; x_wconf 80' lang='lat' dir='ltr'><strong>volens,</strong></span> <span class='ocrx_word' id='word_1_627' title='bbox 3205 4371 3391 4425; x_wconf 81' lang='lat' dir='ltr'><strong>passus</strong></span> <span class='ocrx_word' id='word_1_628' title='bbox 3422 4361 3497 4406; x_wconf 85' lang='lat' dir='ltr'><strong>est</strong></span> <span class='ocrx_word' id='word_1_629' title='bbox 3527 4353 3736 4420; x_wconf 75' lang='lat' dir='ltr'><strong>impas-</strong></span> 
     </span>
    </p>
   </div>
   <div class='ocr_carea' id='block_1_93' title="bbox 469 4443 2042 4514">
    <p class='ocr_par' dir='ltr' id='par_1_93' title="bbox 469 4443 2042 4514">
     <span class='ocr_line' id='line_1_93' title="bbox 469 4443 2042 4514; baseline 0.003 -19"><span class='ocrx_word' id='word_1_630' title='bbox 469 4451 587 4497; x_wconf 90' lang='lat' dir='ltr'><strong>tum</strong></span> <span class='ocrx_word' id='word_1_631' title='bbox 621 4457 941 4498; x_wconf 88' lang='lat' dir='ltr'><strong>communes</strong></span> <span class='ocrx_word' id='word_1_632' title='bbox 965 4459 1179 4514; x_wconf 89' lang='lat' dir='ltr'><strong>passum</strong></span> <span class='ocrx_word' id='word_1_633' title='bbox 1214 4461 1333 4500; x_wconf 89' lang='lat' dir='ltr'><strong>esse</strong></span> <span class='ocrx_word' id='word_1_634' title='bbox 1361 4460 1486 4500; x_wconf 89' lang='lat' dir='ltr'><strong>cum</strong></span> <span class='ocrx_word' id='word_1_635' title='bbox 1508 4443 1750 4499; x_wconf 87' lang='lat' dir='ltr'><strong>Diodoro</strong></span> <span class='ocrx_word' id='word_1_636' title='bbox 1772 4451 1828 4498; x_wconf 88' lang='lat' dir='ltr'><strong>et</strong></span> <span class='ocrx_word' id='word_1_637' title='bbox 1858 4444 2042 4499; x_wconf 89' lang='lat' dir='ltr'><strong>Theo-</strong></span> 
     </span>
    </p>
   </div>
   <div class='ocr_carea' id='block_1_94' title="bbox 466 4534 2044 4591">
    <p class='ocr_par' dir='ltr' id='par_1_94' title="bbox 466 4534 2044 4591">
     <span class='ocr_line' id='line_1_94' title="bbox 466 4534 2044 4591; baseline 0 -2"><span class='ocrx_word' id='word_1_638' title='bbox 466 4534 605 4589; x_wconf 93' lang='lat' dir='ltr'><strong>doro</strong></span> <span class='ocrx_word' id='word_1_639' title='bbox 669 4534 1030 4590; x_wconf 81' lang='lat' dir='ltr'><strong>adversarios.</strong></span> <span class='ocrx_word' id='word_1_640' title='bbox 1106 4537 1162 4591; x_wconf 80' lang='lat'><strong>5°</strong></span> <span class='ocrx_word' id='word_1_641' title='bbox 1216 4537 1410 4591; x_wconf 87' lang='lat' dir='ltr'><strong>Natam</strong></span> <span class='ocrx_word' id='word_1_642' title='bbox 1478 4536 1605 4591; x_wconf 90' lang='lat' dir='ltr'><strong>inde</strong></span> <span class='ocrx_word' id='word_1_643' title='bbox 1674 4535 2044 4591; x_wconf 91' lang='lat' dir='ltr'><strong>accusationis</strong></span> 
     </span>
    </p>
   </div>
   <div class='ocr_carea' id='block_1_95' title="bbox 465 4627 2039 4703">
    <p class='ocr_par' dir='ltr' id='par_1_95' title="bbox 465 4627 2039 4703">
     <span class='ocr_line' id='line_1_95' title="bbox 465 4627 2039 4703; baseline 0.001 -22"><span class='ocrx_word' id='word_1_644' title='bbox 465 4641 723 4703; x_wconf 70' lang='lat' dir='ltr'><strong>causam,</strong></span> <span class='ocrx_word' id='word_1_645' title='bbox 765 4627 911 4697; x_wconf 86' lang='lat' dir='ltr'><strong>quod</strong></span> <span class='ocrx_word' id='word_1_646' title='bbox 965 4637 1261 4698; x_wconf 87' lang='lat' dir='ltr'><strong>utrumque</strong></span> <span class='ocrx_word' id='word_1_647' title='bbox 1304 4629 1625 4698; x_wconf 76' lang='lat' dir='ltr'><strong>magistrum</strong></span> <span class='ocrx_word' id='word_1_648' title='bbox 1680 4628 2039 4697; x_wconf 57' lang='lat' dir='ltr'><strong>deﬂendisset,</strong></span> 
     </span>
    </p>
   </div>
   <div class='ocr_carea' id='block_1_96' title="bbox 465 4718 2037 4789">
    <p class='ocr_par' dir='ltr' id='par_1_96' title="bbox 465 4718 2037 4789">
     <span class='ocr_line' id='line_1_96' title="bbox 465 4718 2037 4789; baseline 0.002 -18"><span class='ocrx_word' id='word_1_649' title='bbox 465 4719 620 4787; x_wconf 89' lang='lat' dir='ltr'><strong>quasi</strong></span> <span class='ocrx_word' id='word_1_650' title='bbox 643 4718 833 4773; x_wconf 87' lang='lat' dir='ltr'><strong>eadem</strong></span> <span class='ocrx_word' id='word_1_651' title='bbox 861 4719 998 4788; x_wconf 88' lang='lat' dir='ltr'><strong>ipse,</strong></span> <span class='ocrx_word' id='word_1_652' title='bbox 1027 4736 1147 4789; x_wconf 73' lang='lat' dir='ltr'><strong>quae</strong></span> <span class='ocrx_word' id='word_1_653' title='bbox 1170 4720 1271 4784; x_wconf 91' lang='lat' dir='ltr'><strong>illi,</strong></span> <span class='ocrx_word' id='word_1_654' title='bbox 1300 4721 1551 4785; x_wconf 88' lang='lat' dir='ltr'><strong>sentiret,</strong></span> <span class='ocrx_word' id='word_1_655' title='bbox 1577 4720 1683 4776; x_wconf 90' lang='lat' dir='ltr'><strong>hoc</strong></span> <span class='ocrx_word' id='word_1_656' title='bbox 1704 4728 1807 4784; x_wconf 90' lang='lat' dir='ltr'><strong>est,</strong></span> <span class='ocrx_word' id='word_1_657' title='bbox 1838 4720 2037 4775; x_wconf 87' lang='lat' dir='ltr'><strong>Filium</strong></span> 
     </span>
    </p>
   </div>
   <div class='ocr_carea' id='block_1_97' title="bbox 467 4806 2043 4866">
    <p class='ocr_par' dir='ltr' id='par_1_97' title="bbox 467 4806 2043 4866">
     <span class='ocr_line' id='line_1_97' title="bbox 467 4806 2043 4866; baseline 0.003 -5"><span class='ocrx_word' id='word_1_658' title='bbox 467 4806 522 4862; x_wconf 88' lang='lat' dir='ltr'><strong>in</strong></span> <span class='ocrx_word' id='word_1_659' title='bbox 549 4812 690 4864; x_wconf 88' lang='lat' dir='ltr'><strong>duos</strong></span> <span class='ocrx_word' id='word_1_660' title='bbox 726 4809 868 4865; x_wconf 89' lang='lat' dir='ltr'><strong>ﬁlios</strong></span> <span class='ocrx_word' id='word_1_661' title='bbox 894 4810 1186 4865; x_wconf 81' lang='lat' dir='ltr'><strong>divideret.</strong></span> <span class='ocrx_word' id='word_1_662' title='bbox 1229 4811 1285 4864; x_wconf 71' lang='grc' dir='ltr'><strong>ϐυ</strong></span> <span class='ocrx_word' id='word_1_663' title='bbox 1317 4810 1584 4866; x_wconf 86' lang='lat' dir='ltr'><strong>Habuisse</strong></span> <span class='ocrx_word' id='word_1_664' title='bbox 1619 4812 1674 4865; x_wconf 91' lang='lat' dir='ltr'><strong>in</strong></span> <span class='ocrx_word' id='word_1_665' title='bbox 1709 4812 1898 4866; x_wconf 90' lang='lat' dir='ltr'><strong>animo</strong></span> <span class='ocrx_word' id='word_1_666' title='bbox 1940 4812 2043 4865; x_wconf 91' lang='lat' dir='ltr'><strong>im-</strong></span> 
     </span>
    </p>
   </div>
   <div class='ocr_carea' id='block_1_98' title="bbox 465 4901 2040 4972">
    <p class='ocr_par' dir='ltr' id='par_1_98' title="bbox 465 4901 2040 4972">
     <span class='ocr_line' id='line_1_98' title="bbox 465 4901 2040 4972; baseline 0.003 -19"><span class='ocrx_word' id='word_1_667' title='bbox 465 4908 777 4970; x_wconf 90' lang='lat' dir='ltr'><strong>peratorem</strong></span> <span class='ocrx_word' id='word_1_668' title='bbox 799 4902 912 4972; x_wconf 85' lang='lat' dir='ltr'><strong>jam</strong></span> <span class='ocrx_word' id='word_1_669' title='bbox 942 4901 1070 4957; x_wconf 91' lang='lat' dir='ltr'><strong>inde</strong></span> <span class='ocrx_word' id='word_1_670' title='bbox 1101 4902 1171 4956; x_wconf 84' lang='lat' dir='ltr'><strong>ab</strong></span> <span class='ocrx_word' id='word_1_671' title='bbox 1195 4918 1340 4956; x_wconf 89' lang='lat' dir='ltr'><strong>anno</strong></span> <span class='ocrx_word' id='word_1_672' title='bbox 1368 4904 1471 4957; x_wconf 65' lang='grc'><strong>447</strong></span> <span class='ocrx_word' id='word_1_673' title='bbox 1500 4904 1791 4957; x_wconf 78' lang='lat' dir='ltr'><strong>censilium</strong></span> <span class='ocrx_word' id='word_1_674' title='bbox 1834 4917 2040 4958; x_wconf 82' lang='lat' dir='ltr'><strong>convo—</strong></span> 
     </span>
    </p>
   </div>
   <div class='ocr_carea' id='block_1_99' title="bbox 465 4990 2044 5065">
    <p class='ocr_par' dir='ltr' id='par_1_99' title="bbox 465 4990 2044 5065">
     <span class='ocr_line' id='line_1_99' title="bbox 465 4990 2044 5065; baseline 0.004 -21"><span class='ocrx_word' id='word_1_675' title='bbox 465 4990 652 5047; x_wconf 67' lang='lat' dir='ltr'><strong>cauda:</strong></span> <span class='ocrx_word' id='word_1_676' title='bbox 673 4991 868 5064; x_wconf 87' lang='lat' dir='ltr'><strong>synodi</strong></span> <span class='ocrx_word' id='word_1_677' title='bbox 901 4992 1193 5064; x_wconf 86' lang='lat' dir='ltr'><strong>generalis,</strong></span> <span class='ocrx_word' id='word_1_678' title='bbox 1228 4993 1319 5049; x_wconf 90' lang='lat' dir='ltr'><strong>sed</strong></span> <span class='ocrx_word' id='word_1_679' title='bbox 1359 4994 1492 5048; x_wconf 93' lang='lat' dir='ltr'><strong>illud</strong></span> <span class='ocrx_word' id='word_1_680' title='bbox 1516 4994 1839 5065; x_wconf 87' lang='lat' dir='ltr'><strong>deposuisse</strong></span> <span class='ocrx_word' id='word_1_681' title='bbox 1866 4995 2044 5050; x_wconf 91' lang='lat' dir='ltr'><strong>donec</strong></span> 
     </span>
    </p>
   </div>
   <div class='ocr_carea' id='block_1_100' title="bbox 464 5084 2044 5156">
    <p class='ocr_par' dir='ltr' id='par_1_100' title="bbox 464 5084 2044 5156">
     <span class='ocr_line' id='line_1_100' title="bbox 464 5084 2044 5156; baseline 0.004 -23"><span class='ocrx_word' id='word_1_682' title='bbox 464 5096 611 5136; x_wconf 89' lang='lat' dir='ltr'><strong>anno</strong></span> <span class='ocrx_word' id='word_1_683' title='bbox 649 5084 774 5149; x_wconf 72' lang='grc'><strong>449,</strong></span> <span class='ocrx_word' id='word_1_684' title='bbox 814 5093 940 5155; x_wconf 87' lang='lat' dir='ltr'><strong>post</strong></span> <span class='ocrx_word' id='word_1_685' title='bbox 978 5093 1156 5140; x_wconf 88' lang='lat' dir='ltr'><strong>motas</strong></span> <span class='ocrx_word' id='word_1_686' title='bbox 1192 5085 1261 5139; x_wconf 90' lang='lat' dir='ltr'><strong>ab</strong></span> <span class='ocrx_word' id='word_1_687' title='bbox 1284 5084 1529 5156; x_wconf 79' lang='lat' dir='ltr'><strong>Eutyche</strong></span> <span class='ocrx_word' id='word_1_688' title='bbox 1575 5085 1785 5149; x_wconf 88' lang='lat' dir='ltr'><strong>turbas,</strong></span> <span class='ocrx_word' id='word_1_689' title='bbox 1830 5100 2044 5140; x_wconf 90' lang='lat' dir='ltr'><strong>resum-</strong></span> 
     </span>
    </p>
   </div>
   <div class='ocr_carea' id='block_1_101' title="bbox 464 5171 2037 5248">
    <p class='ocr_par' dir='ltr' id='par_1_101' title="bbox 464 5171 2037 5248">
     <span class='ocr_line' id='line_1_101' title="bbox 464 5171 2037 5248; baseline 0.004 -24"><span class='ocrx_word' id='word_1_690' title='bbox 464 5171 574 5240; x_wconf 84' lang='lat' dir='ltr'><strong>psit</strong></span> <span class='ocrx_word' id='word_1_691' title='bbox 602 5191 615 5225; x_wconf 89' lang='lat'><strong>:</strong></span> <span class='ocrx_word' id='word_1_692' title='bbox 643 5190 749 5243; x_wconf 89' lang='lat' dir='ltr'><strong>qua</strong></span> <span class='ocrx_word' id='word_1_693' title='bbox 781 5175 848 5231; x_wconf 90' lang='lat' dir='ltr'><strong>de</strong></span> <span class='ocrx_word' id='word_1_694' title='bbox 883 5193 942 5232; x_wconf 90' lang='lat' dir='ltr'><strong>re</strong></span> <span class='ocrx_word' id='word_1_695' title='bbox 978 5176 1208 5248; x_wconf 86' lang='lat' dir='ltr'><strong>legenda</strong></span> <span class='ocrx_word' id='word_1_696' title='bbox 1247 5186 1331 5232; x_wconf 91' lang='lat' dir='ltr'><strong>est</strong></span> <span class='ocrx_word' id='word_1_697' title='bbox 1373 5177 1603 5246; x_wconf 82' lang='lat' dir='ltr'><strong>epistola</strong></span> <span class='ocrx_word' id='word_1_698' title='bbox 1642 5177 1709 5231; x_wconf 89' lang='lat' dir='ltr'><strong>ad</strong></span> <span class='ocrx_word' id='word_1_699' title='bbox 1744 5179 2037 5232; x_wconf 88' lang='lat' dir='ltr'><strong>Domuum.</strong></span> 
     </span>
    </p>
   </div>
   <div class='ocr_carea' id='block_1_102' title="bbox 539 5263 2040 5340">
    <p class='ocr_par' dir='ltr' id='par_1_102' title="bbox 539 5263 2040 5340">
     <span class='ocr_line' id='line_1_102' title="bbox 539 5263 2040 5340; baseline 0.005 -22"><span class='ocrx_word' id='word_1_700' title='bbox 539 5269 557 5287; x_wconf 65' lang='grc' dir='ltr'><strong>θ</strong></span> <span class='ocrx_word' id='word_1_701' title='bbox 584 5263 771 5323; x_wconf 85' lang='lat' dir='ltr'><strong>XXVI.</strong></span> <span class='ocrx_word' id='word_1_702' title='bbox 805 5269 886 5323; x_wconf 79' lang='lat' dir='ltr'><strong>Ex</strong></span> <span class='ocrx_word' id='word_1_703' title='bbox 921 5269 990 5323; x_wconf 90' lang='lat' dir='ltr'><strong>iis</strong></span> <span class='ocrx_word' id='word_1_704' title='bbox 1020 5286 1141 5340; x_wconf 79' lang='lat' dir='ltr'><strong>quae</strong></span> <span class='ocrx_word' id='word_1_705' title='bbox 1180 5270 1247 5325; x_wconf 90' lang='lat' dir='ltr'><strong>de</strong></span> <span class='ocrx_word' id='word_1_706' title='bbox 1287 5277 1535 5340; x_wconf 89' lang='lat' dir='ltr'><strong>tempore</strong></span> <span class='ocrx_word' id='word_1_707' title='bbox 1562 5268 1860 5324; x_wconf 84' lang='lat' dir='ltr'><strong>constituta</strong></span> <span class='ocrx_word' id='word_1_708' title='bbox 1891 5281 2040 5336; x_wconf 90' lang='lat' dir='ltr'><strong>sunt,</strong></span> 
     </span>
    </p>
   </div>
   <div class='ocr_carea' id='block_1_103' title="bbox 2146 4444 3734 4515">
    <p class='ocr_par' dir='ltr' id='par_1_103' title="bbox 2146 4444 3734 4515">
     <span class='ocr_line' id='line_1_103' title="bbox 2146 4444 3734 4515; baseline -0.005 -12"><span class='ocrx_word' id='word_1_709' title='bbox 2146 4449 2389 4513; x_wconf 81' lang='lat' dir='ltr'><strong>sibiliter,</strong></span> <span class='ocrx_word' id='word_1_710' title='bbox 2425 4448 2535 4502; x_wconf 92' lang='lat' dir='ltr'><strong>imo</strong></span> <span class='ocrx_word' id='word_1_711' title='bbox 2553 4456 2609 4502; x_wconf 89' lang='lat' dir='ltr'><strong>et</strong></span> <span class='ocrx_word' id='word_1_712' title='bbox 2632 4447 2765 4501; x_wconf 89' lang='lat' dir='ltr'><strong>alias</strong></span> <span class='ocrx_word' id='word_1_713' title='bbox 2790 4447 2992 4515; x_wconf 89' lang='lat' dir='ltr'><strong>passim</strong></span> <span class='ocrx_word' id='word_1_714' title='bbox 3041 4446 3252 4509; x_wconf 86' lang='lat' dir='ltr'><strong>obvias,</strong></span> <span class='ocrx_word' id='word_1_715' title='bbox 3283 4444 3637 4499; x_wconf 85' lang='lat' dir='ltr'><strong>vehementer</strong></span> <span class='ocrx_word' id='word_1_716' title='bbox 3670 4450 3734 4495; x_wconf 89' lang='lat' dir='ltr'><strong>et</strong></span> 
     </span>
    </p>
   </div>
   <div class='ocr_carea' id='block_1_104' title="bbox 2150 4534 3733 4611">
    <p class='ocr_par' dir='ltr' id='par_1_104' title="bbox 2150 4534 3733 4611">
     <span class='ocr_line' id='line_1_104' title="bbox 2150 4534 3733 4611; baseline -0.005 -18"><span class='ocrx_word' id='word_1_717' title='bbox 2150 4556 2289 4611; x_wconf 87' lang='lat' dir='ltr'><strong>pene</strong></span> <span class='ocrx_word' id='word_1_718' title='bbox 2325 4538 2587 4594; x_wconf 84' lang='lat' dir='ltr'><strong>iracunde</strong></span> <span class='ocrx_word' id='word_1_719' title='bbox 2609 4539 2911 4610; x_wconf 84' lang='lat' dir='ltr'><strong>impugnet.</strong></span> <span class='ocrx_word' id='word_1_720' title='bbox 2940 4538 3083 4605; x_wconf 82' lang='lat' dir='ltr'><strong>Quid</strong></span> <span class='ocrx_word' id='word_1_721' title='bbox 3111 4552 3242 4610; x_wconf 86' lang='lat' dir='ltr'><strong>ergo</strong></span> <span class='ocrx_word' id='word_1_722' title='bbox 3267 4551 3445 4592; x_wconf 72' lang='lat' dir='ltr'><strong>causa:</strong></span> <span class='ocrx_word' id='word_1_723' title='bbox 3477 4534 3602 4598; x_wconf 82' lang='lat' dir='ltr'><strong>fuit,</strong></span> <span class='ocrx_word' id='word_1_724' title='bbox 3626 4548 3733 4587; x_wconf 85' lang='lat' dir='ltr'><strong>cur</strong></span> 
     </span>
    </p>
   </div>
   <div class='ocr_carea' id='block_1_105' title="bbox 2148 4632 3731 4704">
    <p class='ocr_par' dir='ltr' id='par_1_105' title="bbox 2148 4632 3731 4704">
     <span class='ocr_line' id='line_1_105' title="bbox 2148 4632 3731 4704; baseline -0.002 -17"><span class='ocrx_word' id='word_1_725' title='bbox 2148 4633 2278 4687; x_wconf 91' lang='lat' dir='ltr'><strong>olim</strong></span> <span class='ocrx_word' id='word_1_726' title='bbox 2315 4632 2635 4688; x_wconf 87' lang='lat' dir='ltr'><strong>Gennadius</strong></span> <span class='ocrx_word' id='word_1_727' title='bbox 2672 4635 2867 4704; x_wconf 79' lang='lat' dir='ltr'><strong>scripta</strong></span> <span class='ocrx_word' id='word_1_728' title='bbox 2914 4634 3116 4703; x_wconf 84' lang='lat' dir='ltr'><strong>fortia?</strong></span> <span class='ocrx_word' id='word_1_729' title='bbox 3160 4649 3258 4687; x_wconf 89' lang='lat' dir='ltr'><strong>cur</strong></span> <span class='ocrx_word' id='word_1_730' title='bbox 3300 4632 3523 4687; x_wconf 89' lang='lat' dir='ltr'><strong>Patrum</strong></span> <span class='ocrx_word' id='word_1_731' title='bbox 3566 4638 3731 4684; x_wconf 76' lang='lat' dir='ltr'><strong>aetate</strong></span> 
     </span>
    </p>
   </div>
   <div class='ocr_carea' id='block_1_106' title="bbox 2149 4720 3734 4803">
    <p class='ocr_par' dir='ltr' id='par_1_106' title="bbox 2149 4720 3734 4803">
     <span class='ocr_line' id='line_1_106' title="bbox 2149 4720 3734 4803; baseline -0.004 -24"><span class='ocrx_word' id='word_1_732' title='bbox 2149 4724 2451 4779; x_wconf 88' lang='lat' dir='ltr'><strong>Gcntianus</strong></span> <span class='ocrx_word' id='word_1_733' title='bbox 2477 4723 2763 4785; x_wconf 86' lang='lat' dir='ltr'><strong>Hervetus,</strong></span> <span class='ocrx_word' id='word_1_734' title='bbox 2787 4741 2915 4794; x_wconf 81' lang='lat' dir='ltr'><strong>Opus</strong></span> <span class='ocrx_word' id='word_1_735' title='bbox 2926 4724 3075 4803; x_wconf 58' lang='lat' dir='ltr'><strong>pulli</strong></span> <span class='ocrx_word' id='word_1_736' title='bbox 3093 4723 3251 4777; x_wconf 83' lang='lat' dir='ltr'><strong>alteri</strong></span> <span class='ocrx_word' id='word_1_737' title='bbox 3274 4720 3687 4793; x_wconf 78' lang='lat' dir='ltr'><strong>postponendum</strong></span> <span class='ocrx_word' id='word_1_738' title='bbox 3705 4721 3734 4773; x_wconf 76' lang='grc'><em>7</em></span> 
     </span>
    </p>
   </div>
   <div class='ocr_carea' id='block_1_107' title="bbox 2143 4812 3729 4883">
    <p class='ocr_par' dir='ltr' id='par_1_107' title="bbox 2143 4812 3729 4883">
     <span class='ocr_line' id='line_1_107' title="bbox 2143 4812 3729 4883; baseline -0.003 -15"><span class='ocrx_word' id='word_1_739' title='bbox 2143 4828 2246 4868; x_wconf 89' lang='lat' dir='ltr'><strong>cur</strong></span> <span class='ocrx_word' id='word_1_740' title='bbox 2272 4814 2363 4868; x_wconf 90' lang='lat' dir='ltr'><strong>alii</strong></span> <span class='ocrx_word' id='word_1_741' title='bbox 2383 4829 2534 4868; x_wconf 90' lang='lat' dir='ltr'><strong>nunc</strong></span> <span class='ocrx_word' id='word_1_742' title='bbox 2557 4815 2711 4869; x_wconf 89' lang='lat' dir='ltr'><strong>velut</strong></span> <span class='ocrx_word' id='word_1_743' title='bbox 2734 4814 3008 4869; x_wconf 76' lang='lat' dir='ltr'><strong>catholica:</strong></span> <span class='ocrx_word' id='word_1_744' title='bbox 3038 4814 3165 4883; x_wconf 80' lang='lat' dir='ltr'><strong>ﬁdei</strong></span> <span class='ocrx_word' id='word_1_745' title='bbox 3186 4814 3439 4868; x_wconf 72' lang='lat' dir='ltr'><strong>eximium</strong></span> <span class='ocrx_word' id='word_1_746' title='bbox 3459 4812 3729 4883; x_wconf 83' lang='lat' dir='ltr'><strong>specimen</strong></span> 
     </span>
    </p>
   </div>
   <div class='ocr_carea' id='block_1_108' title="bbox 2143 4909 2453 4964">
    <p class='ocr_par' dir='ltr' id='par_1_108' title="bbox 2143 4909 2453 4964">
     <span class='ocr_line' id='line_1_108' title="bbox 2143 4909 2453 4964; baseline -0.006 0"><span class='ocrx_word' id='word_1_747' title='bbox 2143 4909 2453 4964; x_wconf 76' lang='lat' dir='ltr'><strong>extollant?</strong></span> 
     </span>
    </p>
   </div>
   <div class='ocr_carea' id='block_1_109' title="bbox 2215 4997 3730 5071">
    <p class='ocr_par' dir='ltr' id='par_1_109' title="bbox 2215 4997 3730 5071">
     <span class='ocr_line' id='line_1_109' title="bbox 2215 4997 3730 5071; baseline -0.001 -18"><span class='ocrx_word' id='word_1_748' title='bbox 2215 5000 2269 5054; x_wconf 71' lang='lat'><strong>2.</strong></span> <span class='ocrx_word' id='word_1_749' title='bbox 2319 5000 2689 5071; x_wconf 90' lang='lat' dir='ltr'><strong>Temporibus</strong></span> <span class='ocrx_word' id='word_1_750' title='bbox 2724 5000 2908 5055; x_wconf 89' lang='lat' dir='ltr'><strong>Photii</strong></span> <span class='ocrx_word' id='word_1_751' title='bbox 2953 5015 3066 5054; x_wconf 91' lang='lat' dir='ltr'><strong>uno</strong></span> <span class='ocrx_word' id='word_1_752' title='bbox 3098 4999 3405 5068; x_wconf 89' lang='lat' dir='ltr'><strong>eodemque</strong></span> <span class='ocrx_word' id='word_1_753' title='bbox 3443 4997 3730 5052; x_wconf 77' lang='lat' dir='ltr'><strong>volumine</strong></span> 
     </span>
    </p>
   </div>
   <div class='ocr_carea' id='block_1_110' title="bbox 2149 5088 3731 5162">
    <p class='ocr_par' dir='ltr' id='par_1_110' title="bbox 2149 5088 3731 5162">
     <span class='ocr_line' id='line_1_110' title="bbox 2149 5088 3731 5162; baseline -0.001 -19"><span class='ocrx_word' id='word_1_754' title='bbox 2149 5105 2316 5159; x_wconf 89' lang='lat' dir='ltr'><strong>opera</strong></span> <span class='ocrx_word' id='word_1_755' title='bbox 2353 5091 2455 5145; x_wconf 88' lang='lat' dir='ltr'><strong>tria</strong></span> <span class='ocrx_word' id='word_1_756' title='bbox 2485 5091 2996 5162; x_wconf 84' lang='lat' dir='ltr'><strong>compingebantur,</strong></span> <span class='ocrx_word' id='word_1_757' title='bbox 3032 5090 3161 5145; x_wconf 91' lang='lat' dir='ltr'><strong>libri</strong></span> <span class='ocrx_word' id='word_1_758' title='bbox 3191 5090 3448 5144; x_wconf 90' lang='lat' dir='ltr'><strong>nimirum</strong></span> <span class='ocrx_word' id='word_1_759' title='bbox 3479 5088 3731 5157; x_wconf 86' lang='lat' dir='ltr'><strong>quinque</strong></span> 
     </span>
    </p>
   </div>
   <div class='ocr_carea' id='block_1_111' title="bbox 2150 5177 3729 5251">
    <p class='ocr_par' dir='ltr' id='par_1_111' title="bbox 2150 5177 3729 5251">
     <span class='ocr_line' id='line_1_111' title="bbox 2150 5177 3729 5251; baseline 0 -19"><span class='ocrx_word' id='word_1_760' title='bbox 2150 5177 2485 5234; x_wconf 84' lang='lat' dir='ltr'><strong>Theodoreti</strong></span> <span class='ocrx_word' id='word_1_761' title='bbox 2522 5180 2787 5235; x_wconf 86' lang='lat' dir='ltr'><strong>adversus</strong></span> <span class='ocrx_word' id='word_1_762' title='bbox 2815 5190 3060 5235; x_wconf 88' lang='lat' dir='ltr'><strong>sanctam</strong></span> <span class='ocrx_word' id='word_1_763' title='bbox 3084 5181 3416 5250; x_wconf 88' lang='lat' dir='ltr'><strong>Ephesinam</strong></span> <span class='ocrx_word' id='word_1_764' title='bbox 3454 5178 3729 5251; x_wconf 84' lang='lat' dir='ltr'><strong>synodum</strong></span> 
     </span>
    </p>
   </div>
   <div class='ocr_carea' id='block_1_112' title="bbox 2148 5270 3729 5343">
    <p class='ocr_par' dir='ltr' id='par_1_112' title="bbox 2148 5270 3729 5343">
     <span class='ocr_line' id='line_1_112' title="bbox 2148 5270 3729 5343; baseline -0.002 -17"><span class='ocrx_word' id='word_1_765' title='bbox 2148 5279 2205 5326; x_wconf 88' lang='lat' dir='ltr'><strong>et</strong></span> <span class='ocrx_word' id='word_1_766' title='bbox 2238 5277 2490 5325; x_wconf 79' lang='lat' dir='ltr'><strong>sanctum</strong></span> <span class='ocrx_word' id='word_1_767' title='bbox 2520 5270 2807 5343; x_wconf 84' lang='lat' dir='ltr'><strong>Cyrillum,</strong></span> <span class='ocrx_word' id='word_1_768' title='bbox 2850 5287 3138 5328; x_wconf 87' lang='lat' dir='ltr'><strong>sermones</strong></span> <span class='ocrx_word' id='word_1_769' title='bbox 3177 5271 3453 5335; x_wconf 88' lang='lat' dir='ltr'><strong>Eutherii,</strong></span> <span class='ocrx_word' id='word_1_770' title='bbox 3495 5281 3552 5326; x_wconf 88' lang='lat' dir='ltr'><strong>et</strong></span> <span class='ocrx_word' id='word_1_771' title='bbox 3592 5271 3729 5324; x_wconf 84' lang='lat' dir='ltr'><strong>Era-</strong></span> 
     </span>
    </p>
   </div>
   <div class='ocr_carea' id='block_1_113' title="bbox 1792 5428 2375 5486">
    <p class='ocr_par' dir='ltr' id='par_1_113' title="bbox 1792 5428 2375 5486">
     <span class='ocr_line' id='line_1_113' title="bbox 1792 5428 2375 5486; baseline 0.007 -4"><span class='ocrx_word' id='word_1_772' title='bbox 1792 5428 2114 5485; x_wconf 82' lang='lat' dir='ltr'><strong>SCIIULZII</strong></span> <span class='ocrx_word' id='word_1_773' title='bbox 2147 5429 2375 5486; x_wconf 68' lang='grc' dir='ltr'><strong>ΝΟΤιΕ.</strong></span> 
     </span>
    </p>
   </div>
   <div class='ocr_carea' id='block_1_114' title="bbox 529 5513 2847 5591">
    <p class='ocr_par' dir='ltr' id='par_1_114' title="bbox 529 5513 2847 5591">
     <span class='ocr_line' id='line_1_114' title="bbox 529 5513 2847 5591; baseline 0.005 -20"><span class='ocrx_word' id='word_1_774' title='bbox 529 5513 578 5591; x_wconf 60' lang='grc' dir='ltr'><strong>ξ³</strong></span> <span class='ocrx_word' id='word_1_775' title='bbox 598 5513 725 5591; x_wconf 63' lang='lat' dir='ltr'><strong>Haec</strong></span> <span class='ocrx_word' id='word_1_776' title='bbox 766 5529 1071 5587; x_wconf 72' lang='lat' dir='ltr'><strong>repugnant</strong></span> <span class='ocrx_word' id='word_1_777' title='bbox 1096 5521 1406 5591; x_wconf 76' lang='lat' dir='ltr'><strong>~hypothcsi</strong></span> <span class='ocrx_word' id='word_1_778' title='bbox 1455 5525 1523 5580; x_wconf 92' lang='lat' dir='ltr'><strong>de</strong></span> <span class='ocrx_word' id='word_1_779' title='bbox 1566 5525 1767 5581; x_wconf 86' lang='lat' dir='ltr'><strong>callido</strong></span> <span class='ocrx_word' id='word_1_780' title='bbox 1801 5526 2215 5581; x_wconf 81' lang='lat' dir='ltr'><strong>Nestorianismi</strong></span> <span class='ocrx_word' id='word_1_781' title='bbox 2256 5528 2569 5584; x_wconf 88' lang='lat' dir='ltr'><strong>insinuandi</strong></span> <span class='ocrx_word' id='word_1_782' title='bbox 2595 5528 2847 5585; x_wconf 91' lang='lat' dir='ltr'><strong>consilio.</strong></span> 
     </span>
    </p>
   </div>
   <div class='ocr_carea' id='block_1_115' title="bbox 2951 5524 3724 5597">
    <p class='ocr_par' dir='ltr' id='par_1_115' title="bbox 2951 5524 3724 5597">
     <span class='ocr_line' id='line_1_115' title="bbox 2951 5524 3724 5597; baseline -0.009 -14"><span class='ocrx_word' id='word_1_783' title='bbox 2951 5528 2999 5561; x_wconf 75' lang='grc' dir='ltr'><strong>ι·</strong></span> <span class='ocrx_word' id='word_1_784' title='bbox 3024 5528 3146 5583; x_wconf 64' lang='lat' dir='ltr'><strong>val.</strong></span> <span class='ocrx_word' id='word_1_785' title='bbox 3180 5544 3235 5597; x_wconf 75' lang='grc' dir='ltr'>ιι.</span> <span class='ocrx_word' id='word_1_786' title='bbox 3262 5529 3385 5584; x_wconf 73' lang='lat'><strong>315.</strong></span> <span class='ocrx_word' id='word_1_787' title='bbox 3486 5526 3531 5597; x_wconf 69' lang='grc' dir='ltr'><strong>ιτ</strong></span> <span class='ocrx_word' id='word_1_788' title='bbox 3562 5524 3724 5597; x_wconf 69' lang='lat' dir='ltr'><strong>edn.</strong></span> 
     </span>
    </p>
   </div>
   <div class='ocr_carea' id='block_1_116' title="bbox 462 5582 3726 5672">
    <p class='ocr_par' dir='ltr' id='par_1_116' title="bbox 462 5582 3726 5672">
     <span class='ocr_line' id='line_1_116' title="bbox 462 5582 3726 5672; baseline 0.003 -34"><span class='ocrx_word' id='word_1_789' title='bbox 462 5584 615 5672; x_wconf 81' lang='lat' dir='ltr'><strong>prior</strong></span> <span class='ocrx_word' id='word_1_790' title='bbox 638 5586 764 5643; x_wconf 89' lang='lat' dir='ltr'><strong>hab.</strong></span> <span class='ocrx_word' id='word_1_791' title='bbox 811 5582 1057 5672; x_wconf 60' lang='lat' dir='ltr'><strong>quatuor.</strong></span> <span class='ocrx_word' id='word_1_792' title='bbox 1136 5582 1326 5647; x_wconf 65' lang='lat' dir='ltr'><strong>“&#39;Vid.</strong></span> <span class='ocrx_word' id='word_1_793' title='bbox 1354 5610 1540 5664; x_wconf 87' lang='lat' dir='ltr'><strong>supra,</strong></span> <span class='ocrx_word' id='word_1_794' title='bbox 1573 5612 1627 5665; x_wconf 92' lang='lat' dir='ltr'><strong>p.</strong></span> <span class='ocrx_word' id='word_1_795' title='bbox 1668 5595 1792 5651; x_wconf 74' lang='grc'><strong>257.</strong></span> <span class='ocrx_word' id='word_1_796' title='bbox 1869 5595 1915 5629; x_wconf 69' lang='grc' dir='ltr'><strong>δ’</strong></span> <span class='ocrx_word' id='word_1_797' title='bbox 1939 5596 2046 5653; x_wconf 78' lang='lat' dir='ltr'><strong>Sed</strong></span> <span class='ocrx_word' id='word_1_798' title='bbox 2075 5597 2355 5655; x_wconf 83' lang='lat' dir='ltr'><strong>intercidit</strong></span> <span class='ocrx_word' id='word_1_799' title='bbox 2387 5582 2833 5672; x_wconf 74' lang='lat' dir='ltr'><strong>istadispulatio,</strong></span> <span class='ocrx_word' id='word_1_800' title='bbox 2861 5582 3365 5663; x_wconf 84' lang='lat' dir='ltr'><strong>vclabllarduino,</strong></span> <span class='ocrx_word' id='word_1_801' title='bbox 3399 5605 3457 5652; x_wconf 90' lang='lat' dir='ltr'><strong>ut</strong></span> <span class='ocrx_word' id='word_1_802' title='bbox 3486 5596 3726 5662; x_wconf 77' lang='lat' dir='ltr'><strong>videtur,</strong></span> 
     </span>
    </p>
   </div>
   <div class='ocr_carea' id='block_1_117' title="bbox 462 5666 886 5726">
    <p class='ocr_par' dir='ltr' id='par_1_117' title="bbox 462 5666 886 5726">
     <span class='ocr_line' id='line_1_117' title="bbox 462 5666 886 5726; baseline -0.007 -13"><span class='ocrx_word' id='word_1_803' title='bbox 462 5669 755 5726; x_wconf 78' lang='lat' dir='ltr'><strong>suppressa</strong></span> <span class='ocrx_word' id='word_1_804' title='bbox 785 5666 886 5714; x_wconf 67' lang='lat' dir='ltr'><strong>est.</strong></span> 
     </span>
    </p>
   </div>
  </div>
