4040 6172
294 296 399 359 341

1471 299 1566 357 DE
1601 300 1853 358 LlBRlS
1891 300 2401 362 THEODORETI.

3464 306 3566 369 342

284 404 491 461 nistes.
541 402 625 457 An
665 417 778 456 non
824 402 954 457 licet
991 400 1138 466 inde,
1185 402 1303 457 sine
1349 404 1679 460 temeritatis
1720 404 1881 468 vitio,
1914 409 1955 463 A
1991 408 2164 460 tinum
2191 406 2568 472 Calvinistam,
2600 407 2690 476 qui
2722 416 2775 462 ct
2802 407 2917 477 ipse
2949 409 3260 465 inconsulto
3297 410 3566 467 abductus

281 496 589 565 conjicere,
631 504 755 564 post
790 493 1108 548 combustos
1147 495 1389 549 Nestorii
1422 496 1614 560 libros,
1648 497 1889 565 proscri-

286 595 499 656 ptaque
521 585 798 640 Theodori
823 593 877 640 et
898 585 1121 639 Diodori
1150 596 1430 655 excerpta,
1458 588 1886 642 volumen‘istud

284 678 601 741 exstitisse,
640 678 798 748 quasi
841 678 1149 747 symbolum
1182 676 1438 732 factionis
1477 679 1886 749 Accphalorum

289 771 522 825 illorum
554 771 621 834 ⁸ο,
647 785 884 840 quorum
914 770 1167 822 meminit
1193 770 1502 836 Liberatus,
1536 786 1885 840 quorumque

287 862 366 914 ait
391 861 817 915 Theodoretum
851 866 1017 928 caput
1045 858 1356 914 exstitisse?

357 952 416 1005 5.
449 950 712 1013 Causam,
752 967 851 1005 cur
871 951 939 1004 de
968 951 1208 1006 Diodoro
1245 962 1299 1007 et
1323 953 1616 1009 Theodoro
1648 955 1883 1017 siluerit,

284 1043 457 1097 atl‘ert
496 1042 713 1112 dialogo
746 1042 925 1112 primo
959 1043 1064 1097 sub
1089 1043 1276 1110 tinem,
1316 1044 1408 1098 ubi
1437 1056 1561 1115 post
1599 1047 1761 1100 allata
1786 1047 1887 1100 Pa-

288 1145 442 1189 trum
476 1135 788 1189 testimonia
821 1135 1115 1189 Eranisten
1140 1137 1413 1191 allocutus
1442 1155 1455 1190 :
1500 1156 1517 1188 ‹
1554 1137 1883 1201 Proferrem,

288 1223 480 1291 inquit
519 1223 591 1285 δι,
628 1222 729 1275 tibi
760 1222 1190 1277 fortissimorum
1234 1224 1486 1279 veritatis
1514 1232 1885 1294 propugnato-

287 1330 413 1366 rum
438 1313 671 1366 Diodori
696 1322 751 1367 et
776 1313 1050 1368 Theodori
1074 1316 1478 1379 enarrationes,
1504 1316 1607 1370 nisi
1641 1316 1885 1369 viderem

288 1422 387 1459 vos
421 1406 645 1459 infenso
692 1406 747 1459 in
779 1406 880 1459 hos
922 1406 1105 1460 animo
1150 1422 1293 1471 esse,
1339 1408 1785 1477 Apollinarisque
1829 1407 1885 1460 in

288 1495 457 1565 393
503 1511 600 1550 eos
626 1496 756 1549 odio
788 1504 843 1550 et
878 1496 1274 1550 malevolentice
1302 1498 1633 1553 successisse
1675 1515 1687 1549 :
1716 1497 1887 1552 vidis-

288 1600 379 1638 ses
403 1586 561 1638 enim
590 1585 690 1639 hos
718 1586 883 1639 etiam
921 1587 1137 1641 ueteris
1186 1589 1545 1642 consonantia
1575 1588 1882 1657 scripsisse,

288 1686 433 1729 etex
453 1676 649 1731 divino
674 1677 824 1731 fonte
853 1677 1053 1732 fluenta
1077 1679 1349 1744 hausisse,
1374 1681 1632 1748 rivosque
1651 1688 1706 1733 et
1738 1680 1885 1748 ipsos

1992 496 2096 550 fuit
2126 497 2180 550 in
2212 514 2459 551 errorem
2488 514 2554 553 ex
2584 498 2650 553 iis
2689 515 2809 568 qua:
2842 500 3111 554 Baronius
3162 502 3219 554 in
3272 501 3564 556 Annalibus

1990 588 2269 643 mandavit
2306 592 2534 659 scripto.

2068 700 2084 731 ‹
2126 680 2426 745 lntercidit,
2464 682 2738 736 incertum
2794 699 2903 752 quo
2945 698 3096 748 casu,
3150 684 3416 753 particula
3452 685 3566 739 haec

1990 772 2153 843 hujus
2180 774 2607 829 concertationis
2632 777 2696 828 ³⁵.
2729 795 2747 826 ι

2130 904 2155 973 §
2184 904 2248 958 ll.
2279 904 2664 961 [hereticorum
2695 907 3001 977 fabularum
3039 909 3155 963 libri
3187 912 3432 980 quinque.

2060 1035 2100 1088 l.
2133 1036 2307 1107 lIujus
2333 1037 2520 1106 operis
2564 1046 2754 1107 aperta
2782 1055 3054 1109 nusquam
3102 1042 3331 1109 mentio,
3367 1051 3564 1112 praeter

1988 1142 2150 1195 quam
2213 1127 2269 1181 in
2319 1129 2624 1197 quaestione
2672 1129 2847 1199 prima
2896 1131 2952 1185 in
3000 1132 3302 1189 Leviticum
3358 1135 3424 1198 ’³,
3471 1136 3563 1189 ubi

1990 1218 2373 1273 Theodoretus
2430 1221 2738 1290 inquirens,
2795 1238 2895 1276 cur
2948 1225 3095 1278 Deus
3143 1226 3249 1279 sibi
3300 1227 3566 1281 sacriﬁcia

1988 1310 2177 1365 offerri
2208 1312 2490 1366 voluerit:
2545 1332 2561 1363 ‹
2606 1314 2682 1367 De
2732 1314 2841 1377 his,
2888 1315 2987 1379 ait,
3031 1316 3271 1372 diximus
3300 1318 3486 1374 multis
3509 1320 3563 1372 in

1988 1401 2144 1463 locis,
2179 1409 2293 1454 tum
2354 1402 2410 1456 in
2446 1403 2533 1457 his
2578 1419 2701 1472 quae
2746 1414 2936 1459 contra
2976 1405 3194 1462 Graecos
3222 1410 3562 1479 scripsimus,

1989 1503 2102 1546 tum
2151 1494 2204 1546 in
2230 1494 2296 1549 iis
2326 1510 2447 1563 quae
2475 1494 2740 1550 adversus
2766 1497 3021 1561 hmreses,
3043 1517 3061 1549 ι
3098 1508 3203 1554 etc.
3226 1501 3389 1573 39E.
3420 1503 3564 1556 Tan-

1991 1593 2103 1638 tum
2119 1586 2397 1640 silentium
2416 1586 2482 1640 de
2504 1594 2735 1641 tractatu
2751 1598 2858 1642 tam
2880 1591 3162 1644 elaborato
3177 1592 3375 1646 mirum
3390 1593 3563 1647 videri

1987 1691 2098 1729 non
2137 1675 2320 1737 debet,
2358 1677 2403 1729 si
2451 1676 2614 1731 modo
2672 1680 2956 1748 scripserit
3003 1681 3386 1737 Thcodoretus
3445 1692 3566 1752 post

291 1781 520 1836 quoque
542 1766 782 1836 Spiritus
816 1768 1089 1822 exstitisse
1117 1786 1130 1821 :
1160 1768 1253 1822 sed
1294 1768 1394 1821 hos
1418 1769 1639 1837 quidem
1663 1776 1887 1837 pragter-
1920 1740 1959 1798 Β
1988 1768 2283 1823 concilium
2305 1767 2789 1836 Chalcedonense;
2829 1770 2884 1824 id
2933 1787 3064 1827 vero
3106 1790 3253 1829 nunc
3301 1740 3566 1844 indagan-

292 1858 537 1921 tuittam,
572 1858 701 1927 quia
736 1858 1081 1928 implacabile
1110 1858 1316 1914 bellum
1347 1859 1613 1914 adversus
1643 1875 1738 1914 eos
1760 1875 1884 1914 sus-

290 1948 549 2017 cepistis.
589 1968 607 1999 ι

361 2041 418 2093 4.
449 2040 830 2095 Theodoretus
861 2041 947 2096 vel
990 2057 1101 2095 non
1150 2048 1236 2095 est
1267 2050 1460 2097 auctor
1511 2041 1884 2111 Expositionis

292 2132 350 2185 in
386 2130 680 2186 Canticum
717 2132 1083 2197 canticorum,
1143 2148 1265 2201 qua:
1311 2148 1460 2187 nunc
1512 2133 1764 2197 habetur,
1797 2133 1882 2187 vel

291 2224 633 2278 sententiam
664 2223 732 2277 de
787 2223 1080 2278 Theodoro
1143 2224 1447 2278 enormiter
1504 2224 1879 2287 commutavit,

292 2317 378 2370 vel
412 2316 881 2370 mendacissimus
922 2314 1025 2368 fuit
1055 2315 1516 2384 planissimusque
1569 2314 1789 2379 histrio,
1822 2324 1883 2368 ut

290 2410 387 2478 qui
420 2408 686 2463 eumdem
718 2408 1021 2472 hominem,
1068 2422 1218 2461 nunc
1251 2426 1269 2457 ‹
1304 2407 1667 2461 fortissimum
1716 2406 1882 2461 fuisse

291 2500 547 2553 veritatis
611 2508 1096 2568 propugnatorem,
1148 2496 1511 2552 consonantia
1558 2511 1685 2550 cum
1752 2494 1881 2549 ﬁdei

294 2590 581 2659 magistris
601 2589 873 2653 locutum,
897 2604 964 2643 ex
988 2588 1177 2642 divino
1202 2587 1350 2643 fonte
1380 2588 1583 2642 fluenta
1610 2588 1879 2650 hausisse,

294 2682 476 2735 rivum
540 2681 786 2751 Spiritus
835 2681 1007 2735 sancti
1064 2680 1340 2735 exstitisse
1394 2698 1412 2730 ι
1458 2679 1635 2743 dicat;
1668 2679 1881 2733 nunc"

300 2790 317 2821 ι
352 2779 740 2825 contextorem
780 2771 1110 2833 fabularum,
1155 2786 1224 2825 ne
1252 2770 1487 2825 aniculis
1529 2770 1753 2839 quidem
1794 2770 1880 2824 di-

294 2877 550 2929 gnarum,
581 2862 840 2916 falsarum
870 2870 927 2916 et
960 2861 1398 2932 perniciosarum
1434 2859 1754 2929 opinionum
1787 2875 1884 2913 au-

294 2960 528 3015 ctorem,
560 2951 840 3005 hominem
868 2952 1183 3021 insipientis
1207 2951 1407 3013 cordis,
1437 2950 1531 3019 qui
1554 2950 1881 3004 calumniam

296 3043 530 3112 Spiritui
586 3051 779 3099 sancto
827 3044 1011 3107 faciat,
1049 3044 1143 3113 qui
1192 3042 1309 3097 suis
1356 3042 1412 3096 in
1460 3042 1883 3112 cogitationibus

296 3141 614 3199 evanescat,
657 3134 860 3190 divinae
909 3136 1211 3207 Scriptum
1249 3134 1883 3205 eonsuctudinemigno—

301 3237 428 3290 ret.)
461 3236 573 3282 etc.

366 3320 421 3375 5.
472 3320 532 3375 In
566 3320 783 3390 dialogo
825 3319 1003 3389 primo
1053 3321 1206 3381 locus
1252 3329 1337 3376 est
1392 3320 1460 3375 de
1508 3320 1877 3383 Eucharistia,

301 3424 462 3476 quem
484 3411 909 3465 Sacramentarii
934 3411 1175 3466 hzeretici
1192 3427 1293 3480 pro
1316 3426 1374 3465 se
1397 3409 1879 3473 solentadducere,

300 3499 566 3556 Catholici
620 3517 820 3571 purum
867 3502 1140 3557 haereseos
1167 3503 1460 3557 ostendere
1503 3501 1774 3555 nituntur.
1806 3502 1881 3555 De

304 3591 420 3661 ipso
455 3593 764 3648 disseretur
789 3593 1054 3664 prolixius
1102 3593 1490 3648 dissertatione
1538 3601 1803 3662 sequente
1836 3592 1882 3624 ³³

308 3699 423 3753 cap.
449 3684 499 3737 3.

370 3775 421 3827 6.
449 3775 543 3829 Est
569 3776 738 3829 etiam
800 3774 856 3827 in
890 3774 1105 3844 dialogo
1161 3774 1325 3828 tertio
1375 3774 1532 3829 locus
1580 3774 1647 3828 de
1696 3789 1880 3838 causa,

307 3880 403 3917 cur
436 3865 748 3919 moriantur
777 3872 833 3917 et
875 3864 1009 3934 justi
1060 3872 1116 3918 et
1164 3871 1504 3932 peccatores,
1532 3863 1624 3932 qui
1659 3862 1880 3917 videtur

308 3955 599 4025 Pelagiano
630 3955 807 4010 errori
853 3956 920 4010 de
964 3964 1187 4024 peccato
1221 3955 1473 4025 originali
1509 3954 1712 4009 favere.
1776 3954 1882 4009 Sed

308 4045 392 4099 hic
420 4047 628 4115 pariter
663 4047 718 4099 in
767 4046 1151 4102 dissertatione
1206 4055 1468 4116 sequente
1522 4060 1642 4115 cap.
1682 4046 1715 4100 4
1772 4055 1883 4100 tra-

306 4137 565 4191 etabitur.

376 4232 426 4283 7.
463 4230 638 4284 Tanta
694 4239 779 4286 est
821 4231 1163 4301 dialogorum
1217 4231 1553 4286 Theodoreti
1589 4246 1714 4289 cum
1768 4246 1885 4285 ser-

308 4320 567 4374 monibus
593 4320 844 4374 Eutherii
873 4319 1249 4383 consonantia,
1279 4327 1339 4372 ut
1365 4320 1527 4373 ambo
1568 4319 1882 4384 videantur,

312 4410 449 4466 facta
472 4413 905 4481 conspiratione,
962 4412 1307 4481 impugnasse
1341 4413 1630 4466 nonnullas
1668 4420 1887 4467 senten-
1921 4438 1962 4491 ο

312 4502 433 4566 tias,
461 4504 669 4572 quibus
716 4503 1006 4567 Catholici,
1059 4512 1113 4557 et
1176 4504 1480 4573 praesertim
1533 4503 1789 4573 Cyrillus,
1829 4503 1884 4555 in

310 4594 528 4663 negotio
562 4594 958 4649 incarnationis
988 4594 1056 4648 ad
1085 4603 1321 4650 mentem
1357 4610 1510 4649 suam
1534 4594 1883 4663 operiendam

313 4684 392 4737 usi
420 4694 628 4738 essent.

380 4776 709 4844 Priusquam
736 4776 1038 4844 imponitur
1076 4775 1201 4830 finis
1249 4776 1335 4831 his
1384 4775 1885 4840 observationibus,

312 4867 599 4920 tractanda
622 4876 706 4920 est
731 4884 895 4923 causa
944 4869 1141 4937 nuperi
1183 4870 1413 4924 editoris
1442 4868 1683 4937 Operum
1712 4867 1885 4920 sancti

312 4954 532 5021 Leonis,
562 4957 656 5025 qui
703 4960 957 5027 opinatus
1003 4970 1087 5016 est
1119 4962 1409 5016 Eranisteu
1456 4976 1487 5013 a
1538 4959 1887 5014 ’l‘heodorcto

313 5047 581 5115 scriptum
614 5059 738 5118 post
792 5053 1087 5106 concilium
1123 5052 1593 5113 Chalcedonense,
1643 5049 1748 5103 hoc
1783 5059 1887 5113 est,

314 5145 436 5202 post
460 5154 666 5191 annum
704 5141 799 5194 451
822 5158 837 5206 ;
864 5158 972 5210 qua
996 5142 1049 5196 in
1074 5143 1332 5211 opinione
1357 5150 1577 5196 secutus
1598 5149 1683 5194 est
1701 5140 1892 5193 Alher-

1986 1861 2138 1915 dum.

2056 1954 2121 2007 ll.
2152 1953 2386 2022 Scripsit
2419 1969 2551 2009 sane
2580 1963 2706 2023 post
2732 1955 2936 2009 editam
2967 1956 3210 2011 Danielis
3237 1966 3293 2011 et
3317 1957 3561 2027 Apostoli

1985 2046 2420 2115 expositionem:
2456 2062 2581 2100 nam
2602 2047 2747 2100 libro
2777 2064 2829 2111 v,
2860 2064 2980 2117 cap.
3003 2047 3073 2101 Ξῖ)
3102 2066 3114 2101 :
3148 2067 3165 2099 ‹
3202 2049 3346 2113 Haec,
3373 2050 3469 2113 ait,
3496 2051 3562 2103 de

1984 2136 2324 2189 Antichristo
2352 2152 2383 2190 e
2423 2136 2608 2191 divina
2640 2136 2923 2206 Scriptura
2963 2138 3290 2205 didicimus;
3323 2155 3561 2194 summa-

1985 2229 2081 2282 tim
2118 2236 2325 2290 autem,
2382 2244 2504 2297 quae
2559 2229 2626 2282 ad
2662 2228 2815 2283 illum
2875 2239 3144 2300 spectant,
3198 2233 3560 2302 scripsimus,

1984 2318 2246 2386 quoniam
2300 2326 2358 2373 et
2402 2318 2681 2374 Danielem
2732 2320 3079 2389 prophetam,
3140 2330 3195 2376 et
3244 2322 3561 2390 Apostolum

1984 2411 2445 2480 interpretantes,
2500 2410 2768 2480 prolixius
2823 2409 2892 2463 de
2931 2412 3052 2480 ejus
3100 2411 3341 2465 adventu
3390 2411 3561 2465 locuti

1983 2517 2193 2566 sumus,
2247 2509 2304 2556 et
2352 2500 2512 2556 facile
2545 2511 2629 2556 est
2679 2502 3109 2556 commentarios
3139 2501 3264 2555 illos
3295 2498 3467 2565 adire,
3516 2499 3559 2554 si

1983 2593 2108 2663 quis
2125 2593 2293 2658 volet,
2330 2593 2386 2647 in
2407 2593 2586 2662 iisque
2618 2593 2883 2662 reperire,
2917 2592 2963 2646 si
2994 2592 3126 2661 quid
3152 2592 3257 2645 hoc
3282 2591 3404 2646 loco
3430 2606 3565 2661 pra:-

1985 2684 2341 2739 termisimus.
2374 2702 2392 2735 ›
2442 2682 2691 2737 Alterum
2723 2697 2862 2751 opus
2903 2681 2970 2735 ad
3017 2696 3222 2736 annum
3274 2680 3401 2742 429.
3432 2681 3564 2735 alte-

1984 2788 2107 2825 rum
2140 2772 2207 2825 ad
2233 2787 2437 2826 annum
2482 2771 2587 2826 45⁵5
2632 2770 2893 2840 pertinet.
2925 2770 3160 2841 Scripsit
3210 2770 3379 2840 igitur
3434 2780 3556 2839 post

1982 2882 2186 2921 annum
2218 2866 2343 2921 453.

2053 2957 2143 3011 llI.
2194 2957 2313 3012 Non
2372 2957 2592 3025 scripsit
2641 2964 2768 3010 ante
2817 2955 2947 3009 anni
2977 2955 3083 3010 M9
3126 2954 3560 3008 ﬁnem:nullam

1909 3083 1952 3142 ε
1984 3048 2129 3102 enim
2169 3048 2225 3101 in
2250 3047 2454 3102 litteris
2482 3047 2551 3100 ad
2575 3054 2824 3101 sanctum
2853 3046 3095 3099 Leonem
3131 3044 3198 3098 de
3228 3044 3385 3098 libris
3413 3042 3563 3097 hisce

1990 3138 2327 3192 mentionem
2364 3136 2514 3200 facit,
2538 3136 2784 3189 facturus
2807 3138 3017 3203 utique,
3043 3133 3090 3187 si
3112 3131 3401 3201 compositi
3436 3139 3567 3185 tunc

1989 3229 2257 3293 fuissent;
2288 3226 2558 3296 siquidem
2598 3225 2653 3279 in
2704 3225 2899 3294 quinto
2945 3222 3290 3293 apertissime
3331 3220 3557 3276 catholi-

1990 3335 2108 3375 cam
2129 3318 2197 3372 de
2222 3316 2597 3372 incarnatione
2619 3313 2779 3369 ﬁdem
2807 3312 3117 3384 profitetur,
3146 3321 3206 3367 ut
3226 3326 3351 3365 mox
3376 3326 3567 3365 sumus

1990 3407 2291 3465 ostensuri.

2062 3501 2294 3569 Scripsit
2312 3496 2805 3569 postcompositam
2820 3493 3226 3549 ecclesiasticam
3248 3492 3563 3553 Historiam,

1989 3607 2113 3646 nam
2156 3591 2252 3645 lib.
2284 3605 2358 3653 1v,
2391 3603 2511 3658 cap.
2543 3588 2594 3651 1,
2617 3602 2743 3640 cum
2771 3586 2838 3640 de
2865 3584 2996 3640 Ario
3022 3583 3313 3647 scriberet,
3339 3584 3565 3653 ejusque

1992 3691 2223 3737 mortem
2258 3679 2499 3734 breviter
2525 3686 2782 3733 narraret
2808 3694 2821 3742 ;
2860 3695 2877 3727 ‹
2917 3675 3022 3731 Sed
3052 3691 3175 3730 cum
3201 3674 3335 3739 haec,
3366 3672 3560 3743 inquit,

1995 3777 2049 3830 in
2076 3773 2426 3829 ecclesiastica
2452 3770 2690 3824 Historia
2717 3769 2937 3838 cepiose
2992 3765 3430 3836 conscripserim,
3471 3779 3566 3819 sue

1991 3878 2394 3936 pervacaneum
2423 3868 2556 3931 puto
2592 3861 2682 3915 hic
2716 3860 2920 3914 dicere.
2963 3877 2981 3908 ι
3024 3858 3089 3912 Et
3126 3874 3247 3927 cap.
3271 3858 3326 3920 2,
3359 3856 3454 3911 ubi
3498 3854 3567 3909 de

1991 3956 2240 4011 Eudoxio
2262 3969 2442 4009 sermo
2480 3961 2601 4006 est:
2642 3949 2888 4005 «Horum
2924 3949 3169 4003 omnium
3196 3948 3251 4002 in
3288 3960 3453 4016 opere
3474 3945 3568 3999 illo

1992 4046 2236 4101 memini.
2278 4064 2295 4096 ι
2327 4043 2558 4113 Scripsit
2579 4056 2710 4113 ergo
2736 4049 2857 4111 post
2879 4056 3084 4095 annum
3115 4039 3249 4094 450.

2061 4139 2149 4194 1V.
2173 4138 2293 4193 Non
2337 4135 2559 4205 scripsit
2609 4141 2735 4189 ante
2773 4133 3067 4188 concilium
3097 4130 3563 4191 Chalcedonensc,

1993 4230 2038 4283 si
2063 4229 2245 4300 quarti
2292 4228 2418 4283 libri
2466 4235 2632 4296 caput
2668 4226 2941 4288 ultimum,
2966 4224 3112 4293 quod
3168 4222 3234 4277 ad
3283 4223 3565 4293 Eutychen

1995 4323 2254 4392 pertinet,
2291 4318 2704 4389 supposititium
2737 4332 2847 4371 non
2870 4325 2988 4370 est:
3026 4316 3093 4369 lis
3122 4313 3269 4369 enim
3302 4314 3429 4367 inde
3457 4320 3574 4365 tota

1993 4412 2153 4466 facile
2188 4410 2486 4466 deciditur.
2551 4407 2687 4461 Nam
2725 4404 3105 4460 Theodoretus
3146 4404 3199 4456 in
3246 4402 3568 4457 Przefatione

1994 4503 2163 4557 totius
2189 4500 2373 4570 operis
2401 4496 2654 4568 spondet,
2685 4511 2743 4549 se
2785 4515 2801 4544 ι
2856 4494 2911 4547 in
2958 4501 3158 4562 quarto
3209 4493 3351 4545 libro
3378 4505 3571 4544 recen-

1994 4596 2163 4649 tiores
2185 4593 2423 4646 haereses
2450 4590 2951 4643 demonstraturum
2979 4582 3093 4636 Arii
3130 4589 3184 4635 et
3213 4579 3486 4643 Eunomii,
3513 4588 3571 4634 et

1996 4692 2267 4756 quotquot
2303 4691 2425 4753 post
2450 4681 2572 4734 illas
2605 4682 2974 4739 emerserunt,
3006 4688 3179 4743 usque
3212 4672 3279 4726 ad
3320 4671 3572 4726 ultimam

1998 4778 2159 4841 hanc,
2186 4790 2351 4844 quam
2378 4771 2644 4826 Dominus
2696 4766 2992 4833 derepente
3021 4762 3270 4816 funditus
3298 4760 3569 4831 exstirpa-

1996 4868 2094 4921 vit.
2130 4885 2147 4916 ι
2177 4865 2389 4932 Quibus
2413 4861 2600 4917 verbis
2621 4858 2798 4915 videri
2832 4865 3014 4925 potest
3044 4854 3312 4908 indicasse
3338 4851 3569 4907 haresin

1996 4955 2414 5026 Eutychianam,
2438 4967 2600 5021 quam
2629 4949 2873 5003 ultimam
2908 4946 3153 5000 omnium
3181 4944 3338 4997 initio
3377 4942 3571 5012 capitis

1996 5048 2195 5103 decimi
2222 5046 2367 5101 tertii
2403 5044 2652 5100 nominat
2678 5043 2743 5104 ³⁸,
2780 5053 3052 5108 quamque
3089 5035 3293 5107 passim
3342 5034 3401 5088 iu
3450 5034 3571 5103 cpi-

1997 5140 2151 5194 stolis
2169 5153 2363 5193 novam
2383 5134 2617 5191 haeresin
2635 5136 2813 5193 vocat,
2827 5143 2927 5182 nec
2944 5126 3051 5180 alio
3074 5124 3293 5180 nomine
3314 5122 3568 5193 appellat.

1659 5314 1978 5371 SCllULle
2018 5313 2249 5368 ΝΟΤᾸΞ.

385 5453 429 5524 ’ξ’
456 5452 579 5507 V'id.
605 5469 789 5522 supra,
810 5455 999 5524 p.169.
1044 5456 1083 5486 ⁵¹
1105 5455 1225 5509 V'id.
1248 5466 1284 5509 t.
1307 5456 1390 5519 ιν,
1420 5472 1471 5524 p.
1496 5455 1581 5508 48.
1626 5456 1669 5485 ⁵²
1698 5452 2155 5524 Vid.Theodor_eti
2184 5446 2665 5524 erfat.ad_C_ant.
2694 5442 2918 5524 cantio,
2943 5450 3202 5524 etsupra,
3222 5455 3275 5524 ρ..
3295 5439 3398 5524 ἓϐᾷ
3419 5454 3569 5524 seqq.

317 5520 529 5593 Dies.
561 5512 825 5592 sequente:
861 5525 1198 5593 Ambiguilas
1222 5536 1303 5579 est
1332 5512 1388 5578 in,
1416 5512 1500 5579 his
1528 5524 1734 5587 verbis,
1777 5522 2050 5590 siquidem
2082 5520 2294 5593 inpedit.
2326 5518 2497 5593 priori
2534 5515 2618 5593 bis
2644 5515 2968 5593 positusﬂest
2992 5513 3185 5593 titulus
3210 5512 3342 5593 diss.
3380 5512 3572 5593 tert‘izc.

314 5589 449 5645 Vide
477 5589 663 5645 autem
708 5594 852 5647 illam

882 5610 1003 5665 qua:
1024 5586 1103 5647 in.
1126 5595 1227 5649 hae
1264 5595 1506 5649 editione
1533 5595 1751 5647 nomine
1779 5586 2189 5665 dissertationis
2214 5586 2771 5665 tertiaz‘inscrihitur.

2853 5582 2896 5615 ⁵⁵
2925 5582 3236 5635 llarduiuus
3276 5578 3380 5631 hoc
3413 5578 3575 5631 scho-

316 5658 430 5735 Πρὲᾌ
480 5663 733 5735 Sjtbjcc".
811 5666 856 5697 ⁸⁵
888 5649 1009 5721 Ϋίά.
1048 5666 1210 5719 etiam
1252 5681 1437 5734 supra,
1473 5682 1525 5735 p.
1580 5664 1704 5731 256,
1734 5663 1907 5719 schol.
1941 5663 1991 5719 5.
2070 5663 2113 5694 ⁸⁸
2150 5660 2294 5715 Edit.
2332 5658 2484 5729 prior
2518 5656 2757 5711 habebat
2803 5652 3112 5707 duodecimi.
3166 5650 3421 5703 Errorem
3464 5649 3573 5721 jam

319 5729 458 5787 vidit
486 5729 755 5789 Oudinus.
