4024 6152
510 213 620 281 343

1627 213 2001 276 GARNERII
2047 209 2547 270 DlSSERTATIO
2579 210 2639 267 II

3653 210 3750 273 3M

517 329 644 384 limo
694 343 826 385 vero
855 337 978 399 post
1025 327 1316 383 concilium
1345 325 1792 382 Chalcedonense
1824 324 2087 380 radicitus
2117 327 2161 385 Α
2190 321 2399 377 habens
2431 337 2658 393 regnum
2685 321 2985 388 caelorum;
3015 335 3130 377 tum
3162 320 3545 377 haereticorum
3573 340 3752 381 rursus

514 419 703 474 evulsa
727 418 878 474 credi
902 417 1080 487 potuit
1107 432 1138 469 a
1170 416 1539 472 Theodoreto.

589 509 652 563 ν.
702 508 867 578 Atqui
920 508 1176 562 ultimum
1226 507 1332 561 hoc
1378 506 1509 560 libri
1545 506 1726 575 quarti
1760 513 1943 574 caput,
1976 519 2088 559 non

518 599 746 668 perinde
780 614 845 651 ac
871 597 1258 652 duodecimum
1283 598 1351 660 ⁸⁷,
1385 597 1534 666 quod
1577 597 1645 651 de
1677 596 1931 652 Nestorio
1979 604 2084 661 est,

516 688 926 757 supposititium
951 703 1090 753 esse,
1122 688 1318 743 exinde
1349 689 1623 758 quispiam
1649 687 1976 742 concludat:

585 777 636 831 1.
668 776 824 843 Quod
878 779 1066 843 verba,
1121 793 1232 832 non
1286 786 1495 832 tantum
1522 778 1724 847 quibus
1776 777 2084 842 inchoatur,

515 867 611 923 sed
649 869 814 923 etiam
848 870 1050 939 quibus
1095 869 1302 935 linitur,
1355 870 1658 940 prmfationi
1691 871 1860 925 totius
1904 868 2088 940 Operis

515 961 760 1030 apprime
795 963 1182 1031 respondeant.
1239 981 1257 1014 ι
1288 961 1395 1016 Sed
1449 978 1574 1017 cum
1605 962 1707 1016 hac
1738 961 1804 1015 de
1828 975 1887 1014 re
1914 960 2084 1013 multa

515 1066 657 1121 saepe
709 1053 1041 1122 scripserim,
1083 1067 1549 1122 supervacaneum
1579 1052 1635 1106 in
1684 1066 1926 1120 praesens
1955 1050 2086 1105 duxi

517 1159 827 1198 sermonem
877 1145 1180 1214 producere
1225 1161 1237 1196 :
1277 1144 1581 1213 praesertim
1633 1158 1755 1197 cum
1805 1143 1861 1195 in
1891 1142 2086 1210 quinto

515 1237 656 1291 libro
706 1235 775 1290 de
828 1235 919 1290 his
962 1236 1150 1299 etiam,
1209 1236 1253 1289 si
1290 1237 1435 1289 Deus
1483 1234 1650 1295 volet,
1684 1233 1932 1286 dicturus
1957 1233 2082 1286 sim.

516 1325 656 1379 lluic
677 1341 808 1396 ergo
837 1326 980 1380 libro
1003 1333 1199 1395 quarto
1234 1323 1395 1377 linem
1431 1325 1736 1392 imponens,
1763 1323 2087 1393 evangelia}:

516 1416 779 1472 doctrinae
809 1417 1176 1486 prmstantiam
1231 1430 1332 1484 pro
1353 1413 1565 1466 viribus
1593 1411 1882 1466 ostendere
1922 1427 2088 1466 cona-

517 1507 638 1562 bor.
668 1525 686 1557 ι
735 1507 996 1577 Spectant
1039 1508 1186 1561 cnim
1240 1513 1427 1574 aperte
1455 1503 1625 1558 multa
1667 1504 1782 1558 haec
1803 1502 1869 1558 ad
1897 1504 2086 1558 Erani~

516 1608 657 1658 sten,
683 1599 896 1668 aliaque
917 1607 1104 1654 contra
1130 1595 1547 1666 Apollinaristas
1580 1596 1803 1665 scripta.

2189 413 2284 482 qui
2306 413 2576 479 tramites,
2607 413 2696 481 iis,
2725 413 2821 484 qui
2881 429 2980 483 per
3034 413 3158 468 illos
3202 413 3488 478 incedunt,
3534 415 3751 470 exitium

2189 501 2508 558 atterentes.
2535 522 2554 555 ι

2260 593 2337 647 lla
2382 593 2603 662 quidem
2651 593 3063 660 Theodoretus;
3107 593 3203 648 sed
3253 593 3357 648 fuit
3393 594 3540 648 aliud
3576 611 3753 651 revera

2188 683 2474 752 utriusque
2508 685 2872 753 propositum.
2912 685 3141 740 Volebat
3192 700 3389 754 nempe
3446 685 3753 755 Sporacius,

2189 772 2614 841 Theodoretum,
2643 774 2772 829 dum
2798 774 3063 831 adversus
3097 791 3290 831 omnes
3335 776 3573 832 haereses
3625 779 3752 833 scri-

2188 862 2365 929 beret,
2417 880 2584 934 opere
2641 865 2763 936 ipso
2791 867 3121 921 calumniam
3164 867 3454 936 repellere,
3505 885 3668 938 quam
3726 887 3756 926 a

2186 957 2376 1010 multis
2415 957 2756 1026 patiebatur,
2809 959 2966 1028 quasi
3018 960 3378 1014 orthodoxam
3427 959 3588 1016 ﬁdem
3653 977 3755 1017 non

2188 1046 2403 1100 sincere
2432 1058 2796 1117 sequeretur;
2825 1049 3208 1104 Theodoretus
3255 1067 3387 1105 vero
3417 1054 3484 1115 δ’,
3527 1060 3584 1105 ut
3643 1063 3758 1106 erat

2184 1151 2330 1207 aegro
2355 1138 2540 1193 animo
2588 1140 2856 1195 adversus
2885 1141 3182 1212 Cyrilliana
3235 1143 3436 1212 capita,
3464 1143 3660 1197 callide
3705 1153 3759 1198 et

2185 1227 2402 1282 occulte
2426 1228 2739 1294 hzcresewn,
2764 1245 2900 1299 quas
2924 1239 3272 1295 memoraret,
3306 1232 3645 1300 expositione
3669 1247 3757 1287 os-

2188 1316 2412 1372 tendere
2442 1318 2792 1382 moliebatur,
2836 1319 3040 1388 quibus
3081 1336 3149 1374 ex
3182 1319 3430 1373 fontibus
3463 1331 3582 1374 orta
3615 1321 3760 1375 vide-

2187 1416 2342 1463 retur
2396 1409 2622 1464 haaresis
2671 1411 2734 1464 de
2757 1427 2864 1464 una
2917 1418 3134 1476 natura,
3179 1427 3343 1480 quam
3396 1411 3450 1464 in
3485 1412 3756 1480 capitulis,
3843 1474 3848 1478 ,

2185 1508 2412 1568 propter
2470 1500 2755 1570 ambiguas
2803 1501 3068 1570 quasdam
3125 1510 3180 1556 et
3210 1503 3533 1572 ﬂexiloquas
3577 1519 3753 1570 voces,

2187 1587 2352 1641 etiam
2383 1596 2508 1657 post
2543 1587 2734 1658 Cyrilli
2781 1587 3180 1658 expositionem
3230 1588 3420 1642 videre
3469 1588 3575 1642 sibi
3613 1588 3756 1643 vide-

585 1691 746 1761 395
785 1659 1008 1756 Quod
1031 1659 1275 1760 haecipsa
1291 1689 1459 1744 verba
1475 1659 1723 1743 maximae
1743 1687 1868 1742 libri
1899 1689 2078 1758 quinti
2120 1659 2158 1714 Β
2187 1675 2369 1731 batur-

517 1783 657 1850 parti
679 1791 1003 1837 consonent.

586 1872 639 1924 5.
677 1871 832 1937 Quod
881 1872 948 1926 ad
980 1873 1214 1927 haeresin
1261 1872 1732 1938 Messalianorum,
1775 1872 1844 1928 de
1882 1874 2084 1943 quibus

515 1963 695 2033 agitur
736 1963 914 2034 capite
956 1964 1246 2020 undecimo
1279 1966 1346 2030 ⁸⁸,
1399 1964 1802 2019 accommodari
1857 1965 2082 2020 minime

515 2052 769 2107 valeant:
811 2068 914 2107 nec
942 2053 1088 2114 enim
1138 2053 1205 2107 de
1239 2053 1342 2108 ista
1388 2053 1518 2108 fecit
1551 2052 1685 2108 alias
1725 2053 2079 2130 mentionem,

517 2153 665 2198 certe
689 2161 791 2198 non
808 2143 974 2198 multa
997 2159 1134 2214 sazpe
1157 2145 1384 2215 scripsit.

587 2234 676 2289 Vl.
725 2235 834 2290 Has
875 2251 974 2306 ego
1027 2244 1138 2291 tres
1184 2237 1426 2292 rationes
1458 2237 1655 2306 probo,
1717 2237 1950 2307 ideoque
2006 2238 2081 2292 ita

517 2324 928 2381 subducendam
958 2328 1226 2382 rationem
1270 2337 1423 2397 puto.
1450 2330 1600 2398 Opus
1624 2329 1770 2383 istud
1815 2329 2080 2398 scriptum

515 2424 598 2472 est
634 2426 756 2486 post
776 2419 1148 2488 exstirpatam,
1183 2425 1242 2473 ut
1281 2420 1504 2489 quidem
1547 2419 1896 2474 Theodoreto
1923 2420 2080 2475 vide-

517 2505 700 2571 batur,
722 2507 954 2563 haeresin
980 2510 1410 2580 Eutychianam;
1446 2510 1614 2580 igitur
1640 2518 1763 2579 post
1785 2509 2080 2564 concilium

514 2601 976 2671 Chalcedonense,
1028 2606 1176 2676 quod
1238 2623 1383 2663 anno
1408 2607 1532 2672 451,
1558 2607 1700 2663 diei
1756 2607 2083 2663 Novembris

515 2693 825 2748 absolutum
849 2706 950 2751 est.

586 2784 697 2838 νη.
727 2785 1051 2856 lnscriptum
1095 2798 1178 2843 est
1211 2789 1490 2859 Sporacio,
1536 2791 1631 2859 qui
1663 2799 1842 2845 tamen
1889 2792 2081 2846 consul

515 2892 624 2930 non
640 2877 862 2932 dicitur.
892 2878 1013 2932 Non
1049 2879 1215 2950 igitur
1241 2879 1451 2935 editum
1500 2891 1584 2936 est
1623 2897 1768 2937 anno
1799 2883 1924 2950 452,
1971 2899 2080 2953 quo

514 2982 659 3022 anno
702 2967 998 3037 Sporacius
1044 2969 1387 3023 consulatum
1413 2970 1601 3040 gessit,
1639 2970 1735 3025 sed
1786 2986 1928 3025 anno
1952 2986 2082 3025 con-

515 3068 796 3128 sequente,
833 3069 894 3115 ut
925 3076 1088 3130 quam
1118 3061 1401 3124 citissime,
1434 3060 1486 3114 id
1511 3070 1614 3127 est,
1638 3077 1779 3116 anno
1803 3062 1907 3117 455
1947 3063 2011 3114 ⁸⁸.

586 3152 718 3205 Vlll.
746 3150 900 3218 Quod
928 3153 972 3208 si
1009 3169 1073 3208 ea
1098 3153 1356 3223 temporis
1400 3161 1528 3206 nota
1570 3162 1804 3218 constat,
1851 3163 2084 3209 utcerte

515 3239 697 3305 debet,
735 3255 1078 3311 consequens
1119 3250 1220 3305 est,
1251 3253 1312 3298 ut
1346 3242 1714 3311 expositiones
1753 3243 2083 3298 Theodoreti

517 3331 571 3384 in
593 3330 986 3386 Octateuchum
1015 3333 1082 3389 ad
1111 3334 1411 3402 posteriora
1439 3334 1618 3388 adhuc
1639 3343 1885 3404 tempora
1913 3335 2084 3405 perti-

517 3430 702 3488 neant,
737 3439 862 3478 cum
889 3423 944 3476 in
967 3423 1046 3476 iis
1061 3439 1200 3492 opus
1224 3423 1368 3477 istud
1398 3423 1617 3477 citetur.

584 3513 712 3567 ‘lX.
745 3513 1070 3582 Sporacius,
1099 3515 1188 3567 cui
1239 3529 1380 3583 Opus
1432 3514 1774 3579 inscribitur,
1821 3515 1926 3570 fuit
1982 3516 2083 3570 do—

517 3605 868 3659 mesticorum
891 3620 1094 3667 comes,
1123 3605 1240 3673 qui,
1273 3613 1332 3659 ut
1361 3605 1743 3660 Theodoretus
1798 3608 1991 3663 scribit
2014 3609 2081 3674 ⁸ο,

524 3712 541 3742 ε
571 3708 694 3747 cum
725 3707 854 3763 sago
902 3701 957 3747 et
985 3693 1204 3763 cingulo
1259 3703 1527 3760 uteretur,
1591 3696 1950 3768 militiamque
1979 3700 2083 3754 sibi

516 3783 858 3839 commissam
877 3791 1110 3854 gereret,
1160 3793 1215 3838 et
1256 3785 1456 3854 palatio
1483 3785 1602 3855 ejus
1645 3802 1809 3841 causa
1841 3789 2083 3844 assidere

516 3881 838 3944 cogeretur;
871 3890 1055 3929 rerum
1108 3881 1287 3929 tamen
1333 3876 1646 3930 divinarum
1691 3880 2081 3950 cognitionem,

515 3965 873 4034 veritatisque
901 3964 1205 4018 doctrinam
1228 3967 1612 4036 anteponebat.
1651 3987 1668 4020 ›
1701 3969 1831 4023 Eam
1858 3971 1929 4025 ob
1965 3987 2083 4026 rem

514 4072 661 4111 anno
701 4056 799 4110 451
845 4071 875 4109 a
935 4056 1211 4112 Marciano
1266 4058 1596 4126 imperatore
1650 4060 1719 4114 ad
1787 4063 2082 4118 concilium

513 4149 960 4205 Chalcedonense
987 4150 1177 4220 judex,
1231 4165 1354 4206 cum
1404 4151 1528 4207 aliis
1562 4153 1968 4221 illustrissimis,
2000 4159 2082 4214 le-

515 4249 798 4312 gatusest;
827 4257 971 4297 anno
991 4243 1115 4305 452,
1143 4243 1236 4311 qui
1255 4243 1535 4312 proximus
1558 4261 1588 4299 a
1615 4247 1849 4301 concilio
1868 4248 2079 4315 habito,

2257 1789 2423 1861 396
2479 1791 2568 1846 XI.
2600 1789 2737 1846 Cum
2775 1801 3022 1848 recenset
3069 1792 3125 1846 in
3171 1792 3496 1847 Praefatione
3536 1792 3755 1847 nomina

2187 1894 2474 1938 auctorum
2503 1885 2568 1950 “,
2595 1899 2661 1938 ex
2683 1886 2887 1954 quibus
2920 1885 3175 1954 profecit,
3219 1885 3398 1940 Latini
3422 1886 3624 1939 nullius
3646 1902 3757 1940 mc-

2189 1973 2367 2038 minit,
2400 1975 2494 2029 sed
2527 1990 2702 2045 neque
2729 1975 2900 2030 Graeci
2928 1977 3254 2046 Epiphanii;
3306 1991 3428 2030 cum
3478 1989 3654 2031 tamen
3701 1987 3757 2032 et

2189 2064 2266 2118 illi
2297 2081 2404 2120 non
2433 2068 2729 2131 incuriose,
2755 2077 2809 2122 et
2839 2067 2943 2122 iste
2974 2068 3393 2138 diligentissime
3426 2068 3494 2122 de
3531 2069 3756 2123 haeresi-

2188 2158 2292 2213 bus
2311 2161 2612 2230 scripserit.
2660 2163 2736 2215 De
2781 2161 2990 2215 Latinis
3038 2161 3175 2215 nihil
3226 2160 3518 2214 admodum
3551 2161 3751 2215 miror:

2188 2255 2486 2318 potuerunt
2532 2253 2679 2305 enim
2733 2253 2976 2322 ipsorum
3007 2253 3134 2307 libri
3165 2270 3273 2307 non
3301 2269 3423 2307 esse
3450 2253 3504 2306 in
3534 2251 3756 2308 Oriente

2188 2341 2432 2410 vulgati:
2466 2342 2533 2397 de
2558 2344 2886 2414 Epiphanio,
2920 2347 3077 2416 cujus
3118 2352 3240 2400 erat
3274 2353 3329 2398 et
3361 2361 3562 2400 nomen
3618 2345 3759 2400 cele-

2188 2431 2361 2497 brius,
2393 2442 2448 2486 et
2470 2449 2608 2503 opus
2638 2436 2942 2506 vulgatum,
2973 2438 3248 2508 major‘me
3273 2435 3563 2490 admiratio
3590 2435 3754 2505 capit.

2187 2523 2267 2577 An
2293 2539 2419 2578 eum
2448 2525 2671 2580 laudare
2698 2528 2896 2592 noluit,
2929 2529 3017 2582 cui
3071 2543 3196 2582 cum
3241 2526 3631 2598 Chrysostomo
3659 2541 3758 2581 ne-

2187 2617 2395 2687 gotium
2423 2617 2602 2672 fuerat
2626 2619 2784 2672 valde
2814 2620 3011 2689 grave?
3059 2620 3438 2674 Theodoretus
3477 2619 3621 2674 enim
3655 2619 3758 2672 mi-

2188 2722 2312 2761 rum
2332 2716 2599 2777 quantum
2626 2708 3074 2780 Chrysostomum
3104 2709 3294 2765 coluit.

2256 2800 2373 2855 Xll.
2413 2801 2591 2868 Quaeri
2618 2810 2819 2872 potest,
2854 2817 2955 2857 cur
2997 2802 3380 2856 Theodoretus
3431 2816 3500 2855 ne
3528 2800 3755 2854 verbum

2186 2893 2410 2962 quidem
2441 2909 2613 2948 unum
2661 2893 2854 2948 fecerit
2881 2893 2950 2949 de
2997 2894 3302 2964 Pelagianis
3323 2892 3388 2959 “,
3442 2890 3757 2962 Pelagiano-

2110 3016 2152 3074 ο
2189 3000 2422 3054 rumque
2451 2985 2757 3052 erroribus,
2789 2985 2905 3040 sive
2937 2987 3033 3055 qui
3089 2985 3319 3056 gratiam
3351 2983 3470 3049 Dei,
3523 2982 3637 3036 sive
3661 2981 3755 3052 qui

2184 3084 2468 3145 peccatum
2522 3076 2751 3146 originis
2804 3084 3142 3146 oppugnant.
3186 3075 3374 3145 Neque
3416 3074 3563 3128 enim
3609 3073 3753 3137 illos,

2183 3171 2334 3240 quod
2365 3186 2476 3225 non
2505 3171 2711 3224 nemini
2736 3170 2887 3225 venit
2913 3170 2968 3224 in
2988 3179 3249 3236 mentem,
3268 3177 3361 3223 aut
3379 3166 3755 3232 Euchitarurn,

2182 3270 2278 3316 aut
2345 3261 2791 3316 Messalianorum
2850 3261 3074 3316 nomine
3143 3266 3427 3315 memorat.
3481 3258 3566 3312 An
3625 3256 3757 3326 quia

2183 3352 2367 3423 ignota
2412 3353 2516 3422 ipsi
2548 3352 2654 3406 fuit
2690 3351 3002 3407 istiusmodi
3046 3351 3311 3407 haeresis?
3363 3365 3462 3404 cur
3513 3363 3646 3419 ergo
3701 3348 3754 3401 in

2183 3442 2419 3496 concilio
2451 3443 2751 3512 Ephesino,
2784 3442 2873 3496 cui
2899 3441 3171 3505 interluit,
3226 3440 3399 3495 altera
3435 3455 3561 3512 pars
3596 3437 3754 3493 alteri

2184 3533 2575 3588 leestianam
2608 3534 2842 3588 hmresin
2883 3533 3121 3604 objecit?
3145 3533 3229 3587 An
3274 3532 3404 3602 quia
3445 3531 3581 3585 nihil
3630 3529 3756 3584 inde

2183 3628 2470 3678 turbarum
2511 3624 2567 3678 in
2599 3623 2824 3679 Oriente
2854 3625 3188 3679 concitatum
3216 3624 3372 3679 erat?
3403 3622 3545 3677 unde
3589 3621 3757 3692 igitur

2182 3714 2514 3769 invidiosum
2552 3715 2657 3769 fuit
2681 3717 2735 3770 in
2767 3716 2990 3770 Oriente
3033 3715 3487 3770 leestianorum
3515 3714 3759 3767 nomen?

2182 3805 2391 3860 Deinde
2421 3807 2602 3860 nullos
2633 3807 2685 3860 in
2715 3806 2938 3862 Oriente
2969 3817 3150 3862 motus
3178 3807 3524 3861 conciverant
3576 3805 3760 3859 Dona-

2188 3895 2367 3959 tistze;
2397 3895 2595 3948 horum
2625 3905 2805 3949 tamen
2834 3895 3043 3950 mentio
3073 3895 3131 3949 ﬁt
3160 3896 3213 3948 in
3239 3895 3380 3949 libro
3409 3902 3623 3963 quarto.
3653 3895 3763 3948 De-

2182 3987 2352 4054 nique
2384 4001 2494 4039 non
2537 3986 2848 4041 mediocres
2897 3984 3305 4058 Hierosolymis,
3354 3987 3579 4056 Ephesi,
3610 3984 3763 4040 Con-

2182 4077 2559 4146 stantinopoli,
2589 4077 2915 4142 Antiochiae,
2945 4078 3003 4132 in
3031 4077 3221 4133 Cilicia
3250 4079 3516 4134 tumultus
3542 4093 3572 4131 a
3605 4077 3766 4131 Pela-

2181 4167 2360 4238 gianis
2402 4168 2856 4237 leestianisque
2905 4167 3031 4222 facti
3062 4178 3211 4234 sunt,
3271 4184 3372 4226 nec
3413 4167 3490 4221 illi
3528 4175 3764 4237 propter

2182 4259 2428 4314 locorum
2463 4259 2821 4326 vicinitatem,
2875 4260 3081 4314 homini
3113 4275 3294 4314 rerum
3326 4260 3545 4315 curioso
3587 4259 3763 4312 latere

514 4333 682 4405 gessit
702 4334 1038 4390 ordinarium
1059 4350 1182 4389 cum
1209 4335 1514 4390 Herculano
1547 4339 1912 4394 consulatum.
1948 4340 2079 4411 Ejus
2114 4359 2154 4412 ο
2182 4359 2503 4420 ροιιιθιοωιι,
2522 4350 2604 4404 An
2629 4350 2777 4419 quod
2830 4351 2978 4404 nulla
3003 4350 3104 4404 fuit
3137 4351 3191 4404 in
3221 4349 3444 4405 Oriente
3493 4349 3760 4420 synodus,

515 4425 721 4479 mentio
743 4424 801 4479 ﬁt
821 4425 875 4479 in
904 4425 1055 4479 Actis
1094 4425 1352 4480 Matrona:
1401 4425 1691 4496 Pergensis
1726 4430 1870 4497 apud
1913 4429 2079 4485 Meta-

515 4517 777 4586 phrasten
808 4517 896 4572 die
922 4519 954 4572 8
973 4518 1318 4572 Novembris.

584 4605 651 4659 Χ.
675 4605 837 4676 Cupit
863 4608 974 4673 ille,
1006 4607 1152 4677 quod
1191 4609 1245 4661 in
1265 4607 1506 4662 Historia
1529 4608 1653 4662 vitre
1682 4608 1889 4663 dictum
1914 4619 2017 4676 est,
2049 4627 2079 4664 a

515 4697 864 4753 Theodoreto
891 4700 955 4764 ⁸⁸⁸,
1013 4720 1030 4750 ι
1072 4700 1236 4760 scire,
1273 4715 1395 4769 quae
1430 4701 1690 4769 utrinque
1737 4710 1890 4756 extra
1937 4703 2078 4756 viam

516 4797 720 4854 rectam
747 4800 958 4844 novata:
1003 4805 1034 4843 a
1063 4790 1386 4859 quibusdam
1436 4791 1546 4845 sint
1587 4793 1813 4858 semitm,
1847 4809 2077 4862 quarum

515 4880 640 4936 ‘inis
669 4889 754 4934 est
781 4880 1101 4934 barathrum
1127 4881 1475 4956 perditionis.
1508 4882 1850 4937 Desiderium
1892 4894 2078 4939 autem

511 4972 618 5026 hoc
641 4981 882 5042 ceperat.
911 4989 1024 5027 non
1074 4981 1135 5028 ut
1185 4975 1420 5043 pessime
1461 4976 1741 5038 conﬁctas,
1789 4985 1844 5030 et
1875 4985 2077 5031 tetrum

513 5058 782 5126 spirantes
804 5061 1031 5117 odorem
1068 5062 1279 5118 fabulas
1306 5063 1551 5129 audiret;
1577 5063 1672 5118 sed
1701 5072 1759 5118 ut
1811 5081 1925 5131 eos,
1981 5068 2076 5136 qui

513 5151 787 5215 nesciunt,
820 5151 1065 5217 doceret,
1092 5165 1206 5208 tum
1229 5171 1478 5225 quaenam
1523 5156 1594 5208 sit
1619 5156 1703 5209 via
1735 5157 1900 5226 regia,
1943 5175 2078 5228 apo-

511 5240 719 5296 stolicis
758 5245 1202 5316 propheticisque
1264 5255 1457 5301 ornata
1513 5248 1778 5318 vestigiis,
1818 5258 1873 5305 et
1916 5249 2077 5306 ﬁnem

2186 4441 2240 4494 in
2270 4456 2375 4509 qua
2408 4454 2581 4509 genus
2625 4438 2773 4494 istud
2828 4439 3207 4493 haereticorum
3252 4439 3602 4492 anathemate
3626 4453 3764 4506 per-

2185 4532 2397 4584 culsum
2425 4529 2534 4583 sit?
2581 4529 2746 4599 Atqui
2781 4530 3099 4584 damnatum
3145 4537 3228 4584 est
3267 4529 3502 4597 Diospoli
3555 4528 3611 4581 in
3661 4528 3768 4581 Pa-

2184 4621 2416 4683 laestina,
2449 4620 2757 4675 Antiochiae
2808 4621 2863 4674 in
2917 4619 3094 4690 Syria,
3150 4620 3417 4674 Anazarbi
3467 4619 3521 4673 in
3564 4618 3767 4673 Cilicia

2187 4711 2450 4775 secunda,
2488 4711 2966 4780 Constantinopoli
3005 4711 3060 4764 in
3101 4711 3239 4766 urbe
3267 4712 3434 4781 regia,
3465 4710 3668 4779 Ephesi
3702 4711 3766 4764 in

2184 4803 2425 4871 generali
2459 4802 2687 4872 synodo.
2722 4803 2802 4855 An
2849 4802 2996 4872 quod
3021 4801 3333 4858 leestiani
3384 4817 3412 4855 a
3462 4801 3770 4856 Theodoro

2185 4891 2570 4960 Mopsuesteno
2605 4894 2876 4964 originem
2934 4893 3221 4960 ducerent,
3271 4893 3624 4962 Nestoriique
3657 4908 3767 4961 pa-

2185 4984 2418 5036 trocinio
2450 4984 2531 5038 usi
2564 4993 2769 5050 essent,
2811 4993 2867 5039 et
2907 5001 2971 5040 ea
3021 4985 3303 5048 docerent,
3343 4984 3648 5055 prtescrtim
3689 4983 3767 5036 de

2183 5083 2410 5140 peccato
2432 5073 2679 5142 originis,
2729 5073 2989 5143 aquibus
3041 5073 3423 5127 Theodoretus
3487 5070 3606 5140 ipse
3645 5086 3767 5124 non

2183 5163 2540 5218 abhorreret?
2562 5165 2868 5219 Probabilis
2889 5180 3071 5228 causa,
3099 5180 3206 5235 qua
3232 5175 3384 5233 parte
3401 5163 3767 5216 Theodorum

2182 5264 2239 5308 et
2269 5255 2584 5310 Nestorium
2626 5265 2870 5327 spectat;
2913 5257 3006 5311 sed
3041 5272 3149 5326 qua
3183 5255 3588 5310 Theodoretum
3624 5255 3769 5308 atti-

1843 5402 2159 5458 SCliULle
2198 5403 2427 5463 ΝΟΤᾸΞ.

581 5486 626 5517 ⁸⁷
658 5485 804 5539 Εάἱι.

581 5486 626 5517 ⁸⁷
658 5486 804 5539 Edit.
839 5486 992 5558 prior
1038 5487 1274 5544 habebat
1319 5492 1669 5548 undecimum.
1746 5496 1790 5526 ⁸⁸
1819 5495 1968 5550 Edit.

504 5554 624 5606 200.
707 5554 751 5584 ⁶⁰
779 5558 915 5606 Vide
943 5556 1093 5606 1.1V-
1129 5574 1182 5606 η.
1215 5560 1338 5606 283-
1413 5563 1456 5594 θ·
1494 5562 1594 5606 ιιι,
1641 5579 1672 5606 n
1732 5563 1836 5606 9m
1933 5567 1968 5596 ες

707 5554 751 5627 _‘°
779 5554 915 5615 Vide
943 5567 980 5610 ι.
1007 5556 1094 5623 1v,
1129 5574 1182 5627 p.
1215 5560 1339 5614 285.
1413 5563 1456 5594 ο·
1494 5562 1596 5622 1b..

2015 5496 2164 5563 prior
2210 5497 2337 5552 hab.
2385 5500 2599 5554 decimo.

2710 5503 2898 5558 “Vid.
2933 5519 3120 5598 supra,
3170 5520 3223 5574 p.
3274 5506 3398 5559 E51.
3441 5503 3576 5557 \‘ide
3632 5519 3765 5572 pag.

2730 5573 2827 5598 νε]
2882 5583 2896 5598 ο
2954 5574 3001 5598 11
3073 5591 3102 5598 ..ι
3159 5574 3262 5598 non
3350 5577 3391 5598 tu
3427 5575 3524 5598 υτ]
3589 5573 3738 5598 την-..ι

1641 5579 1692 5644 ηε
1732 5563 1854 5644 ego,
1907 5567 1976 5644 ,δ’
2004 5567 2081 5644 va

2183 5583 2336 5637 upra,
2368 5585 2418 5640 p.
2453 5570 2573 5624 200.
2655 5573 2697 5605 ⁸³
2730 5573 2849 5629 Vid.
2882 5583 2916 5629 t.
2954 5563 3040 5640 IV,
3073 5563 3124 5644 ρ’.
3159 5563 3281 5630 ⁵282.
3350 5577 3391 5606 ⁸³
3427 5575 3546 5630 Υἰά.
3589 5563 3769 5637 ἱιξῑτξι,

501 5622 629 5674 diss.
681 5619 730 5685 5,
764 5643 876 5700 cap
932 5627 982 5692 5,
1012 5619 1242 5684 eth-rid.
1292 5619 1606 5700 Spanhcmii
1641 5619 1786 5704 '(lpp.
1829 5642 1865 5688 t.
1907 5634 1950 5703 I,
1982 5651 2033 5706 p.
2066 5619 2190 5693 98⁸2.
