4056 6174
314 284 425 346 345

1493 279 1588 338 DE
1631 278 1883 337 LIBRIS
1920 273 2430 335 THEODORETI.

3474 264 3580 331 346

318 402 440 453 net,
496 386 853 459 disceptanda
894 386 1214 458 diligentius
1268 387 1323 442 in
1380 387 1771 445 dissertatione
1826 388 1893 443 de
1925 391 1969 447 Α
2000 394 2059 439 ut
2093 400 2160 439 ex
2194 384 2358 438 allato
2388 380 2703 438 testimonio
2740 387 2972 434 constat.
3021 377 3169 448 Ergo
3211 385 3337 431 ante
3373 393 3577 431 annum

319 483 500 554 ipsius
532 480 659 534 ﬁde.

392 572 538 627 XIII.
587 571 694 626 Sed
724 587 824 625 cur
847 571 1012 625 etiam
1046 570 1427 625 Theodoretus
1462 571 1517 623 in
1561 584 1727 638 opere
1786 575 1902 623 toto

320 676 506 730 neque
562 658 816 729 Origenis
860 660 1132 724 meminit,
1197 675 1377 727 neque
1445 657 1898 727 Origenistarum,

320 767 565 823 quorum
594 761 773 804 tamen
798 751 1006 805 sciebat
1025 766 1244 805 errores
1264 766 1293 803 a
1320 749 1627 819 Theophilo
1662 748 1904 803 Alexan-

327 843 518 903 drino,
542 842 598 894 in
622 840 867 894 homiliis
900 840 1284 909 paschalibus;
1324 838 1391 893 ab
1418 838 1723 900 Anastasio,
1757 852 1909 891 sum-

326 951 423 988 mo
449 931 734 1003 pontifice,
771 931 828 984 in
879 931 1082 985 litteris
1131 930 1196 984 ad
1237 929 1518 985 Orientem
1579 928 1794 993 missis;
1837 927 1906 981 ab

327 1022 785 1094 imperatoribus,
820 1022 875 1075 in
899 1020 1095 1075 edictis
1121 1036 1219 1089 per
1250 1028 1422 1073 totum
1459 1020 1763 1072 Romanum
1808 1018 1909 1070 im—

325 1114 550 1183 perium
577 1110 898 1183 propositis,
964 1126 1084 1164 esse
1117 1110 1491 1179 proscriptos?
1530 1109 1732 1163 Verum
1771 1107 1907 1160 nihil

326 1205 578 1265 illorum,
618 1203 761 1257 sicut
794 1211 849 1257 et
870 1200 1311 1271 Pelagianorum,
1360 1200 1672 1254 meminisse
1707 1198 1909 1267 prode-

328 1306 418 1349 rat
460 1295 530 1349 ad
569 1294 905 1355 institutum,
940 1292 1085 1361 quod
1114 1291 1375 1354 diximus,
1410 1289 1671 1359 carpendi
1702 1288 1912 1342 scilicet

326 1384 570 1448 occulte,
612 1392 668 1437 et
698 1384 753 1436 in
785 1381 1052 1435 invidiam
1091 1380 1327 1434 vocandi
1372 1379 1667 1450 Cyrilliana
1708 1378 1911 1447 capita,

330 1485 618 1544 tutamque
644 1474 706 1526 de
733 1491 840 1526 una
866 1481 980 1543 post
1007 1473 1295 1524 unitionem
1320 1479 1515 1524 natura
1538 1470 1869 1524 sententiam
1894 1483 1907 1520 :

330 1568 494 1637 cujus
541 1564 834 1619 sententiae
874 1563 1012 1617 duas
1042 1573 1229 1632 partes
1284 1562 1596 1617 discernere
1632 1575 1914 1630 nunquam

330 1658 407 1712 ita
444 1657 640 1719 valuit,
672 1664 731 1709 ut
755 1656 1105 1718 catholicam,
1137 1670 1257 1723 qua:
1290 1655 1499 1725 Cyrilli,
1525 1655 1593 1708 ab
1632 1652 1908 1718 haaretica,

328 1748 494 1818 397
547 1763 668 1816 qua:
687 1746 1005 1815 Apollinarii
1032 1754 1126 1799 aut
1163 1746 1443 1815 Eutychis,
1470 1747 1803 1815 sejungeret.

404 1840 545 1894 XIV.
573 1841 723 1909 Opus
749 1840 851 1893 hoc
873 1855 1016 1892 anno
1042 1840 1177 1893 1545
1195 1839 1419 1907 prodiit,
1448 1839 1684 1907 primum
1730 1836 1914 1891 Graece

330 1932 527 1986 Roma:
564 1930 869 1998 Ardingelli
923 1927 1230 1982 Cardinalis
1260 1943 1426 1995 cura;
1472 1928 1672 1981 deinde
1725 1926 1916 1980 Latine

332 2023 610 2079 Gentiano
654 2021 890 2075 Ilerveto
922 2021 1247 2089 interprete.
1294 2020 1491 2077 Latino
1540 2035 1796 2074 sermone
1830 2020 1916 2072 in-

335 2124 679 2185 terpretatus
708 2123 793 2167 est
835 2112 1152 2167 Victorinus
1181 2112 1495 2182 Strigelius,
1530 2114 1757 2182 ejusque
1790 2128 1916 2166 ver-

336 2208 496 2261 sione
556 2221 691 2259 usus
742 2212 825 2260 est
861 2204 1075 2258 Marcus
1134 2202 1453 2257 Beumlerus
1511 2203 1565 2257 in
1597 2219 1694 2258 sua
1747 2202 1919 2271 logica

335 2296 589 2369 synopsi,
638 2311 745 2365 qua
786 2295 1028 2365 singulas
1080 2295 1243 2349 trium
1287 2295 1625 2365 dialogorum
1679 2295 1921 2349 rationes

333 2388 407 2441 ad
441 2387 676 2441 formam
701 2385 1090 2456 syllogisticam
1119 2384 1319 2454 exegit,
1344 2394 1403 2438 ut
1430 2399 1618 2438 earum
1650 2385 1761 2438 vim
1804 2402 1921 2439 ma-

336 2481 598 2535 nifestius
641 2481 658 2499 ⁴
686 2477 1024 2533 ostenderet.
1053 2476 1211 2531 Hunc
1257 2477 1503 2531 laborem
1553 2478 1812 2547 suscepit,
1865 2484 1924 2530 ut

336 2570 712 2640 Ubiquitariis
750 2568 980 2636 aliisque
1034 2566 1329 2633 haereticis,
1380 2567 1737 2637 Zuinglianus
1806 2568 1923 2636 ipse

338 2664 425 2717 vel
450 2662 825 2725 Lutherauus,
851 2658 1258 2712 Theodoretum
1304 2659 1479 2712 autin
1504 2674 1664 2711 suum
1703 2673 1925 2713 sensum

341 2752 699 2808 trahentibus
742 2760 833 2803 aut
864 2749 1330 2804 calumniantibus
1361 2750 1677 2804 obsisteret.

582 2897 609 2968 ᾗ
636 2898 722 2951 III.
746 2897 1020 2951 Orationes
1051 2896 1224 2949 decem
1246 2896 1309 2948 de
1332 2896 1687 2950 Providentia.

2002 477 2127 539 455,
2154 490 2262 544 quo
2290 487 2433 527 anno
2459 470 2840 541 interpretatio
2870 469 3121 523 Psalterii
3144 467 3444 537 composita
3474 479 3578 522 est.

2005 568 2249 621 Pertinet
2274 566 2441 635 igitur
2475 563 2543 618 ad
2569 578 2689 617 eam
2735 562 2961 616 classem
3006 560 3295 622 librorum,
3341 574 3481 628 quos
3526 560 3581 612 in

2004 658 2236 726 epistola
2313 656 2379 709 ad
2456 663 2703 709 sanctum
2761 652 3000 706 Leonem
3063 651 3444 705 Theodoretus
3506 649 3582 703 ait

2005 765 2062 803 se
2087 758 2213 802 ante
2239 762 2413 801 annos
2450 746 2766 816 quindecim
2817 744 2903 798 vel
2947 744 3111 798 etiam
3152 740 3457 797 octodecim
3503 741 3583 796 fe-

2006 840 2169 893 cisse.

2079 929 2142 981 V.
2187 926 2365 993 Quare
2392 926 2542 981 credi
2568 926 2766 979 merito
2796 931 2973 993 potest
2996 924 3255 993 scriptus,
3304 924 3494 979 saltem
3516 938 3585 977 ex

2008 1028 2184 1088 parte,
2211 1017 2394 1070 statim
2428 1026 2551 1085 post
2600 1014 2867 1085 synodum
2908 1013 3263 1082 Ephesinam,
3296 1025 3583 1081 postquam

2010 1108 2357 1179 imperatoris
2392 1107 2645 1161 mandato
2696 1105 3003 1160 Orientales
3052 1105 3294 1173 episcopi
3349 1104 3415 1156 ad
3460 1119 3586 1156 suas

2010 1203 2211 1272 singuli
2259 1209 2605 1255 recesserunt
2637 1199 2949 1252 Ecclesias:
3002 1206 3133 1251 tunc
3179 1198 3325 1250 enim
3368 1196 3586 1249 videtur

2012 1294 2396 1348 Theodoretus
2446 1307 2620 1354 suam,
2681 1289 2751 1343 ob
2803 1304 2890 1343 res
2922 1297 3113 1342 contra
3152 1297 3337 1341 votum
3384 1297 3583 1357 gestas,

2014 1384 2185 1438 animi
2234 1382 2616 1453 aegritudinem
2673 1380 2861 1434 verbis
2915 1378 3183 1447 factisque
3243 1378 3408 1433 solari
3490 1393 3586 1433 co-

2012 1486 2193 1532 natus.

2084 1570 2170 1623 Vl.
2199 1568 2338 1632 Dixi,
2375 1567 2566 1620 saltem
2593 1580 2657 1618 ex
2681 1569 2857 1632 parte,
2893 1561 3111 1616 duobus
3136 1575 3329 1629 nempe
3376 1569 3590 1629 postre-

2015 1662 2119 1715 mis
2144 1660 2493 1715 sermonibus
2518 1676 2531 1710 :
2561 1656 2727 1726 398
2756 1654 2974 1724 priores
3002 1653 3149 1707 enim
3180 1661 3305 1706 octo
3348 1667 3456 1705 non
3485 1651 3589 1703 im-

1950 1738 1986 1790 Β
2018 1752 2377 1823 probabiliter
2423 1748 2635 1803 censeri
2664 1753 2895 1816 possunt
2941 1753 3067 1797 ante
3125 1742 3393 1814 synodum
3428 1739 3588 1803 facti;

2015 1860 2189 1913 eaque
2222 1843 2404 1898 forsan
2429 1855 2593 1896 causa
2615 1847 2719 1900 est,
2770 1853 2869 1890 cur
2895 1836 2950 1889 in
2978 1834 3206 1889 exordio
3241 1833 3371 1887 noni
3416 1831 3595 1885 Theo-

2017 1937 2243 1990 doretus
2303 1940 2524 1986 revocet
2575 1928 2924 1982 auditoribus
2994 1925 3050 1977 in
3098 1923 3419 1977 memoriam
3460 1960 3474 1984 ,
3523 1935 3593 1973 ne

2019 2036 2235 2095 tempus
2265 2022 2550 2084 deleverit,
2596 2020 2726 2088 quid
2755 2016 3059 2087 argumenti
3091 2024 3250 2067 antea
3301 2018 3592 2068 tractatum

2019 2120 2109 2173 sit.
2147 2137 2164 2168 ‹
2206 2116 2362 2179 Octo,
2424 2114 2624 2182 inquit,
2657 2113 2766 2181 jam
2818 2122 3100 2163 sermones
3132 2104 3342 2160 emensi
3380 2117 3591 2167 sumus,

2020 2210 2148 2263 dum
2175 2208 2513 2275 ingratorum
2534 2200 2930 2270 blasphemiam
2964 2197 3262 2267 arguimus.
3297 2214 3315 2246 ι

2090 2300 2204 2354 VII.
2239 2297 2495 2352 Decimus
2518 2302 2668 2348 certe
2710 2306 2913 2353 sermo,
2937 2290 3032 2358 qui
3074 2288 3141 2341 de
3185 2284 3446 2355 patientia
3499 2284 3600 2337 bo—

2022 2405 2256 2452 norum,
2292 2402 2430 2456 quos
2470 2385 2655 2439 divina
2696 2378 3050 2436 Providentia
3100 2384 3358 2437 exercet,
3418 2373 3598 2440 deque

2024 2480 2189 2535 Verbi
2233 2476 2611 2533 incarnatione
2658 2480 2761 2535 est,
2792 2469 3034 2526 ostendit
3080 2482 3189 2521 non
3220 2466 3477 2527 obscure,
3543 2470 3600 2516 et

2026 2583 2243 2641 tempus
2277 2586 2387 2640 quo
2413 2570 2527 2638 ipse
2572 2564 2910 2634 compositus
2938 2570 3043 2625 est,
3080 2568 3136 2614 et
3174 2560 3354 2612 locum
3400 2558 3454 2610 in
3489 2571 3599 2624 quo

2026 2664 2158 2718 dicti
2215 2676 2446 2716 omnes:
2497 2658 2675 2713 dictos
2720 2656 2867 2710 enim
2928 2653 2995 2706 ad
3062 2645 3602 2721 poliulum-conjicit

2027 2765 2327 2823 utcunque,
2365 2751 2565 2822 partim
2590 2765 2657 2803 ex
2678 2746 2910 2801 solemni
2936 2741 3331 2813 glorificatione
3356 2754 3461 2807 qua
3490 2737 3602 2790 sin-

2028 2846 2141 2915 guli
2198 2843 2486 2904 finiuntur,
2537 2837 2734 2908 partim
2759 2850 2826 2889 ex
2878 2831 3228 2902 peroratione
3265 2842 3371 2897 qua
3420 2839 3600 2880 sermo

2028 2937 2369 2993 convertitur
2410 2934 2477 2987 de
2526 2945 2676 2985 more
2714 2927 2780 2981 ad
2809 2926 3159 2986 audientem,
3206 2919 3403 2989 partim
3448 2917 3605 2971 deni-

419 3038 461 3091 l.
500 3035 653 3091 Nihil
693 3035 797 3089 hac
840 3032 1280 3094 elucubratione,
1318 3046 1438 3099 qua:
1482 3028 1673 3083 decem
1716 3041 1923 3081 scrmo-
1953 3073 1995 3129 C
2031 3045 2139 3099 que
2188 3044 2256 3082 ex
2314 3025 2499 3088 modo,
2558 3037 2654 3077 seu
2709 3016 3086 3088 magnitudine
3142 3010 3394 3067 eoneioni
3455 3023 3604 3061 com-

347 3128 519 3182 nibus
547 3126 876 3191 absolvitur,
905 3133 999 3178 aut
1027 3122 1377 3193 eloquentius
1406 3128 1499 3174 aut
1521 3118 1923 3181 admirabilius,

349 3236 461 3274 non
498 3218 680 3273 dicam
708 3234 739 3271 a
769 3216 1138 3280 Theodoreto,
1164 3215 1258 3270 sed
1283 3214 1351 3268 ab
1379 3212 1487 3267 alio
1510 3212 1639 3274 ullo,
1668 3208 1930 3263 felicioris

351 3313 519 3367 etiam
554 3310 779 3367 Graeciaa
804 3310 1094 3378 scriptore,
1118 3307 1173 3361 in
1214 3308 1354 3361 hanc
1390 3320 1504 3359 rem
1555 3304 1764 3358 editum
1803 3310 1883 3356 est
1914 3318 1929 3367 ;

356 3415 420 3458 ut
466 3406 525 3458 in
559 3404 677 3474 ipsa
728 3402 1005 3467 voluisse,
1044 3401 1297 3455 videatur
1368 3406 1562 3451 auctor
1617 3394 1929 3460 ostendere,

354 3504 625 3565 quantum
657 3494 712 3547 in
751 3501 869 3546 arte
895 3491 1135 3546 oratoria
1164 3490 1394 3551 valeret,
1421 3502 1695 3557 quamque
1748 3491 1935 3554 posset

354 3583 831 3655 eloquentissimis
850 3582 1161 3652 quibusque
1203 3579 1466 3633 invidiam
1497 3591 1718 3631 movere
1749 3593 1762 3628 :
1802 3575 1938 3630 scri-

359 3678 515 3731 benti
542 3675 725 3729 forsan
755 3672 1058 3743 indignatio
1094 3687 1189 3724 sua
1215 3668 1470 3723 auxiliata
1504 3678 1605 3723 est.

432 3769 500 3823 II.
530 3768 685 3821 Ilanc
711 3764 816 3819 sibi
854 3764 1103 3817 vindicat
1127 3761 1509 3816 Theodoretus
1534 3758 1766 3829 epistola
1813 3756 1935 3810 H5.

369 3881 386 3911 ι
420 3859 628 3928 Scripsi
656 3857 904 3927 quaedam
927 3855 1193 3909 adversus
1215 3854 1413 3923 Magos,
1452 3852 1543 3920 qui
1574 3850 1781 3903 suntin
1812 3849 1940 3902 Pe:-

364 3956 510 4019 side,
549 3955 657 4007 alia
679 3952 746 4006 de
775 3952 1031 4006 universa
1068 3948 1436 4009 Providentia,
1473 3966 1490 3996 ι
1545 3953 1651 4000 etc.
1688 3943 1943 3999 Vindicat

364 4046 622 4101 etiamin
654 4041 1050 4098 commentario
1093 4039 1293 4095 Psalmi
1334 4054 1493 4100 van,
1544 4038 1660 4101 ubi,
1703 4052 1828 4091 eum
1873 4036 1939 4089 de

367 4141 571 4207 injusta
602 4144 775 4190 morte
830 4132 1052 4189 Christo
1075 4133 1220 4186 illata
1262 4147 1362 4202 per
1402 4130 1677 4184 diabolum
1715 4136 1937 4197 ageret:

377 4248 395 4278 ι
430 4228 577 4290 Haec,
631 4225 829 4294 inquit,
881 4221 1148 4292 iniustitia
1197 4220 1344 4273 illius
1376 4218 1597 4288 quidem
1650 4215 1941 4286 imperium

368 4319 591 4379 evertit,
628 4315 943 4369 hominibus
971 4322 1153 4367 autem
1189 4310 1399 4365 inferos
1431 4308 1717 4370 reseravit,
1754 4322 1944 4375 quem-

2028 3137 2215 3179 mensa
2226 3164 2237 3175 .

2099 3213 2237 3269 VIII.
2266 3210 2404 3264 Dicti
2430 3217 2560 3263 sunt
2582 3206 2750 3276 igitur
2777 3200 3101 3261 Antiochiae,
3136 3198 3190 3250 in
3212 3195 3347 3250 urbe
3364 3194 3605 3249 Orientis

2032 3302 2313 3375 primaria,
2351 3314 2472 3369 quae
2506 3298 2634 3367 quia
2676 3293 2878 3349 litteris
2921 3288 3125 3345 Graecis
3154 3294 3273 3340 erat
3299 3283 3607 3339 excultissi-

2031 3374 2141 3460 ma,
2165 3396 2274 3449 imo
2298 3393 2609 3447 litterarum
2635 3388 2758 3441 fons
2785 3382 3122 3443 uberrimus,
3154 3386 3427 3431 tantarum
3469 3374 3608 3428 deli-

2033 3490 2240 3546 ciarum
2287 3498 2509 3539 sensum
2574 3478 2777 3533 habere
2828 3474 3029 3544 potuit,
3076 3485 3214 3539 quas
3280 3467 3605 3539 Cyrensium

2035 3578 2248 3634 ruditas
2277 3590 2341 3629 ac
2365 3587 2505 3642 pene
2524 3567 2808 3625 barbaries
2837 3579 2949 3618 non
2967 3561 3237 3630 capiebat.

2104 3669 2195 3724 IX.
2232 3667 2304 3721 De
2351 3666 2439 3719 his
2487 3677 2586 3733 ego
2627 3656 2934 3729 priesertim
2980 3649 3350 3710 sermonibus,
3382 3654 3609 3716 propter

2037 3758 2419 3817 admirabilem
2449 3749 2843 3822 eloquentiam,
2896 3746 3233 3812 interpretor
3279 3735 3609 3791 Theodoreti

2039 3855 2227 3917 verba,
2264 3851 2331 3905 de
2384 3849 2593 3904 Joanne
2644 3839 2989 3899 Antiocheno
3041 3834 3168 3895 sibi,
3209 3846 3333 3886 cum
3382 3828 3610 3889 diceret,

2040 3943 2375 4013 plaudente:
2418 3957 2434 3987 ‹
2470 3931 2881 3991 Disserentibus
2920 3925 3082 3980 nobis
3129 3924 3209 3976 sic
3250 3919 3610 3983 afﬁciebatur,

2044 4010 2101 4089 ut
2124 4032 2314 4087 ambas
2338 4043 2479 4097 saepe
2510 4038 2706 4079 manus
2736 4038 2844 4076 non
2884 4024 3115 4081 teneret,
3143 4023 3199 4069 et
3230 4013 3297 4067 de
3341 4010 3468 4066 sede
3508 4024 3609 4063 sua

2044 4128 2428 4191 consurgeret,
2472 4138 2490 4169 ι
2525 4126 2633 4171 etc.

2113 4213 2183 4268 Χ.
2204 4207 2577 4269 Observanda,
2610 4219 2733 4274 quae
2756 4202 2809 4255 in
2855 4200 3069 4255 decimo
3094 4198 3292 4267 partim
3318 4195 3385 4249 de
3407 4191 3616 4263 patien-

2052 4306 2121 4359 tia
2149 4310 2465 4358 sanctorum
2498 4297 2552 4349 in
2574 4292 2814 4349 ferendis
2835 4290 3098 4350 adversis,
3131 4288 3330 4357 partim
3354 4286 3420 4338 de
3455 4280 3615 4336 Verbi

372 4408 667 4463 admodum
718 4406 772 4458 in
816 4403 1161 4458 sermonibus
1209 4402 1277 4455 de
1309 4400 1658 4455 Providentia
1697 4398 1946 4468 pluribus
1980 4404 2020 4457 [)
2052 4391 2430 4448 incarnatione
2462 4391 2787 4439 tractantur.
2834 4381 2925 4434 Illa
2951 4378 3246 4447 siquidem,
3302 4381 3361 4427 ut
3390 4376 3615 4440 cognata

373 4499 560 4552 verbis
584 4497 791 4551 dictum
816 4504 919 4549 est.
952 4514 969 4545 ι
1025 4492 1280 4547 Vindicat
1325 4490 1563 4559 denique
1616 4490 1670 4543 in
1716 4487 1947 4557 epistola

374 4591 479 4644 εἲς
522 4608 539 4641 r
583 4589 843 4659 Mysticus
882 4599 1099 4655 quoque
1129 4584 1267 4637 liber
1304 4598 1335 4637 a
1367 4582 1526 4636 nobis
1581 4580 1946 4647 conscriptus,

374 4695 430 4737 ct
461 4686 530 4737 de
576 4679 925 4736 Providentia
972 4676 1112 4729 liber
1145 4675 1318 4739 alius;
1352 4692 1370 4724 ›
1422 4673 1478 4725 in
1533 4685 1696 4739 quem
1751 4683 1949 4737 nempe

377 4790 664 4830 sermones
695 4772 883 4825 decem
909 4769 1224 4837 collegerat.

448 4864 539 4917 III.
578 4862 654 4915 Ex
684 4860 769 4913 his
797 4859 905 4911 duo
937 4863 1188 4911 constant
1216 4871 1228 4905 :
1287 4852 1540 4913 alterum,
1574 4851 1719 4903 hunc
1746 4848 1951 4901 librum

378 4956 449 5008 ab
499 4968 567 5007 eo
628 4951 846 5005 diﬂ‘erre
877 4988 891 5009 ,
949 4948 1041 5017 qui
1083 4945 1348 5016 mysticus
1379 4941 1630 5005 dicitur;
1693 4940 1951 4999 alterum,

382 5046 649 5114 scriptum
701 5042 870 5096 fuisse
930 5050 1056 5093 ante
1101 5034 1530 5092 commentarios
1584 5032 1639 5086 in
1681 5032 1954 5086 Psalmum

382 5153 548 5193 ωιτη.
1568 5124 1573 5129 ’

454 5228 544 5283 IV.
587 5227 809 5288 Verum,
835 5229 893 5277 ut
926 5230 1145 5289 tempus
1169 5217 1375 5274 certius
1414 5222 1710 5278 statuatur,
1748 5214 1827 5267 sic
1872 5228 1958 5265 ra-

386 5316 767 5374 tiocinandum
793 5322 896 5368 est.
928 5312 1177 5380 Scriptus
1214 5316 1297 5363 est
1326 5316 1472 5362 certe
1519 5306 1658 5359 liber
1704 5312 1829 5357 ante
1866 5318 1963 5354 an-

385 5424 522 5465 num
548 5406 673 5461 L58.
708 5405 841 5458 Nam
871 5410 1193 5456 numeratur
1225 5416 1254 5452 a
1281 5397 1627 5452 Tlieodoreto
1666 5396 1815 5447 inter
1843 5408 1958 5453 eos,

388 5513 553 5568 quos,
576 5510 703 5550 cum
727 5509 870 5547 anno
891 5491 995 5546 449
1026 5490 1241 5543 litteras
1271 5487 1427 5542 daret
1454 5485 1518 5539 ad
1541 5492 1791 5539 sanctum
1825 5481 1964 5533 Leo-

390 5605 542 5651 nem,
566 5602 626 5641 se
652 5595 778 5640 ante
821 5582 1109 5639 duodecim
1138 5595 1310 5635 annos
1331 5576 1703 5648 composuisse
1749 5572 1961 5627 asserit.

392 5680 645 5750 Scriptus
668 5693 884 5747 quoque
916 5682 995 5732 est
1023 5684 1145 5728 ante
1167 5669 1669 5740 interpretationem
1698 5661 1962 5727 Psallerii,

2049 4492 2199 4546 sunt,
2236 4483 2346 4535 imo
2372 4478 2486 4532 fere
2521 4475 2713 4529 eadem
2746 4487 2868 4526 cum
2891 4472 2981 4531 iis,
3006 4469 3209 4537 quibus
3234 4463 3616 4518 Theodoretus

2050 4584 2239 4648 postea
2271 4572 2509 4639 seipsum
2534 4582 2563 4619 a
2587 4565 2848 4618 Dioscoro
2892 4561 2946 4613 in
2979 4557 3247 4627 Ephesina
3273 4552 3480 4623 synodo
3519 4565 3610 4603 se-

2052 4642 2231 4722 cunda
2260 4663 2399 4715 dura
2436 4670 2659 4727 passum
2687 4652 2896 4706 solatus
2938 4656 3042 4712 est,
3079 4645 3323 4715 produnt
3371 4642 3615 4695 animum

2052 4756 2293 4811 hominis
2323 4749 2607 4822 querentis
2630 4747 2698 4800 de
2743 4741 3008 4803 adversis,
3039 4753 3160 4807 qua:
3195 4735 3425 4806 primam
3456 4746 3625 4802 syno-

2054 4850 2183 4903 dum
2205 4821 2534 4915 Ephesinam
2562 4846 2747 4894 secuta
2787 4842 2916 4890 sunt
2944 4851 2956 4885 :
2989 4832 3112 4890 ista,
3154 4838 3215 4882 ut
3233 4840 3424 4897 parum
3460 4821 3627 4876 diﬂ‘ev

2057 4945 2205 5001 runt,
2226 4936 2390 4989 etiam
2420 4930 2715 4987 verborum
2751 4933 2964 4984 tenore,
2984 4937 3014 4974 a
3039 4914 3380 4973 Nestorianis
3432 4912 3499 4967 de
3543 4910 3620 4963 in-

2057 5027 2375 5083 carnatione
2403 5020 2772 5080 sermonibus,
2826 5011 3155 5073 ostendunt,
3188 5005 3463 5076 quomodo
3496 5012 3624 5056 tunc

2058 5118 2287 5173 affectus
2312 5116 2495 5169 animo
2524 5109 2712 5169 fuerit,
2748 5119 2872 5159 cum
2913 5100 3202 5156 scriberet.
3234 5096 3292 5149 Id
3332 5103 3505 5147 totum
3550 5092 3627 5144 fa-

2060 5211 2162 5264 cile
2187 5209 2419 5277 quisque
2454 5200 2745 5268 intelliget,
2777 5194 2871 5263 qui
2908 5192 3017 5245 alia
3066 5205 3189 5243 cum
3223 5187 3345 5241 aliis
3376 5184 3625 5239 conferre

2060 5299 2313 5356 voluerit.

2143 5404 2280 5471 §lV.
2314 5402 2385 5454 De
2405 5397 2655 5451 curandis
2687 5393 3040 5518 agertjortibus
3092 5391 3394 5446 (ἰν-(τεθναίη
3442 5386 3560 5439 libri

2748 5482 2825 5516 uo:
2849 5481 2997 5517 eam.

2748 5481 2997 5517 uouecmt.

2136 5568 2175 5620 l.
2214 5564 2409 5617 Libros
2438 5558 2703 5630 ejusmodi
2741 5555 3029 5611 duodecim
3081 5551 3326 5622 agnoscit
3375 5544 3629 5601 Theodo—

2070 5667 2219 5713 retus
2255 5657 2403 5710 velut
2455 5666 2602 5714 suos,
2654 5658 2766 5703 tum
2820 5650 2873 5703 in
2948 5644 3197 5715 epistolis
3253 5640 3317 5695 ad
3384 5646 3629 5692 sanctum
