4058 6174
552 280 656 347 347

1638 286 2014 347 GARNERII
2053 285 2547 347 DISSERTATIO
2587 286 2665 345 II'

3672 248 3804 343 ⁸348

554 392 792 448 Leonem
819 402 873 449 et
896 393 1162 449 chatum
1188 395 1255 457 ⁸⁸.
1296 401 1411 447 tum
1453 395 1755 463 quaestione
1806 396 1863 448 in
1914 395 2122 449 Leviti-
2151 397 2195 453 Α
2223 392 2503 458 habuisse,
2528 407 2690 463 quem
2708 398 2969 457 verteret,
2995 400 3089 446 aut
3115 389 3446 445 Theodoreti
3467 405 3688 445 sensum
3710 404 3798 444 as-

554 497 706 546 cum,
732 483 749 501 ⁶
771 499 874 552 qua
905 483 1148 535 tle-causa
1182 481 1319 536 Deus
1344 483 1441 536 sibi
1471 484 1737 552 sacriﬁcia
1767 486 1945 556 offerri
1985 502 2120 555 prte-

556 572 768 642 ceperit,
809 570 904 625 ubi
938 581 1174 640 quatuor
1224 572 1457 627 aliorum
1497 589 1727 643 operum
1784 576 2119 630 mentionem

554 660 705 716 facit.
737 680 756 712 ‹
787 662 863 715 De
901 661 1007 725 his,
1038 662 1236 731 inquit,
1262 663 1501 720 diximus
1532 667 1720 722 multis
1742 667 1796 721 in
1818 667 1974 731 locis,
2005 674 2120 723 tum

554 747 611 802 in
628 749 734 812 his,
760 765 882 818 qua:
911 758 1102 805 contra
1132 752 1349 809 Graecos
1373 755 1717 825 scripsimus,
1762 768 1817 811 et
1859 759 2122 813 adversus

554 837 808 903 haereses,
838 847 952 893 tum
977 840 1033 894 in
1055 842 1142 905 iis,
1176 859 1299 913 qua:
1330 846 1599 901 adversus
1622 863 1827 917 magos.
1856 857 2121 917 praeterea

552 928 609 982 in
643 931 1085 987 enarrationibus
1146 934 1510 1000 Psalmorum,
1562 945 1619 991 et
1652 938 1707 991 in
1753 937 2121 1007 Epistolarum

550 1019 976 1088 apostolicamm
1010 1026 1437 1081 commentariis.
1472 1045 1490 1077 ι

622 1108 688 1162 II.
718 1108 913 1163 Mirum
944 1126 1078 1166 vero
1105 1114 1324 1179 accidit,
1354 1132 1533 1186 neque
1557 1133 1586 1171 a
1612 1118 1807 1173 Photio
1826 1120 1892 1183 “,
1942 1134 2120 1189 neque

550 1210 583 1248 a
607 1194 917 1266 Nicephoro
941 1204 1215 1256 recenscri
1254 1218 1393 1273 opus
1428 1216 1534 1260 tam
1566 1208 2120 1279 exquisitum,totque

551 1282 710 1339 libris
735 1289 1193 1356 comprehensum
1225 1309 1238 1345 :
1281 1294 1377 1348 sed
1414 1294 1531 1349 ﬁeri
1554 1297 1751 1366 potuit,
1780 1305 1842 1352 ut
1866 1298 1919 1352 in
1948 1301 2123 1354 mani-

551 1373 656 1428 bus
679 1377 925 1431 omnium
953 1395 1061 1433 non
1084 1390 1247 1446 esset,
1273 1393 1498 1453 propter
1530 1386 1868 1441 reconditam
1909 1388 2117 1443 doctri-

550 1479 678 1517 nam
712 1466 877 1537 399
895 1480 1177 1526 externam
1199 1490 1213 1538 ;
1238 1482 1294 1527 et
1318 1475 1617 1544 scriptorcs
1647 1477 1724 1531 illi
1775 1479 1885 1533 duo
1929 1482 2121 1535 memi—

549 1556 734 1611 nerint
763 1558 1028 1616 duntaxat
1055 1577 1307 1632 operum,
1344 1581 1466 1633 qua:
1491 1567 1653 1637 vulgo
1682 1577 1809 1624 nota
1836 1580 2044 1625 essent.

624 1653 713 1707 IIl.
735 1654 953 1711 Editum
978 1667 1060 1712 est
1086 1668 1209 1713 ante
1240 1677 1443 1715 annum
1472 1663 1595 1727 458,
1627 1664 1897 1734 siquidem
1925 1682 2117 1721 recen-

549 1752 702 1796 setur
717 1759 748 1797 a
778 1744 1123 1801 Theodoreto
1149 1747 1293 1803 inter
1313 1765 1479 1819 opera
1510 1752 1800 1809 duodecim
1820 1764 1946 1810 ante
1960 1756 2120 1811 annis

547 1833 847 1900 composita
869 1875 883 1898 ,
914 1851 1078 1903 quam
1114 1836 1283 1892 Leoni
1325 1840 1516 1911 Magno
1557 1843 1827 1898 scriberet
1854 1864 1866 1897 :
1898 1847 2119 1916 scripsit

545 1933 678 1973 vero
706 1936 849 1976 anno
872 1925 995 1979 449.

614 2009 701 2063 IV.
726 2009 882 2067 Stare
917 2013 1086 2083 igitur
1104 2030 1212 2070 non
1248 2025 1427 2087 potest
1446 2019 1800 2077 illustrissimi
1830 2024 2115 2080 Annalium

544 2097 830 2167 scriptoris
876 2105 1183 2169 sententia,
1231 2108 1529 2176 opinantis,
1586 2114 1947 2182 compositum
1997 2131 2117 2171 esse

543 2196 668 2255 post
689 2188 861 2258 legem
895 2192 1189 2249 Theodosii
1221 2196 1491 2253 adversus
1520 2202 1753 2269 gentiles
1771 2204 1950 2258 datam
1970 2220 2116 2260 anno

541 2273 667 2340 459,
709 2280 886 2348 pridie
926 2282 1043 2337 Kal.
1091 2284 1252 2340 Febr.
1299 2286 1715 2362 Constantin0p.
1769 2293 1839 2347 ad
1887 2294 2114 2349 Floren-

541 2363 700 2420 tium.

608 2455 673 2512 ν.
738 2456 905 2513 Suam
963 2464 1291 2519 sententiam
1334 2467 1601 2523 Baronius
1656 2485 1722 2524 ex
1772 2486 1839 2525 eo
1900 2473 2116 2529 videtur

539 2546 866 2612 confecisse,
896 2551 1043 2620 quod
1063 2553 1140 2607 ait
1166 2555 1547 2613 Theodoretus
1584 2561 1686 2615 sub
1711 2560 1872 2615 linem
1905 2579 2113 2619 sermo-

539 2635 629 2690 nis
666 2638 927 2707 septimi,
958 2656 1082 2695 cum
1130 2644 1447 2701 hortaretur
1488 2650 1740 2719 gentiles,
1789 2659 1850 2705 ut
1897 2654 2113 2723 rejectis

539 2725 657 2779 suis
688 2726 994 2795 sacriﬁciis,
1036 2733 1367 2789 sacriﬁcium
1414 2737 1593 2792 laudis
1628 2740 1894 2796 oﬁ'errcnt
1950 2744 2062 2799 Deo
2096 2763 2109 2798 :

548 2831 569 2906 ς
603 2815 767 2870 Vobis
796 2825 857 2871 ut
893 2820 968 2874 ita
991 2821 1227 2889 faciatis,
1256 2829 1622 2895 persuadeant
1659 2847 1769 2886 non
1799 2834 2111 2906 principum

541 3086 650 3144 Sed
674 3106 795 3161 quae
835 3093 983 3164 leges
1009 3095 1321 3168 principum
1363 3100 1764 3172 intelligantur,
1802 3122 1929 3161 mox
1962 3108 2113 3165 dice-

541 3195 666 3236 mus
698 3199 712 3236 :
747 3183 908 3256 longe
929 3188 1075 3241 enim
1106 3198 1235 3244 sunt
1261 3191 1409 3257 aliae,
1434 3208 1599 3263 quam
1623 3210 1745 3265 quae
1766 3197 2116 3255 adducuntur

542 3286 575 3324 a
605 3269 924 3329 doctissimo
946 3276 1241 3333 cardinale.

603 3361 692 3417 VI.
723 3362 843 3429 Quo
868 3365 1035 3437 igitur
1071 3368 1295 3426 deﬁnite
1321 3379 1567 3442 tempore
1605 3376 1829 3446 scripsit
1859 3378 2113 3436 Theodo-

540 3453 737 3507 retus?
759 3453 957 3511 Audivi
977 3457 1073 3526 qui
1103 3459 1401 3528 conjiceret
1424 3461 1529 3518 hoc
1568 3479 1706 3533 opus
1734 3468 2113 3525 elucubratum

540 3557 664 3597 esse
684 3543 906 3600 circiter
924 3561 1129 3601 annum
1151 3549 1257 3602 455
1279 3589 1294 3614 ,
1318 3560 1415 3605 aut
1436 3552 1568 3618 L54;
1589 3557 1748 3623 quasi
1776 3566 1907 3614 tunc
1931 3559 2113 3616 Theo-

542 3631 789 3697 doretus,
819 3646 1105 3706 postquam
1134 3638 1266 3709 legit
1296 3641 1607 3699 elaboratos
1634 3661 1665 3700 a
1686 3645 1889 3716 Cyrillo
1915 3650 2113 3704 adver-

543 3736 641 3775 sus
667 3721 946 3778 Iulianum
975 3726 1168 3789 libros,
1194 3729 1431 3786 voluerit
1457 3743 1515 3790 et
1541 3735 1656 3805 ipse
1682 3739 1961 3808 specimen
1981 3741 2113 3797 dare

541 3809 807 3901 doctrinm
828 3852 844 3877 ,
876 3813 934 3868 in
980 3816 1296 3875 refellendis
1335 3821 1670 3891 Graacorum,
1697 3827 1753 3882 id
1791 3837 1904 3895 est,
1938 3831 2114 3901 genti-

538 3899 698 3967 lium,
727 3904 822 3972 qui
837 3904 1055 3961 Iuliano
1088 3907 1390 3979 imperante
1407 3927 1815 3987 resumpserant
1845 3899 2109 3990 aniinum,

539 3992 806 4050 adversus
842 3996 1007 4052 ﬁdem
1042 3998 1411 4059 Christianam
1438 4006 1747 4064 calumniis.

605 4083 715 4138 VII.
764 4085 917 4142 Hanc
958 4091 1332 4161 conjecturam
1359 4096 1586 4166 juvabat
1628 4103 1890 4158 extremis
1928 4104 2111 4161 verbis

540 4173 938 4264 Prmfationis"
972 4196 987 4233 :
1023 4201 1041 4233 ι
1071 4181 1270 4239 Oratos
1292 4194 1476 4241 autem
1506 4189 1691 4255 velim,
1712 4192 2030 4264 quicunque
2055 4195 2112 4252 in

534 4262 773 4353 aliorum
801 4266 1214 4328 lucubrationes
1232 4274 1548 4344 inciderint,
1566 4290 1649 4345 ut,
1675 4262 1955 4353 siquidem
1967 4285 2110 4343 bene

2222 495 2461 540 secutus.
2488 484 2641 554 Legit
2675 484 2824 538 enim
2853 500 2866 537 :
2900 483 3036 545 Τοὺς
3058 483 3112 535 δὲ
3147 484 3257 545 τοῖς
3287 481 3584 552 ἀλλοτρίοις
3609 484 3797 550 twuy-

2223 573 2481 643 χάνοντας
2528 574 2709 636 πόνδις
2770 573 3095 643 παρακαλῶ,
3125 582 3256 637 etc.,
3282 587 3411 626 cum
3457 571 3799 627 emendatior

2224 666 2398 720 Fulvii
2451 664 2633 721 Ursini
2694 664 2859 719 lectio
2906 664 3104 719 habeat
3140 665 3188 697 “
3224 666 3337 726 τοῖς
3371 663 3426 715 δὲ
3477 664 3592 726 τοῖς
3641 663 3797 716 ἀλλο-

2220 752 2411 822 τρίοις,
2436 760 2544 805 etc.
2570 751 2745 807 Vertit
2768 753 2932 806 etiam
2966 767 3155 807 vocem
3189 753 3331 806 hanc
3352 751 3647 819 ἀλλοτρίοις
3667 752 3800 805 alio-

2221 859 2362 906 rum,
2398 858 2524 897 cum
2551 842 2832 897 debuisset
2863 841 3066 896 alienas
3091 861 3122 897 α
3149 844 3270 897 vita
3292 844 3556 913 proposito
3586 859 3606 896 :
3629 857 3799 896 excu-

2220 933 2433 988 satione
2470 932 2618 987 enitn
2641 931 3023 988 Theodoretus
3053 933 3248 996 utitur,
3291 932 3439 1002 quod
3470 932 3525 986 in
3552 932 3800 987 externis

2221 1022 2424 1077 litteris
2453 1021 2803 1093 profanisque
2826 1023 2965 1077 adeo
2990 1024 3064 1077 sit
3089 1033 3340 1078 versatus
3361 1023 3447 1076 vir
3487 1023 3797 1093 theologus,

2223 1115 2542 1179 innutritus,
2567 1123 2627 1169 ut
2650 1116 2765 1184 ipse
2789 1116 2922 1170 alias
2948 1115 3103 1178 dicit,
3127 1131 3156 1169 a
3175 1114 3411 1184 pueritia
3437 1115 3606 1169 sacris
3629 1114 3801 1169 Litte-

2222 1206 2318 1261 ris.
2342 1207 2408 1259 Et
2433 1221 2564 1259 vero
2593 1206 2925 1277 Acciajolum
2952 1220 2981 1259 a
3012 1219 3110 1260 sua
3138 1203 3301 1276 400
3320 1204 3591 1259 sententia
3617 1204 3799 1259 dimo-

2221 1312 2350 1352 vere
2370 1297 2675 1351 debuerant
2699 1312 2820 1366 qua:
2850 1304 3174 1365 sequuntur.
3202 1294 3341 1348 Sunt
3359 1295 3505 1349 enim
3531 1294 3800 1349 solemnia

2222 1387 2389 1441 verba
2434 1387 2671 1441 hominis
2710 1387 2778 1441 de
2804 1401 2971 1455 Opere
3017 1402 3117 1441 suo
3147 1426 3160 1451 ,
3217 1400 3328 1439 non
3380 1385 3449 1440 de
3497 1385 3678 1440 alieno
3715 1385 3798 1439 lo-

2221 1479 2458 1549 quentis.

2292 1590 2381 1646 IX.
2432 1591 2773 1662 Conjecturte
2814 1589 3189 1645 inﬁrmitatem
3229 1588 3370 1642 alius
3416 1588 3602 1642 forsan
3637 1604 3703 1642 ex
3729 1603 3797 1642 eo

2221 1679 2513 1749 probaret,
2545 1680 2688 1749 quod
2728 1681 2954 1734 alteram
2989 1678 3368 1732 Theodoretus
3413 1678 3529 1747 ipse
3555 1677 3798 1731 occasio-

2222 1785 2345 1823 nem
2391 1770 2666 1824 scribendi
2712 1776 3106 1825 commemoret
3131 1769 3185 1822 in
3233 1767 3555 1825 Praefatione
3586 1770 3792 1837 operis.

2230 1880 2247 1912 ι
2282 1860 2689 1929 Saepenumero,
2731 1860 2931 1928 inquit,
2964 1858 3182 1921 accidit,
3215 1866 3274 1911 ut
3320 1858 3569 1912 nonnulli
3599 1873 3793 1912 eorum

2220 1951 2314 2019 qui
2342 1950 2590 2020 suspensi
2624 1949 2935 2004 Graecorum
2964 1948 3249 2019 gentilium
3280 1947 3493 2002 fabulas
3514 1947 3796 2003 admiran-

2219 2051 2329 2105 tur,
2361 2057 2574 2095 mecum
2601 2040 2926 2095 familiarius
2956 2038 3257 2109 congressi,
3287 2047 3402 2092 tum
3424 2038 3792 2094 Christianam

2218 2134 2379 2189 ﬁdem
2401 2143 2638 2189 nostram
2659 2133 2992 2197 deriderent,
3011 2140 3316 2186 asserentes
3335 2131 3470 2184 nihil
3494 2145 3595 2183 nos
3624 2129 3790 2193 aliud,

2216 2240 2381 2293 quam
2404 2239 2609 2277 meram
2622 2222 3040 2283 Icredulitatem,
3070 2220 3352 2273 insinuare
3378 2219 3507 2281 illis,
3536 2234 3674 2287 quos
3703 2218 3791 2273 di—

2216 2313 2359 2368 vinis
2375 2313 2539 2367 rebus
2562 2311 2886 2367 imbuendos
2907 2311 3241 2381 accipimus;
3277 2319 3393 2363 tum
3421 2324 3551 2364 vero
3575 2316 3633 2363 et
3661 2324 3794 2379 apo-

2213 2406 2382 2460 stolos
2404 2404 2632 2459 inscitiae
2653 2411 2997 2465 accusarent,
3034 2402 3300 2456 barbaros
3333 2407 3623 2470 pr0ptcrca
3645 2415 3790 2453 nun-

2214 2505 2497 2565 cupantes,
2526 2494 2674 2564 quod
2711 2494 2859 2548 omni
2907 2502 3132 2548 careant
3177 2492 3510 2547 elocutionis
3554 2501 3790 2559 ornatu;

2213 2589 2347 2658 quin
2372 2599 2427 2642 et
2454 2587 2746 2641 ridiculum
2776 2601 2902 2640 esse
2934 2584 3212 2648 dicebant,
3240 2584 3385 2653 quod
3409 2585 3618 2638 honore
3649 2600 3797 2639 mar-

2215 2689 2362 2751 tyres
2396 2693 2821 2749 prosequamur;
2863 2686 2919 2732 et
2950 2677 3179 2745 insignis
3213 2676 3479 2739 stultitize,
3520 2677 3568 2730 si
3600 2676 3797 2729 viven-

2211 2778 2293 2824 tes
2315 2768 2382 2822 ab
2407 2767 2472 2822 iis
2496 2768 2588 2837 qui
2607 2768 2720 2821 vita
2744 2766 2916 2822 functi
2934 2776 3080 2829 sunt,
3107 2766 3277 2820 ullum
3305 2765 3408 2819 sibi
3442 2764 3789 2819 commodum

2212 2875 2529 2930 comparare
2557 2859 2911 2914 contendant.
2939 2858 3274 2929 Adjecerunt
3309 2865 3365 2912 et
3407 2857 3513 2911 alia
3537 2857 3787 2926 quaedam

2217 2950 2434 3021 generis
2461 2949 2728 3020 ejusdem,
2757 2965 2879 3018 qua:
2919 2947 3037 3001 suis
3064 2946 3199 3001 locis
3230 2946 3370 3001 liber
3397 2947 3487 3001 hic
3513 2946 3786 3002 edocebit.

2140 3055 2182 3113 ο
2215 3040 2327 3111 Ego
2355 3055 2489 3095 vero
2521 3049 2578 3095 et
2599 3038 2834 3109 explicui
2872 3047 3007 3092 tunc
3036 3037 3164 3101 illis,
3194 3052 3315 3106 quae
3346 3037 3529 3092 aﬁ‘erri
3560 3046 3789 3107 oporte-

2216 3133 2308 3187 bat
2348 3131 2415 3186 ad
2459 3131 2745 3187 maledicta
2768 3128 3050 3185 solvenda.
3078 3128 3357 3183 Nefarium
3380 3137 3561 3183 autem
3589 3140 3647 3184 et
3675 3129 3784 3183 im-

2213 3222 2366 3292 pium
2412 3236 2532 3276 esse
2576 3221 2729 3285 duxi,
2757 3220 2801 3275 si
2849 3221 3199 3292 simplicioris
3227 3230 3370 3277 notae
3414 3221 3663 3276 homines
3715 3222 3791 3276 ab

2216 3312 2435 3369 illorum
2452 3312 2565 3367 falli
2594 3312 2853 3369 versutiis
2880 3319 3118 3383 paterer.
3156 3332 3175 3364 ι

2283 3447 2351 3503 X.
2382 3447 2639 3518 Speciosa
2680 3447 2903 3518 quidem
2945 3448 3063 3504 haec
3104 3448 3406 3512 excusatio,
3453 3463 3564 3501 non
3605 3456 3789 3501 tamen

2215 3540 2587 3610 conjecturam
2628 3537 2893 3609 infringit,
2919 3553 3047 3593 cum
3088 3538 3229 3593 alius
3260 3537 3331 3592 sit
3356 3552 3497 3607 saepe
3522 3537 3614 3607 qui
3648 3553 3792 3607 prte-

2214 3631 2476 3695 tenditur,
2498 3630 2640 3685 alius
2673 3630 2768 3700 qui
2804 3630 3055 3700 impellit,
3084 3629 3256 3683 animi
3289 3628 3538 3684 affectus.
3584 3630 3787 3683 Verum

2215 3722 2331 3777 hcec
2355 3722 2492 3776 nihil
2527 3721 2595 3776 ad
2628 3728 2865 3791 tempus,
2908 3720 3054 3790 quod
3084 3720 3318 3776 certiore
3355 3719 3541 3788 aliqua
3573 3718 3789 3773 ratione

2213 3810 2583 3881 indagandum
2606 3819 2707 3865 est.

2277 3923 2369 3979 XI.
2403 3923 2566 3978 Praait
2591 3937 2722 3978 vero
2741 3921 3036 3977 cardinalis
3063 3921 3351 3985 Baronius,
3377 3937 3502 3977 cum
3535 3921 3793 3977 Theodo—

2212 4021 2389 4069 retum
2414 4012 2697 4082 scripsisse
2732 4012 2810 4066 ait
2831 4012 3120 4067 occasione
3142 4012 3279 4083 legis
3298 4028 3328 4067 a
3357 4012 3665 4068 Theodosio
3688 4012 3791 4068 ad-

2210 4120 2404 4161 versus
2420 4118 2659 4174 paganos
2675 4103 2799 4159 latae
2831 4120 2843 4155 :
2871 4119 2999 4158 nam
3030 4119 3155 4159 cum
3184 4104 3413 4175 intelligi
3436 4114 3673 4174 nequeat
3699 4105 3792 4160 lex

2212 4195 2323 4258 illa,
2351 4210 2475 4265 quae
2517 4192 2585 4248 ad
2619 4208 2824 4248 annum
2853 4193 2960 4248 459
2993 4193 3253 4259 refertur,
3282 4194 3436 4264 prior
3475 4195 3657 4265 aliqua
3699 4195 3791 4248 in-

2211 4286 2478 4356 quirenda
2499 4295 2603 4351 est,
2630 4300 2756 4341 cum
2774 4301 2881 4355 qua
2908 4285 3240 4342 Theodoreti
3267 4286 3411 4342 dicta
3433 4286 3789 4350 conveniant,

538 4352 741 4449 habent
763 4358 947 4449 omnia
966 4375 1087 4430 quae
1110 4364 1311 4434 scripta
1353 4375 1500 4432 sunt,
1541 4369 1712 4425 Deum
1742 4352 1985 4439 laudent,
2012 4377 2105 4445 qui
2140 4390 2185 4444 ι)
2212 4352 2268 4433 et
2294 4393 2401 4447 qua
2425 4377 2724 4446 imperator
2753 4352 2972 4447 pinnam
3003 4378 3201 4447 capitis
3227 4377 3663 4434 sacriﬁcantibus
3685 4394 3791 4449 pa-

536 4440 677 4499 bene
698 4445 977 4503 scribendi
1004 4449 1314 4509 facultatem
1341 4455 1511 4520 dedit,
1546 4458 1788 4531 ipsisque
1810 4462 1949 4518 adeo
1973 4440 2106 4520 scri-

535 4534 786 4601 ptoribus
812 4538 950 4594 bene
971 4552 1298 4612 precentur;
1326 4548 1411 4601 sin
1437 4564 1569 4605 vero
1593 4551 1774 4621 aliqua
1798 4552 2103 4610 desiderari

535 4622 846 4693 videantur,
876 4645 944 4684 ne
970 4631 1165 4688 horum
1188 4651 1352 4691 causa
1377 4650 1574 4696 cuncta
1595 4642 1981 4710 condemnent,
2008 4646 2105 4701 sed

532 4727 604 4766 ex
634 4712 703 4768 iis
719 4717 922 4785 potius,
943 4734 1065 4788 qua:
1087 4734 1233 4778 recte
1254 4725 1457 4796 scripta
1484 4730 1739 4798 viderint,
1761 4734 2103 4790 emolumen-

535 4817 652 4857 tum
688 4805 795 4860 sibi
823 4820 1160 4878 comparent.
1201 4832 1219 4864 ι

602 4890 737 4947 VIII.
773 4893 974 4950 Verum
1016 4897 1231 4956 inﬁrma
1267 4913 1354 4959 est
1390 4907 1707 4977 conjectura
1740 4928 1903 4969 :nam
1930 4924 2103 4972 totum

534 4978 707 5049 ipsius
753 4995 1093 5044 momentum
1114 5006 1182 5045 ex
1208 5008 1271 5048 ea
1299 4994 1417 5050 sola
1448 5012 1581 5054 voce
1614 5001 1840 5069 pendet,
1872 5006 2104 5063 aliarum

531 5072 956 5145 lucubrationes;
985 5082 1133 5139 unde
1162 5086 1309 5141 enim
1334 5097 1599 5159 praeterea
1619 5092 1725 5148 ?At
1748 5110 1859 5150 non
1887 5098 2105 5155 videtur

533 5161 840 5236 Acciajolus
871 5172 1165 5245 interpres,
1219 5189 1315 5235 aut
1357 5193 1639 5253 expertem
1676 5186 1794 5241 vitii
1857 5188 2102 5245 codicem

2202 4468 2358 4538 ganis
2392 4475 2613 4521 statuat.
2644 4466 2784 4521 Sunt
2806 4475 2994 4523 autem
3028 4468 3297 4539 ejusmodi
3322 4468 3466 4532 duae,
3484 4484 3622 4538 quas
3670 4468 3794 4523 suis

2199 4557 2493 4615 Annalibus
2519 4556 2787 4611 Baronius
2828 4558 3062 4616 inseruit
3103 4576 3116 4613 :
3157 4560 3327 4614 altera
3353 4575 3497 4614 anno
3518 4559 3641 4623 423,
3665 4559 3737 4613 ad
3775 4561 3790 4578 ‘

2200 4647 2646 4717 Asclepiodotum
2701 4646 3020 4717 przefectum
3063 4650 3318 4719 praetorio
3363 4667 3377 4703 :
3419 4651 3590 4704 altera
3638 4665 3792 4703 anno

2200 4741 2324 4806 428,
2346 4740 2414 4795 ad
2445 4740 2717 4795 lsidorum
2735 4741 2926 4797 itidem
2946 4741 3267 4811 praefectum
3294 4741 3572 4812 prmtorio.
3594 4741 3793 4796 Poste-

2200 4832 2397 4894 rioris,
2444 4847 2553 4902 qua
2604 4848 2715 4887 non
2771 4840 2983 4886 tantum
3030 4831 3304 4886 sacriﬁcia
3380 4831 3788 4900 prohibentur,

2204 4921 2301 4977 sed
2319 4922 2586 4992 jubentur
2613 4922 2782 4977 etiam
2822 4920 2969 4984 fana,
3002 4921 3204 4991 templa
3241 4928 3298 4975 et
3329 4920 3566 4975 delubra
3607 4921 3785 4986 dirui,

2204 5013 2456 5069 meminit
2485 5012 2864 5069 Theodoretus
2904 5014 3003 5068 lib.
3032 5029 3065 5066 v
3102 5012 3302 5066 Histor.
3333 5012 3514 5065 εει-ιω.
3545 5028 3665 5081 cap.
3691 5012 3786 5078 36,

2205 5105 2292 5159 his
2333 5105 2520 5160 verbis
2537 5104 2623 5158 ⁶⁹ε
2670 5124 2688 5156 ‹
2721 5104 2837 5174 Ipsa
2878 5105 3147 5159 idolorum
3179 5103 3430 5166 delubra,
3472 5119 3594 5173 quae
3614 5113 3791 5159 resta-

2207 5194 2361 5257 bant,
2397 5193 2645 5250 funditus
2676 5193 2820 5248 dirui
2859 5194 3047 5264 jussit,
3094 5204 3155 5250 ut
3188 5211 3256 5251 ne
3296 5195 3443 5264 quod
3471 5193 3787 5265 posteritati

1868 5341 2180 5400 SCIIULZII
2210 5342 2420 5403 NOTIE

607 5441 653 5515 ’ξ
675 5442 801 5515 Vid.
834 5447 998 5515 epist.
1040 5450 1143 5504 115
1166 5462 1222 5505 et
1246 5452 1366 5506 116.

533 5509 569 5562 d
607 5453 653 5473 "
683 5453 801 5526 vid.
834 5453 998 5528 epist.
1040 5453 1143 5504 115
1166 5462 1222 5505 et
1246 5453 1403 5534 116..
1464 5453 1510 5485 ⁸⁸
1528 5454 1654 5534 yid.
1689 5470 1874 5524 supra,
1912 5473 1967 5540 p_.
2001 5458 2109 5542 258
2144 5475 2261 5562 seq.
2337 5462 2381 5493 ⁸⁷
2418 5461 2563 5516 Edit.
2605 5462 2755 5531 prior
2794 5462 3032 5518 habebat
3071 5466 3319 5519 extremis
3357 5467 3613 5520 sermonis
3654 5466 3791 5520 duo-

570 5511 719 5562 ccim:
758 5516 946 5562 verbis-
996 5516 1100 5562 Sed
1144 5531 1357 5562 meum
1390 5531 1489 5562 nam
1526 5539 1578 5562 ιη
1618 5524 1724 5562 “nn
1749 5526 2085 5562 Dmrnumnm
2139 5530 2199 5562 ν.
2310 5538 2324 5562 ι
2393 5531 2460 5562 ιν
2510 5548 2543 5562 η
2612 5531 2713 5562 nox
2839 5533 2883 5562 ss
2910 5533 3012 5562 cmi
3050 5534 3216 5562 At.--“
3250 5534 3350 5562 εδ...
3397 5536 3558 5562 ειυηξΔ
3620 5552 3786 5562 -..-....

570 5475 801 5566 ϐάωτὶιυ.
834 5475 998 5528 cpias.
1040 5475 1143 5504 uo
1166 5475 1222 5505 ct
1246 5475 1366 5506 ιιυ.
1392 5522 1403 5534 ⁸
1465 5475 1654 5534 ".VIU.
1689 5475 1874 5524 supra,
1912 5475 1967 5540 ρ..
2001 5475 2109 5542 25m
2337 5475 2348 5493 ‘

690 5582 736 5585 ν
758 5516 947 5572 verbis.
996 5516 1101 5577 Sed
1144 5531 1359 5576 exstant
1390 5531 1492 5578 ista
1525 5539 1581 5578 tn
1618 5524 1725 5580 ﬁne
1748 5526 2106 5584 Praefattoms.
2139 5530 2200 5585 Vt
2248 5570 2261 5584 .
2310 5538 2348 5584 t.

2393 5531 2482 5594 IV,
2510 5548 2562 5601 p.
2612 5531 2735 5585 693.
2773 5601 2784 5605 _
2839 5533 2883 5565 "
2910 5533 3220 5605 Sed‘altcra
3250 5534 3353 5590 ista
3397 5536 3581 5600 lectio,
3618 5552 3788 5605 quam

535 5582 1113 5717 [Sigféusrigirsgndu’rnviig
1134 5596 1320 5713 ιιῗεῖῖῖ
1589 5594 1829 5654 editione
1861 5582 2257 5670 expressimus,
2286 5582 3220 5671 ﬁrma-tu;auctoritatchddicuin:
3251 5582 3791 5675 '«iizibinis"'6s’u‘s"2§i

533 5650 869 5725 Sylburgius.
948 5658 991 5691 "
1018 5657 1135 5713 Vid.
1169 5667 1205 5712 t.
1239 5658 1327 5726 Ill,
1438 5664 1458 5717 1
