4024 6152
283 246 396 311 349

1465 256 1563 315 DE
1597 258 1856 318 LIBRIS
1889 257 2401 320 THEODORETI.

3463 261 3570 324 350

285 357 516 430 pristini
535 360 744 414 erroris
767 361 1057 433 vestigium
1091 371 1332 419 exstaret
1361 384 1373 419 :
1415 367 1558 423 hanc
1580 369 1728 423 enim
1755 384 1882 424 sen-
1913 380 1955 434 Α
1987 365 2113 422 inde
2185 368 2479 424 duodecim
2546 367 2796 438 partibus
2861 368 3214 426 eillorescens
3287 369 3566 427 conficiat.

291 451 523 506 tentiam
556 449 663 522 legi
695 452 797 506 hac
813 453 880 507 de
905 469 963 507 re
991 455 1210 524 scriptae
1236 457 1455 512 indidit.
1496 477 1513 508 ι
1650 521 1654 525 _

358 540 478 596 XII.
505 541 878 599 Gothofredus
906 546 958 598 in
1003 547 1152 600 notis
1193 547 1261 602 ad
1293 549 1330 602 l.
1377 565 1485 602 xxn
1510 548 1586 603 De
1626 553 1876 622 paganis,

285 630 627 687 Theodoreti
656 633 821 688 verba
858 635 1253 706 interpretatur
1278 640 1346 694 de
1372 641 1542 710 priori
1591 642 1728 713 lege.
1772 643 1878 698 Sed

287 725 376 779 vel
409 724 513 778 hoc
553 740 663 778 uno
691 725 978 792 refellitur,
1014 729 1158 797 quod
1207 731 1294 784 lex
1333 732 1592 787 vicesima
1639 735 1878 788 secunda

284 813 370 866 De
418 812 732 884 templorum
783 818 1045 870 eversione
1076 835 1144 872 ne
1175 820 1406 874 verbum
1449 821 1673 891 quidem
1699 824 1878 878 conti-

285 912 440 965 neat,
465 904 533 958 de
563 921 671 975 qua
694 905 779 960 lex
810 908 1086 976 posterior
1115 919 1225 965 tota
1260 910 1429 965 ferme
1463 920 1566 967 est.

368 991 511 1049 XIII.
547 995 645 1050 His
674 1012 776 1067 ego
804 997 1038 1052 inducor
1080 999 1147 1054 ad
1182 1001 1542 1070 opinandum,
1592 1002 1879 1072 scripsisse

288 1085 706 1141 Theodoretuin
747 1087 826 1140 De
876 1089 1129 1143 curandis
1167 1090 1469 1146 ercorum
1523 1093 1878 1163 aﬂ‘ectionibus

286 1196 438 1234 anno
459 1181 583 1243 427,
605 1188 684 1242 ut,
714 1195 853 1249 quos
884 1181 1000 1235 suis
1023 1182 1240 1253 legibus
1264 1192 1538 1240 terruerat
1557 1186 1877 1256 imperator,

283 1288 384 1326 eos
449 1271 662 1325 ratione
713 1271 779 1325 ad
832 1271 1196 1328 Christianam
1259 1274 1423 1330 fidem
1473 1279 1881 1348 superstitionis

283 1363 512 1434 gentilis
535 1364 819 1418 victricem
842 1363 1162 1420 adduceret.

353 1455 518 1528 ml
549 1455 688 1511 XIV.
712 1455 916 1523 Quodsi
936 1458 1050 1512 haec
1071 1458 1259 1529 Opinio
1275 1476 1402 1515 vera
1421 1461 1513 1525 sit,
1538 1477 1880 1533 consequens

283 1557 394 1612 est,
426 1558 486 1602 ut
517 1564 678 1618 opus,
713 1549 782 1604 de
820 1566 930 1619 quo
953 1551 1156 1621 agitur,
1181 1552 1326 1606 inter
1357 1568 1419 1607 ea
1445 1561 1739 1608 censeatur
1757 1571 1879 1624 quae

283 1638 676 1694 Theodoretus
723 1649 915 1695 sancto
964 1642 1136 1696 Leoni
1186 1660 1332 1698 anno
1394 1644 1500 1698 M9
1560 1645 1781 1709 scribit,
1819 1661 1879 1700 se

284 1742 416 1785 ante
445 1747 622 1785 annos
651 1732 842 1802 viginti
873 1735 1270 1806 composuisse,
1293 1752 1402 1806 quo
1429 1745 1674 1808 tempore
1701 1740 1883 1794 adhuc

291 1821 664 1876 saecularibus
691 1824 891 1880 litteris
917 1827 1134 1895 plenus,
1165 1827 1218 1881 in
1255 1844 1322 1882 eo
1351 1828 1525 1884 voluit
1555 1839 1883 1900 argumento

285 1913 523 1977 versari,
545 1913 601 1966 in
633 1929 741 1984 quo
759 1926 944 1984 posset
970 1926 1025 1971 ct
1051 1933 1204 1971 suam
1234 1918 1491 1988 gentibus
1513 1922 1880 1976 eruditionem

292 2015 611 2070 ostentare,
643 2019 699 2061 et
723 2023 848 2061 cum
880 2008 1114 2064 eruditis
1140 2010 1262 2066 aliis
1285 2027 1395 2066 sua:
1418 2012 1614 2076 aetatis,
1633 2013 1882 2069 eamdem

288 2099 580 2152 materiam
618 2109 854 2156 tractare
887 2103 1219 2169 amantibus,
1250 2104 1317 2158 de
1338 2105 1497 2160 laude
1531 2107 1880 2162 contendere.

289 2189 401 2245 Sed
448 2190 519 2245 de
563 2200 807 2262 tempore
857 2193 1144 2262 hactenus,
1181 2212 1330 2254 nunc
1361 2197 1428 2251 de
1473 2208 1794 2268 argumento
1828 2208 1882 2254 ct

285 2282 580 2337 methodo.

359 2373 476 2429 XV.
531 2375 784 2432 Julianus
815 2378 1144 2448 imperator,
1197 2395 1322 2435 cum
1364 2380 1656 2438 defecisset
1696 2399 1726 2437 a
1775 2383 1882 2438 fide

284 2465 628 2531 Christiana,
661 2469 805 2524 unde
830 2470 1104 2540 Apostatae
1141 2488 1341 2528 nomen
1374 2474 1479 2544 ipsi
1507 2475 1758 2539 adhaesit,
1789 2476 1884 2530 de-

285 2557 545 2614 fectionis
590 2577 785 2616 causas
829 2563 1036 2634 scripto
1081 2564 1222 2618 libro
1258 2566 1524 2631 reddidit,
1567 2583 1881 2638 novumque

283 2651 664 2721 gentilismum
710 2653 1044 2720 informavit,
1077 2665 1228 2711 tanto
1257 2659 1636 2714 nocentiorem
1663 2670 1875 2725 vetere,

285 2751 494 2811 quanto
523 2744 878 2799 artificiosius
901 2746 1141 2816 plurium
1175 2748 1403 2803 deorum
1429 2751 1881 2805 secundariorum

284 2834 613 2903 religionem
665 2837 829 2892 unius
867 2840 1111 2908 supremi
1166 2841 1316 2895 cultu
1365 2843 1882 2912 temperabatzim—

283 2924 559 2994 probabat
581 2927 731 2980 enim
762 2927 1076 2983 Graecorum
1105 2929 1586 3002 barbarorumque
1627 2941 1880 2988 veterum

283 3015 528 3072 nefarias
583 3018 976 3085 absurditates,
1022 3021 1498 3092 Christianosque,
1550 3025 1660 3079 imo
1696 3033 1751 3079 et
1782 3025 1881 3080 Ju-

2053 459 2239 515 XVIII.
2266 460 2500 514 Tantum
2535 475 2696 529 porro
2729 459 3016 522 doctrinm,
3045 462 3347 529 prassertim
3393 473 3572 516 exter-

1984 569 2086 616 nae,
2131 553 2398 608 adversus
2451 553 2750 616 hominem,
2801 553 2894 621 qui
2949 552 3180 607 inscitiae
3230 553 3572 609 Christianos

1983 645 2294 708 accusabat,
2325 661 2355 699 a
2396 645 2747 699 Theodorcto
2775 644 3072 698 adducitur
3093 685 3106 708 ,
3146 654 3208 699 ut
3245 646 3572 716 Sylburgius

1986 736 2274 790 recensitis
2294 736 2509 790 curiose
2535 734 2872 797 auctoribus,
2902 735 2996 803 qui
3030 734 3352 788 nominatim
3380 737 3570 804 appel-

1982 827 2188 891 lantur,
2212 836 2432 882 centum
2467 839 2524 882 et
2547 841 2767 892 novem,
2805 837 3006 896 praeter
3039 841 3246 890 sacros,
3279 840 3574 880 enumera-

1981 920 2143 974 verit.

2057 1010 2194 1065 XIX.
2223 1011 2583 1066 Partitionem
2631 1010 2801 1066 totius
2853 1009 3288 1073 lucubrationis,
3325 1008 3570 1078 singula-

1983 1119 2215 1173 rumque
2249 1103 2540 1158 duodecim
2580 1102 2818 1172 partium
2859 1109 3244 1170 argumentum
3287 1100 3340 1154 in
3371 1100 3572 1154 Praefa-

1986 1196 2132 1250 tione
2152 1197 2358 1266 prolixe
2378 1197 2625 1265 exponit,
2641 1195 2787 1265 quod
2813 1193 3260 1263 compendiosius
3277 1192 3378 1245 sub
3406 1190 3569 1245 finem

1981 1288 2238 1350 exhibet,
2296 1287 2389 1341 ubi
2435 1288 2601 1342 etiam
2651 1284 2894 1340 ostendit
2945 1284 3210 1338 rationem
3251 1282 3569 1346 scribendi,

1981 1394 2144 1450 quam
2179 1379 2375 1434 tenuit.
2407 1399 2423 1429 ι
2455 1379 2565 1432 llas
2595 1393 2698 1448 ego
2721 1376 2910 1439 vobis,
2932 1391 2965 1430 o
2992 1376 3116 1439 viri,
3142 1374 3433 1430 duodecim
3463 1374 3575 1428 dis-

1980 1471 2292 1545 putationes
2320 1470 2653 1538 conscripsi,
2691 1477 2745 1523 et
2781 1467 3021 1531 ostendi,
3065 1483 3314 1537 quaenam
3345 1466 3413 1520 de
3455 1467 3573 1521 Deo

1980 1570 2035 1616 et
2060 1561 2307 1624 materia,
2343 1560 2642 1630 mundique
2669 1559 2898 1625 fabrica,
2921 1569 2977 1614 et
3007 1559 3075 1614 de
3117 1560 3320 1613 virtute
3347 1574 3410 1613 ac
3441 1557 3574 1612 vitio

1983 1652 2262 1707 senserint
2289 1652 2463 1706 Graeci
2508 1652 2852 1721 philosophi,
2901 1662 2957 1706 et
2987 1667 3236 1721 quaenam
3267 1650 3458 1705 iisdem
3504 1649 3574 1703 de

1918 1725 1955 1779 Β
1983 1741 2146 1814 402
2194 1742 2360 1796 rebus
2392 1757 2561 1796 sacrae
2618 1756 2720 1795 nos
2751 1740 2972 1795 Litterze
3016 1739 3327 1802 docuerint,
3365 1745 3422 1792 et
3465 1751 3577 1806 quo

1985 1842 2143 1903 pacto
2179 1833 2394 1887 illorum
2430 1831 2654 1902 quidem
2693 1832 2805 1902 jam
2830 1832 3099 1885 exstincta
3139 1829 3487 1892 sintomnia,
3520 1837 3577 1882 et

1985 1924 2280 1980 oblivionis
2305 1923 2536 1995 caligine
2560 1923 2826 1986 involuta,
2849 1931 3038 1976 nostra
3055 1937 3186 1974 vero
3205 1921 3323 1975 haec
3343 1920 3577 1974 floreant

1985 2032 2050 2070 ac
2074 2016 2322 2087 vigeant,
2354 2015 2769 2083 innumerisque
2815 2029 2914 2083 per
2965 2013 3208 2083 singulas
3236 2012 3491 2065 civitates
3519 2019 3577 2062 et

1984 2109 2298 2180 provincias
2323 2108 2668 2164 auditoribus
2697 2107 3139 2176 frequententur,
3174 2127 3192 2157 ι
3233 2115 3342 2160 etc.

2045 2201 2163 2256 XX.
2195 2203 2422 2257 Ineunte
2463 2201 2751 2271 superiore
2791 2199 2992 2254 saeculo
3036 2213 3066 2252 e
3103 2196 3292 2253 Graeco
3318 2197 3572 2250 Latinum

1982 2295 2113 2350 fecit
2137 2295 2414 2350 Zenobius
2442 2293 2786 2363 Acciajolus,
2825 2291 3087 2359 deditque
3122 2289 3268 2360 typis
3291 2287 3568 2343 edendum

1985 2387 2221 2442 Henrico
2253 2387 2554 2456 Stephano,
2576 2387 2736 2454 cujus
2764 2399 2932 2453 opera
2961 2383 3202 2452 primum
3237 2380 3444 2449 prodiit
3470 2380 3575 2434 Pa-

1984 2477 2132 2533 risiis
2157 2493 2302 2532 anno
2335 2476 2493 2540 1519,
2537 2475 2633 2530 sed
2681 2473 2935 2528 Latinum
2977 2471 3260 2526 duntaxat.
3287 2467 3574 2539 Octoginta

1983 2572 2154 2627 ferme
2186 2578 2311 2641 post
2342 2585 2516 2624 annos
2553 2568 2871 2623 Fridericus
2917 2564 3243 2637 Sylburgius
3268 2564 3441 2617 textui
3475 2561 3576 2616 La-

1984 2665 2100 2719 tino
2129 2662 2433 2733 recognito,
2461 2671 2538 2720 et.
2572 2669 2631 2715 ut
2658 2661 2905 2730 loquitur
2925 2700 2939 2723 ,
2967 2656 3288 2719 emendato,
3321 2655 3574 2710 Grazeum

1981 2757 2194 2812 addidit
2221 2757 2289 2811 ad
2311 2765 2549 2826 quatuor
2579 2755 2798 2810 codices
2827 2753 3047 2810 Graecos
3063 2759 3334 2806 exactura.
3356 2749 3582 2803 Utrum-

1981 2863 2089 2917 que
2137 2857 2261 2916 post
2299 2847 2695 2917 quinquaginta
2725 2860 2947 2900 rursum
2989 2858 3164 2898 annos
3201 2842 3255 2896 in
3294 2839 3576 2896 collectio-

1982 2954 2110 2993 nem
2181 2939 2422 3008 Operum
2484 2937 2818 2992 Theodoreti
2898 2933 3229 2989 Sirmondus
3303 2929 3575 2998 eonjecit,

1981 3027 2270 3082 emendata
2298 3027 2555 3097 Acciajoli
2576 3035 2632 3081 et
2656 3024 2933 3097 Sylburgii
2964 3024 3242 3084 versione,
3269 3020 3572 3088 recisisquc

285 3106 454 3173 datos,
485 3123 555 3162 ex
590 3111 708 3165 suis
733 3111 977 3180 ipsorum
1018 3112 1174 3166 libris
1206 3114 1584 3184 impugnabat,
1617 3123 1673 3168 ut
1698 3116 1880 3185 philo-
1909 3098 1950 3154 (ἶ
1986 3117 2262 3190 Sylburgii
2293 3119 2440 3173 notis
2475 3133 2543 3172 ac
2578 3115 3061 3172 dissertationibus
3091 3131 3104 3167 :
3133 3115 3231 3169 has
3266 3113 3356 3168 ille
3377 3127 3576 3181 quam-

287 3204 530 3273 sophicae
557 3221 672 3260 sua:
710 3206 962 3278 religioni
990 3207 1168 3263 locum
1201 3208 1420 3282 faceret.

367 3297 506 3350 XVI.
533 3296 694 3352 IIune
721 3299 1065 3365 imperatoris
1086 3309 1346 3371 apostata:
1376 3303 1600 3368 librum,
1631 3304 1724 3373 qui
1754 3319 1882 3373 pro-

289 3401 413 3462 pter
469 3390 847 3460 impietatem,
879 3406 987 3460 qua
1038 3399 1231 3455 scatet,
1280 3408 1311 3447 a
1361 3393 1585 3447 Petavio
1637 3409 1745 3448 non
1799 3401 1884 3447 est

286 3483 475 3538 editus
509 3482 652 3536 inter
683 3498 851 3552 Opera
883 3483 1086 3538 Juliani
1107 3525 1122 3548 ,
1155 3484 1252 3538 sed
1291 3485 1435 3554 apud
1467 3484 1730 3554 Cyrillum
1766 3486 1882 3540 fere

287 3577 505 3646 integer
547 3576 829 3646 reperitur
862 3593 875 3628 :
911 3575 1078 3640 hunc,
1124 3576 1379 3645 inquam,
1409 3577 1613 3631 librum
1653 3577 1885 3647 gentiles

286 3671 459 3725 veluti
488 3670 738 3741 clypeum
770 3669 1484 3740 opponebantChristianis,
1511 3679 1566 3725 et
1585 3670 1883 3726 Christiani

290 3763 420 3816 totis
446 3763 664 3816 viribus
697 3762 1073 3832 impetendum
1120 3770 1422 3832 putarunt,
1482 3763 1659 3819 donec
1703 3765 1884 3835 genti-

289 3852 360 3904 lis
415 3851 833 3919 superstitionis
873 3850 1081 3920 aliquid
1127 3851 1484 3906 metuendum
1537 3862 1881 3922 superesset;

291 3940 570 4010 superfuit
636 3955 768 3995 vero
822 3955 996 4011 usque
1066 3940 1135 3994 ad
1203 3941 1484 3995 Novellam
1545 3941 1881 4007 Theodosii,

290 4035 502 4088 editam
550 4049 698 4088 anno
755 4035 898 4098 439,
963 4045 1019 4090 et
1063 4035 1403 4089 exsecutioni
1471 4051 1499 4088 a
1565 4035 1882 4104 provincia-

293 4141 415 4179 rum
486 4124 818 4195 praesidibus
876 4125 1211 4180 mandatam.
1292 4125 1473 4192 Quare
1535 4127 1882 4197 septuaginta

293 4227 507 4286 septem
553 4233 827 4270 annorum
879 4218 1058 4286 spatio
1092 4218 1146 4271 in
1198 4218 1303 4272 hoc
1330 4227 1654 4288 argumento
1681 4219 1880 4273 versati

294 4319 444 4373 sunt,
484 4310 835 4363 sermonibus
856 4309 1078 4378 quidem
1101 4309 1165 4362 ad
1184 4310 1447 4380 populum
1470 4311 1649 4375 multi,
1668 4319 1884 4366 tracta-

294 4400 445 4452 tibus
485 4414 616 4452 vero
647 4398 758 4453 duo
793 4408 1024 4463 tantum,
1074 4399 1220 4468 quod
1248 4400 1470 4469 quidem
1513 4403 1880 4467 meminerim,

295 4489 684 4544 'I'heodoretus
709 4499 764 4544 et
794 4491 1032 4561 Cyrillus
1119 4507 1242 4545 nam
1282 4492 1682 4558 Nazianzenus,
1726 4495 1883 4549 inve-

295 4582 459 4636 ctivis
485 4583 698 4637 duabus
732 4584 785 4637 in
822 4583 1098 4638 lulianum
1122 4627 1134 4650 ,
1181 4600 1472 4655 personam
1509 4587 1680 4657 magis
1720 4604 1883 4657 quam

295 4672 504 4727 librum
533 4674 816 4729 insecutus
842 4685 946 4730 est.

369 4762 533 4818 XVII.
571 4763 706 4829 Quis
730 4765 888 4818 alteri
915 4776 1140 4833 praestet
1166 4783 1194 4821 e
1221 4768 1438 4820 duobus
1471 4770 1880 4835 tractatoribus,

295 4855 567 4907 lectorum
591 4855 1011 4923 estojudicium.
1031 4857 1180 4912 Artis
1209 4865 1358 4911 certe
1385 4858 1566 4913 minus
1590 4858 1755 4912 habet
1775 4858 1885 4932 Cy-

298 4946 482 5010 rillus,
516 4947 639 5016 plus
660 4947 1043 5003 Theodoretus
1076 4967 1088 5001 :
1127 4949 1218 5004 ille
1242 4950 1390 5004 enim
1414 4950 1481 5005 ad
1516 4951 1762 5022 singulas
1786 4953 1884 5008 Ju-

295 5035 466 5089 lianei
529 5036 656 5090 libri
708 5039 1009 5103 περικοπὰς
1050 5039 1465 5109 responsionem
1507 5040 1845 5112 subjungcns
1870 5083 1883 5105 ,

297 5123 586 5179 hominem
624 5130 828 5196 pressis
873 5128 1116 5198 vestigiis
1145 5129 1310 5182 etiam
1352 5138 1673 5199 evagantem
1704 5133 1886 5200 sequi-

298 5225 423 5283 tur;
479 5217 581 5272 iste
609 5221 853 5275 collectis
895 5222 950 5274 in
987 5222 1319 5275 concinnum
1379 5221 1628 5276 ordinem
1681 5223 1882 5279 Iuliani

298 5310 748 5381 nbjectionibus,
803 5315 1050 5386 singulas
1115 5314 1188 5368 ita
1239 5313 1484 5382 repellit,
1555 5322 1616 5368 ut
1687 5331 1887 5385 corpus

1985 3211 2071 3266 vis
2105 3211 2289 3280 plures
2313 3209 2625 3280 probasque
2665 3208 3010 3277 adiunxerat,
3048 3205 3274 3274 Optabat
3321 3213 3500 3258 tamen
3545 3220 3578 3260 a

1986 3302 2182 3357 Fulvio
2211 3301 2414 3357 Ursino
2452 3315 2580 3355 suas
2609 3299 2879 3369 publicari
2916 3316 2929 3351 :
2955 3297 3222 3367 plurimas
3247 3297 3395 3351 enim
3432 3295 3582 3352 fece-

1987 3405 2071 3450 rat
2093 3403 2149 3450 ct
2179 3395 2454 3448 variantes
2476 3393 2760 3455 lectiones,
2794 3399 2851 3445 et
2874 3390 3242 3458 conjecturas,
3269 3397 3324 3442 et
3350 3397 3578 3441 annota-

1985 3487 2182 3548 tiones,
2210 3500 2334 3540 cum
2354 3483 2728 3553 reponendum
2761 3482 2815 3536 in
2834 3480 3169 3538 bibliotheca
3192 3479 3452 3534 Vaticana
3477 3477 3576 3531 hcc

1983 3592 2124 3646 Opus
2137 3576 2371 3631 exscribi
2389 3583 2630 3639 curaret;
2659 3575 2804 3644 ipsas
2820 3589 2849 3626 e
2867 3572 3202 3627 bibliotheca
3214 3569 3472 3626 Vaticana
3491 3585 3581 3626 ac-

1983 3678 2171 3738 ceptas
2203 3684 2351 3722 nunc
2389 3667 2443 3722 in
2472 3666 2754 3736 publicum
2779 3665 3136 3734 proferimus.

2598 3756 2826 3812 CAPUT
2865 3757 2977 3811 VII.

2025 3849 2198 3920 Opera
2233 3865 2352 3920 quia
2378 3848 2678 3919 Appendice
2711 3847 2835 3901 edit.
2861 3844 3132 3902 Sirmondi
3157 3846 3522 3901 continentur.

2051 3942 2092 3996 Ι.
2129 3941 2388 4011 Conjecta
2423 3948 2553 3994 sunt
2595 3937 2652 3992 in
2694 3937 3058 4007 appendicem
3092 3952 3260 4007 opera
3307 3935 3575 4005 quinque,

1984 4033 2168 4090 Oratio
2223 4035 2287 4087 de
2321 4035 2615 4098 charitate;
2648 4031 2803 4085 Liber
2853 4032 2923 4084 ad
2969 4031 3283 4102 Sporacinm
3323 4029 3577 4082 adversus

1982 4124 2316 4190 Nestorium;
2344 4123 2590 4191 Epistola
2619 4122 2689 4176 ad
2713 4121 2982 4175 Joannem
3005 4120 3352 4176 Germanicia:
3386 4119 3581 4188 episco-

1983 4232 2140 4285 pum;
2159 4215 2482 4286 Argumenta
2498 4213 2945 4282 librorumviginti
2965 4219 3164 4282 septem
3185 4210 3437 4264 adversus
3469 4208 3578 4263 Eu-

1983 4308 2276 4378 tyclzianos,
2312 4315 2369 4360 et
2391 4305 2741 4376 Iteprehensio
2769 4303 3337 4358 anathematismorum
3370 4296 3576 4369 Cyrilli.

2058 4397 2123 4452 II.
2148 4400 2224 4452 Ex
2245 4398 2333 4452 his
2354 4396 2662 4451 Orationem
2687 4398 2750 4449 de
2776 4397 3056 4458 charitate,
3086 4404 3142 4449 et
3179 4391 3482 4462 Epistolam
3509 4389 3579 4443 ad

1991 4492 2289 4561 episcopum
2343 4491 2754 4546 Germanicus”
2778 4530 2792 4552 ,
2832 4489 2885 4541 in
2920 4488 3068 4541 hunc
3107 4487 3288 4539 locum
3335 4481 3580 4551 reposuit

1993 4582 2355 4643 Sirmondus,
2388 4581 2517 4650 quia
2560 4595 2659 4648 per
2711 4579 2982 4633 incuriam
3012 4589 3304 4644 operarum
3352 4581 3577 4642 praeter-

1991 4672 2171 4726 missa:
2205 4671 2440 4724 fuerant.
2487 4667 2996 4739 Reprehensioncm
3031 4662 3219 4734 Cyrilli
3269 4661 3440 4714 latere
3483 4674 3576 4712 vo-

1990 4765 2114 4828 luit,
2145 4765 2293 4818 velut
2314 4764 2368 4816 in
2397 4771 2645 4817 extremo
2667 4760 2890 4831 angulo,
2918 4765 3210 4828 propterea
3237 4751 3382 4823 quod
3402 4751 3580 4805 'I‘heo-

1989 4855 2166 4910 doreti
2211 4853 2420 4908 nomini
2449 4852 2740 4907 olliciebat.
2787 4850 3017 4919 Reliqua
3053 4848 3162 4901 duo
3189 4855 3447 4911 tanquam
3481 4855 3576 4894 su-

1990 4958 2178 5021 specta
2200 4949 2398 5004 merito
2431 4957 2587 5002 extra
2614 4945 2905 5000 meliorum
2928 4940 3178 4996 ordinem
3209 4933 3420 5005 rejecit.

2063 5042 2150 5098 III.
2186 5040 2492 5097 Orationem
2524 5040 2585 5093 de
2621 5038 2882 5091 charitate
2914 5031 3293 5087 recensuimus
3320 5041 3420 5081 suo
3455 5025 3578 5079 loco

1993 5145 2116 5204 post
2149 5134 2439 5189 Historiam
2484 5131 2820 5201 religiosam;
2848 5124 3144 5196 Epistolam
3187 5121 3256 5175 ad
3281 5121 3579 5190 episcopum

1995 5227 2400 5281 Germaniae“
2445 5221 2778 5277 inscruimus
2817 5219 2959 5271 inter
2997 5214 3290 5285 Epistolas,
3341 5227 3407 5266 ex
3437 5225 3576 5280 pra:-

1994 5319 2202 5388 scripto
2227 5315 2526 5373 Sirmondi.

1663 5449 1976 5506 SCIIULZII
2021 5451 2249 5507 ἈΟΤΛΕ.

377 5568 425 5598 ⁷⁸
454 5566 603 5639 Edit.
634 5567 788 5639 prior
805 5568 1040 5624 habebat
1079 5567 1325 5639 epistolas
1347 5568 1502 5639 duas,
1530 5568 1593 5620 de
1619 5568 1878 5621 charitnle
1898 5567 2112 5639 scilicet,
2146 5575 2194 5622 et
2232 5570 2302 5622 ad
2335 5568 2652 5639 epist-apum,
2681 5573 2800 5620 cret.
2842 5565 2885 5639 7'
2923 5563 3042 5618 Non
3083 5555 3518 5639 inter-epistolas
3547 5572 3579 5610 a

303 5638 603 5711 Sirmondo
633 5627 810 5711 editas
845 5639 1049 5711 inserta
1072 5627 1156 5711 est
1192 5627 1499 5711 (debuisset
1522 5639 1832 5711 enimpost
1855 5627 2145 5711 epistolam
2185 5639 2282 5693 124
2326 5627 2518 5711 [ιὸιιῆξ
2557 5638 2653 5694 sed
2701 5636 3008 5706 proximum
3059 5639 3180 5701 post
3226 5627 3353 5684 illas
3400 5627 3582 5683 locum

304 5709 543 5764 obtinuit
590 5709 646 5764 in
695 5709 846 5767 Notis
891 5708 1160 5767 Garncrii.
1185 5708 1304 5765 \‘id.
1334 5724 1518 5778 supra,
1557 5724 1610 5780 p.
1637 5709 1758 5778 556,
1786 5719 1839 5766 et
1872 5718 1908 5766 t.
1949 5708 2036 5777 IV,
2073 5727 2126 5782 p.
2165 5711 2314 5767 1:275.
