4058 6174
1760 87 1787 103 Ι

530 257 636 329 351

1630 256 2009 319 GARNERII
2050 254 2552 318 DISSERTATIO
2591 258 2652 319 ΙΙ

3688 262 3796 325 352

596 371 688 429 IV.
710 369 786 427 De
819 368 963 425 libro
996 366 1246 424 adversus
1276 366 1609 434 Nestorium,
1645 367 1880 438 aliisque
1907 365 2103 438 viginti
2132 370 2179 426 Α
2207 365 2234 438 §
2270 368 2311 422 l.
2373 366 2538 441 m
2588 368 2736 422 Libri
2782 370 3007 440 quinque
3061 370 3412 426 Historiarum
3440 410 3454 433 ,
3529 370 3793 430 Cennadii

528 473 742 535 septem
787 471 980 519 contra
1023 460 1416 533 Eutychianos,
1465 476 1594 517 mox
1621 461 1909 532 dicemus,
1963 462 2110 518 inter

530 551 803 625 agendum
837 552 905 607 de
936 551 1233 622 suppositis
1259 551 1542 622 operibus.

604 643 667 699 ν.
695 643 772 698 De
802 641 1222 712 Reprehensione
1252 642 1609 714 capitulomm
1627 646 1673 678 ⁷⁸
1708 644 1888 701 videri
1929 653 2112 716 potest

538 734 712 789 fusior
763 734 1015 788 tractatio
1061 734 1119 788 in
1176 734 1415 790 secunda
1463 746 1620 806 parte
1663 735 1905 808 Operum
1955 738 2110 793 Marii

527 823 690 896 403
724 824 1042 880 Mercatoris
1064 865 1080 890 ,
1111 825 1207 897 qui
1249 826 1461 896 primus
1491 826 1737 883 Gracam
1777 826 2111 884 Theodoreti

529 925 587 970 ct
614 916 784 970 sancti
815 914 1003 987 Cyrilli
1037 916 1106 971 de
1141 916 1434 973 duodecim
1468 918 1945 974 anathematismis
1976 932 2111 974 con-

530 1007 887 1062 certationem
921 1007 1117 1064 Latine
1141 1010 1534 1080 interpretatus
1562 1017 1666 1066 est.

601 1095 690 1150 Vl.
720 1096 799 1150 Eo
822 1097 944 1152 loco
973 1098 1492 1165 demonstravimus,
1535 1117 1644 1171 qua
1667 1102 1979 1167 occasione,
2008 1117 2108 1158 cu-

525 1188 618 1258 jus
655 1188 935 1258 precibus,
967 1204 1078 1260 quo
1120 1191 1373 1261 jubente,
1405 1192 1627 1262 quando
1667 1209 1699 1248 a
1758 1193 2110 1249 Theodoreto

533 1280 893 1350 reprehensio
929 1281 1133 1352 scripta
1163 1284 1256 1348 sit,
1283 1298 1393 1353 quo
1436 1284 1738 1353 interprete
1774 1285 1969 1340 Latina
1997 1285 2110 1355 pri-

533 1387 684 1426 mum
722 1372 898 1439 facta;
936 1383 1194 1444 quantam
1225 1389 1294 1429 ex
1323 1390 1387 1430 ea
1409 1374 1794 1430 Theodoretus
1824 1377 1880 1430 in
1924 1376 2108 1446 suspi-

531 1464 746 1519 cionem
784 1466 1162 1521 consensionis
1191 1482 1317 1521 cum
1353 1467 1690 1536 Apollinario
1718 1467 1983 1540 Cyrillum
2008 1471 2110 1525 ad-

532 1553 783 1621 duxerit;
812 1563 1073 1625 quantam
1105 1554 1344 1626 Cyrillus
1366 1556 1610 1611 vicissim
1644 1572 1714 1612 ex
1749 1572 1814 1612 ea
1843 1557 2107 1613 invidiam

531 1645 838 1701 Nestoriani
883 1646 1090 1701 erroris
1123 1646 1472 1701 Theodoreto
1501 1645 1858 1714 conﬂaverit;
1891 1665 2003 1720 quo
2040 1665 2108 1705 ex

534 1735 1134 1807 ipsiusimpugnatione
1159 1734 1407 1790 Andreas
1430 1733 1822 1790 Samosatenus
1842 1737 2108 1793 Rabulam

532 1827 872 1883 Edesseuum
904 1827 1034 1881 odio
1068 1834 1397 1896 prosecutus
1423 1826 1523 1893 sit;
1556 1826 1691 1897 quid
1721 1828 1850 1883 inde
1889 1829 2108 1884 tandem

529 1927 872 1988 excerptum,
914 1927 970 1973 et
1028 1918 1259 1989 Vigilius
1322 1920 1378 1972 in
1443 1917 1774 1984 Constituto,
1819 1928 1875 1974 et
1918 1920 2111 1991 quinta

530 2007 775 2078 synodus
810 2009 865 2062 in
894 2008 1086 2078 quinta
1112 2008 1403 2063 collatione
1431 2008 1798 2065 damnaverit.

599 2100 713 2156 VII.
736 2100 917 2157 Unum
943 2100 1010 2155 de
1030 2110 1274 2171 tempore
1292 2102 1717 2172 conscriptionis
1737 2102 2111 2159 testimonium

531 2191 866 2247 Theodoreti
900 2192 1136 2255 adduco,
1167 2208 1232 2247 ex
1258 2207 1369 2262 quo
1391 2201 1607 2257 veteres
1624 2196 1810 2264 plures
1830 2204 2110 2252 recentes-

530 2299 641 2353 que
682 2292 937 2340 auctores
981 2285 1036 2338 in
1065 2300 1132 2339 eo
1157 2300 1372 2342 errasse
1402 2280 1820 2352 convincantur,
1846 2289 1993 2358 quod
2021 2305 2110 2344 re-

531 2374 954 2444 prehensionem
974 2375 1115 2431 hanc
1137 2375 1394 2446 scriptam
1416 2385 1665 2433 asserant
1687 2386 1811 2449 post
1841 2381 2109 2452 synodum

531 2464 866 2536 Ephesinam
898 2483 913 2521 :
942 2482 1053 2538 quo
1095 2475 1345 2538 tempore
1368 2468 1436 2525 de
1485 2484 1621 2540 pace
1652 2469 1798 2527 inter
1837 2471 2112 2530 Ecclesias

530 2558 820 2629 agebatur.

600 2651 739 2706 VIII.
773 2651 1156 2710 Theodoretus
1176 2653 1323 2709 enim
1345 2653 1399 2710 in
1431 2655 1757 2714 Prtefatinne
1786 2658 2108 2732 Pentalogii,

529 2740 648 2802 sive
698 2741 967 2797 librorum
1011 2745 1256 2815 quinque
1295 2745 1562 2802 adversus
1591 2748 1813 2804 beatum
1848 2750 2112 2822 Cyrillum

527 2842 586 2887 et
637 2842 888 2889 sanctum
935 2836 1233 2892 concilium
1277 2837 1619 2907 Ephesinum
1652 2858 1666 2894 :
1702 2860 1722 2892 ι
1753 2841 2109 2913 Priusquam,

529 2925 799 2995 inquit",
857 2938 1160 2984 conventus
1203 2930 1349 3000 apud
1392 2931 1672 3001 Ephesum
1713 2934 2109 3002 celebraretur,

529 3016 825 3072 duodecim
860 3020 1118 3089 capitulis
1162 3022 1396 3076 strictim
1443 3033 1740 3096 aperteque
1787 3026 2110 3095 restitimus,

529 3116 593 3163 ut
617 3109 880 3179 praescius
917 3111 1117 3166 horum
1161 3112 1317 3169 ﬂeret
1358 3115 1700 3182 intellectus,
1729 3118 1895 3173 etiam
1930 3120 2117 3176 rudic-

528 3214 676 3265 rum,
719 3210 777 3256 et
822 3203 1052 3259 rationis
1075 3206 1406 3275 expertium.
1450 3207 1588 3275 Quia
1615 3226 1748 3265 vero
1792 3226 1851 3266 se
1886 3212 2117 3268 manife-

529 3297 698 3356 stum,
728 3293 822 3361 qui
844 3291 950 3348 ista
986 3294 1231 3364 prodidit
1258 3298 1326 3363 ἰ,
1354 3298 1411 3352 in
1440 3299 1678 3356 concilio
1703 3301 2024 3370 declaravit,
2058 3313 2116 3361 et

528 3381 718 3451 plures
742 3398 812 3438 ex
840 3384 948 3449 his,
975 3386 1071 3454 qui
1092 3399 1485 3455 convenerant,
1516 3391 1756 3462 imperiti
1787 3396 1988 3464 potius,
2010 3413 2116 3454 nec

529 3473 644 3529 ulla
661 3473 933 3545 dogmatis
966 3476 1162 3530 imbuti
1196 3479 1414 3545 notitia,
1445 3482 1533 3551 pia
1556 3483 1674 3539 haec
1695 3485 1944 3541 arbitrati
1962 3495 2112 3555 sunt;

529 3578 714 3634 operae
747 3568 985 3635 pretium
1017 3566 1198 3621 visum
1235 3577 1339 3634 est,
1390 3570 1590 3626 iterum
1620 3583 1814 3630 contra
1842 3577 1967 3643 niti,
1996 3594 2115 3634 ser-

530 3671 860 3725 monemque
908 3656 1245 3723 distendere,
1299 3668 1357 3715 et
1393 3662 1662 3718 succisam
1715 3665 2115 3737 blasphemiam

530 3745 908 3816 multipliciter
936 3748 1242 3814 confutare,
1295 3758 1357 3806 ut
1385 3751 1767 3823 ignorantibus
1798 3759 2111 3819 evidentius

529 3838 925 3908 approbemus,
965 3842 1434 3910 quemadmodum
1487 3846 1798 3919 Evangeliis
1829 3851 2114 3910 declaren-

532 3937 624 3983 tur
657 3926 908 3996 adversa,
957 3946 1080 4001 qua:
1103 3948 1253 3990 nunc
1287 3936 1357 3991 ab
1388 3936 1511 3993 istis
1542 3941 1781 3999 maxime
1817 3945 2115 4015 proferun-

530 4026 644 4074 tur.
684 4039 703 4072 ι

600 4108 697 4168 IX.
722 4111 870 4169 Nihil
900 4114 1006 4171 hoc
1039 4116 1355 4174 testimonio
1397 4122 1677 4191 potentius
1702 4125 1772 4181 ad
1794 4143 1912 4183 rem
1939 4130 2114 4185 conti-

528 4200 817 4271 ciendam;
873 4206 1014 4260 nihil
1077 4208 1390 4268 evidentius
1447 4213 1516 4268 ad
1575 4215 2066 4276 demonstrandum
2096 4264 2111 4288 ,

527 4304 797 4364 quantum
842 4296 1043 4354 Marius
1082 4299 1375 4370 Mercator,
1428 4305 1547 4362 suis
1596 4308 1711 4365 sive
1747 4309 2114 4371 Collectaneis

529 4386 646 4442 sive
669 4385 960 4459 Operibus,
986 4394 1237 4450 attulerit
1264 4396 1406 4453 lucis
1441 4399 1509 4454 ad
1530 4399 1825 4459 Historiam
1860 4406 2112 4464 ecclesia-
2144 4400 2191 4459 Ι)

526 4479 741 4546 sticam,
774 4497 886 4551 qua
911 4493 1067 4555 parte
1099 4486 1444 4561 Pelagianam
1485 4501 1543 4550 et
1566 4493 1948 4553 Nestorianam
1985 4515 2117 4555 cau-

526 4582 646 4625 sam
672 4571 890 4631 attinet.

1129 4681 1356 4743 CAPUT
1397 4688 1532 4744 VIII.

911 4767 1086 4844 Opera
1121 4774 1435 4832 Theodoreto
1464 4783 1755 4853 supposita.

601 4879 896 4954 Supposita
930 4894 1060 4941 sunt
1086 4886 1188 4942 ista
1211 4890 1456 4961 quinque
1509 4909 1523 4946 :
1574 4893 1728 4950 Libri
1773 4897 2037 4955 nimirum
2067 4901 2113 4957 V

529 4971 913 5045 Historiarum,
963 4978 1235 5036 Gennadii
1291 4990 1482 5050 aetate;
1522 4985 1754 5055 epistola
1793 4990 1909 5046 sive
1966 4991 2109 5048 liber

528 5064 609 5121 De
633 5067 876 5124 Nestor-io
905 5070 977 5125 ad
1002 5069 1316 5143 Sporacium
1336 5115 1352 5140 ,
1398 5075 1468 5130 ab
1497 5075 1818 5137 hominibus
1846 5083 1985 5137 sexti
2009 5099 2111 5141 sae-

527 5155 675 5222 culi;
698 5157 823 5213 libri
853 5160 972 5215 sive
998 5177 1266 5216 sermones
1300 5164 1485 5234 viginti
1538 5175 1737 5237 septem
1778 5169 1844 5222 de
1892 5170 2112 5226 diversis

531 5244 832 5312 hcresibus,
871 5264 900 5304 a
950 5250 1176 5318 Pbotio;
1206 5252 1334 5307 liber
1360 5255 1616 5310 asceticus
1645 5272 1674 5310 a
1705 5257 1895 5314 codice
1926 5261 2110 5317 Phila-

529 5334 875 5409 delphiensi;
902 5342 1045 5398 liber
1073 5345 1151 5400 De
1171 5346 1434 5416 formulis,
1453 5363 1484 5403 a
1517 5349 1862 5406 Brassicano.

2631 446 2790 493 (etate
2821 441 3074 513 suppositi
3108 442 3443 497 Theodoreto.

2271 569 2312 624 I.
2336 568 2656 625 Gennadius
2683 570 2739 625 in
2758 571 3089 628 Theodoreti
3114 575 3293 644 elogio
3319 592 3333 629 :
3364 593 3384 626 ι
3419 574 3560 630 Sunt
3583 577 3794 647 eteius,

2210 655 2411 729 inquit,
2446 659 2638 715 decem
2669 659 2920 715 Historia:
2947 663 3313 719 ecclesiastica:
3336 663 3486 728 libri,
3518 680 3655 733 quos
3678 665 3800 719 imi-

2210 757 2356 805 tatus
2408 750 2710 807 Eusebium
2751 750 3146 809 Caasariensem
3181 755 3423 825 scripsit,
3482 755 3735 812 scribens
3764 772 3799 812 a.

2210 839 2318 895 line
2350 840 2622 896 librorum
2668 842 2892 898 Eusebii
2941 858 3115 913 usque
3154 845 3222 899 ad
3253 861 3414 900 suum
3447 852 3695 916 tempus,
3744 848 3797 902 id

2210 939 2312 998 est,
2339 947 2370 986 a
2404 932 2786 989 vicennalibus
2820 933 3168 991 Constantini
3195 951 3368 1008 usque
3400 937 3468 992 ad
3503 938 3797 1009 imperium

2209 1023 2413 1079 Leonis
2443 1023 2710 1081 Senioris.
2745 1044 2763 1076 ι
3094 1074 3095 1077 η

2281 1115 2347 1171 ll.
2401 1116 2702 1187 Deceptum
2747 1118 2917 1174 fuisse
2965 1118 3332 1186 Cennadium,
3372 1120 3802 1176 evidentissimis

2211 1210 2547 1281 argumentis
2589 1218 2846 1266 constat:
2879 1227 3003 1264 nam
3046 1212 3119 1265 ita
3171 1211 3393 1281 scripsit
3450 1212 3603 1267 solus
3657 1212 3804 1266 inter

2210 1311 2428 1356 veteres
2460 1309 2516 1357 et
2550 1301 2716 1357 homo
2757 1301 2988 1357 Latinus
3025 1302 3094 1358 de
3119 1302 3347 1356 historia
3381 1301 3589 1358 Graeca.
3628 1301 3802 1357 Nemo

2210 1392 2548 1459 Graecorum,
2587 1394 2703 1449 sive
2723 1394 3042 1464 aequalium,
3065 1395 3181 1449 sive
3205 1395 3577 1464 posteriorum
3603 1395 3800 1449 memi-

2209 1482 2312 1547 nit,
2353 1481 2455 1536 etsi
2492 1482 2725 1537 maxime
2769 1484 3006 1553 quisque
3041 1483 3332 1549 debuerat,
3384 1485 3430 1539 si
3479 1500 3570 1540 res
3614 1483 3691 1539 ita
3740 1500 3799 1540 se

2209 1573 2494 1629 habuisset
2521 1592 2534 1628 :
2566 1574 2857 1640 debuerat,
2882 1576 3130 1645 inquam,
3158 1590 3270 1630 non
3289 1578 3306 1594 ⁴
3336 1584 3547 1631 tantum
3575 1584 3802 1646 propter

2209 1678 2412 1720 nomen
2473 1665 2752 1731 auctoris,
2811 1674 2929 1720 toto
2985 1665 3212 1722 Oriente
3270 1668 3652 1733 celeberrimi,
3703 1668 3799 1724 sed

2211 1757 2378 1813 etiam
2425 1764 2653 1827 propter
2683 1772 2794 1822 res,
2831 1773 2969 1828 quas
2994 1773 3138 1813 unus
3163 1759 3412 1813 omnium
3457 1759 3709 1830 apprime
3746 1767 3803 1815 et

2210 1847 2483 1912 scivisset,
2509 1855 2567 1903 et
2594 1848 2817 1918 scriptis
2842 1848 3179 1905 mandasset.
3531 1908 3546 1925 ι

2281 1938 2369 1993 Ill.
2393 1937 2514 1993 Non
2541 1938 2794 1993 meminit
2820 1949 2969 1993 certe
2998 1938 3288 2011 Evagrius,
3326 1940 3578 2009 quamvis
3607 1941 3802 1998 solitus

2212 2030 2317 2085 sibi
2354 2029 2514 2085 ﬁdem
2546 2030 2728 2086 facere
2766 2032 3099 2101 scriptorum
3143 2031 3396 2102 priorum
3428 2034 3751 2089 testimonio
3784 2053 3798 2087 :

2211 2137 2324 2176 non
2353 2122 2605 2177 meminit
2630 2122 3001 2192 Theophanes
3021 2163 3034 2186 ,
3059 2138 3169 2177 non
3203 2121 3489 2179 Cedrenus
3508 2166 3524 2191 ,
3555 2140 3668 2179 non
3694 2125 3803 2181 Zo-

2212 2229 2394 2278 naras,
2425 2229 2537 2268 non
2562 2214 2814 2280 Pbotius,
2845 2230 2957 2269 non
2981 2212 3358 2284 Nicephorus,
3378 2220 3437 2269 et
3467 2213 3515 2270 si
3545 2215 3639 2286 qui
3673 2226 3804 2271 sunt

2212 2303 2304 2357 alii
2326 2303 2500 2360 Graeci
2528 2303 2809 2359 historici.

2286 2395 2373 2451 IV.
2411 2396 2523 2450 [mo
2565 2396 2834 2467 Evagrius
2883 2396 2940 2451 in
2975 2395 3314 2451 contrarium
3363 2396 3567 2467 apertis
3616 2396 3807 2452 verbis

2211 2488 2539 2542 sententiam
2566 2488 2705 2543 dixit
2732 2506 2745 2543 :
2775 2503 2900 2543 nam
2924 2487 3257 2542 Theodoreti
3302 2485 3597 2542 Historiam
3636 2488 3804 2542 tradit

2211 2579 2281 2634 ad
2338 2580 2452 2634 sola
2508 2578 2806 2634 Theodosii
2856 2580 3099 2651 junioris
3145 2588 3391 2649 tempora
3439 2579 3800 2648 pervenisse;

2212 2669 2351 2724 dixit
2375 2679 2430 2725 et
2459 2669 2822 2739 Niecphorus,
2846 2670 2941 2740 qui
2962 2670 3155 2725 eadem
3185 2684 3310 2724 cum
3330 2658 3571 2738 Evagrio
3595 2666 3800 2734 refert;

2214 2763 2352 2817 dixit
2382 2770 2439 2817 ct
2479 2762 2727 2818 Photius.
2780 2781 2800 2813 ‹
2842 2762 3246 2825 Theodoretus,
3274 2761 3474 2831 inquit,
3512 2761 3801 2816 historiam

2214 2850 2492 2907 inchoavit
2536 2852 2604 2905 ab
2636 2851 2830 2906 haeresi
2875 2851 3027 2917 Arii,
3074 2848 3463 2921 pertexuitque
3492 2858 3547 2904 et
3577 2848 3692 2918 ipse
3731 2848 3802 2903 ad

2215 2944 2511 2999 Theodosii
2542 2943 2792 3000 Junioris
2822 2953 3089 3014 tempora,
3124 2952 3182 2998 et
3213 2957 3387 3013 usque
3410 2942 3479 2996 ad
3523 2940 3802 2996 Theodori

2140 3049 2183 3107 ς,
2216 3050 2523 3099 excessum,
2559 3034 2780 3105 quando
2807 3033 3287 3104 Constantinopoli
3338 3047 3620 3088 sacrorum
3659 3030 3806 3086 auti-

2217 3135 2331 3183 stes
2354 3126 2632 3182 Sisinnius
2665 3127 2790 3182 fuit.
2837 3148 2856 3180 ι

2286 3233 2353 3288 V.
2379 3232 2760 3287 Theodoretus
2794 3232 2908 3302 ipse
2935 3231 3256 3287 clarissimis
3283 3238 3339 3286 et
3364 3228 3810 3300 expressissimis

2215 3324 2421 3391 verbis,
2448 3340 2572 3380 cum
2595 3324 2759 3380 tinem
2784 3323 3042 3380 Historiae
3081 3324 3406 3395 imponeret,
3440 3337 3559 3378 eam
3583 3336 3643 3377 se
3681 3336 3812 3379 cer-

2217 3417 2288 3473 tis
2318 3425 2629 3488 temporum
2669 3416 2866 3487 spatiis
2894 3416 3173 3473 deliniisse
3210 3423 3463 3472 testatur.
3497 3433 3514 3467 ι
3544 3413 3683 3485 Ego,
3715 3413 3807 3469 in-

2216 3509 2356 3579 quit,
2377 3510 2445 3574 ",
2474 3508 2730 3564 Historia:
2761 3509 2927 3564 linem
2954 3507 3046 3563 hic
3072 3508 3302 3572 faciens,
3328 3508 3560 3564 lectores
3584 3520 3705 3571 oro,
3743 3512 3811 3560 ut

2214 3600 2461 3656 laborem
2491 3609 2742 3655 nostrum
2779 3600 3040 3671 precibus
3068 3600 3185 3655 suis
3206 3606 3584 3670 compensent.
3624 3596 3807 3664 Quin-

2215 3707 2323 3764 que
2353 3704 2536 3748 autem
2570 3702 2627 3748 et
2658 3699 2881 3748 centum
2912 3707 3183 3747 annorum
3218 3699 3437 3762 tempus
3474 3691 3592 3747 haec
3615 3689 3806 3745 Histo—

2215 3785 2298 3841 ria
2324 3785 2729 3855 complectitur,
2783 3784 2854 3838 ab
2885 3783 3001 3838 Arii
3052 3781 3275 3838 vesania
3324 3782 3627 3852 incipiens,
3654 3781 3809 3836 desi-

2214 3894 2461 3948 nensque
2509 3877 2566 3931 in
2602 3876 2757 3931 obitu
2786 3872 3147 3930 laudabilium
3167 3872 3413 3927 virorum
3443 3870 3715 3926 Theodoti
3751 3877 3813 3924 et

2216 3968 2514 4024 Theodori.
2548 3987 2566 4019 ι
2596 3966 2843 4037 Uterque
2867 3964 2978 4019 fato
3001 3964 3224 4019 functus
3250 3969 3336 4019 est
3364 3976 3509 4018 anno
3533 3960 3656 4016 427.

2282 4081 2371 4137 Vl.
2392 4080 2628 4135 Tantum
2648 4093 2783 4134 vero
2809 4076 2985 4142 abest,
3013 4082 3075 4131 ut
3100 4074 3396 4130 Historiam
3421 4072 3487 4129 ad
3510 4071 3811 4143 imperium

2215 4189 2390 4243 usque
2430 4171 2631 4227 Leonis
2655 4169 2901 4226 Senioris
2923 4168 3267 4240 produxerit,
3298 4175 3359 4222 ut
3394 4165 3500 4221 nisi
3526 4164 3815 4220 inconsul-

2216 4268 2464 4324 tissimus
2519 4266 2805 4321 hominum
2833 4306 2847 4329 ,
2915 4264 3004 4319 vel
3051 4263 3563 4334 impudentissimas
3612 4261 3811 4317 audire

2216 4357 2403 4421 vellet,
2438 4354 2746 4427 producere
2793 4351 3020 4408 omnino
3043 4367 3154 4406 non
3180 4349 3459 4405 debuerit.
3483 4348 3631 4416 Quas
3655 4348 3812 4403 enim

2217 4464 2311 4504 res
2356 4445 2757 4517 ecclesiasticas
2797 4451 3128 4514 prosecutus
3170 4441 3406 4497 fuisset?
3454 4441 3810 4496 Nestorianas

2219 4546 2371 4595 certe
2391 4578 2407 4603 ,
2442 4535 2767 4607 Ephesinas,
2792 4534 3287 4598 Cbalcedonenses,
3317 4548 3380 4588 ac
3407 4532 3639 4603 proinde
3655 4548 3806 4597 suas,

2220 4627 2433 4700 Cyrilli,
2452 4626 2577 4689 lbae,
2604 4633 2768 4695 atque
2798 4625 2964 4679 etiam
2990 4622 3215 4678 Diodori
3239 4621 3525 4676 Tarsensis
3545 4637 3608 4676 ac
3629 4621 3811 4675 Theo-

2222 4720 2345 4776 dori
2371 4716 2779 4789 Mopsuesteni;
2811 4716 2880 4770 de
2905 4715 3108 4785 quibus
3148 4714 3192 4768 si
3221 4729 3352 4767 vera
3379 4714 3715 4783 scripsisset,
3748 4729 3810 4767 se

2217 4820 2383 4881 atque
2414 4808 2623 4864 amicos
2650 4822 2838 4879 coram
2869 4805 3119 4862 omnium
3146 4806 3603 4874 consequentium
3629 4821 3811 4860 sarcu-

2217 4902 2398 4958 lorum
2432 4899 2677 4955 Ecclesia
2704 4914 2859 4953 reum
2885 4897 3220 4969 peregisset;
3240 4896 3385 4967 quod
3410 4895 3811 4952 inconsiderati

2209 5001 2295 5049 est
2330 5009 2343 5045 :
2380 4990 2426 5046 si
2466 4989 2600 5044 falsa
2647 4989 2851 5061 scripto
2897 4987 3234 5053 mandasset,
3267 4987 3623 5042 reclamasset
3651 4988 3809 5043 orbis

2210 5092 2362 5139 totus
2381 5098 2564 5138 rerum
2583 5081 2857 5146 conscius,
2883 5080 3132 5150 tantique
3160 5080 3579 5135 reclamantium
3606 5079 3814 5133 tumul-

2215 5184 2304 5231 tus
2344 5190 2471 5245 pars
2496 5173 2700 5243 aliqua,
2740 5172 2825 5228 vel
2855 5172 3144 5238 memoria,
3175 5171 3244 5226 ad
3284 5187 3388 5226 nos
3415 5187 3589 5243 usque
3613 5186 3806 5241 perve-

2214 5267 2405 5322 nisset.
3008 5309 3015 5317 .

2288 5355 2401 5410 VII.
2429 5354 2484 5411 Si
2502 5357 2647 5412 ultra
2669 5353 2899 5410 Sisinnii
2915 5353 3511 5426 Constantinopolitani
3536 5363 3808 5425 tempora,

1880 5484 2194 5544 SCIIULZlI
2234 5487 2466 5544 NOT/E.

602 5616 648 5688 ’_'
678 5615 800 5688 vid.
830 5632 1015 5688 supra,
1062 5634 1115 5688 p.
1165 5620 1284 5674 l55.
1387 5626 1433 5658 ⁷⁸
1466 5624 1583 5678 Vid.

535 5681 581 5713 "
601 5682 864 5742 Prodidit.

1112 5625 1284 5703 ιΔιξὶῒ).
1387 5625 1583 5703 "ivid.
1628 5633 1767 5703 part;
1794 5642 1832 5703 ῃ
1875 5625 2131 5703 ΟρρηιῃιΔ
2151 5628 2220 5683 Μ.
2271 5628 2589 5686 Mcrcatoris
2641 5629 2736 5685 lib.
2793 5647 2846 5686 Ill
2902 5630 2988 5703 (ex
3018 5631 3154 5688 edit.
3194 5632 3385 5699 Carm,
3424 5640 3462 5686 t.
3500 5630 3565 5697 Il,
3600 5646 3656 5701 p.
3688 5628 3809 5703 67).

943 5704 1044 5745 oco
1078 5691 1171 5745 cit.
1203 5691 1306 5763 leg.
1341 5693 1581 5763 protulit.
1629 5691 1704 5726 ⁷⁷⁸
1742 5695 1864 5751 Lib.
1901 5691 1955 5765 κῖ,
1981 5712 2031 5751 c.
2069 5697 2155 5751 39.
