4024 6152
322 218 428 281 353

1517 222 1611 279 DE
1652 223 1905 281 LIBRIS
1941 224 2449 289 THEODORETI.

3455 241 3562 304 354

320 331 377 385 id
408 336 517 393 est,
550 330 693 383 ultra
740 343 942 382 annum
992 327 1196 383 Christi
1241 329 1340 383 4'27
1379 329 1670 385 Historiam
1703 343 1896 402 protu-
1929 339 1966 395 Α
2001 336 2132 399 cari,
2179 338 2421 406 quinque
2477 339 2577 393 hos
2624 340 2794 397 libros
2835 359 2941 399 non
2982 361 3103 400 esse
3128 347 3372 405 diversos
3399 352 3565 426 ωε

316 420 497 480 lisset,
532 415 692 487 505
741 415 866 470 inde.
902 417 1092 484 procul
1119 416 1287 470 dubio
1315 418 1503 486 quinta
1534 418 1772 488 synodus
1803 420 1895 473 de-

314 509 685 577 sumpsisset,
726 522 847 575 quae
891 508 1137 561 facerent
1184 508 1483 576 plurimum
1525 510 1591 562 ad
1631 525 1848 563 causam
1877 551 1891 575 ,

313 616 484 670 quam
503 600 718 669 agebat.
748 598 803 652 Si
831 599 979 652 enim
1008 599 1154 652 lbam
1188 607 1244 653 et
1266 601 1613 654 Theodorum
1639 602 1893 656 damnas-

313 700 427 754 set,
468 689 847 760 praeiudicium
888 689 1185 743 damnandi
1219 692 1465 746 attulisse
1506 692 1891 757 diceretur;si

311 781 678 846 defendisset,
732 794 860 833 reus
912 779 1037 833 inde
1080 792 1333 850 ageretur
1375 797 1473 836 suo
1518 783 1687 852 ipsius
1736 784 1891 837 testi-

311 873 527 926 monio.

389 963 529 1016 VH].
555 960 681 1016 Haec
708 976 831 1015 cum
874 962 1179 1017 indubitata
1220 964 1348 1028 sint,
1388 967 1765 1021 contentiosus
1811 978 1890 1023 ta-

309 1065 444 1105 men
472 1051 673 1120 aliquis
709 1052 945 1123 objicere
972 1062 1156 1122 posset
1186 1054 1326 1108 duo:
1361 1056 1595 1110 alterum
1622 1074 1688 1111 ex
1712 1058 1890 1113 Theo-

309 1143 454 1198 doro
485 1142 733 1207 Lectore,
786 1159 854 1198 ex
900 1143 1233 1198 Damasceno
1270 1145 1521 1202 alterum.
1570 1147 1888 1203 Theodorus

306 1231 463 1285 enim
486 1230 586 1284 lib.
616 1246 653 1283 ιι
687 1230 901 1285 Collect.
924 1271 939 1295 ,
975 1250 993 1282 ‹
1032 1231 1249 1295 Petrus,
1270 1233 1468 1302 inquit,
1509 1234 1728 1306 Moggus
1754 1239 1886 1292 reli-

307 1324 480 1392 quias
520 1322 793 1376 Timothei
824 1321 1187 1391 Salophacioli
1210 1322 1464 1379 efl‘odisse
1498 1325 1719 1390 dicitur,
1740 1327 1884 1381 idem

310 1429 541 1483 quoque
567 1414 760 1467 scribit
791 1413 1187 1468 Theodoretus.
1222 1434 1239 1465 ι
1277 1414 1343 1468 Et
1371 1416 1529 1484 paulo
1556 1426 1699 1485 post,
1745 1436 1763 1467 ε
1785 1418 1888 1473 Ca-

306 1503 631 1557 lendionem
656 1502 792 1556 dicit
818 1503 1131 1557 ordinatum
1176 1504 1345 1558 fuisse
1389 1504 1880 1577 Constantinopoli,

306 1609 443 1649 cum
473 1594 808 1648 Tbeodorito
838 1594 1240 1648 consentiens.»
1278 1596 1644 1651 Damascenus
1676 1613 1806 1652 vero
1826 1598 1881 1651 in

1996 424 2158 478 abiis
2192 441 2330 493 quos
2369 426 2712 483 Theodoreto
2744 433 2949 500 juniori
3002 436 3309 492 tribuimus.
3358 424 3559 497 Verum

1996 515 2195 580 obstat,
2229 517 2375 585 quod
2398 519 2776 577 Theodoretus
2802 525 2990 593 jnnior
3017 527 3268 583 Nestorio
3305 530 3563 587 infensis-

1995 606 2208 673 simus;
2262 608 2522 674 Irenzeus,
2590 623 2652 668 ut
2710 625 2923 670 constat
2990 633 3056 671 ex
3093 620 3244 674 Actis
3273 621 3561 690 Ephesium

1993 699 2210 768 synodi,
2238 700 2685 759 ‘addictissimus
2720 706 2902 761 fuerit.
2942 710 3078 763 Vide
3128 727 3249 780 qua:
3298 723 3559 782 sequente

1992 788 2336 857 paragrapho
2368 790 2639 846 dicentur.
2680 793 2853 858 Quid,
2893 797 2939 849 si
2988 796 3327 854 Hebed-Jesu
3368 802 3555 857 Irenrei

1993 891 2196 933 nomen
2232 895 2333 948 pro
2372 880 2699 938 Theodoreti
2724 887 2945 941 nomine
2972 890 3252 956 posuerit?

2176 1009 2201 1078 §
2229 1008 2292 1061 ll.
2321 1008 2560 1079 Epistola
2586 1014 2655 1065 ad
2679 1012 2988 1083 Sporacium
3017 1018 3079 1071 de
3103 1020 3360 1076 Nestorio.

2061 1137 2102 1190 l.
2128 1136 2298 1203 Quem
2330 1140 2534 1195 librum
2575 1142 2712 1196 dixit
2751 1144 3093 1214 Sirmondus,
3131 1151 3398 1210 Baronius
3438 1158 3557 1226 epi-

1989 1232 2180 1284 stolam
2208 1234 2484 1299 nominat;
2516 1234 2743 1289 formam
2780 1237 2869 1291 ille
2902 1245 3302 1311 contemplatus
3330 1256 3433 1311 est,
3452 1248 3555 1302 iste

1989 1318 2452 1389 inscriptionem:
2505 1323 2558 1377 id
2606 1326 2872 1395 quidquid
2923 1338 3025 1394 est,
3091 1329 3433 1400 Sirmondus,
3494 1347 3555 1391 ut

1986 1420 2105 1464 erat
2144 1412 2426 1482 perspicax
2458 1424 2513 1469 et
2551 1432 2731 1471 rerum
2762 1421 3002 1488 prudens
3033 1425 3348 1490 :estimator,
3375 1445 3553 1499 neque

1986 1499 2133 1553 inter
2176 1503 2439 1571 epistolas
2472 1506 2791 1571 collocavit,
2840 1526 3017 1579 neque
3056 1514 3249 1569 ordine
3281 1533 3381 1571 suo
3412 1521 3555 1574 inter

1984 1588 2173 1655 libros,
2230 1591 2324 1645 sed
2378 1594 2529 1647 velut
2587 1597 2871 1665 rejiculum
2915 1603 3173 1669 quiddam
3223 1607 3276 1660 in
3314 1608 3552 1679 Operum

302 1683 414 1739 lib.
452 1700 512 1737 ιιι
546 1683 623 1736 De
659 1682 976 1754 imaginibus
1018 1684 1173 1753 plura
1212 1685 1502 1753 producit,
1543 1689 1606 1739 ὲκ
1637 1688 1735 1757 τῆς
1779 1689 1882 1742 ex-
1915 1679 1953 1731 Β
1982 1681 2317 1751 Appendice.
2364 1685 2565 1739 Scribit
2617 1696 2819 1753 tamen,
2848 1694 2992 1759 quod
3022 1696 3274 1752 mirabile
3306 1710 3409 1763 est,
3450 1702 3552 1756 Βα-

303 1775 753 1844 κλησιαστικῆς
780 1775 1064 1842 Ἱστορίας
1109 1776 1436 1848 Θεοδωρίτου
1467 1778 1607 1833 libro
1639 1781 1798 1835 tertio
1825 1790 1882 1835 et

305 1875 703 2009 qulgfoiierum
751 1956 1073 2026 jamdudum
1116 1958 1221 2012 viri
1269 1959 1416 2014 docti
1472 1960 1651 2014 locum
1692 1961 1884 2015 Dama-

304 2049 463 2103 sceni
490 2047 872 2114 emendarunt,
910 2058 965 2104 et
999 2065 1100 2119 pro
1132 2049 1466 2105 Tbeodorito
1508 2052 1880 2119 Theodorum,

303 2139 597 2194 Lectorem
626 2139 900 2206 videlicet,
927 2151 1293 2211 reposuerunt
1324 2161 1335 2194 :
1384 2158 1447 2197 ea
1495 2145 1642 2197 enim
1686 2145 1881 2198 Dama-

302 2245 513 2285 scenus
558 2239 844 2294 memorat,
892 2246 1033 2300 quae,
1085 2247 1155 2287 ne
1208 2232 1252 2287 si
1287 2235 1632 2289 centenarius
1661 2237 1881 2305 quidem
1944 2242 1947 2245 ’

301 2317 525 2379 fuisset,
558 2317 937 2372 Theodoretus
970 2320 1113 2373 scire
1135 2321 1422 2389 potuisset,
1442 2330 1503 2375 ut
1527 2323 1671 2391 quod
1702 2322 1883 2394 Olym-

301 2409 399 2478 pio
425 2409 629 2463 Ariano
649 2409 874 2479 contigit
904 2425 1049 2465 anno
1085 2410 1207 2465 498.
1248 2412 1450 2466 Eadem
1496 2415 1635 2468 ratio
1679 2416 1880 2470 refellit

302 2500 537 2569 pariter,
569 2499 715 2569 quod
762 2515 830 2554 ex
877 2499 1150 2555 Theodori
1190 2501 1551 2558 Collectaneis
1583 2505 1878 2560 adductum

300 2601 389 2644 est
423 2609 435 2642 :
476 2591 797 2645 Timotheus
824 2593 971 2647 enim
1012 2593 1424 2663 Salophaciolus
1451 2599 1682 2652 excessit
1704 2614 1733 2653 e
1768 2601 1878 2654 vita

302 2681 529 2734 circiter
563 2697 765 2735 annum
791 2682 913 2747 48f,
947 2699 1055 2752 quo
1084 2692 1327 2754 tempore
1356 2685 1656 2742 Calendion
1686 2690 1877 2742 Antio-

302 2772 498 2825 chena:
526 2772 783 2827 Ecclesia:
830 2774 1118 2844 praefectus
1153 2784 1255 2829 est.
1300 2776 1427 2842 Quae
1473 2778 1518 2831 si
1568 2779 1878 2848 scripsisset

302 2863 710 2928 Theodoretus,
738 2867 1108 2935 nonagenario
1138 2868 1311 2937 major
1350 2869 1678 2938 scripsisset.

376 2955 444 3007 Χ.
479 2956 703 3019 Verum,
724 2965 783 3009 ut
815 2972 882 3010 ne
908 2958 1199 3027 scrupulus
1224 2959 1368 3013 ullus
1387 2960 1605 3027 haereat,
1627 2963 1876 3032 aperien-

302 3045 431 3099 dum
455 3086 469 3109 ,
508 3047 632 3115 quis
672 3047 761 3101 ille
804 3048 876 3101 sit
905 3048 1285 3103 Theodoretus
1331 3050 1584 3106 Historia:
1616 3055 1871 3121 scriptor,

306 3138 462 3206 cujus
511 3138 763 3191 meminit
812 3138 1132 3194 Theodorus
1159 3140 1373 3195 Lector.
1422 3143 1567 3196 Nihil
1601 3160 1730 3199 vero
1763 3146 1872 3199 dici

309 3234 493 3295 potest
520 3236 615 3280 aut
648 3228 853 3292 verius,
888 3238 979 3283 aut
1001 3239 1147 3285 certe
1178 3232 1703 3303 probabilius,quam
1726 3236 1872 3304 quod

307 3315 716 3371 illustrissimus
759 3318 1049 3374 Annalium
1106 3322 1341 3391 scriptor
1380 3322 1546 3377 tradit
1574 3324 1662 3376 “z
1708 3324 1873 3379 exsti-

306 3404 440 3459 tisse
474 3408 687 3462 scilicet
728 3409 1103 3466 Thcodoretos
1150 3411 1288 3466 duos
1320 3429 1333 3465 :
1370 3414 1639 3467 seniorem
1677 3430 1870 3481 unum,

302 3498 396 3567 qui
423 3497 713 3569 Cyrensis;
738 3502 1015 3572 juniorem
1045 3506 1413 3576 alterum,qui
1442 3507 1870 3563 ecclesiasticam

299 3588 562 3659 Cyrensis
586 3590 880 3649 Historiam
914 3597 1271 3651 continuavit.
1315 3598 1539 3652 Addidit
1576 3600 1764 3670 junior
1801 3600 1869 3655 ad

300 3680 540 3735 senioris
588 3681 881 3736 Historiam
931 3685 1103 3740 libros
1146 3687 1411 3756 quinque,
1470 3690 1671 3757 quibus
1716 3707 1870 3746 com-

296 3771 494 3838 plexus
553 3781 635 3825 est
692 3774 962 3843 quidquid
1029 3792 1212 3830 rerum
1258 3778 1748 3835 ecclesiasticarum
1799 3782 1868 3836 ab

295 3871 442 3908 anno
476 3858 581 3911 427
610 3858 676 3912 ad
705 3860 903 3916 Justini
942 3863 1294 3933 imperatoris
1334 3867 1487 3922 initia
1522 3877 1732 3938 gestum
1760 3881 1864 3938 est;

295 3954 352 3997 et
383 3948 847 4015 quemadmodum
894 3951 983 4006 ille
1031 3953 1099 4007 ab
1135 3954 1251 4007 Arii
1293 3956 1534 4020 vesania,
1579 3958 1659 4011 sic
1690 3959 1792 4014 iste
1834 3976 1866 4015 a

294 4034 539 4088 Nestorii
568 4037 762 4092 hatresi
790 4039 1007 4094 initium
1036 4041 1211 4096 duxit.

362 4127 458 4181 Xl.
490 4130 695 4194 Quodsi
726 4132 855 4187 licet
880 4135 1189 4205 conjectura
1219 4136 1296 4191 uti
1332 4138 1388 4191 in
1435 4155 1494 4192 re
1537 4155 1566 4193 a
1604 4142 1865 4210 tempori-

1984 1775 2193 1838 ronius,
2229 1774 2517 1849 epistolam
2564 1777 2705 1832 hanc
2744 1795 2845 1834 suo
2886 1782 2941 1835 in
2978 1785 3167 1841 codice
3205 1793 3550 1859 praepositam

1982 1860 2151 1917 fuisse
2204 1864 2427 1934 reliquis
2460 1868 2527 1929 ⁷⁸,
2574 1876 2831 1938 tanquam
2889 1872 3219 1930 Theodoreti
3272 1878 3456 1944 fidem,
3495 1892 3553 1936 et

1981 1949 2319 2006 Nestorianze
2381 1954 2659 2010 societatis
2719 1959 2993 2026 publicam
3052 1967 3548 2035 renuntiationem;

1982 2041 2078 2095 sed
2111 2042 2165 2095 id
2195 2043 2396 2096 factum
2429 2046 2624 2114 opinor
2663 2047 2730 2101 ab
2761 2050 2944 2118 aliquo
2971 2055 3273 2111 amantiore
3302 2057 3550 2115 Thcodo-

1982 2130 2110 2197 rcti,
2143 2148 2306 2201 quam
2332 2135 2600 2189 veritatis.

2052 2221 2114 2274 ll.
2157 2222 2213 2274 In
2256 2222 2413 2277 libris
2454 2225 2690 2294 vulgatis
2735 2227 2912 2283 media
2965 2230 3050 2284 sui
3085 2242 3261 2301 parte,
3320 2238 3547 2292 totidem

1979 2311 2183 2375 verbis,
2214 2314 2433 2368 conficit
2469 2327 2632 2384 caput
2676 2318 2739 2371 12
2782 2319 2905 2372 libri
2949 2324 3127 2389 quarti
3168 2324 3549 2383 ereticarum

1980 2401 2303 2470 fabularum,
2332 2406 2477 2473 quod
2514 2406 2855 2475 inscribitur,
2884 2411 2959 2464 De
2983 2412 3263 2481 Ncstorio;
3302 2418 3548 2489 nihilque

1980 2490 2143 2545 habet
2170 2496 2426 2563 amplius,
2454 2506 2651 2565 prater
2679 2499 3102 2569 disputationem
3130 2508 3395 2576 prolixam
3419 2527 3544 2566 cum

1978 2579 2210 2649 ipsomet
2246 2583 2518 2649 Nestorio,
2551 2587 2618 2640 ad
2645 2604 2804 2656 quem
2840 2593 3013 2648 oratio
3036 2599 3406 2667 convertitur;
3437 2618 3545 2672 qua

1978 2674 2339 2729 conversione
2377 2677 2513 2730 nihil
2554 2687 2639 2733 est
2682 2679 3009 2738 insolentius
3036 2687 3179 2755 apud
3226 2688 3543 2748 Theodore-

1979 2772 2114 2817 tum.

2049 2876 2137 2931 lll.
2174 2877 2407 2949 Scripsit
2443 2898 2593 2948 vero,
2620 2886 2872 2957 quisquis
2901 2900 2984 2945 est
3018 2902 3226 2959 auctor,
3271 2908 3393 2967 post
3434 2900 3543 2953 Ne-

1902 3008 1944 3065 c
1979 2970 2232 3035 storium,
2251 2988 2360 3026 non
2387 2975 2550 3029 modo
2573 2976 2918 3046 deportatum
2953 2982 3007 3034 in
3041 2983 3241 3048 Oasim,
3266 2988 3358 3041 sed
3376 2989 3540 3045 etiam

1978 3061 2031 3114 in
2060 3062 2235 3116 reditu
2267 3064 2464 3119 misere
2497 3067 2822 3123 exstinctum
2856 3071 3015 3126 :facit
3040 3075 3184 3128 enim
3208 3081 3541 3137 mentionem

1976 3151 2374 3221 deportationis
2400 3164 2455 3209 et
2498 3156 2756 3213 interitus
2796 3177 2808 3212 :
2845 3161 3064 3231 scripsit
3096 3165 3261 3235 igitur
3291 3181 3413 3239 post
3445 3189 3545 3227 an-

1975 3258 2107 3298 num
2138 3245 2262 3308 M7,
2293 3261 2401 3315 quo
2431 3263 2575 3302 anno
2623 3250 2853 3318 periisse
2899 3252 3181 3311 Nestorius
3223 3263 3426 3328 apertis
3464 3274 3544 3320 te-

1974 3335 2267 3402 stimoniis,
2298 3346 2393 3392 aut
2417 3347 2563 3394 certe
2603 3345 2961 3411 argumentis,
2997 3350 3326 3405 ostenditur.

2042 3428 2131 3482 IV.
2171 3429 2340 3484 Nemo
2366 3441 2635 3498 veterum,
2675 3434 2821 3502 quod
2862 3436 3059 3501 sciam,
3096 3442 3341 3496 meminit
3381 3444 3537 3505 istius

1973 3518 2238 3589 epistola},
2275 3530 2547 3590 quatenus
2564 3538 2593 3577 a
2611 3524 2788 3593 capite
2813 3527 3106 3583 undecimo
3128 3532 3237 3601 jam
3263 3533 3408 3588 dicto
3437 3537 3540 3594 dif-

1971 3607 2097 3663 fert.
2122 3608 2255 3662 Nam
2290 3610 2553 3666 Leontius
2588 3612 2642 3666 in
2681 3628 2847 3682 Opere
2873 3615 2945 3668 De
2977 3620 3148 3681 sectis,
3183 3628 3238 3672 et
3283 3622 3537 3691 Theodo-

1972 3714 2067 3754 rus
2097 3700 2279 3755 Abbas
2313 3701 2369 3756 in
2407 3713 2730 3775 argumento
2764 3707 2952 3776 synodi
2978 3709 3284 3778 Ephesinae,
3311 3730 3373 3768 ac
3400 3716 3538 3769 Phoo

1972 3793 2082 3847 tius
2111 3791 2167 3845 in
2201 3791 2422 3859 Codice,
2462 3796 2831 3849 meminerunt
2865 3799 3034 3853 solius
3065 3801 3191 3855 libri
3227 3820 3278 3857 tv
3317 3806 3539 3861 licereli-

1969 3898 2153 3937 carum
2191 3881 2528 3952 fabularum,
2555 3884 2610 3938 in
2640 3901 2749 3955 quo
2780 3888 2977 3941 inserta
3002 3900 3104 3943 est.

2033 3972 2097 4027 ν.
2137 3974 2205 4027 Et
2230 3990 2361 4029 vero
2386 3976 2837 4047 scriptum,quod
2863 3978 2917 4033 in
2946 3980 3316 4049 Appendicem
3346 3989 3536 4058 rejecit

1968 4063 2318 4130 Sirmondus,
2362 4067 2679 4120 nonnullam
2729 4069 2950 4137 quidem
2994 4071 3404 4132 declamationis
3441 4087 3538 4133 aut

1966 4153 2212 4208 historiae
2242 4155 2480 4223 speciem
2505 4156 2745 4223 praefert,
2784 4160 2987 4213 nullam
3011 4161 3272 4230 epistolae.
3303 4166 3459 4233 Nam,
3486 4170 3537 4222 l°

292 4217 398 4272 bus
433 4222 639 4274 nostris
673 4222 967 4277 admodum
998 4237 1228 4286 remota,
1268 4243 1330 4280 ac
1373 4238 1594 4298 propter
1613 4239 1861 4284 veterum

1976 4244 2082 4297 Non
2112 4244 2277 4299 habet
2300 4245 2657 4299 honorificam
2686 4248 2823 4312 viri,
2855 4251 2940 4303 cui
2972 4252 3263 4319 scribitur,
3293 4261 3501 4327 compcl
3521 4290 3533 4300 -

290 4310 577 4364 Silentium
624 4312 878 4378 Obscura,
934 4315 1301 4371 TheOdoritus
1340 4318 1430 4373 ille
1458 4320 1645 4388 junior
1681 4322 1724 4352 ⁷⁷
1748 4336 1859 4374 non
1892 4334 1935 4387 D
1964 4332 2260 4396 lationem,
2300 4349 2461 4402 quam
2495 4333 2550 4387 in
2581 4334 2833 4403 epistolis
2874 4337 2940 4391 ad
2980 4349 3257 4409 magnates
3280 4346 3534 4402 omittere

289 4399 431 4453 alter
472 4401 692 4455 videtur
735 4418 873 4465 esse,
925 4420 1087 4474 quam
1122 4407 1442 4461 Alindorum
1485 4411 1774 4479 cpiscopus
1802 4410 1857 4464 in

289 4491 575 4559 provincia
606 4493 797 4558 Cariae,
822 4496 915 4563 qui
954 4511 1095 4550 anno
1134 4498 1236 4552 536
1283 4500 1515 4554 concilio
1549 4500 1858 4556 Constanti-

290 4586 614 4652 nopolitano
658 4588 864 4643 Mennre
900 4592 1186 4646 interfuit:
1225 4602 1436 4664 tempus
1460 4597 1626 4662 enim,
1661 4615 1857 4653 nomen

286 4683 345 4728 et
378 4676 619 4731 eruditio
643 4688 969 4749 congruunt.

358 4763 479 4819 XII.
518 4766 578 4821 In
610 4771 853 4841 catalogo
878 4772 1217 4829 Hebed-Jesu
1253 4777 1459 4830 mentio
1508 4777 1572 4831 fit
1608 4777 1858 4835 Historia:

1968 4423 2350 4478 Theodoretus
2396 4439 2508 4478 non
2551 4426 2710 4479 solet.
2754 4427 2812 4478 2°
2849 4427 3011 4482 Caret
3045 4432 3217 4485 amica
3268 4434 3529 4501 clausula,

1965 4529 2129 4583 quam
2156 4513 2541 4568 Theodoretus
2564 4515 2652 4568 vix
2694 4517 2900 4584 pariter
2932 4534 3168 4587 unquam
3204 4527 3532 4590 praetermit-

1966 4606 2050 4659 tit.
2078 4606 2132 4659 5ο
2160 4606 2542 4660 Praefationem
2580 4608 2825 4661 continet
2868 4610 3165 4678 prolixam,
3219 4613 3528 4684 locumque,

1963 4705 2024 4749 ut
2048 4697 2223 4761 aiunt,
2250 4712 2618 4762 communem,
2642 4714 2751 4767 quo
2788 4699 2924 4752 nihil
2959 4700 3250 4757 absurdius
3274 4716 3533 4772 peccatur

1963 4785 2017 4839 in
2045 4786 2398 4854 epistolarum
2423 4795 2620 4852 artem,
2643 4787 2893 4858 religiose
2914 4804 2943 4843 a
2964 4789 3311 4845 Theodoreto
3341 4793 3531 4849 obser-

293 4858 577 4925 tujusdam
605 4901 619 4923 ,
672 4877 791 4930 qua:
845 4864 1087 4934 quinque
1148 4866 1305 4922 libris
1368 4870 1859 4938 comprehenderet
1958 4884 2159 4928 vatam.
2201 4877 2256 4930 4°
2294 4876 2597 4932 Fastidiosa
2645 4879 2735 4932 illa
2786 4881 3031 4948 praefatio
3072 4883 3218 4936 aliud
3251 4883 3387 4937 nihil
3422 4895 3527 4947 est,

286 4946 617 5015 ejectionem
660 4951 932 5019 Nestorii,
976 4964 1030 5009 et
1073 4958 1277 5021 omnia,
1314 4973 1433 5026 qua:
1460 4958 1513 5010 in
1541 4960 1646 5013 illis
1676 4962 1854 5031 regio-
1957 4980 2120 5034 quam
2171 4966 2407 5020 imitatio
2443 4968 2691 5035 quaedam
2727 4946 2890 5037 atque
2931 4971 3280 5038 amplificatio
3316 4973 3527 5044 prologi

284 5041 460 5095 nibus
505 5054 655 5113 gesta
689 5056 832 5100 sunt.
877 5050 1079 5104 Auctor
1121 5050 1325 5103 dicitur
1368 5051 1605 5106 lrenteus
1636 5053 1852 5124 Tyrius,
1950 5055 2096 5108 libro
2128 5063 2325 5123 quarto
2366 5055 2753 5110 Haereticarum
2785 5057 3087 5126 fabularum
3124 5059 3352 5129 praefixi,
3380 5041 3528 5131 quod

282 5130 625 5201 aequalisque
668 5133 1017 5191 Theodoreto
1068 5137 1316 5192 innuitur
1361 5138 1480 5208 ipso
1516 5143 1857 5196 recensionis
1951 5147 2162 5215 puerile
2189 5146 2404 5201 vitium.
2437 5147 2492 5202 5°
2524 5146 2711 5202 Oratio
2733 5148 2801 5201 ad
2833 5149 3147 5205 Nestorium
3182 5153 3359 5223 ipsum
3392 5170 3525 5209 con-

282 5222 501 5277 ordine.
555 5223 778 5279 Venerit
816 5226 1042 5282 fortasse
1076 5231 1131 5282 in
1180 5239 1417 5284 mentem
1474 5230 1637 5286 alicui
1672 5234 1853 5303 suspi-
1953 5238 2210 5301 vertitur,
2244 5238 2550 5308 cujusmodi
2579 5237 2722 5308 apud
2749 5238 3158 5297 Theodoretum
3197 5244 3253 5299 in
3277 5245 3528 5315 epistolis

1620 5384 1936 5441 SCHULZH
1977 5386 2207 5443 NOTAE.

349 5493 400 5575 ς¹⁶
421 5492 646 5580 14211121.]
670 5503 707 5547 t.
744 5496 843 5580 ill,
876 5512 929 5578 p_.
964 5498 1097 5580 655._
1194 5499 1393 5580 "Haec
1445 5502 1666 5580 quidem
1694 5504 2018 5580 conjectura
2068 5504 2247 5561 Caveo
2288 5508 2518 5580 aliisque
2571 5525 2628 5566 se
2671 5511 3095 5572 commendavit,
3150 5511 3245 5565 sed
3287 5511 3527 5580 iunioris

282 5563 431 5617 illius
457 5563 787 5618 Theodoreti
815 5563 1013 5635 scripta
1049 5568 1139 5621 vix
1169 5563 1770 5637 potueruut'Gennadio
1798 5563 2165 5642 innotescere,
2202 5584 2263 5631 ut
2287 5563 2402 5648 jam’
2430 5563 2656 5635 'monuit
2681 5563 3260 5638 fabriciusBililietli.
3287 5563 3381 5636 δέ.
3417 5563 3525 5633 vol:

281 5632 365 5695 Vl,
396 5648 449 5702 p.
478 5633 601 5687 124.
682 5634 723 5664 ⁷⁸
758 5634 880 5689 Vid.
934 5651 1119 5705 supra,
1150 5653 1204 5707 p.
1240 5639 1361 5695 505.
