4024 6152
461 217 568 281 3Ξ5

1583 213 1961 277 GARNERII
2000 219 2498 283 DISSERTATIO
2535 224 2593 283 II

3615 228 3718 293 356

459 327 552 382 vix
587 325 889 397 quidquam
939 322 1202 396 reperias.
1236 322 1398 395 5.07
1446 323 1502 379 δ’
1533 321 1723 381 Scatet
1742 326 2034 397 phrasibus
2066 336 2112 392 Α
2139 330 2431 400 docuerit;
2459 335 2619 406 cujus
2646 335 2951 392 doctrinam
2977 337 3448 397 anathematizare
3474 341 3546 396 sit
3573 343 3716 402 idem

458 432 528 472 ex
566 416 831 487 Gregorio
873 415 1153 485 Theologo
1197 414 1485 484 pueriliter
1515 413 1796 485 decerptis
1821 457 1836 483 ,
1886 418 2033 488 quod

459 506 747 577 indignum
806 506 1174 560 Theodoreto.
1228 504 1509 575 Decerpta:
1547 513 1679 560 sunt
1717 506 1838 564 istae
1864 509 2042 563 mani-

460 600 603 653 feste
661 612 730 651 ex
776 595 1033 651 Oratione
1094 598 1150 649 in
1205 595 1563 650 Athanasium
1602 596 1672 653 ".
1724 597 1930 669 Ἀλλην
1981 599 2040 663 ἐξ

456 688 626 759 ἄλλης
648 688 893 758 ἀμείϐων
921 687 1127 758 χώραν,
1158 688 1414 758 καθάπερ
1458 687 1799 760 Αἰγυπτιακὴ
1826 707 1910 754 τις
1939 691 2042 761 μά-

463 781 579 847 στιξ
610 783 675 851 τῇ
714 780 925 852 μεγάλῃ
975 779 1086 833 τῶν
1126 780 1443 851 ’Δντιοχέων
1479 780 1747 851 ἐνέσκηψε
1770 782 1944 847 πόλει,
1983 784 2040 836 ὲν

458 869 631 940 ταύτῃ
680 869 854 937 λόγων
892 869 1214 939 ἐλευθερίων
1257 871 1493 942 μετρίως
1540 871 1916 944 μετεσχηκώς.
1971 874 2040 928 Et

458 961 621 1029 paulo
654 972 780 1030 post
800 959 846 993 ⁸ο
876 1002 889 1015 .
924 962 1189 1015 Ἐνταῦθά
1220 979 1309 1030 μοι
1335 964 1521 1016 λοιπὸν
1551 964 1645 1017 καὶ
1672 965 1740 1017 τὰ
1766 965 2039 1036 δράματα,

458 1044 532 1102 ὧν
558 1048 756 1120 μικροῦ
792 1050 1007 1121 πλήρης
1036 1053 1186 1105 ’πᾶσα
1208 1055 1279 1122 γῆ
1311 1068 1368 1105 τε
1392 1053 1485 1105 καὶ
1517 1052 1775 1106 θάλαττα.
1816 1053 1905 1116 Ὠς
1931 1053 2042 1124 γὰρ

456 1140 548 1193 τὸν
588 1141 842 1211 μέγιστον
866 1145 1070 1196 ἐκεῖ-,ον
1102 1143 1367 1197 κατέλαϐε
1402 1143 1609 1214 θρόνον,
1640 1144 1892 1215 καθάπερ
1919 1145 2042 1199 τινὰ

460 1233 751 1304 τυραννίδα
783 1234 882 1305 τῆς
915 1234 1327 1307 ἀρχιερωσύνης
1362 1236 1462 1309 τὴν
1501 1238 1834 1307 προστασίαν
1867 1239 2042 1309 ἁρπά-

461 1341 579 1385 σας.
628 1324 708 1379 Ex
760 1324 1015 1380 Oratione
1059 1327 1131 1380 ad
1176 1325 1404 1381 Arianae
1442 1327 1532 1379 ἐξ
1576 1329 1726 1381 Οἴκοι
1766 1327 1834 1381 τὰ
1872 1329 2040 1384 πολλὰ

459 1412 684 1482 βιϐλίοις
729 1417 1078 1486 προσανέχων
1101 1456 1115 1478 ,
1156 1418 1247 1470 καὶ
1298 1417 1417 1470 καθ’
1453 1418 1681 1488 ἡσυχίαν
1716 1418 1891 1489 ἑαυτῷ
1915 1436 2044 1488 συγ-

454 1505 758 1575 γινόμενος.
805 1504 1066 1575 Spurium
1098 1506 1267 1576 igitur
1289 1515 1375 1560 est
1408 1514 1572 1576 atque
1625 1508 2040 1578 supposititium

458 1594 537 1658 id,
575 1598 954 1668 cujuscunque
982 1597 1130 1651 modi
1161 1608 1266 1662 est,
1296 1599 1584 1668 scriptum.

2138 440 2203 480 ac
2234 426 2408 496 ipsam
2432 427 2695 498 pietatem
2734 429 3034 497 damnare;
3072 432 3167 502 qui
3199 431 3401 504 injuste
3428 441 3487 490 et
3532 434 3717 508 inique

2137 517 2430 575 damnatus
2460 521 2534 575 sit
2565 520 2803 591 Ephesi;
2855 538 3019 593 quem
3051 525 3187 579 socii
3218 534 3470 595 pastores
3497 527 3717 586 calamis

2137 609 2327 679 inique
2375 610 2717 675 occiderint;
2758 613 2916 682 cujus
2972 612 3391 669 damnatoribus
3438 631 3718 688 nunquam

2138 702 2256 772 ipse
2280 702 2351 757 sit
2378 703 2905 768 communicaturus,
2933 704 3036 759 etsi
3067 705 3418 762 membratim
3439 706 3718 779 discerpa-

2138 802 2249 850 tur.
2288 813 2307 846 ι
2358 795 2517 849 Nunc
2552 810 2704 860 vero,
2744 795 2791 849 si
2825 795 2897 849 sit
2932 804 3127 851 auctor
3172 796 3439 866 epistolas,
3481 814 3590 868 qua
3653 800 3719 855 de

2138 886 2343 957 agitur,
2405 886 2662 941 eumdem
2712 886 2953 956 appellat
3015 905 3034 938 ι
3100 894 3395 954 amentem,
3444 888 3718 959 ﬂagellum

2139 977 2542 1049 Egyptiacum,
2571 979 2998 1033 instrumentum
3023 978 3287 1034 daemonis
3309 979 3719 1037 mendaciorum

2140 1069 2336 1139 patris,
2370 1069 2745 1125 Christianum
2785 1070 2967 1140 specie
2999 1070 3173 1141 magis
3205 1085 3369 1140 quam
3400 1071 3601 1143 reipsa,
3636 1083 3720 1144 ty-

2142 1162 2389 1217 rannidis
2414 1162 2812 1227 aﬂ‘ectatorem,
2857 1162 3110 1233 impium,
3166 1161 3571 1232 blasphemum,
3620 1179 3723 1219 nu-

2139 1254 2345 1324 gacitcr
2375 1252 2721 1319 delirantem,
2748 1254 2917 1308 stulta
2940 1253 3265 1323 sapientem,
3288 1253 3383 1323 qui
3408 1254 3717 1325 simplicem

2140 1355 2197 1401 et
2219 1345 2457 1400 artiﬁcio
2480 1356 2761 1401 carentem
2803 1345 2965 1401 ﬁdem
2998 1355 3240 1401 nostram
3270 1345 3602 1403 Grmnicis
3630 1364 3720 1403 ar-

2141 1437 2309 1508 gutiis
2338 1438 2594 1504 turbarit,
2632 1437 2725 1508 qui
2763 1437 3083 1508 pontiﬁcatu
3122 1453 3222 1509 per
3261 1447 3479 1493 sanctos
3517 1438 3718 1509 Ephesi

2141 1539 2539 1601 congregatos,
2592 1529 2780 1585 divino
2829 1529 3093 1600 suﬁragio
3149 1529 3397 1601 deiectus
3452 1531 3567 1597 sit,
3623 1533 3718 1603 qui

2144 1619 2327 1674 edicto
2356 1620 2703 1691 imperatoris
2724 1619 2910 1675 Oasim
2930 1621 3119 1691 jussus
3141 1620 3413 1685 habitare,
3431 1622 3526 1692 qui
3546 1621 3718 1679 futuri

526 1689 613 1743 Vl.
654 1687 758 1743 Sed
780 1690 1029 1759 spurium
1061 1704 1184 1744 esse
1218 1689 1396 1759 ipsum
1438 1707 1659 1762 quoque
1708 1704 1876 1765 caput
1906 1695 2041 1750 duo-

2144 1713 2438 1784 impiorum
2464 1713 2715 1784 supplicii
2748 1714 2899 1768 illinc
2931 1713 3226 1784 sumpserit
3259 1713 3544 1769 exordium
3565 1755 3579 1781 ,
3607 1730 3720 1771 sua:

456 1782 731 1836 decimum
755 1783 881 1837 libri
905 1783 1085 1851 quarti
1127 1782 1511 1839 [hereticorum
1542 1786 1870 1856 fabularum,
1895 1789 2039 1845 invi-

458 1880 623 1940 toque
650 1871 999 1926 Theodoreto
1034 1880 1307 1939 assutum,
1342 1874 1546 1932 invicte
1580 1877 1873 1934 conﬁcitur
1896 1878 1965 1945 ⁸¹,
1993 1882 2039 1937 si

456 1962 814 2017 conferantur
844 1964 991 2018 inter
1015 1978 1095 2029 se,
1131 1974 1247 2020 tum
1269 1967 1391 2036 quae
1430 1967 1814 2028 Theodoretus
1847 1972 1903 2027 in
1930 1989 2041 2029 uno

455 2056 759 2125 eodemque
784 2071 951 2125 opere
988 2056 1371 2112 Haereticarum
1391 2059 1695 2130 fabularum
1719 2062 1904 2131 habet,
1924 2073 2040 2121 tum

454 2162 576 2215 quze
615 2148 684 2201 de
726 2146 983 2203 Nestorio
1008 2149 1395 2219 episcopisque
1435 2152 1557 2222 ejus
1603 2152 2039 2222 damuatoribus,

455 2240 573 2307 ipse
605 2248 662 2294 et
691 2240 994 2294 assumenti
1028 2248 1223 2295 auctor
1249 2242 1523 2298 scribunt.

528 2325 638 2382 Vll.
673 2327 1131 2385 Theodoretusin
1152 2331 1473 2400 praefatione
1493 2334 1762 2390 librorum
1796 2338 2041 2410 quinque

455 2418 843 2473 [hereticorum
865 2419 1173 2490 fabularum
1207 2422 1529 2492 pollicetur,
1562 2440 1621 2481 se
1654 2427 1921 2484 adversus
1946 2446 2043 2487 eos

453 2512 862 2581 disputaturum
901 2513 957 2568 in
993 2513 1137 2569 libro
1154 2514 1374 2585 quinto,
1392 2532 1628 2586 quorum
1665 2519 1718 2574 in
1741 2521 1865 2577 aliis
1884 2539 2043 2579 erro-

457 2618 547 2658 res
583 2603 945 2673 exposuisset.
1004 2604 1186 2672 Quare
1228 2607 1485 2662 hortatur
1540 2610 1745 2665 ibidem
1794 2629 1912 2679 eos,
1943 2616 2040 2686 qui

454 2696 653 2751 lecturi
693 2705 843 2761 sunt,
881 2715 899 2748 ‹
939 2704 1001 2751 ut
1051 2698 1438 2755 haereticorum
1479 2700 1796 2771 dogmatum
1843 2720 2042 2761 unum-

451 2788 709 2859 quodque
748 2805 874 2845 cum
906 2790 1161 2846 veritatis
1210 2790 1462 2847 doctrina
1505 2805 1843 2865 comparent,
1883 2801 2042 2871 cujus

453 2880 531 2933 rei
570 2880 745 2951 gratia
781 2880 1012 2950 quintus
1065 2881 1209 2936 liber
1256 2884 1606 2953 conscriptus
1650 2884 1764 2939 sit:
1821 2887 2041 2945 visuros

451 2972 656 3042 quippe
678 2972 821 3027 hanc
846 2972 1022 3026 divini
1059 2973 1302 3043 Spiritus
1336 2976 1557 3031 oracula
1586 2977 1764 3047 sequi,
1794 2979 1886 3034 illa
1906 2996 2039 3036 vero

451 3040 634 3133 pravas
651 3062 1003 3133 cogitationis
1021 3040 1240 3118 inventa
1256 3079 1397 3120 esse.
1411 3084 1429 3117 ι
1448 3066 1611 3137 Atqui
1629 3040 1792 3134 lib.v,
1807 3085 1925 3141 cap.
1947 3072 1971 3125 1
1986 3073 2035 3138 1,
2066 3040 2108 3100 α

450 3154 594 3224 quod
612 3164 697 3209 est
712 3156 847 3226 Περὶ
864 3155 966 3225 τῆς
981 3154 1074 3208 τοῦ
1103 3157 1355 3229 Σωτῆρος
1384 3159 1713 3230 οἰκονομίας,
1727 3162 1829 3217 etsi
1850 3178 2041 3219 recen-

451 3255 567 3301 seat
585 3246 965 3302 hrereticorum
992 3248 1237 3315 nomina,
1255 3265 1491 3319 quorum
1508 3258 1668 3306 antea
1685 3254 1949 3310 retulerat
1970 3257 2039 3312 de

453 3340 849 3396 incarnationis
867 3340 1132 3411 mysterio
1162 3355 1382 3397 errores
1414 3358 1427 3395 :
1462 3343 1698 3412 appellat
1722 3345 1871 3400 enim
1902 3346 2039 3401 Cer-

452 3431 673 3495 donem,
716 3432 1071 3496 Marcionem,
1118 3430 1423 3497 Manetem,
1458 3432 1785 3489 Cerinthum
1810 3476 1825 3501 ,
1870 3436 2039 3492 Ebio-

450 3538 631 3589 meos,
669 3523 1103 3585 Theodotianos,
1142 3522 1605 3589 Artemonianos,
1657 3525 2034 3593 Pbotinianos,

451 3614 665 3679 Arium,
723 3615 1079 3680 Eunomium,
1138 3622 1194 3669 et
1255 3615 1689 3686 Apollinarium;
1744 3633 1816 3671 ne
1865 3619 2039 3675 verbo

452 3703 678 3775 quidem
735 3703 1047 3759 Nestorium
1099 3710 1195 3757 aut
1259 3713 1559 3768 memorat,
1612 3714 1707 3760 aut
1763 3706 2036 3778 indigitat.

455 3795 729 3851 Debuerat
756 3803 964 3860 tamen,
1014 3794 1060 3849 si
1095 3794 1251 3866 prius
1276 3795 1425 3850 inter
1460 3795 1756 3852 hareticos
1783 3799 2034 3855 censuis-

452 3895 556 3943 set.

525 3999 659 4055 Vlll.
695 3999 926 4065 Deinde,
963 3998 1230 4055 credibile
1284 4014 1395 4053 non
1452 4009 1556 4066 est,
1601 4000 2032 4073 Theodoretum,

449 4092 546 4163 qui
577 4107 733 4147 suam
770 4090 1057 4162 magniﬁce
1084 4090 1455 4162 deprtcdicare
1478 4091 1676 4147 solitus
1700 4101 1786 4147 est
1817 4092 1872 4148 in
1904 4111 2036 4165 pro-

451 4184 635 4255 posito
684 4183 923 4239 tenendo
977 4182 1367 4247 constantiam,
1431 4183 1637 4253 quique
1698 4184 2039 4241 conﬁdenter

451 4281 636 4345 negat,
683 4288 742 4328 se
778 4272 1016 4328 similem
1040 4271 1256 4343 polypis
1299 4272 1915 4344 cbamelaeontibusque,
1967 4275 2037 4330 ad

2142 1803 2317 1873 ipsius
2340 1804 2595 1859 amentia:
2622 1802 2799 1858 factus
2828 1803 3153 1858 ludibrium.
3185 1824 3203 1856 ι
3244 1804 3378 1871 Quis
3400 1804 3519 1860 haec
3554 1806 3719 1861 unius

2141 1895 2384 1950 hominis
2410 1895 2581 1950 verba
2616 1910 2738 1950 esse
2770 1894 2979 1960 credat,
3021 1896 3153 1950 licet
3193 1895 3424 1951 diversis
3459 1897 3722 1966 tempori-

2142 1987 2293 2043 bus?
2321 1986 2456 2054 Quis
2482 1988 2634 2042 illius
2658 1987 2867 2052 credat,
2910 1986 3006 2057 qui
3036 2003 3107 2043 ne
3143 1986 3198 2042 in
3225 1988 3460 2043 concilio
3495 1989 3720 2059 quidem

2139 2079 2598 2145 Cbalccdonensi,
2637 2079 2989 2150 quantumvis
3019 2088 3249 2151 utraque
3290 2089 3532 2151 potestas
3554 2097 3722 2153 urge-

2141 2180 2247 2237 ret,
2310 2172 2628 2229 Nestorium
2674 2181 2888 2242 sponte,
2945 2171 3042 2229 sed
3096 2174 3151 2227 vi
3208 2180 3422 2229 tantum
3476 2182 3718 2240 coactus,

2142 2264 2487 2320 damnaverit
2516 2265 2541 2318 Ἰ
2996 2258 3001 2267 ’

2212 2356 2396 2424 Quid?
2444 2356 2591 2429 quod
2645 2357 2995 2414 damnatores
3039 2357 3302 2423 Nestorii,
3348 2373 3487 2428 quos
3511 2358 3719 2429 episto-

2142 2449 2210 2504 ιω
2239 2447 2287 2481 ⁸³
2317 2457 2510 2504 auctor
2538 2456 2758 2504 sanctos
2771 2456 2952 2513 vocat,
2980 2455 3036 2502 et
3060 2447 3249 2503 divino
3277 2446 3488 2519 Spiritu
3513 2447 3722 2503 amatos

2143 2542 2301 2607 dicit,
2339 2541 2726 2597 Theodoretus
2752 2538 2799 2572 “
2836 2541 3076 2612 appellat
3113 2559 3131 2590 ι
3170 2539 3555 2595 interfectores
3582 2540 3721 2595 socii

2141 2634 2400 2705 pastoris,
2428 2644 2782 2704 corruptores
2812 2632 2984 2688 vineae
3028 2632 3133 2687 sibi
3170 2632 3413 2698 creditas,
3462 2631 3720 2702 inquina-

2144 2734 2292 2781 tores
2316 2726 2587 2796 portionis
2624 2726 2939 2789 Dominicze,
2966 2725 3305 2780 desolatores
3337 2724 3453 2795 agri
3492 2722 3718 2789 Christi,

2141 2818 2287 2872 ﬁlios
2317 2825 2615 2887 apostatas,
2657 2832 2893 2886 quorum
2940 2831 3138 2871 manus
3164 2816 3387 2887 pollutae
3433 2816 3718 2887 sanguine,

2140 2926 2205 2966 os
2251 2909 2575 2965 meditatum
2619 2908 3007 2979 iniquitatem,
3056 2909 3239 2979 lingua
3282 2909 3603 2979 injustitiam
3646 2908 3722 2963 lo-

2141 3009 2298 3067 cuta;
2340 3020 2356 3053 I
2388 3000 2578 3056 etalio
2614 3000 2668 3056 in
2696 3001 2848 3069 loco,
2888 3021 2906 3051 ι
2938 3000 3136 3055 surdos
3183 3010 3238 3054 et
3285 3014 3455 3054 caseos
3502 3007 3725 3071 spontao

2142 3107 2301 3157 neos,
2332 3099 2516 3146 mente
2555 3099 2762 3161 captos,
2797 3089 3218 3161 Apollinariana:
3255 3088 3552 3160 impietatis
3582 3105 3723 3159 prte-

2147 3198 2336 3248 cones,
2357 3181 2576 3237 invidia:
2614 3181 2907 3251 mancipia,
2938 3180 3032 3251 qui
3065 3179 3286 3235 veritati
3322 3179 3571 3250 proprias
3594 3194 3719 3249 pas-

2143 3275 2330 3328 siones
2384 3272 2701 3343 praeferant,
2748 3271 2953 3342 quique
2997 3279 3222 3341 propter
3263 3270 3531 3326 humanas
3554 3271 3724 3325 alter-

2140 3364 2387 3419 cationes
2417 3365 2529 3419 Deo
2562 3363 2816 3434 proelium
2858 3362 3059 3417 inferre
3094 3362 3210 3417 ausi
3245 3363 3375 3427 sint,
3410 3372 3518 3418 etc.
3559 3381 3578 3415 ι
3615 3362 3724 3418 lte-

2140 3473 2266 3512 rum
2304 3457 2451 3522 dico,
2480 3456 2604 3527 quis
2634 3455 2825 3511 credat
2852 3455 2970 3510 haec
3018 3455 3088 3509 ab
3134 3470 3245 3509 uno
3284 3455 3589 3525 eodemque
3616 3454 3721 3510 lio--

2141 3551 2312 3615 mine,
2362 3558 2419 3605 et
2456 3548 2680 3620 quidem
2714 3556 2932 3603 amante
2977 3547 3175 3602 famam
3203 3546 3721 3612 constantiaa,dicta

2139 3658 2282 3706 esse,
2334 3657 2440 3697 nec
2486 3641 2787 3697 indicatum
2820 3640 2933 3694 ullo
2961 3639 3167 3703 verbo,
3212 3654 3336 3709 qua:
3383 3646 3531 3693 tanta
3556 3654 3722 3695 causa

2139 3732 2308 3788 fuerit
2340 3740 2562 3787 mutatae
2590 3739 2739 3785 tanta
2767 3731 2823 3784 in
2849 3744 2909 3783 re
2936 3729 3267 3784 sententiae?

2209 3824 2278 3879 Χ.
2316 3825 2519 3893 Verum
2584 3822 2768 3879 adhuc
2814 3822 3058 3893 pressius
3108 3830 3387 3877 auctorem
3420 3820 3723 3878 assumenti

2139 3926 2197 3972 et
2242 3916 2656 3972 Theodoretum
2693 3915 2873 3985 ipsum
2918 3928 3332 3983 componamus.
3393 3912 3720 3978 Aitauctor,

2140 4018 2200 4059 se
2232 4003 2469 4068 nescire,
2506 4002 2815 4075 cujusmodi
2848 4001 3049 4056 studiis
3093 4000 3165 4056 sit
3198 4000 3501 4057 innutritus
3521 4000 3723 4057 Nesto-

2140 4094 2281 4151 rius.
2333 4094 2555 4150 Sciebat
2598 4093 2770 4164 probe
2813 4092 3218 4163 Theodoretus,
3272 4090 3548 4146 Theodori
3602 4091 3723 4146 llo-

2138 4184 2421 4255 psuesteni
2472 4182 2673 4239 studiis
2712 4182 3043 4237 innutritum
3077 4198 3090 4235 :
3119 4180 3225 4235 fuit
3249 4179 3398 4235 enim
3443 4178 3724 4236 condisci-

2139 4275 2304 4345 pulus
2342 4273 2570 4330 Joannis
2625 4272 2954 4328 Autiocheni
2980 4312 2995 4338 ,
3040 4271 3283 4328 Joannes
3331 4270 3572 4326 Nestorii
3615 4268 3724 4325 sub

451 4370 467 4387 '
499 4364 748 4437 singula,
793 4365 996 4436 quibus
1050 4363 1435 4420 adhaerescunt
1477 4380 1740 4436 corpora,
1801 4365 2034 4424 formam
2070 4379 2109 4430 ο
2140 4365 2435 4421 Theodoro
2460 4364 2744 4436 magistro.

448 4457 967 4524 commutantibus;
1000 4458 1097 4527 qui
1126 4456 1444 4512 Nestorium
1476 4456 1759 4512 immensis
1780 4458 2038 4516 laudibus

448 4550 746 4615 extulerat,
784 4557 842 4604 et
885 4549 955 4604 iis
1003 4547 1228 4619 quidem
1270 4547 1529 4618 publicis,
1571 4563 1635 4603 ac
1667 4556 1785 4603 toto
1818 4548 2041 4606 Oriente

454 4638 513 4691 in
577 4645 774 4692 testem
831 4637 1141 4707 appellato,
1205 4636 1260 4689 iu
1312 4636 1565 4691 eumdem
1614 4647 1804 4707 postea
1848 4639 2044 4694 eﬂ‘reni

447 4729 671 4784 licentia
698 4728 1096 4784 debacchatum
1123 4742 1267 4793 esse,
1295 4727 1443 4782 nulla
1475 4728 1631 4798 prius
1658 4729 2033 4787 admonitione

449 4821 756 4893 praemissa,
791 4837 900 4891 qua
933 4835 1127 4875 causas
1158 4826 1511 4875 commutatae
1547 4820 1834 4877 sentcntiae
1861 4823 2031 4879 lecto-

447 4915 624 4978 ribus,
650 4912 1079 4970 inconstantiam
1104 4910 1434 4983 objecturis,
1471 4911 1748 4968 redderet.

512 5007 607 5063 IX.
632 5007 949 5064 Nestorium
985 5013 1135 5061 certe
1177 5018 1291 5059 non
1323 5003 1492 5060 semel
1537 5012 1698 5060 antea
1741 5014 2035 5062 vocaverat

451 5119 470 5152 ι
507 5098 921 5172 pientissimum
958 5105 1018 5154 et
1044 5096 1418 5154 venerabilem
1466 5094 1808 5167 episcopum,
1847 5097 2030 5151 virum

441 5187 894 5256 sanctissimum,
947 5203 1337 5258 summumque
1385 5187 1481 5243 Dei
1522 5187 1885 5255 sacerdotem,
1938 5189 2035 5260 qui
2076 5228 2089 5241 .

441 5280 586 5338 nihil
638 5289 840 5353 praeter
899 5282 1206 5338 doctrinam
1257 5281 1425 5355 5.08
1476 5296 1664 5336 sanam
1726 5280 1945 5337 noverit
1979 5290 2036 5337 et

2207 4454 2301 4511 Ait
2349 4463 2565 4522 auctor,
2616 4454 2932 4510 Nestorium
2964 4454 3127 4510 aliam
3180 4470 3246 4510 ex
3287 4454 3394 4509 alia
3438 4452 3723 4525 regionem

2140 4555 2529 4610 commutasse,
2584 4546 2917 4617 tandemque
2966 4546 3022 4600 in
3070 4560 3322 4618 magnam
3371 4542 3724 4601 Antiochiam

2142 4639 2435 4710 irrupisse.
2490 4638 2872 4695 Theodoretus
2918 4647 3152 4697 noverat
3186 4638 3391 4695 vixisse
3432 4636 3490 4692 in
3539 4636 3726 4692 Laura

2143 4732 2318 4787 sancti
2364 4732 2628 4802 Euprepii
2675 4747 2846 4803 prope
2900 4731 3274 4797 Antiochiam,
3312 4732 3422 4786 imo
3448 4739 3501 4787 et
3525 4731 3728 4786 Antio-

2141 4822 2282 4878 Chiae
2312 4822 2669 4894 baptizatum,
2695 4839 2821 4879 cum
2854 4821 3036 4878 adhuc
3066 4832 3215 4879 esset
3246 4839 3404 4894 puer.

2138 4966 2145 4975 ,
2210 4914 2304 4968 Ait
2356 4924 2584 4978 auctor,
2631 4914 2938 4970 ostendisse
2984 4913 3302 4971 Nestorium
3352 4913 3408 4969 in
3449 4911 3723 4978 exordio,

2141 5004 2322 5074 qualis
2359 5011 2471 5059 tota
2507 5005 2619 5059 vita
2638 5014 2786 5061 esset
2831 5004 3071 5060 futurus.
3123 5001 3283 5061 Hune
3340 5002 3730 5059 Theodoretus

2142 5097 2347 5168 ubique
2368 5096 2574 5167 passim
2598 5096 3029 5162 sanctissimum,
3058 5105 3116 5153 et
3152 5096 3326 5168 ipsam
3360 5109 3501 5167 pene
3548 5094 3732 5167 pieta-

2140 5197 2252 5244 tem
2277 5195 2457 5244 vocat.

2208 5278 2351 5347 Quid
2384 5280 2563 5350 plura,
2588 5279 2903 5335 Nestorium
2923 5289 3118 5336 auctor
3139 5280 3466 5337 nominatim
3499 5286 3558 5336 et
3585 5293 3732 5333 con-

1791 5436 2110 5494 SCHULZH
2142 5434 2371 5491 ΝυΤᾸΞ.

503 5555 549 5589 τ’
577 5551 714 5608 Vide
732 5552 1123 5626 __verba_is‘ta,
1144 5553 1315 5626 _t._l\_l,
1349 5569 1403 5626 p.
1457 5553 1628 5626 “in.
1721 5552 1965 5626 “ilbid.,
2001 5568 2039 5622 p

2144 5551 2295 5626 945._
2318 5551 2382 5626 ’ξ’
2414 5548 2555 5605 Ibid.
2594 5619 2606 5626 _
2637 5549 2798 5626 _“_De
2838 5546 3229 5626 bag_Gat_'nerii
3271 5541 3560 5626 δεροξρεή
3596 5537 3738 5626 vida

431 5638 616 5691 supra.
663 5629 700 5670 ι-
728 5610 916 5695 ινῖν.
947 5622 1071 5678 ass.
1098 5610 1161 5657 ἰι
1181 5610 1458 5695 Ερίέιὸιιε.
1489 5622 1740 5679 Oudinus
1771 5625 1810 5678 ι.
1845 5638 1921 5689 οη
1948 5610 2041 5693 pf:

418 5690 570 5747 adt/it
615 5702 784 5749 ι’θιίω,

2144 5622 2197 5688 5,
2229 5619 2383 5676 addit
2408 5628 2456 5674 et
2485 5619 2675 5690 capitis
2706 5618 2792 5676 12.
2837 5618 2882 5653 ⁸⁵
2913 5618 3279 5675 Theodoretus.
3312 5610 3573 5671 Uudinus
3592 5610 3643 5706 l.
3668 5624 3738 5668 c.
