4024 6152
204 222 309 284 35ῖ

1375 210 1472 269 DE
1512 209 1766 269 LIBRIS
1804 207 2255 269 THEODORET
2264 210 2288 267 Ι
2348 210 2357 219 ”’

3353 218 3457 283 358

206 330 459 400 temptim
512 327 791 397 appellat;
838 324 1003 396 409
1044 338 1313 393 nusquam
1363 323 1497 387 fere,
1530 332 1624 376 aut
1650 338 1786 376 non—
1816 326 1857 382 Α
1951 321 2063 375 XV.
2096 321 2325 385 Deinde,
2359 324 2572 376 tametsi
2619 323 2931 386 Historiam,
2970 341 3076 395 qua
3116 326 3183 381 de
3221 327 3451 397 agimus,

202 423 310 475 nisi
335 418 636 474 honoriﬁce
654 417 1049 471 Theodoretus.
1072 416 1139 470 Et
1168 430 1299 468 vero
1313 415 1358 446 ⁸⁵
1386 415 1561 483 capite
1583 415 1638 466 ll
1657 415 1781 468 libri

201 512 390 581 quinti
423 526 547 563 cum
581 516 932 562 enumeraret
978 508 1213 561 hmreses
1251 506 1512 560 adversus
1542 506 1787 558 incarna-

202 603 382 657 tionis
414 599 597 663 ﬁdem,
631 600 1078 669 singularumque
1123 607 1374 652 auctores
1402 606 1457 651 et
1491 598 1787 649 acerrimos

200 695 535 749 defensores
568 699 904 751 recenseret,
936 690 1140 742 nullam
1194 689 1324 741 fecit
1373 687 1607 741 Nestorii
1638 701 1790 739 men-

200 787 464 849 tionem;
520 782 788 835 debuerat
831 790 1013 834 tamen
1055 779 1313 843 maxime,
1360 794 1483 833 cum
1537 785 1789 847 ageretur

206 874 279 928 de
308 873 384 926 iis
416 871 509 940 qui
535 870 815 924 Christum
842 884 1043 938 purum
1070 868 1346 921 hominem
1383 868 1658 921 dixerunt.

278 960 380 1013 XI.
412 960 575 1027 Atqui
605 958 806 1013 dixerit
839 958 1111 1027 Quispiam
1140 975 1152 1009 :
1192 957 1422 1011 Photius
1455 966 1511 1010 et
1542 955 1791 1010 Theodo—

203 1066 305 1103 rus
340 1049 551 1111 Abbas,
580 1056 837 1101 auctores
866 1047 1056 1116 procul
1092 1047 1261 1100 dubio
1296 1061 1489 1115 graves
1541 1054 1595 1098 ct
1646 1044 1789 1097 anti—

204 1141 328 1209 qui.
386 1146 554 1207 caput
609 1138 995 1191 duodecimum
1032 1138 1156 1191 libri
1194 1136 1371 1205 quarti
1410 1136 1790 1189 ercticarum

208 1229 548 1299 fabularum,
567 1227 711 1296 quod
739 1228 807 1281 ab
831 1227 1062 1297 epistola
1088 1241 1199 1280 non
1222 1226 1427 1289 diﬁ‘ert,
1447 1225 1792 1278 Theodoreto

208 1323 510 1383 tribuunt;
558 1320 692 1388 quin
738 1319 904 1372 etiam
958 1318 1223 1373 Leontius
1290 1326 1347 1370 et
1414 1316 1793 1372 Theodoretus

210 1412 345 1465 inde
378 1408 576 1480 jubcnt
623 1408 866 1479 agnosci,
910 1416 1176 1476 quantum
1202 1422 1400 1462 exosus
1433 1417 1580 1461 esset
1610 1406 1791 1460 Theo~

209 1504 415 1557 doreto
436 1502 724 1557 Nestorius
754 1518 767 1553 :
793 1500 932 1554 adde
965 1499 1111 1568 quod
1141 1499 1462 1570 jubentibus
1492 1504 1794 1567 paruerunt

210 1597 593 1664 posteriorum
617 1604 925 1661 temporum
960 1591 1067 1643 viri
1094 1606 1224 1645 sane
1250 1589 1628 1653 eruditissimi,
1653 1604 1791 1658 quo-

214 1704 342 1741 rum
379 1686 695 1755 opinionem
723 1684 1031 1739 convellere
1055 1698 1164 1737 non
1198 1683 1333 1737 levis
1352 1688 1435 1737 est
1457 1697 1655 1751 operte.

284 1778 408 1832 XII.
448 1779 523 1831 Ea
549 1793 634 1831 me
667 1775 830 1837 ratio,
855 1776 1051 1839 fateor,
1078 1774 1172 1829 diu
1200 1774 1374 1828 tenuit
1404 1790 1503 1827 suo
1524 1780 1799 1827 momento

212 1884 556 1939 suspensum
598 1884 662 1923 ac
702 1867 955 1932 dubium,
995 1882 1099 1921 nec
1140 1866 1440 1920 etiamnum
1477 1865 1609 1919 sinit
1644 1879 1796 1927 esse,

214 1972 295 2015 tot
337 1963 467 2015 licet
497 1962 771 2029 tantisque
794 1961 849 2014 in
875 1960 1211 2014 contrarium
1240 1957 1574 2027 argumentis
1600 1972 1800 2025 urgen-

216 2052 392 2113 tibus,
437 2049 831 2103 certissimum.
871 2049 1076 2103 Verum
1122 2064 1153 2101 a
1192 2047 1467 2101 sententia
1511 2045 1798 2111 dimoveri,

216 2160 319 2198 nec
350 2142 609 2204 istorum,
636 2156 737 2195 nec
773 2140 989 2194 illorum
1017 2140 1341 2193 auctoritate
1369 2154 1591 2207 possum
1613 2155 1625 2203 ;
1644 2137 1801 2191 video

217 2234 428 2302 quippe
455 2247 563 2299 qua
595 2238 744 2299 parte
775 2230 1025 2283 elevetur
1054 2228 1097 2257 ⁸⁸
1125 2246 1138 2280 :
1172 2244 1296 2280 nam
1330 2227 1435 2280 viri
1464 2241 1804 2294 consequen-

218 2329 288 2380 tis
314 2325 418 2379 τεκνὶ
454 2322 719 2387 Leontio,
750 2321 945 2375 Photio
987 2328 1042 2374 et
1087 2318 1375 2373 Theodoro
1403 2317 1756 2372 crediderunt
1787 2333 1798 2367 :

222 2418 493 2472 Leontius
548 2425 729 2469 autem
770 2429 895 2467 cum
955 2412 1172 2465 duobus
1219 2410 1331 2464 fere
1385 2419 1508 2479 post
1557 2407 1800 2470 saeculis,

225 2507 456 2562 Photius
492 2504 688 2565 tribus,
712 2502 1035 2557 Theodorus
1069 2500 1249 2554 adhuc
1280 2499 1456 2553 serius
1484 2496 1800 2566 scripserit;

227 2606 530 2669 potuerunt
555 2612 665 2650 non
696 2594 988 2649 admodum
1021 2591 1223 2647 difﬁcili
1271 2590 1489 2660 negotio
1523 2590 1655 2651 falli,
1703 2588 1805 2641 hac

228 2687 531 2758 appendice
550 2684 871 2754 jamdudum
888 2682 957 2735 ab
982 2682 1167 2749 aliquo
1192 2678 1526 2733 Theodoreti
1558 2676 1805 2729 studioso

228 2781 291 2835 ad
354 2780 560 2832 librum
604 2786 859 2845 quartum
921 2773 1304 2828 [hereticorum
1350 2768 1651 2839 fabularum
1708 2767 1804 2820 atl-

230 2873 365 2926 dita.

1889 415 2273 469 Theodoretus
2316 414 2572 485 (Iyrensis
2612 431 2720 469 non
2756 416 3058 486 scripserit,
3106 426 3285 487 potest
3318 418 3457 474 alter

1888 506 2105 575 aliquis,
2166 522 2270 559 nec
2315 506 2570 575 ignobilis
2618 522 2718 560 nec
2760 507 2985 561 alterius
3040 509 3299 570 nominis,
3347 509 3456 564 dici

1889 606 2099 649 auctor.
2125 594 2265 650 Olim
2284 605 2433 650 certe
2450 598 2816 651 Damascenus
2839 607 2893 651 et
2914 599 3235 653 Theodorus
3262 600 3459 654 Lector

1890 686 2112 740 Patrum
2140 696 2321 751 aetate,
2360 687 2627 741 Baronius
2653 704 2783 741 vero
2802 689 2867 742 ad
2891 706 3092 743 annum
3120 690 3243 753 494,
3277 707 3331 744 n.
3370 689 3458 755 60,

1890 778 2204 846 producunt
2255 778 2654 832 Theodoretum
2700 780 2951 843 alterum,
2991 781 3082 849 qui
3133 780 3464 835 Ecclesiasti-

1892 884 2007 921 cam
2033 870 2308 922 historiam
2331 871 2721 938 composuerit,
2749 872 2952 940 quique
2984 874 3140 942 longe
3172 889 3200 926 a
3236 872 3462 943 Cyrensi

1892 957 2078 1020 distet,
2108 973 2232 1011 cum
2272 974 2360 1012 res
2388 959 2674 1012 Anastasio
2718 960 3018 1029 imperante
3050 973 3227 1031 gestas
3256 972 3460 1017 narret.

1896 1047 2055 1101 Hunc
2078 1056 2295 1103 veteres
2336 1048 2411 1101 illi
2450 1048 2558 1101 duo
2586 1048 2992 1104 Theodoretum
3018 1052 3337 1120 simpliciter
3365 1068 3463 1123 ap-

1893 1139 2119 1207 pellant,
2149 1139 2425 1208 juniorem
2450 1139 2715 1193 Baronius
2734 1142 3245 1211 nominat,eumque
3278 1154 3465 1213 aperte

1893 1226 2090 1295 probat
2121 1242 2229 1292 non
2256 1242 2285 1279 a
2316 1224 2539 1295 Cyrensi
2590 1234 2798 1279 tantum
2847 1227 3195 1282 Theodoreto
3220 1230 3464 1293 diﬁ‘erre,

1896 1318 1991 1371 sed
2023 1317 2189 1371 etiam
2241 1333 2272 1371 a
2318 1317 2607 1370 Theodoro
2642 1318 2891 1382 Leetore,
2930 1320 2983 1372 in
3011 1334 3119 1388 quo
3148 1320 3465 1375 Damasceni

1896 1407 2238 1462 Scholiasten
2281 1409 2479 1461 merito
2507 1408 2752 1478 castigat,
2814 1419 2876 1463 ut
2921 1425 3081 1479 quem
3117 1420 3363 1479 oporteat
3388 1413 3470 1466 in-

1894 1500 2111 1555 curiose
2143 1509 2418 1553 versatum
2455 1516 2575 1555 esse
2607 1503 2661 1554 in
2687 1501 2807 1554 loco
2834 1501 3467 1572 Damasceni,siquidem

1895 1590 2297 1646 emendandum
2332 1599 2485 1645 ratus
2533 1592 2633 1655 sit,
2685 1608 2994 1661 nomenque
3045 1594 3319 1648 Theodori
3368 1608 3468 1664 pro

1830 1668 2121 1736 l3nomine
2168 1682 2497 1737 Theodoreti
2552 1682 2975 1753 subjiciendum.
3044 1684 3269 1751 Quantae
3320 1686 3467 1739 enim

1903 1773 2128 1828 incuriae
2182 1781 2268 1827 est
2323 1773 2513 1828 isthaec
2571 1774 2903 1839 emendatio,
2973 1791 3096 1829 cum
3151 1776 3473 1830 Theodorus

1902 1865 2305 1918 'l‘heodoretum
2347 1863 2495 1918 hunc
2547 1864 2767 1918 laudet?
2818 1865 3050 1919 Baronio
3103 1875 3470 1920 consentanea

1901 1955 2092 2009 scribit
2116 1957 2200 2009 vir
2238 1957 2493 2010 eruditus
2532 1956 2799 2011 Henricus
2844 1957 3091 2012 Valesius
3126 1958 3180 2010 in
3211 1954 3470 2012 Notis'ad

1903 2048 2177 2102 Theodori
2206 2048 2573 2103 Collectanea.

1973 2162 2109 2215 XVI.
2146 2161 2336 2217 Sentio
2366 2164 2532 2232 igitur
2562 2172 2733 2217 totum
2767 2162 2817 2217 id
2853 2163 2918 2228 '",
2953 2163 3097 2232 quod
3125 2163 3208 2216 vel
3244 2163 3473 2232 epistola

1903 2252 1985 2307 vel
2039 2252 2216 2321 capite
2277 2253 2603 2307 duodecimo
2659 2255 2993 2318 continetur,
3059 2271 3089 2307 a
3133 2254 3477 2308 Theodoreto

1898 2345 2116 2414 juniore
2148 2346 2511 2413 compositum
2545 2346 2732 2408 fuisse,
2768 2356 2822 2400 et
2853 2347 3196 2416 suppositum
3228 2346 3473 2418 Cyrensi.

1906 2433 2063 2487 Ratio
2100 2431 2374 2486 sentiendi
2431 2443 2531 2495 est,
2587 2435 2731 2503 quod
2785 2445 3190 2500 assumentum,
3238 2453 3347 2506 quo
3409 2437 3478 2491 de

1906 2522 2141 2591 agimus,
2203 2530 2411 2591 partem
2479 2522 2647 2577 fuisse
2700 2524 2952 2577 Historiae
3006 2524 3298 2577 ostendant
3344 2525 3475 2588 tria,

1905 2613 2223 2675 exordium,
2279 2613 2519 2667 medium
2581 2622 2633 2666 et
2687 2613 2829 2668 ﬁnis.
2890 2614 2979 2669 Sic
3034 2615 3177 2668 enim
3243 2617 3475 2687 incipit:

1915 2722 1932 2754 ‹
1970 2705 2266 2773 Postquam
2304 2706 2509 2759 mundo
2547 2707 2806 2775 paulatim
2839 2708 3075 2771 labente,
3121 2716 3173 2761 et
3213 2709 3279 2761 ad
3316 2710 3481 2780 hujus

1908 2795 2149 2848 universi
2196 2796 2613 2849 dissolutionem
2660 2797 2973 2859 festinante,
3002 2799 3377 2868 unusquisque
3419 2817 3479 2855 se

1911 2886 2167 2939 idoneum
2206 2886 2426 2954 pietatis
2451 2889 2769 2957 magistrum
2807 2890 3159 2953 existimavit,
3192 2908 3315 2945 cum
3348 2908 3476 2960 pro-

301 2961 439 3015 Xlll.
477 2960 586 3014 Sed
629 2973 739 3027 (1110
780 2967 1025 3048 ιςιηροτς
1070 2952 1220 3007 fraus
1245 2952 1435 3048 fama?
1458 2949 1613 3048 εῖτ-(ἕξ
1642 2949 1805 3048 quin“
1834 2995 1875 3048 ο
1908 2985 2029 3044 pter
2079 2949 2401 3043 ignorantiae
2452 2949 2650 3029 fastum
2710 2994 2871 3031 nemo
2900 2979 3107 3033 discere
3149 2949 3474 3043 sustine-ret,

234 3066 365 3117 tam,
404 3053 625 3121 opinor,
658 3047 925 3120 synodum
946 3086 960 3109 ,
996 3046 1052 3100 in
1096 3060 1202 3114 qua
1228 3044 1517 3097 damnatus
1551 3039 1805 3094 Theodo-

237 3153 383 3197 retus
410 3156 537 3195 cum
560 3148 728 3201 esset,
754 3136 991 3191 voluerit
1026 3135 1257 3189 fortasse
1288 3132 1555 3202 quispiam
1612 3144 1805 3199 purum

235 3232 617 3289 consensionis
634 3246 757 3285 cum
782 3228 1038 3283 Nestorio
1058 3233 1336 3295 praestare,
1355 3221 1676 3290 czeterisque
1698 3235 1805 3272 non

232 3323 633 3378 curiosissimis
681 3320 937 3382 suadere,
988 3317 1133 3371 haud
1175 3316 1336 3369 aliam
1370 3314 1539 3367 fuisse
1587 3312 1809 3365 damna-

231 3414 409 3470 tionis
436 3427 673 3475 causam,
708 3426 870 3478 quam
897 3408 1044 3478 quod
1078 3405 1364 3476 injuriose,
1389 3412 1448 3457 ut
1478 3402 1538 3455 ﬁt
1566 3400 1809 3456 fervente

231 3505 629 3577 disputatione,
653 3501 1027 3571 cum‘Cyrillo
1056 3496 1617 3553 contendisset.Tunc
1648 3492 1810 3546 credo

234 3598 456 3658 factam,
488 3606 546 3647 ut
581 3609 705 3647 cum
753 3592 978 3661 hujusce
1006 3586 1387 3643 consensionis
1433 3584 1811 3639 Theodoretus

235 3689 440 3744 litteris
472 3687 527 3740 in
569 3685 761 3755 quinta
796 3681 1002 3752 synodo
1032 3679 1221 3733 relatis
1266 3676 1423 3732 facile
1454 3676 1810 3731 convincere-

238 3791 351 3841 tur,
377 3779 478 3831 has
508 3777 576 3829 ab
608 3774 881 3828 hatreticis
916 3769 1177 3825 conﬁctas
1197 3763 1356 3822 amici
1393 3765 1721 3820 Theodoreti
1758 3764 1813 3817 in

238 3870 436 3937 vulgus
498 3867 788 3934 jactarent.
854 3860 983 3926 Quae
1039 3858 1181 3911 fama
1234 3855 1465 3910 Leontio
1519 3853 1811 3923 imposuit,

236 3958 640 4029 quinquaginta
697 3953 916 4008 circiter
950 3958 1073 4021 post
1105 3964 1277 4002 annos
1320 3947 1520 4001 librum
1554 3946 1619 4000 de
1654 3944 1815 3999 sectis

236 4051 525 4107 scribenti.

304 4138 450 4192 XIV.
500 4134 607 4191 Sed
643 4133 870 4187 instabit
899 4131 1099 4201 aliquis
1146 4148 1158 4183 :
1206 4129 1261 4184 Si
1311 4126 1592 4198 popularis
1631 4123 1817 4193 Opinio

238 4231 506 4287 convulsa
540 4237 681 4291 ruat,
720 4225 962 4294 illudque
1012 4230 1385 4279 assumentum
1434 4218 1559 4273 libri
1586 4219 1697 4287 jam
1731 4215 1816 4269 di-

241 4324 311 4377 cti
343 4320 758 4391 supposititium
794 4320 886 4382 sit,
923 4317 1143 4371 nutabit
1174 4315 1309 4369 ﬁdes
1335 4310 1579 4367 historite
1611 4309 1677 4363 de
1704 4323 1818 4361 mo-

240 4415 401 4466 ribus
444 4420 503 4465 et
549 4410 662 4463 vita
710 4408 950 4464 Nestorii
1005 4404 1308 4462 Antiochiae
1346 4410 1498 4466 acta,
1535 4415 1656 4469 quae
1690 4397 1817 4451 inde

242 4512 458 4557 tantum
488 4503 626 4556 disci
657 4502 907 4556 creditur
942 4516 956 4552 :
988 4498 1264 4568 quomodo
1305 4496 1451 4549 enim
1483 4494 1689 4547 incerto
1718 4506 1818 4545 au—

239 4596 383 4652 ctori
413 4605 563 4649 certa
599 4595 733 4649 ﬁdes
767 4592 1135 4647 adhibeatur?
1180 4591 1378 4645 Verum
1425 4587 1528 4640 etsi
1566 4583 1820 4638 Theodo-

240 4694 400 4741 retus
468 4701 579 4738 non
636 4685 707 4738 sit
766 4682 1065 4737 assumenti
1126 4688 1341 4743 auctor,
1403 4692 1513 4731 non
1560 4674 1820 4729 continuo

242 4779 431 4849 ignota
467 4786 631 4831 erunt
654 4791 773 4845 qua:
807 4775 875 4827 de
904 4774 1013 4827 vita
1040 4771 1279 4827 Nestorii
1320 4770 1426 4823 hoc
1459 4768 1515 4822 in
1546 4767 1667 4820 loco
1709 4773 1820 4818 tra-

242 4870 459 4922 duntur
488 4885 501 4919 :
537 4882 662 4919 nam
691 4866 891 4935 primo,
917 4879 1037 4933 qum
1067 4878 1195 4916 vera
1224 4867 1371 4922 sunt,
1392 4866 1452 4912 ut
1479 4856 1677 4910 eximia
1703 4854 1819 4908 elo-

244 4956 502 5028 quentia,
532 4954 921 5023 extemporalis
940 4950 1157 5006 dicendi
1185 4947 1434 5009 facultas,
1459 4954 1513 4999 et
1540 4944 1821 4998 abstinen-

245 5052 358 5112 tia,
418 5046 625 5117 quibus
678 5042 1146 5099 conciliatricibus
1196 5035 1556 5108 imperatoris
1595 5034 1824 5103 gratiam

245 5139 487 5207 adeptus
507 5144 611 5199 est,
658 5150 724 5189 ex
767 5136 836 5189 Μ.
871 5135 1169 5188 Mercatore
1196 5128 1441 5199 ejusdem
1480 5140 1605 5179 cum
1633 5124 1826 5178 Nesto-

248 5230 333 5282 rio
388 5226 589 5290 artatis,
651 5224 812 5296 510
872 5232 1033 5292 atque
1074 5222 1238 5276 etiam
1285 5234 1350 5273 ex
1396 5216 1619 5271 Socrate
1668 5215 1825 5268 inno-

247 5328 495 5376 tescunt.

1909 3066 2182 3120 homicida
2217 3067 2449 3129 daemon,
2496 3067 2766 3121 mendacii
2806 3076 2979 3137 pater,
3017 3070 3348 3124 zizaniorum
3395 3087 3481 3126 se-

1910 3157 2175 3219 minator,
2231 3173 2341 3210 non
2394 3158 2628 3226 amplius
2656 3160 2753 3227 per
2786 3170 3041 3213 externos
3076 3170 3129 3214 et
3164 3162 3481 3217 manifestos

1911 3246 2095 3299 hostes
2128 3245 2389 3299 adversus
2419 3232 2717 3300 Ecclesium
2754 3264 2902 3301 arma
2928 3249 3118 3315 movit,
3148 3250 3241 3303 sed
3274 3251 3480 3304 instru-

1911 3345 2155 3389 mentum
2188 3342 2401 3395 nactus,
2437 3336 2580 3404 quod
2609 3352 2847 3400 omnem,
2878 3346 2935 3390 ut
2971 3338 3043 3392 ita
3068 3338 3267 3403 dicam,
3294 3340 3481 3395 subito

1912 3426 2030 3495 ejus
2061 3434 2232 3478 artem
2268 3426 2592 3493 susciperet,
2631 3428 2733 3480 sub
2775 3438 2937 3483 rectae
2968 3430 3244 3499 opinionis
3276 3431 3480 3500 specie,

1917 3514 2219 3568 divinitatis
2244 3515 2406 3567 simul
2436 3524 2489 3567 et
2524 3514 2879 3570 humanitatis
2913 3519 3186 3588 Unigcniti
3240 3521 3486 3589 negatio-

1917 3621 2042 3658 nem
2076 3605 2305 3669 inducit,
2334 3606 2634 3674 simplicem
2667 3614 2721 3659 et
2744 3607 2975 3661 artiﬁcio
3001 3620 3277 3665 carentem
3322 3611 3483 3665 ﬁdem

1918 3705 2158 3749 nostram
2185 3696 2514 3750 Grzecanicis
2541 3698 2878 3752 conturbans
2909 3700 3135 3769 argutiis
3174 3700 3239 3754 ⁸⁸.
3290 3722 3306 3753 ι
3344 3702 3487 3756 Tum

1916 3786 2151 3839 Nestorii
2190 3787 2411 3839 nomine
2444 3788 2749 3857 appellato,
2804 3789 3203 3861 descriptisque
3260 3794 3486 3849 minori-

1919 3878 2021 3929 bus
2043 3916 2055 3939 ,
2106 3884 2162 3929 et
2210 3877 2446 3928 narratis
2480 3876 2712 3940 artibus,
2745 3878 2969 3946 quibus,
3000 3888 3058 3931 ut
3087 3880 3353 3948 loquitur,
3380 3882 3487 3937 Ec-

1918 3967 2098 4020 clesize
2138 3965 2755 4036 Constantinopolitanze
2812 3969 3088 4039 totiusque
3122 3971 3349 4039 proinde
3394 3988 3489 4027 or-

1918 4056 2004 4109 bis
2043 4055 2411 4124 principatum
2441 4057 2670 4127 adeptus
2693 4060 2764 4113 sit
2801 4078 2811 4111 :
2840 4079 2857 4110 ‹
2893 4061 3022 4114 Inde
3046 4061 3181 4114 mihi
3208 4061 3489 4134 deinceps,

1919 4146 2026 4207 ait,
2111 4145 2388 4198 enarratio
2462 4148 2889 4216 tragmdiarum,
2978 4164 3099 4219 qua:
3175 4159 3375 4206 terram
3434 4160 3493 4208 et

1922 4249 2071 4287 mare
2104 4234 2499 4303 propemodum
2532 4235 2895 4304 impleverint.
2934 4256 2950 4287 ι
3002 4237 3208 4293 Deinde
3246 4242 3495 4309 exponit,

1852 4343 1891 4394 ι)
1921 4326 2196 4393 quomodo
2220 4338 2274 4378 et
2303 4326 2609 4395 cujusmodi
2650 4326 2883 4380 hteresin
2920 4327 3206 4381 Nestorius
3247 4332 3496 4399 propala-

1925 4413 2100 4477 verit;
2143 4421 2257 4465 tum
2298 4412 2533 4466 subdit:
2581 4431 2599 4462 ι
2639 4411 2763 4466 Haec
2814 4429 2844 4466 a
2888 4429 2973 4466 me
3017 4428 3189 4481 pauca
3217 4414 3282 4467 de
3308 4416 3501 4469 multis

1925 4504 2068 4558 dicta
2091 4510 2237 4564 sunt,
2263 4502 2391 4554 dum
2416 4501 2483 4554 ad
2516 4502 2800 4569 sequentia
2828 4502 3051 4556 festinat
3089 4505 3285 4559 oratio.
3327 4523 3345 4554 ι
3375 4504 3497 4561 Mox

1929 4598 2183 4647 enarrata
2230 4589 2472 4643 breviter
2509 4589 2746 4643 Nestorii
2795 4590 2862 4643 ab
2904 4592 3199 4660 Ephesinis
3240 4594 3501 4650 Patribus

1929 4682 2294 4752 depositione,
2336 4680 2713 4749 dcportatione
2733 4683 2886 4751 jussu
2923 4683 3268 4753 imperatoris
3311 4685 3366 4739 in
3396 4684 3500 4741 0a-

1930 4776 2056 4835 sim,
2113 4782 2168 4826 et
2234 4772 2507 4826 horrenda
2556 4783 2756 4837 morte,
2805 4774 2980 4844 pergit
3023 4775 3076 4828 in
3130 4775 3247 4831 hzec
3288 4776 3499 4830 verba:

1937 4885 1953 4916 ι
1984 4866 2132 4931 Quae,
2176 4864 2304 4932 quia
2347 4873 2476 4917 sunt
2520 4863 2587 4917 ab
2616 4864 2736 4918 aliis
2768 4874 3042 4931 enarrata,
3085 4866 3501 4935 praetermittere

1926 4962 2354 5007 consentaneum
2383 4962 2484 5006 est.
2523 4952 2602 5005 Ad
2632 4952 2707 5016 id,
2733 4953 2878 5021 quod
2912 4954 3155 5008 historia:
3183 4962 3287 5019 est,
3312 4953 3503 5009 venia-

1926 5061 2067 5099 mus.
2112 5063 2128 5095 ι
2159 5044 2233 5097 Ex
2266 5043 2353 5098 his
2377 5044 2583 5108 verbis,
2621 5059 2757 5113 quur,
2781 5045 2907 5113 quia
2937 5052 3058 5096 sunt
3094 5043 3159 5097 ab
3190 5043 3349 5117 411
3380 5043 3503 5099 alii:

1926 5144 2204 5197 enarrata,
2235 5133 2519 5190 manifesta
2553 5134 2933 5204 suppeditatur
2956 5135 3353 5191 demonstratio
3375 5151 3506 5206 sup-

1930 5219 2251 5291 positionis;
2303 5235 2427 5272 nam
2472 5220 2539 5273 de
2585 5228 2761 5273 morte
2803 5219 3041 5273 Nestorii
3080 5221 3306 5290 ejusque
3338 5220 3504 5275 modo

1932 5309 2097 5363 silent
2123 5308 2376 5363 Socrates
2399 5317 2454 5363 et
2489 5307 2859 5363 Sozomenus:
2894 5325 3003 5363 non
3040 5326 3170 5365 vero
3204 5319 3506 5380 potuerunt

1588 5444 1906 5500 SCllULle
1944 5444 2178 5501 NOTAE.

316 5575 366 5607 ⁸⁸
391 5572 509 5627 Hoc
551 5578 874 5640 argumento
903 5571 1013 5637 jam
1057 5584 1191 5623 usus
1219 5574 1335 5622 erat
1370 5566 1397 5636 ᾗ

1439 5566 1609 5637 ’λῇ-εξ
1641 5564 1900 5619 Elabcndi
1941 5564 2085 5637 viam
2126 5564 2237 5637 jam
2256 5564 2592 5637 quaesiverat

2620 5564 2649 5633 ς
2682 5565 2734 5619 4.
2772 5565 2815 5597 ετ
2849 5566 2971 5621 vid.
3010 5561 3229 5634 Dupinii
3259 5560 3521 5621 Biblioth.

256 5652 530 5700 auctorum
566 5634 770 5706 «Elea,
813 5650 849 5693 t.
884 5634 972 5705 Ν,
1010 5656 1064 5706 p.
1101 5639 1201 5692 103
1235 5652 1349 5705 seq.
1378 5634 1390 5636 ⁷
1425 5636 1469 5667 ⁸⁸
1499 5634 1623 5688 Vid.
1655 5650 1840 5704 supra,
1877 5645 1916 5689 t.
1950 5634 2038 5698 IV,
2079 5634 2139 5703 νζ
2175 5634 2297 5709 δϋες
2323 5649 2439 5703 seq.
2476 5642 2532 5690 et
2572 5634 2699 5688 1041
2750 5651 2868 5706 seq.
