4024 6152
536 177 643 241 359
1674 174 2050 236 GAIiNERII
2089 174 2578 237 DISSERTATIO
2622 179 2674 237 II
3675 178 3764 243 360

539 285 710 354 loqui,
737 299 862 339 cum
896 285 986 340 ille
1009 284 1075 340 ad
1102 297 1304 338 annum
1328 282 1452 348 440,
1490 281 1591 338 iste
1629 284 1696 338 ad
1730 286 1835 339 454
1860 282 2114 338 Historia:
2142 285 2189 343 Α
2215 279 2478 336 donensis
2499 283 2904 353 cognitoribus,
2962 299 3072 338 non
3101 283 3231 339 fecit
3252 283 3586 339 mentionem
3611 285 3764 340 victo-

539 376 706 432 ﬁnem
746 377 1099 448 imposuerit;
1146 375 1434 430 Nestorius
1479 391 1608 430 vero
1667 391 1812 430 anno
1854 375 1955 428 M7
1986 390 2112 443 per-
2219 371 2312 426 ria:
2337 371 2405 426 de
2430 373 2682 428 Nestorio
2705 383 3014 443 reportatae,
3049 390 3176 429 cum
3203 375 3383 429 virum
3418 383 3525 428 tam
3549 375 3765 432 nobilem

539 467 686 522 ierit.
2217 468 2437 529 tamque
2464 461 2780 532 religiosum
2803 461 3089 515 laudaret?
3310 462 3318 470 “

612 554 774 608 XVII.
813 551 1087 607 Credibile
1115 552 1279 622 igitur
1299 559 1384 607 est
1420 569 1433 606 :
1472 552 1526 605 l°
1553 554 1943 607 Assumentum
1971 551 2116 607 istud
2285 552 2427 618 Cur,
2478 554 2526 607 si
2552 565 2678 608 ante
2704 571 2737 609 v
2761 554 3030 625 synodum
3057 553 3267 607 exstitit
3295 560 3391 607 aut
3415 551 3664 622 epistola,
3689 560 3768 607 aut

540 645 687 698 aliud
715 644 850 696 nihil
887 658 1028 708 esse,
1078 659 1243 712 quam
1287 643 1573 698 exordium
1603 642 1857 698 Historia:
1880 660 1910 697 a
1934 644 2115 698 Theo-
2217 653 2380 714 caput
2420 644 2808 701 duodecimum
2832 687 2846 710 ,
2909 660 3088 715 neque
3131 661 3162 700 a
3201 645 3585 700 defensoribus
3610 645 3768 701 Theo-

540 735 753 796 doreto,
785 749 947 808 quem
971 734 1247 803 juniorem
1271 734 1531 798 diximus,
1560 735 1895 803 compositze.
1952 735 2011 788 2ο
2035 735 2116 789 Ab
2217 735 2393 790 doreti
2415 736 2672 791 Facundo
2691 748 2747 792 ct
2766 738 3048 802 Liberato,
3071 752 3250 806 neque
3276 752 3307 790 a
3329 737 3529 806 Vigilio
3556 753 3688 806 papa
3723 737 3770 790 in

542 823 647 876 hoc
661 824 780 894 juni
792 840 892 882 ore
907 826 1280 879 continuatam
1293 841 1414 880 esse
1436 826 1741 890 historiam,
1759 841 1919 896 quam
1933 826 2118 880 senior
2219 825 2528 891 Constituto,
2547 843 2726 898 neque
2739 843 2769 882 a
2781 828 3036 882 Patribus
3051 844 3082 882 ν
3100 828 3312 898 synodi,
3329 827 3442 881 veri
3460 827 3772 894 amantibus,

540 915 609 967 ab
645 915 862 969 Arianis
895 916 1072 970 turbis
1118 917 1185 970 ad
1211 927 1454 986 tempora
1479 915 1706 971 Sisinnii
1737 916 1904 987 (hunc
1920 916 2117 970 Nesto-
2218 917 2546 973 alterutrum
2577 928 2675 973 aut
2700 928 2995 989 utrumque
3020 920 3246 974 allatum
3265 927 3351 973 est
3383 918 3438 972 in
3458 918 3773 972 Theodoreti

540 1006 656 1060 rius
681 1006 948 1076 excepit),
998 1023 1096 1077 per
1129 1023 1302 1062 annos
1331 1016 1550 1062 centum
1573 1017 1628 1062 et
1649 1007 1912 1077 quinque,
1943 1007 2118 1062 dedu-
2219 1010 2485 1080 gratiam?
2533 1009 2645 1065 Cur
2689 1009 2984 1080 Gregorius
3005 1011 3248 1080 Magnus,
3292 1009 3538 1063 scribens
3572 1008 3636 1062 ad
3663 1009 3772 1078 cpi-

539 1097 702 1151 xerit.
759 1100 811 1152 5.
855 1099 1139 1153 Juniorem
1184 1099 1470 1153 exordium
1511 1099 1733 1154 duxisse
1759 1142 1773 1165 ,
1812 1100 1906 1154 ubi
1934 1101 2120 1155 senior
2219 1101 2608 1171 scoposlstrize
2637 1117 2735 1170 pro
2758 1101 2974 1172 Pelagio
2998 1102 3040 1155 Il
3063 1141 3077 1165 ,
3127 1117 3254 1155 cum
3278 1101 3436 1155 ﬁdem
3459 1100 3774 1154 Theodoreti

543 1189 706 1242 ﬁnem
738 1189 1021 1258 imposuit,
1056 1190 1124 1245 ab
1151 1190 1500 1246 ordinatione
1521 1207 1717 1261 nempe
1739 1191 1998 1262 Nestorii,
2026 1201 2121 1246 aut
2220 1190 2387 1244 vellet
2433 1191 2726 1244 ostendere
2791 1199 2915 1260 post
2974 1191 3244 1262 synodum
3292 1190 3774 1247 Chalcedonensem

542 1293 574 1332 a
614 1280 778 1334 motis
813 1281 998 1350 potius
1026 1281 1095 1336 ab
1133 1282 1250 1352 ipso
1274 1281 1470 1346 turbis,
1511 1282 1746 1352 indeque
1769 1292 2120 1352 prosecutum
2221 1281 2390 1336 fuisse
2415 1298 2631 1352 puram,
2677 1283 2782 1336 hoc
2812 1282 3126 1337 testimonio
3155 1291 3267 1337 tam
3289 1283 3542 1338 evidente
3577 1293 3779 1354 tamque

543 1385 663 1438 quae
712 1372 1083 1442 contigerunt,
1134 1388 1308 1441 usque
1335 1373 1403 1427 ad
1430 1373 1631 1429 Jnstini
1659 1373 1975 1442 imperium,
2023 1390 2121 1443 per
2221 1389 2479 1443 expresso
2509 1389 2620 1428 non
2649 1382 2735 1428 est
2763 1375 2930 1428 usus?
2981 1373 3092 1428 Cur
3122 1374 3540 1430 criminantibus
3563 1374 3777 1431 Chalce-

543 1475 718 1516 annos
743 1461 830 1525 90,
888 1462 1090 1517 additis
1127 1464 1372 1531 quinque
1407 1464 1565 1518 libris
1601 1464 1667 1518 ad
1698 1464 1871 1519 libros
1895 1465 2122 1520 totidem

543 1551 799 1606 senioris.
840 1553 894 1606 4ο
919 1554 997 1607 Ex
1017 1561 1214 1622 quarto
1237 1553 1380 1608 libro
1403 1553 1706 1625 fragmenta
1729 1555 1817 1610 illa
1837 1557 2121 1612 Damasce-

542 1659 675 1698 num
702 1646 1025 1715 sumpsisse,
1063 1662 1185 1715 quae
1209 1655 1371 1702 antea
1397 1649 1655 1704 diximus.

615 1735 798 1790 XVIII.
847 1737 925 1791 Ita
952 1737 1168 1802 forsan,
1224 1748 1450 1809 propter
1472 1740 1882 1811 praejudicatam
1908 1742 2125 1812 opinio-

540 1838 688 1888 nem,
733 1825 922 1893 paucis
962 1842 1320 1895 persuasero;
1379 1829 1477 1883 sed
1520 1845 1630 1883 non
1659 1829 1858 1894 levem,
1907 1831 2122 1900 opinor,

541 1913 944 1970 eruditioribus
967 1915 1194 1981 dedero,
1220 1918 1335 1972 sive
1354 1919 1692 1988 suspicandi,
1713 1919 1826 1974 sive
1848 1920 2128 1990 inquiren-

541 2003 596 2057 di
620 2019 837 2061 causam
857 2023 872 2072 ;
905 2023 1221 2078 quanquam
1242 2010 1386 2079 apud
1406 2027 1493 2065 me
1514 2010 1625 2066 vim
1643 2011 2128 2068 demonstrationis

542 2093 765 2159 habent,
794 2112 916 2164 qua:
943 2097 1207 2152 hactenus
1235 2100 1398 2154 allata
1419 2109 1565 2154 sunt.

616 2186 759 2241 XIX.
791 2188 1060 2254 Quoniam
1082 2205 1214 2244 vero
1239 2188 1638 2260 suppositionis
1661 2193 1946 2262 epistolam
1969 2193 2125 2248 dam-

542 2274 830 2340 navimus,
891 2275 1092 2331 frustra
1143 2278 1420 2333 curiosius
1467 2280 1481 2297 ‘
1524 2279 1940 2349 inquisierimus
1986 2279 2127 2335 data:

543 2375 781 2436 tempus,
831 2366 1036 2422 frustra
1067 2368 1260 2424 dandae
1285 2385 1500 2435 causas,
1545 2379 1600 2424 et
1624 2370 1846 2426 modum
1870 2372 2125 2442 scriptio-

542 2458 657 2523 nis;
716 2459 811 2512 sed
861 2459 988 2514 inde
1035 2458 1223 2530 potius
1271 2461 1392 2516 falsi
1444 2478 1666 2517 rursum
1711 2471 1993 2518 auctorem
2034 2479 2124 2519 ar-

541 2551 820 2620 gumentis
844 2552 1021 2606 tribus
1045 2554 1513 2608 convincemus”.

614 2640 732 2695 XX.
764 2640 1036 2707 Quorsum
1059 2643 1205 2696 enim
1239 2643 1415 2711 primo
1443 2643 1826 2699 Theodoretus
1853 2643 1921 2698 ad
1945 2643 2124 2699 virum

543 2731 811 2787 illustrem
838 2732 993 2788 daret
1012 2733 1322 2804 epistolam,
1348 2734 1416 2788 ad
1438 2749 1600 2804 quem
1623 2735 1876 2789 mittebat
1895 2735 2122 2802 librum,

543 2823 598 2876 in
627 2838 738 2892 quo
789 2823 935 2878 idem
971 2832 1356 2893 argumentum
1404 2824 1596 2879 iisdem
1623 2825 1809 2879 verbis
1833 2832 2121 2895 tractaret;

2222 1465 2522 1519 donensem
2551 1465 2843 1536 synodum,
2877 1465 3026 1535 quod
3048 1465 3453 1520 Theodoretum
3478 1468 3777 1538 recepisset,

2226 1557 2378 1610 nullo
2420 1557 2687 1626 requisito
2724 1556 2951 1626 scripto,
3006 1571 3116 1626 quo
3139 1572 3196 1612 se
3221 1557 3461 1612 alienum
3487 1573 3518 1612 a
3543 1559 3781 1614 Nestorio

2227 1647 2506 1717 probaret,
2560 1656 2848 1716 exceptum
2895 1661 3006 1701 non
3047 1655 3134 1702 est
3178 1649 3460 1716 continuo,
3491 1665 3602 1704 non
3627 1649 3782 1704 fuisse

2227 1755 2366 1809 opus
2389 1741 2457 1794 ab
2476 1755 2544 1794 eo
2559 1741 2826 1810 scriptum
2843 1740 3084 1811 exigere,
3109 1741 3200 1810 qui
3223 1749 3332 1795 tam
3348 1741 3557 1796 clarum
3580 1750 3785 1812 tamque

2227 1831 2576 1884 manifestum
2611 1832 2802 1886 volens
2823 1831 3118 1887 edidisset?
3162 1832 3303 1899 Quid
3327 1833 3519 1903 plura?
3546 1835 3686 1889 nulla
3711 1836 3785 1889 rei

2228 1919 2486 1991 adjuncta
2514 1921 2945 1990 suppositionem
2969 1937 3080 1977 non
3101 1923 3397 1981 declarant.
3455 1996 3460 2002 ι

2227 2051 2360 2124 διιι.
2381 2051 2656 2108 Sermones
2681 2056 2864 2127 viginti
2890 2066 2936 2110 et
2961 2065 3155 2127 septem
3176 2057 3422 2127 adversus
3443 2058 3672 2114 diversas
3690 2061 3789 2116 Int-

2497 2141 2632 2178 reses
2663 2143 2694 2179 ιι
2720 2126 2907 2180 Pholio
2934 2128 3171 2181 attributi
3197 2126 3532 2182 Thcodoreto.

2298 2259 2340 2314 I.
2367 2258 2598 2314 Photius
2612 2259 2802 2315 codice
2821 2259 2889 2314 46
2906 2260 3022 2315 ιιωο
3037 2259 3202 2315 habet
3224 2278 3236 2314 :
3269 2279 3287 2311 ι
3307 2260 3459 2315 Lecti
3483 2272 3609 2316 sunt
3624 2262 3794 2316 Theo-

2227 2351 2405 2408 doreti
2439 2351 2682 2422 episcopi
2704 2351 2831 2423 Cyri
2859 2351 2987 2406 libri
3013 2360 3220 2422 septem
3243 2361 3300 2406 et
3321 2352 3512 2422 viginti
3537 2353 3794 2409 adversus

2227 2444 2406 2499 varias
2427 2445 2832 2514 propositiones
2851 2444 2917 2509 θ’,
2943 2462 2961 2495 ι
2990 2453 3098 2498 etc.

2298 2531 2363 2590 ll.
2411 2537 2627 2592 Fefellit
2665 2539 2920 2593 Photinm
2971 2554 3104 2594 suus
3131 2539 3303 2594 codex
3346 2538 3522 2592 tribus
3543 2546 3796 2592 constans

2227 2629 2558 2699 partibus”,
2591 2647 2821 2700 quarum
2843 2633 3021 2700 prima
3042 2630 3504 2701 complectebatur
3533 2645 3627 2684 sex
3649 2629 3796 2699 prio-

2228 2736 2317 2775 res
2339 2713 2540 2788 libros;
2572 2724 2808 2778 secunda
2836 2739 3005 2778 unum
3029 2732 3085 2778 et
3106 2723 3296 2793 viginti
3323 2736 3622 2785 sermones,
3651 2730 3797 2790 post-

2228 2825 2378 2864 rema
2444 2811 2734 2866 Eranisten
2786 2827 2882 2866 seu
2948 2813 3391 2883 Polymorphum.
3455 2811 3590 2866 Cum
3648 2811 3790 2865 enim

541 2929 645 2968 nec
694 2923 875 2970 tamen
930 2914 1056 2968 facti
1107 2922 1219 2968 tam
1262 2915 1567 2980 insolentis,
1604 2925 1821 2985 tamque
1856 2916 2120 2983 indecori,

2227 2901 2405 2969 prima
2432 2908 2488 2954 et
2511 2902 2671 2956 tertia
2697 2901 2765 2956 ad
2791 2902 3196 2958 Theodoretum
3224 2903 3415 2971 procul
3440 2901 3607 2957 dubio
3626 2903 3792 2970 perti-

545 3005 812 3058 rationcm
841 3004 1006 3058 ullam
1031 3003 1334 3074 proferret?

612 3095 755 3150 XXI.
793 3094 1003 3149 Deinde
1058 3093 1259 3164 linguae
1306 3093 1503 3149 Cratere
1530 3093 1738 3163 peritos
1772 3093 1988 3162 appello
2026 3095 2120 3164 ju-

542 3185 709 3250 dices,
745 3197 1011 3256 quantum
1040 3185 1213 3256 stylus
1241 3184 1484 3254 epistolae
1513 3199 1543 3237 a
1578 3182 1908 3238 Theodoreti
1937 3183 2121 3252 puris-

541 3278 677 3332 sima
717 3277 958 3331 dictione
1001 3276 1256 3341 differat,
1313 3282 1374 3328 ut
1420 3275 1502 3328 vel
1533 3275 1636 3328 hoc
1664 3289 1773 3328 uno
1801 3283 2122 3344 argumento

544 3385 634 3424 res
655 3367 850 3423 conﬁci
880 3367 1106 3421 omnino
1129 3373 1314 3436 queat.

614 3459 781 3514 XXII.
814 3457 1014 3524 ροσετο
1037 3465 1230 3526 postea
1259 3471 1289 3509 a
1314 3453 1700 3510 defensoribus
1722 3453 1984 3524 epistolae,
2013 3470 2123 3524 quo

545 3557 791 3617 tempore
825 3556 948 3616 post
975 3561 1179 3599 annum
1207 3545 1306 3599 M7
1339 3544 1601 3612 scriptam
1628 3552 1849 3613 putent;
1881 3554 2028 3609 ante,
2054 3560 2123 3598 an

542 3648 669 3708 post
694 3637 960 3708 synodum
992 3635 1531 3690 Cltalcedoncnscm?

613 3730 669 3784 Si
693 3737 818 3783 ante
840 3746 851 3782 :
877 3745 975 3782 cur
996 3729 1273 3797 petierunt
1295 3727 1483 3780 Patres
1503 3734 1656 3779 tanto
1678 3724 1883 3779 ambitu
1902 3723 2126 3778 damna-

544 3821 590 3874 ri
621 3819 932 3874 Nestorium
965 3834 995 3872 a
1021 3816 1396 3879 Theodoreto,
1424 3815 1519 3885 qui
1547 3815 1749 3884 scripto
1770 3815 1988 3883 publico
2015 3822 2122 3868 tam

541 3919 728 3982 aperte
760 3926 914 3964 suam
938 3916 1177 3963 mentem
1201 3905 1546 3977 aperuisset?
1577 3904 1687 3959 Cur
1710 3920 1838 3959 reus
1859 3920 1980 3958 cum
2000 3920 2126 3974 pcr-

542 4009 830 4070 ageretur,
866 3999 973 4053 hoc
1005 3997 1227 4068 publico
1253 3993 1666 4063 fortissimoque
1695 4009 1806 4048 sua:
1830 4008 2006 4048 causa:
2036 3994 2122 4047 in-

541 4096 854 4144 strumento
902 4104 1015 4142 non
1062 4102 1196 4142 usus
1239 4085 1358 4141 est?
1414 4083 1526 4139 Cur
1556 4084 1950 4154 tergiversatus
1979 4084 2123 4138 ineo

541 4180 901 4244 exsecranda,
954 4193 1120 4248 quem
1167 4177 1596 4231 instrumentum
1622 4175 1906 4240 daemonis,
1957 4192 2122 4245 quem

543 4271 795 4341 impium,
825 4285 992 4340 quem
1025 4275 1325 4329 amentem,
1357 4283 1520 4336 quem
1552 4281 1650 4336 per
1676 4275 1895 4320 sanctos
1921 4267 2121 4336 Ephesi

539 4371 919 4434 congregatos,
975 4359 1169 4416 divino
1219 4359 1480 4430 suﬁ‘ragio
1520 4357 1589 4413 de
1617 4357 1940 4427 pontiﬁcatu
1971 4359 2121 4430 deje-

539 4462 687 4509 ctum
720 4453 985 4508 dixisset?

609 4544 666 4599 Si
699 4554 888 4614 postea
943 4562 956 4598 :
1005 4560 1105 4599 cur
1130 4544 1283 4599 siluit
1314 4543 1382 4598 de
1403 4541 1836 4598 Chalcedonensi
1865 4543 2120 4607 concilio,

538 4650 666 4690 cum
700 4634 963 4704 Ephesini
996 4634 1281 4703 magniﬁce
1303 4633 1674 4697 meminisset,
1728 4640 1784 4687 et
1810 4633 1863 4686 in
1887 4643 2122 4703 utroque

537 4725 750 4788 Patres,
798 4724 1025 4778 haeresis
1071 4723 1410 4776 Nestorianae
1450 4721 1878 4794 impugnatores,
1927 4724 2120 4788 tacuit,

535 4830 660 4870 cum
700 4815 894 4870 solitus
927 4815 999 4869 sit
1047 4814 1278 4868 aliarum
1309 4813 1596 4867 lneresewn
1629 4812 1790 4885 412
1821 4813 2122 4869 domitores

537 4907 860 4962 nominatim
901 4906 1218 4962 celebrare?
1272 4907 1354 4960 An
1400 4906 1546 4962 ullus
1588 4907 1769 4976 potuit
1800 4907 2119 4962 celebrandi

534 5011 656 5052 esse
684 4999 840 5052 locus
883 5006 979 5052 aut
1002 4999 1390 5068 opportunior,
1417 5005 1512 5051 aut
1537 4997 1834 5052 illustrior?
1857 4999 1969 5053 Cur
1985 4999 2121 5070 Spo-

535 5084 685 5140 racio
735 5085 985 5142 scribens
1038 5087 1132 5140 uni
1181 5101 1251 5141 ex
1291 5085 1601 5141 illustribus
1640 5086 1857 5141 concilii
1881 5085 2113 5143 Chalce-

2227 3002 2417 3057 neant,
2449 2993 2678 3048 Photius
2705 2994 2939 3048 mediam
2964 3009 3182 3064 quoque
3213 2994 3316 3063 ipsi
3349 2993 3568 3059 tribuit;
3614 2993 3793 3064 reipsa

2230 3090 2412 3138 tamen
2444 3092 2529 3137 est
2550 3084 2802 3138 Eutherii
2827 3083 3128 3154 Tyanensis
3148 3083 3410 3153 episcopi,
3456 3081 3602 3153 quod
3627 3083 3798 3136 mani-

2229 3173 2368 3228 festa
2413 3174 2610 3243 probat
2658 3175 2956 3229 auctoritas
3003 3175 3158 3229 Marii
3198 3176 3588 3239 Mercatoris",
3633 3183 3694 3229 ut
3739 3177 3797 3229 in

2228 3264 2497 3320 Eutherio
2539 3265 3125 3332 demonstrabimus”,
3183 3267 3276 3321 ubi
3309 3277 3365 3321 et
3389 3267 3669 3322 historiam
3693 3265 3800 3322 Co-

2229 3354 2367 3409 dicis
2396 3355 2658 3425 tripartiti
2688 3365 2954 3412 texemus.

2703 3489 2730 3562 §
2759 3491 2846 3546 IV.
2883 3491 3034 3545 Liber
3061 3491 3332 3545 asceticus.

2299 3623 2341 3675 Ι.
2402 3623 2461 3676 In
2490 3623 2865 3692 manuscripto
2893 3621 3082 3677 codice
3124 3622 3346 3686 Graeco,
3399 3621 3495 3692 qui
3537 3621 3641 3676 fuit
3666 3623 3803 3677 olim

2227 3711 2498 3768 Gabrielis
2529 3713 3022 3783 Philadelphiensis
3049 3714 3465 3784 archiepiscopi,
3498 3715 3702 3784 quique
3732 3717 3804 3768 ad

2229 3820 2330 3860 nos
2359 3821 2527 3876 opera
2557 3807 2852 3862 Frontonis
2874 3807 3055 3862 Ducaai
3077 3808 3348 3876 pervenit,
3372 3815 3496 3877 post
3509 3807 3806 3862 Historiam

2229 3897 2530 3968 religiosam
2555 3898 2910 3961 Theodoreti,
2943 3898 3357 3967 orationemque
3381 3897 3458 3952 De
3479 3898 3657 3952 divina
3678 3901 3812 3953 cha-

2229 3991 2407 4055 ritate,
2439 3989 2639 4059 legitur
2668 3989 2861 4043 titulus
2905 4006 2918 4041 :
2965 3987 3070 4042 Τοῦ
3111 3987 3273 4042 αὐτοῦ
3321 3986 3477 4057 λόγος
3503 3990 3809 4058 ἀσκητικὸς

2229 4081 2370 4135 κατὰ
2397 4081 2588 4135 πεῦσιν
2629 4082 2722 4134 καὶ
2768 4080 3080 4151 ἀπόκρισιν.
3120 4081 3243 4135 Mox
3282 4096 3482 4146 sermo,
3549 4081 3812 4150 Ἀδελφὸς

2229 4171 2480 4242 ἠρώτησε
2514 4172 2744 4242 γέροντα
2768 4171 2962 4239 λέγων,
2991 4178 3096 4225 etc.

2156 4301 2201 4356 ο
2300 4266 2366 4320 Il.
2407 4265 2548 4322 Sunt
2573 4265 2668 4335 qui
2708 4280 3016 4320 sermonem
3051 4264 3199 4319 hunc
3230 4263 3462 4319 Maximo
3485 4263 3812 4320 Confessori

2232 4356 2556 4422 tribuant”,
2584 4372 2762 4426 eoque
2790 4358 3012 4412 nomine
3036 4355 3337 4411 Bilibaldus
3360 4354 3818 4411 Birckheimerus

2231 4449 2624 4518 interpretatus
2645 4459 2748 4514 est,
2776 4448 3058 4517 ediditque
3083 4448 3455 4518 Norimbergaa
3475 4446 3620 4502 anno
3645 4447 3817 4503 £580.

2229 4542 2416 4597 Edidit
2439 4541 2604 4596 etiam
2631 4557 2662 4595 a
2703 4556 2762 4595 se
2801 4555 3020 4595 versum
3041 4540 3291 4595 Nobilius
3324 4540 3508 4594 Roma:
3543 4539 3708 4601 1587,
3759 4551 3824 4594 et

2227 4647 2406 4701 nuper
2439 4631 2667 4685 Parisiis
2719 4629 3080 4686 Combeﬁsius
3101 4628 3262 4700 413
3301 4638 3449 4683 torno
3490 4628 3513 4684 I
3558 4627 3821 4698 Operam

2228 4720 2400 4776 sancti
2444 4719 2682 4783 Maximi,
2731 4734 2921 4774 rursus
2953 4735 2984 4773 a
3025 4734 3082 4773 se
3132 4718 3426 4772 Latinitate
3471 4717 3749 4772 donatum
3806 4735 3821 4770 :

2225 4823 2388 4882 atque
2413 4813 2488 4867 ita
2516 4811 2744 4882 singulis
2769 4809 3106 4866 editionibus
3125 4810 3352 4880 singula:
3366 4810 3673 4874 versiones,
3706 4824 3826 4879 pro

2224 4904 2500 4961 editorum
2536 4903 2774 4974 ingenio,
2815 4901 3226 4971 respondent".

2258 4997 2383 5052 .III.
2437 4996 2578 5070 Sunt
2620 4995 2714 5065 qui
2741 4995 3032 5050 videantur
3063 4993 3312 5057 innuere,
3366 5008 3477 5048 non
3501 4992 3828 5048 admodum

2225 5091 2363 5145 certi
2411 5103 2532 5143 esse
2573 5087 2832 5144 auctoris.
2895 5087 2992 5142 llis
3013 5085 3381 5156 astipulantur
3409 5087 3576 5142 variae
3600 5087 3832 5140 inscri—

1884 5241 2199 5300 SCHULZII
2239 5244 2472 5303 NOTE.

596 5376 642 5409 ³⁸
665 5373 745 5441 Ad
783 5375 856 5454 h._
880 5381 924 5454 Δ1ἔ
964 5379 1086 5454 vide
1108 5379 1524 5454 __I‘_)I_ipi_r_iium,_l_.
1559 5394 1605 5433 c.
1689 5381 1963 5454 "Totum
1986 5381 2198 5454 __locum
2221 5384 2405 5454 illum
2456 5382 2580 5438 vide
2610 5397 2819 5454 supra,
2879 5391 2916 5436 t.
2973 5384 3059 5448 IV,
3096 5399 3151 5454 p.
3192 5382 3334 5454 10547
3363 5397 3479 5451 seq.

527 5460 714 5520 supra,
747 5446 957 5520 p.115.
1029 5447 1075 5478 ”
1108 5446 1234 5520 Vidi
1263 5449 1414 5520 Marii
1460 5449 1688 5520 Met-cat.
1737 5451 1875 5520 Opp.
1911 5460 1948 5504 t.
1986 5450 2052 5514 Il,

3596 5383 3642 5414 "
3677 5383 3836 5438 Vid.

2086 5466 2140 5519 p.
2171 5452 2276 5506 265
2309 5468 2424 5520 seq.
2451 5468 2514 5505 ex
2559 5449 2883 5506 editharn.
2942 5455 2987 5486 ³³
3008 5449 3292 5508 Intercidit
3324 5449 3837 5520 ista'disputatio,

525 5513 608 5592 [ρξ’
633 5513 954 5592 ῌξιΐᾷυἳηηε
1003 5518 1332 5592 monuit_,__p.
1365 5519 1469 5592 685
1501 5513 2019 5592 editionis'prioris.
2090 5513 2140 5551 ’⁸³
2165 5522 2312 5592 Idem
2351 5513 2557 5592 tueturA
2573 5521 2859 5592 [lupinius,
2894 5523 2928 5576 Ι.
2963 5540 3035 5586 c.,
3061 5534 3099 5578 t.
3131 5523 3217 5587 IV,
3257 5539 3308 5592 p.
3343 5521 3461 5575 H0.
3539 5513 3585 5554 ’⁵
3612 5513 3844 5577 Exstat

519 5578 924 5646 Birckheimeri
973 5595 1027 5641 et
1068 5578 1294 5641 Nobilii'
1319 5588 1498 5644 versio
1542 5588 1729 5644 Latina
1767 5578 1820 5644 in
1853 5589 2192 5660 Lugdunensi
2237 5591 2481 5645 Biblioth.
2521 5578 2724 5654 PP.,'t.
2757 5591 2820 5645 ll.
