4024 6152
450 160 556 223 363

1595 153 1973 216 GARNERII
2007 150 2505 213 DISSERTATIO
2538 152 2617 212 ΙΙ.
3628 145 3719 212 364

451 271 719 350 agimus‘.
783 270 940 339 Quod
993 271 1040 326 si
1077 269 1151 324 ita
1190 279 1294 336 est,
1353 266 1600 338 oportuit
1633 267 1689 320 in
1719 266 1838 336 ipso
1867 270 2035 318 totam
2066 269 2107 326 Α
2138 271 2194 317 et
2222 272 2437 328 nostro,
2465 261 2688 318 libellus
2721 260 3001 331 reperitur
3043 261 3147 315 hac
3189 259 3572 331 inscriptione,
3609 262 3721 332 περὶ

455 361 744 432 theologize
775 375 870 415 seu
897 358 1288 431 mysteriorum
1310 355 1438 411 ﬁdei
1470 355 1870 426 expositionem
1895 368 2044 406 com-

457 455 782 526 prehensam
809 466 950 506 esse.
997 450 1204 506 Verum
1233 464 1335 504 cur
1357 447 1561 502 dicitur
1589 461 1768 516 nuper
1797 444 2011 499 conseri
2029 475 2043 484 -

459 547 647 617 ptum?
695 545 776 600 An
802 560 908 598 vox
937 543 1121 599 Greca
1153 542 1369 613 πρώην,
1403 557 1513 596 non
1536 555 1724 610 nuper,
1759 537 1857 593 sed
1884 545 2044 590 antea

456 637 770 708 signiﬁcat?
827 635 939 690 Cur
991 635 1158 690 etiam
1213 633 1421 688 dicitur
1461 636 1475 652 '
1512 633 1654 687 liber
1703 630 2046 700 theologicus

458 746 606 788 nunc
631 727 1003 800 compositus?
1054 729 1136 783 An
1167 727 1375 798 pariter
1420 741 1524 780 vox
1549 724 1736 780 Graeca
1755 724 1849 777 νῦν
1888 722 2042 776 reddi

456 822 635 894 potuit
666 836 817 875 more
847 835 958 874 non
985 819 1267 882 insolenti,
1298 826 1452 884 tunc,
1503 827 1565 872 ut
1598 816 1922 874 ostendatur
1949 831 2045 870 eo-

457 915 582 968 dem
613 922 859 983 tempore
887 922 1187 982 utrumque
1213 926 1356 982 opus
1377 910 1795 966 elucubratum?
1828 909 2047 965 Utrius-

456 1019 564 1074 que
591 1003 744 1058 vocis
775 1002 1295 1072 interpretationem
1329 1007 1479 1054 certa
1502 997 1642 1052 ratio
1667 997 2043 1051 demonstrat:

459 1111 584 1150 nam
609 1094 785 1149 libros
810 1093 1195 1148 Hcereticarum
1217 1089 1524 1161 fabularum
1551 1087 1932 1143 Theodoretus
1951 1101 2048 1140 an-

459 1202 530 1242 no
549 1187 652 1242 45:2
683 1185 1021 1256 composuit;
1059 1183 1313 1238 meminit
1335 1197 1466 1236 vero
1496 1181 1656 1250 longe
1683 1187 1810 1234 ante
1837 1178 2048 1233 theolo-

458 1276 706 1347 gicorum
736 1276 1009 1330 librorum
1060 1291 1074 1328 :
1122 1288 1233 1328 non
1267 1272 1414 1341 ipsos
1448 1271 1615 1340 igitur
1643 1269 1810 1339 nuper
1833 1277 1888 1322 et
1908 1283 2047 1322 nunc

459 1370 832 1424 elucubravit.

600 1525 628 1597 §
656 1525 722 1580 11.
760 1524 904 1579 Libri
932 1524 995 1577 de
1025 1520 1285 1592 theologia
1321 1529 1481 1590 atque
1510 1517 1900 1574 incarnatione.

529 1661 570 1714 1.
626 1658 776 1730 Opus
807 1674 837 1713 a
868 1674 927 1713 se
959 1655 1332 1724 conscriptum
1374 1651 1442 1708 de
1467 1651 1741 1722 theologia
1771 1660 1828 1705 et
1857 1651 2040 1705 inear-
2069 1632 2114 1689 Β

459 1752 684 1805 natione
721 1749 889 1803 tradit
920 1745 1304 1802 Theodoretus
1352 1744 1474 1798 loco
1506 1759 1634 1797 mox
1663 1742 1864 1806 citato,
1899 1750 1956 1796 et
1990 1743 2046 1796 in

458 1843 658 1899 litteris
711 1842 778 1896 ad
827 1841 1066 1896 Leonem
1114 1837 1452 1909 pontiﬁcem.
1498 1855 1515 1887 ‹
1554 1835 1762 1906 Scripsi
1795 1834 2046 1904 quaedam

458 1937 726 1991 adversus
770 1935 1004 1988 Arianos
1049 1939 1106 1986 et
1143 1931 1547 1993 Eunomianos;
1590 1959 1660 1968 --
1707 1927 1813 1982 alia
1855 1942 2048 1982 rursus

459 2027 527 2082 de
554 2025 848 2095 theologia,
882 2024 1060 2092 deque
1093 2021 1278 2075 divina
1309 2019 1748 2074 incarnatione“.
1775 2037 1792 2070 ι

535 2115 600 2170 11.
632 2114 794 2170 Solus
815 2113 929 2182 ipse
953 2121 1204 2165 veterum
1227 2108 1567 2162 mentionem
1589 2105 1721 2160 facit
1745 2123 1757 2158 :
1782 2120 1883 2160 nec
1897 2105 2047 2159 enim

399 2192 408 2202 ’
462 2208 712 2268 Photius,
762 2213 857 2259 ant
903 2201 1267 2271 Nicephorus,
1325 2209 1421 2253 aut
1461 2200 1604 2254 alius
1625 2198 1898 2269 quispiam
1928 2212 2046 2252 me-

461 2296 654 2360 minit;
691 2295 802 2348 imo
832 2308 933 2346 nec
961 2291 1071 2344 ulla
1097 2290 1262 2360 hujus
1286 2288 1528 2342 nominis
1554 2287 1897 2342 elucubratio
1919 2287 2048 2341 hac-

462 2401 625 2444 tenus
656 2385 882 2457 prodiit.
930 2382 1216 2437 lnteriitne
1245 2379 1471 2435 omnino
1505 2388 1614 2434 tam
1643 2379 1857 2449 insigne
1884 2394 2045 2448 opus,

2145 357 2242 426 τῆς
2275 356 2438 424 ἁγίας
2470 355 2719 427 Τριὰδος.
2775 354 2884 410 Sed
2913 362 3204 425 postquam
3235 362 3292 408 et
3322 352 3473 407 illius
3494 368 3711 422 apogra-

2144 449 2342 519 phum,
2374 460 2432 504 et
2454 449 2620 504 istum
2652 447 2974 519 diligentius
2996 445 3228 518 perlegi,
3259 445 3446 515 reperi
3471 444 3608 498 nihil
3630 444 3720 498 dil-

2144 541 2292 597 ferre
2323 558 2354 597 a
2377 541 2664 612 prioribus
2687 541 2869 596 tribus
2895 539 3212 594 divinorum
3241 537 3563 607 dogmatum
3587 535 3721 606 capi-

2146 631 2315 694 tibus,
2344 647 2466 700 que
2490 630 2772 701 pertinent
2799 629 2868 684 ad
2891 629 3097 684 librum
3121 627 3478 698 subjunctum
3502 633 3722 695 quatuor

2145 722 2304 776 libris
2331 722 2719 776 Hmreticarum
2745 720 3074 791 fabularum.

2217 815 2282 868 γ.
2305 813 2465 880 Quod
2491 815 2539 868 si
2562 813 2690 884 quis
2712 812 3032 868 divinorum
3055 811 3408 866 decretorum
3430 808 3721 879 epitomen,

2144 922 2267 976 quae
2290 906 2643 976 subiungitur
2674 903 2832 960 libris
2854 913 3096 975 quatuor
3120 903 3506 959 Hareticarum
3528 901 3726 970 fabula-

2146 1014 2288 1062 rum,
2341 997 2526 1066 aperis
2565 997 2862 1068 theologici
2887 996 3132 1063 nomine,
3183 1005 3407 1068 propter
3431 995 3726 1068 argumenti

2145 1089 2552 1159 cognationem,
2597 1089 2929 1158 appellatam
2967 1098 3151 1158 putet;
3191 1105 3276 1144 nte
3303 1089 3394 1144 ille
3424 1088 3615 1159 procul
3641 1089 3729 1144 ab-

2143 1187 2432 1234 erraturus
2445 1188 2532 1234 est
2547 1195 2577 1233 a
2595 1179 2896 1234 vero.Nam
2919 1179 3043 1233 libri
3069 1178 3137 1234 de
3155 1179 3427 1250 theologia
3452 1179 3514 1234 ﬁt
3533 1179 3731 1235 mentio

2147 1271 2203 1326 in
2223 1270 2432 1327 litteris
2455 1278 2586 1326 ante
2609 1286 2818 1326 annum
2842 1270 2947 1326 “9
2965 1271 3222 1340 scriptis;
3255 1286 3384 1326 eum
3407 1271 3537 1326 libri
3558 1271 3729 1328 Hiere-

2149 1361 2379 1414 ticarum
2405 1359 2737 1430 fabularum
2759 1398 2774 1424 .
2828 1375 2954 1414 cum
2986 1361 3278 1430 subiuncta
3301 1360 3616 1416 divinorum
3643 1361 3731 1417 de-

2151 1459 2431 1505 cretorum
2463 1449 2728 1519 epitome,
2779 1450 3003 1504 nonnisi
3037 1457 3160 1520 post
3191 1450 3489 1504 concilium
3517 1449 3738 1506 Chalce-

2151 1543 2397 1598 donense
2426 1541 2677 1596 habitum
2706 1557 2854 1595 anno
2878 1541 2978 1596 451
3012 1539 3306 1610 compositi
3325 1539 3458 1596 sint.

2458 1700 2486 1770 §
2521 1699 2610 1754 111.
2648 1697 2791 1770 Opus
2823 1699 3073 1752 adversus
3096 1697 3439 1752 Marcionem.

2223 1865 2264 1889 ι.
2301 1835 2473 1890 Nemo
2498 1844 2751 1890 veterum
2782 1835 3012 1906 hujusce
3036 1851 3222 1905 operis
3251 1835 3506 1890 meminit
3539 1844 3734 1906 praeter

2151 1925 2586 1981 Theodoretum.
2642 1926 2892 1981 Meminit
2941 1926 3031 1980 ille
3069 1941 3202 1980 vero
3254 1925 3433 1980 tribus
3479 1926 3536 1980 in
3579 1927 3731 1983 locis.

2150 2017 2397 2089 Epistola
2421 2017 2490 2072 82
2517 2018 2586 2072 ad
2613 2019 2915 2077 Eusebium
2945 2035 2958 2070 :
2991 2037 3008 2069 ί
3026 2017 3232 2073 Contra
3253 2018 3579 2088 Apollinarii
3601 2035 3736 2090 prae-

2149 2108 2360 2179 stigias,
2391 2107 2713 2176 rabiemque
2737 2107 3031 2161 Marcionis
3054 2107 3226 2161 libros
3243 2108 3374 2162 olim
3394 2109 3727 2178 composui.»

2149 2199 2394 2268 Epistula
2424 2198 2526 2253 116
2553 2197 2620 2252 ad
2648 2197 2920 2252 Renatum
2955 2216 2967 2250 :
3007 2217 3023 2248 ‹
3051 2197 3250 2252 Libros
3281 2198 3474 2268 scripsi
3506 2199 3741 2270 amplius

2151 2288 2376 2360 triginta
2426 2290 2695 2344 adversus
2735 2289 2927 2343 Arium
2975 2298 3032 2343 et
3075 2290 3434 2355 Ennomium,
3471 2290 3737 2347 adversus

2149 2382 2501 2446 Marcionem,
2534 2402 2551 2433 ι
2588 2389 2697 2435 etc.
2733 2381 2801 2436 Et
2828 2381 3061 2452 epistola
3086 2381 3188 2436 145
3216 2381 3282 2436 ad
3315 2381 3617 2436 monachos
3644 2398 3738 2437 ur—

461 2495 529 2532 an
556 2476 716 2532 alteri
745 2474 1089 2544 suppositum
1111 2480 1195 2527 est
1221 2471 1581 2540 auctori,jam
1601 2468 1727 2523 inde
1749 2485 1777 2524 a
1797 2470 2051 2539 pluribus
2149 2474 2235 2530 bis
2255 2476 2437 2546 Regia:
2459 2493 2472 2528 :
2504 2473 2812 2529 cAdversus
2833 2489 2951 2538 eos,
2974 2474 3068 2544 qui
3091 2474 3385 2530 Marcionis
3406 2475 3528 2530 tabe
3547 2490 3738 2530 ροιιι-ιι-

462 2569 708 2624 seculis?
764 2568 1012 2621 Alterum
1070 2563 1214 2618 istud
1244 2564 1586 2634 probabilius
1613 2562 1749 2616 mihi
1773 2562 1993 2617 videtur
2030 2579 2046 2616 :

2148 2567 2226 2636 pti
2254 2573 2403 2629 sunt,
2428 2575 2645 2620 certare
2667 2581 2949 2636 nunquam
2976 2565 3313 2630 destitimus,
3341 2567 3738 2637 persuadentcs

462 2660 660 2729 opinor
685 2658 833 2714 enim
855 2698 870 2722 ,
922 2672 1044 2726 qua:
1073 2655 1359 2724 scripsisse
1384 2670 1442 2709 se
1474 2651 1643 2708 tradit
1665 2653 2046 2708 Theodoretus
2149 2659 2442 2714 Marcionis
2465 2659 2653 2714 furore
2683 2657 3114 2725 insanientibus,
3146 2657 3493 2732 nonqbonum
3525 2670 3736 2715 tantum

463 2754 531 2807 de
557 2751 830 2820 theologia
863 2758 920 2806 et
943 2748 1133 2803 divina
1162 2747 1561 2810 incarnatione,
1597 2745 1911 2800 nullatenus
1943 2745 2048 2800 dif-
2147 2764 2289 2812 esse,
2324 2765 2517 2803 verum
2542 2749 2711 2803 etiam
2750 2750 2994 2820 justum;
3043 2765 3155 2803 non
3181 2750 3512 2814 alienorum,
3550 2760 3609 2805 nt
3636 2751 3739 2820 ipsi

463 2843 611 2899 ferre
646 2857 678 2896 a
707 2841 869 2896 libris
896 2839 1074 2895 tribus
1117 2838 1383 2892 adversus
1408 2836 1958 2900 Pneumatomacbos,
1991 2847 2048 2893 et
2148 2839 2487 2904 fabulantur,
2521 2839 2615 2894 sed
2640 2855 2868 2894 suorum
2896 2840 3070 2910 ipsius
3095 2857 3328 2910 operum
3352 2842 3727 2896 salvatorem.»

463 2933 683 2988 duobus
708 2940 900 2986 contra
920 2929 1341 3000 Apollinaristas
1369 2929 1710 2999 compositis,
1741 2927 1837 2997 qui
1863 2936 1918 2981 et
1943 2927 2045 2997 ipsi
2073 2969 2121 3032 ο
2149 2931 2281 2997 Quae
2326 2940 2605 3000 postrema
2632 2929 2802 2986 verba
2834 2929 3042 2986 idcirco
3086 2932 3314 2994 adduxi.
3351 2943 3412 2987 ut
3445 2933 3550 2988 hoc
3576 2949 3733 3004 opus,

464 3023 708 3095 quinque
753 3022 955 3078 diversi
1001 3037 1112 3080 non
1138 3026 1266 3074 sunt
1297 3035 1327 3074 a
1355 3018 1587 3091 dialogis
1610 3021 1840 3077 totidem
1859 3063 1876 3088 ,
1908 3036 2048 3091 quos
2078 3018 2121 3032 “’
2150 3025 2327 3080 sicubi
2352 3025 2534 3079 alieno
2559 3024 2663 3079 sub
2690 3024 2912 3079 nomine
2936 3024 3122 3088 lateat,
3148 3024 3294 3094 quod
3319 3026 3593 3096 suSpicor,
3617 3027 3736 3096 ipso

463 3114 764 3171 Athanasio
809 3123 1211 3185 supposuerant
1236 3113 1306 3177 ii,
1359 3112 1455 3183 qui
1490 3127 1658 3182 opera
1690 3113 1865 3184 ipsius
1892 3127 2046 3169 com-

466 3207 781 3266 melinianis
805 3207 948 3278 typis
974 3222 1120 3264 anno
1147 3206 1283 3262 1600
1307 3205 1670 3262 ediderunt‘.

537 3299 628 3354 lll.
665 3299 742 3356 ιιι,
766 3299 911 3354 hanc
937 3298 1256 3370 opinionem
1280 3297 1407 3352 veni
1457 3297 1545 3352 his
1574 3298 1732 3368 quasi
1759 3299 2044 3370 gradibus.

466 3387 866 3452 Animadverti,
929 3389 977 3442 1.
1006 3388 1099 3442 ubi
1137 3395 1494 3442 recensentur
1522 3388 1649 3442 libri
1678 3389 1745 3444 de
1775 3391 2045 3461 theologia

467 3489 523 3535 et
570 3480 756 3535 divina
804 3479 1226 3542 incarnatione,
1289 3478 1495 3534 nullam
1541 3477 1658 3536 ﬁeri
1707 3481 2043 3536 mentionem

465 3587 694 3646 operum
729 3571 992 3625 adversus
1012 3569 1392 3624 Macedonium
1414 3569 1907 3639 etApollinarium,
1932 3573 2045 3627 vel-

466 3670 530 3716 ut
551 3661 608 3715 in
637 3660 868 3729 epistola
896 3660 998 3714 115
1024 3659 1091 3713 ad
1117 3670 1369 3716 sanctum
1403 3659 1664 3725 Leonem,
1698 3672 1832 3727 etc.;
1867 3663 1923 3718 2.
1947 3665 2042 3719 ubi

468 3761 830 3810 recensentur
869 3751 1046 3822 Opera
1089 3750 1352 3829 adversus
1384 3751 1762 3808 Macedonium
1789 3765 1846 3810 et
1872 3756 2042 3826 Apol.

466 3845 723 3901 linarium
743 3885 757 3909 ,
795 3854 854 3900 ut
882 3845 936 3898 in
964 3845 1127 3914 epist.
1155 3843 1223 3899 8‘2
1251 3843 1320 3898 ad
1345 3844 1644 3902 Eusebium
1667 3846 2043 3918 Ancyranum,

464 3944 522 3990 et
545 3935 649 3991 116
677 3935 745 3990 ad
773 3936 1066 3999 Renatum,
1112 3950 1222 3989 non
1253 3935 1545 3990 memorari
1580 3936 1752 3991 libros
1785 3937 1853 3994 de
1884 3939 2039 3994 theo~

466 4025 607 4097 logia
654 4035 710 4081 et
745 4027 1163 4091 incarnatione;
1201 4025 1256 4082 ὅ.
1297 4026 1491 4082 solitos
1515 4025 1682 4099 £16
1705 4037 1918 4085 veteres
1937 4047 2039 4086 no-

467 4113 616 4168 mine
646 4113 933 4184 theologiae
955 4113 1259 4169 inscribere
1305 4113 1500 4178 libros,
1529 4116 1733 4185 quibus
1761 4119 2039 4189 ὁμοουσιὸι

464 4203 897 4286 sqq-divinarum
926 4219 1287 4274 personarum
1312 4205 1613 4276 probatur;
1649 4207 1704 4262 id
1736 4219 1951 4266 constat
1969 4227 2040 4268 ex

2148 3117 2417 3186 prodente
2447 3125 2794 3187 argumento,
2828 3116 3175 3187 deprehendi
3207 3117 3402 3188 possit.

2215 3204 2282 3259 11.
2338 3204 2722 3260 Theodoretus
2777 3205 2982 3274 passim
3028 3205 3190 3260 docet
3236 3205 3293 3260 in
3328 3206 3596 3276 epistolis,
3633 3224 3741 3265 cur

2147 3297 2430 3369 scripserit
2456 3297 2722 3352 adversus
2742 3297 3097 3363 Marcionem,
3119 3306 3174 3352 et
3193 3313 3304 3368 quo
3327 3313 3504 3368 Opera:
3524 3299 3734 3368 pretio:

2146 3399 2334 3445 narrat
2366 3390 2516 3445 enim
2551 3405 2650 3444 sua
2682 3390 2739 3444 in
2778 3391 3069 3460 parochia,
3116 3399 3247 3445 tunc
3277 3406 3402 3445 cum
3440 3391 3734 3462 regendam

2145 3481 2406 3550 suscepit,
2465 3481 2702 3552 viguisse
2749 3482 3045 3538 Marcionis
3089 3483 3362 3548 haeresin,
3421 3483 3740 3554 factumque

2144 3573 2260 3628 suis
2279 3571 2598 3635 sudoribus,
2635 3582 2802 3643 atque
2831 3575 2998 3629 etiam
3026 3583 3344 3629 sanctorum
3370 3575 3650 3646 precibus,
3674 3584 3739 3630 ut

2143 3660 2590 3716 Marcionitarum
2622 3660 2810 3716 decem
2842 3662 3010 3716 millia
3051 3663 3118 3717 ad
3146 3661 3307 3717 fidem
3341 3673 3738 3718 converteren-

2145 3760 2250 3808 tur.
2283 3751 2390 3808 Sed
2419 3753 2472 3807 in
2497 3753 2730 3808 Historia
2755 3753 3019 3824 religiosa,
3051 3755 3227 3824 capite
3245 3755 3335 3820 20,
3358 3755 3627 3826 prolixius
3651 3772 3742 3812 re-

2141 3842 2281 3907 fert,
2336 3845 2616 3913 quomodo
2657 3854 2974 3900 sanctorum
3003 3846 3263 3916 precibus
3314 3857 3520 3902 tantam
3553 3847 3622 3903 de
3655 3856 3742 3902 tot

2142 3935 2397 3990 hostibus
2430 3936 2718 3991 victoriam
2749 3936 3066 4006 reportarit.

2211 4027 2300 4082 lll.
2359 4027 2776 4082 Observandum
2819 4043 2984 4098 porro
3031 4044 3324 4083 numerum
3385 4029 3745 4086 Marcionita-

2143 4136 2263 4175 rum
2294 4119 2362 4174 ad
2394 4129 2600 4175 rectam
2630 4119 2792 4175 fidem
2821 4135 3216 4176 conversurum
3240 4121 3522 4176 diversum
3551 4122 3746 4196 diver-

2143 4214 2219 4265 sis
2246 4209 2409 4282 417
2433 4211 2572 4266 locis
2597 4211 2701 4282 legi
2732 4229 2747 4264 :
2773 4210 2960 4265 Decem
2979 4215 2994 4229 '
3013 4211 3185 4267 millia
3206 4224 3261 4268 et
3284 4213 3521 4284 amplius
3535 4214 3751 4270 dicuna

465 4295 811 4350 orationibus
858 4295 1223 4361 Nazianzeni;
1259 4297 1312 4351 4.
1357 4298 1503 4367 apud
1546 4299 1771 4355 eosdem
1819 4313 2037 4358 veteres
2067 4306 2114 4365 D
2141 4309 2231 4356 tur
2253 4317 2521 4356 conversa
2551 4302 2606 4355 in
2632 4303 2796 4371 epist.
2823 4303 2956 4369 “5;
2993 4304 3048 4357 in
3075 4303 3235 4374 epist.
3258 4305 3362 4358 115
3383 4305 3450 4359 ad
3477 4315 3743 4360 sanctum

463 4385 754 4456 theologia!
777 4395 832 4441 et
857 4385 1142 4440 Trinitatis
1162 4387 1406 4451 nomina,
1430 4404 1556 4443 cum
1578 4390 1758 4460 agitur
1777 4391 1845 4447 de
1864 4392 2046 4458 libris,

462 4475 772 4546 promiscue
819 4477 1072 4546 usurpari
1129 4493 1143 4530 :
1193 4475 1248 4530 id
1275 4476 1482 4546 ubique
1531 4478 1734 4547 passim
1759 4485 2038 4552 occurrit;

461 4568 516 4622 5.
559 4566 806 4636 dialogos
845 4566 1110 4623 adversus
1133 4565 1512 4620 Macedonium
1547 4575 1602 4621 et
1635 4569 2038 4637 Apollinarium

461 4663 627 4724 atque
665 4655 834 4710 etiam
864 4655 1055 4709 Arium
1105 4655 1161 4708 in
1190 4654 1448 4708 omnibus
1480 4654 1595 4710 fere
1620 4658 1908 4715 codicibus
1934 4661 2042 4718 hoc

461 4747 626 4802 titulo
655 4747 929 4817 insigniri,
961 4747 1089 4816 περὶ
1117 4747 1217 4815 τῆς
1243 4746 1400 4814 ἁγίας
1421 4747 1673 4818 Τριάδος,
1703 4753 1792 4807 cui
1819 4763 2037 4823 poterat

459 4835 587 4891 addi
645 4846 872 4907 propter
899 4836 1144 4907 dialogos
1188 4837 1455 4894 adversus
1480 4839 1903 4910 Apollinarium,
1941 4845 2036 4898 καὶ

460 4925 610 4990 Θείας
629 4928 1115 4999 ὶνανθρωπήσεως.

529 5013 616 5072 ιγ.
669 5017 730 5072 1η
762 5017 1150 5089 manuscriptis
1178 5019 1396 5077 duobus
1420 5020 1726 5090 codicibus,
1768 5022 2035 5080 Vaticano

2143 4392 2385 4451 Leonem
2413 4393 2682 4448 duntaxat
2713 4395 2831 4465 plus
2856 4413 3018 4466 quam
3041 4397 3231 4451 millia.
3269 4397 3442 4453 Error
3474 4397 3528 4452 in
3550 4408 3749 4467 poste-

2142 4483 2347 4539 riorem
2373 4485 2554 4539 locum
2589 4484 2858 4557 irrepsit"
2886 4505 2898 4541 :
2928 4491 3168 4558 positum
3190 4489 3339 4544 enim
3365 4499 3481 4544 est:
3505 4490 3747 4553 Πλείους

2144 4576 2244 4646 μὲν
2272 4576 2305 4646 ἢ
2334 4576 2509 4646 χιλίας
2537 4577 2736 4648 ψυχάς,
2768 4595 2870 4648 pro
2913 4579 3129 4644 πλείους
3163 4581 3196 4652 ἦ
3231 4583 3430 4652 μυρίας
3457 4581 3662 4651 ψυχάς.

2211 4667 2299 4721 ιν.
2334 4667 2452 4722 Non
2486 4683 2651 4723 nemo
2683 4670 2788 4724 sibi
2843 4672 3119 4741 persuasit
3151 4671 3428 4743 dialogum
3463 4673 3749 4728 adversus

2141 4757 2490 4824 Manichacus,
2539 4759 2632 4830 qui
2670 4760 2817 4816 inter
2861 4777 3032 4832 opera
3069 4764 3389 4819 Damasceni
3427 4767 3745 4834 reperitur,

2141 4863 2415 4918 quemque
2443 4850 2689 4914 Iacobus
2727 4851 2916 4908 Billius
2958 4853 3012 4907 in
3063 4853 3318 4910 Latinum
3362 4856 3562 4914 vertit.
3610 4873 3751 4914 esse

2141 4953 2282 5007 opus
2324 4954 2354 4991 a
2387 4937 2740 4996 Theodoreto
2768 4943 2874 4997 sibi
2908 4943 3249 4998 vindicatum
3283 4961 3298 4999 :
3327 4946 3591 5000 utebatur
3616 4945 3750 5010 ille,

2142 5027 2210 5082 ad
2237 5029 2551 5099 opinionem
2586 5031 2932 5100 ﬁrmandam,
2961 5036 3214 5106 pluribus
3244 5035 3488 5107 quidem,
3517 5037 3615 5092 sed
3648 5036 3756 5092 his

1795 5177 2106 5236 SCHULZII
2143 5177 2354 5238 ΝΟΤᾹΒ
2365 5225 2377 5238 .

565 5351 624 5443 ἓ
643 5353 1062 5443 limatius-alis
1078 5355 1304 5443 cnstitit
1323 5353 1659 5443 Mog-eti
1686 5357 1850 5443 liber,
1884 5360 2103 5443 qualem
2132 5361 2322 5443 Sixtus
2341 5364 2754 5443 S_e_ry.nsi_s_loco
2785 5371 2853 5425 ad
2885 5371 2912 5443 ς
2951 5373 2984 5428 5
3011 5373 3176 5430 allato
3211 5385 3632 5438 commemorat.
3663 5375 3757 5434 ad

456 5421 612 5508 illum
643 5421 828 5508 potius
847 5424 953 5508 hoc
981 5424 1367 5508 loco_spectari_
1408 5421 1862 5508 egistima'verim':
1891 5421 1964 5508 ξι
1991 5431 2116 5486 Vid.
2158 5433 2320 5508 epist.
2362 5436 2500 5508 H5.
2561 5421 2750 5496 illanc
2788 5421 3760 5504 33.?teﬁt'iiﬁ"e§3?ii§¥€

451 5491 2148 5590 inﬁnéppnendiegﬂagitationi.subjeggtﬂlﬁrorem
2179 5491 2236 5557 in
2265 5505 2354 5560 his
2389 5491 2576 5563 verbis
2616 5491 2746 5590 non
2779 5491 3148 5590 agnoscimus,
3178 5491 3762 5590 ῖὸῖ

449 5574 703 5630 magnum
749 5578 1046 5624 numerum
1071 5568 1383 5633 exprimere
1405 5573 1604 5634 potest.
1636 5568 1994 5626 Exaetissima
2021 5580 2206 5629 autem
2221 5589 2330 5628 non
2353 5589 2494 5646 opus
2515 5585 2634 5632 erat
2652 5568 3084 5651 computatione.
