4056 6174
316 277 433 339 365

1508 273 1608 340 DE
1645 278 1901 342 LIBRIS
1927 280 2439 346 THEODORETI-

3483 308 3588 371 366

317 388 675 461 potissimum
735 389 1091 459 argumentis.
1136 388 1185 444 1.
1226 389 1382 458 Quod
1424 390 1661 462 ipsemet
1709 393 1901 451 Billius
1930 401 1974 457 Α
2075 395 2163 452 111.
2223 397 2521 455 Observavi
2556 416 2741 473 porro,
2797 405 2942 475 quod
2999 405 3351 468 admonuisse
3404 414 3586 475 forsan

314 481 528 536 dubius
558 478 746 543 fuerit,
777 495 846 533 an
863 479 1113 552 dialogus
1132 482 1301 538 tribui
1327 483 1525 539 debeat
1544 486 1900 550 Damasceno,

314 580 553 642 propter
587 584 823 640 pugnam
855 570 1123 627 doctrina
1150 572 1219 626 de
1262 588 1454 642 poma,
1489 590 1653 645 quam
1700 576 1902 630 daemo-

314 679 422 718 nes
447 663 628 727 luunt,
654 662 723 716 ab
755 676 819 716 ea
846 662 1141 727 diversam,
1172 679 1293 734 qua:
1326 681 1486 735 paena
1533 665 1716 721 damni
1757 667 1900 721 dici-

314 766 431 808 tur.
463 754 589 808 Haec
622 760 806 808 autem
846 762 931 808 est
975 754 1309 809 Theodoreti
1352 756 1621 811 doctrina.
1649 757 1703 811 2.
1744 757 1899 824 Quod

314 847 746 901 Manichaeorum
773 860 934 902 error
971 847 1166 902 eodem
1200 848 1420 918 penitus
1453 849 1637 911 modo,
1672 848 1898 903 iisdem-

312 953 427 1008 que
472 938 590 993 fere
629 937 836 1003 verbis,
872 938 929 993 in
974 939 1211 1010 dialogo,
1246 948 1411 1009 atque
1440 940 1496 994 in
1536 940 1678 993 lihro
1720 940 1900 1009 primo

313 1032 709 1087 Hareticarum
779 1031 1108 1101 fabularum,
1184 1032 1363 1102 capite
1420 1031 1509 1097 26,
1572 1041 1897 1101 exponatur.

310 1125 368 1178 5.
399 1123 557 1190 Quod
587 1124 871 1194 dialogista
903 1125 971 1178 de
1010 1132 1207 1178 natura
1243 1132 1299 1178 et
1339 1124 1547 1178 malitia
1586 1125 1897 1179 daemonum

312 1216 548 1287 perinde
577 1217 777 1272 sentiat
811 1222 975 1284 autne
1008 1212 1409 1278 Theodoretus,
1447 1222 1564 1267 tum
1597 1214 1653 1267 in
1679 1214 1898 1284 exposi-

311 1310 465 1364 tione
490 1307 786 1370 Geneseos,
820 1316 936 1360 tum
966 1306 1020 1360 in
1056 1306 1293 1375 epitome
1355 1304 1671 1360 divinorum
1704 1306 1899 1361 decre-

310 1413 521 1454 torum.
574 1400 628 1454 4.
673 1398 827 1465 Quod
864 1398 1093 1468 perinde
1132 1400 1338 1468 pariter
1359 1398 1427 1453 de
1453 1398 1707 1453 libertate
1746 1396 1899 1451 arbi~

311 1491 430 1544 trii.
448 1490 519 1546 Ut
536 1489 777 1544 rationes
797 1490 903 1545 illze
920 1505 1030 1543 non
1059 1489 1417 1544 vehementer
1434 1504 1520 1544 me
1539 1489 1894 1552 convincunt,

310 1583 391 1637 ita
421 1581 668 1636 sustineo
696 1581 1022 1635 sententiam
1051 1596 1065 1632 :
1086 1578 1295 1650 judicet
1325 1578 1518 1634 lector.

676 1692 702 1764 ᾗ
745 1692 829 1748 IV.
855 1692 998 1763 Opus
1032 1692 1281 1746 adversus
1312 1688 1539 1746 Juda'os.

392 1810 430 1865 1.
464 1808 745 1863 Adversus
787 1805 1005 1862 Iudaeos
1056 1804 1340 1874 scripsisse
1409 1821 1468 1860 se
1513 1802 1893 1860 Theodoretus

306 1909 549 1954 testatur
584 1899 639 1953 in
674 1896 904 1966 epistola
931 1896 1052 1956 115,
1082 1894 1151 1949 ad
1186 1904 1431 1949 sanctum
1465 1894 1738 1961 Leonem;
1768 1896 1889 1960 116,

304 1994 384 2055 ad
408 1994 715 2055 Renatum;
745 2000 801 2045 et
842 1989 962 2052 145,
1003 1988 1068 2043 ad
1101 1990 1402 2043 monachos
1423 1988 1890 2059 Constantinopo-

304 2087 531 2139 litanos.
568 2082 623 2137 Si
647 2081 920 2152 singulare
950 2080 1223 2149 quoddam
1248 2094 1385 2149 opus
1434 2079 1720 2149 intelligat,
1755 2080 1889 2134 illud

302 2174 397 2226 vel
424 2173 642 2242 penitus
670 2171 898 2235 interiit,
929 2170 1014 2223 vel
1039 2170 1217 2224 alieno
1240 2169 1342 2223 sub
1361 2170 1588 2224 nomine
1613 2169 1751 2240 fugit
1768 2184 1892 2225 sen-

382 2358 446 2411 ll.
478 2355 613 2411 Cum
658 2362 1042 2409 recenseretur
1070 2351 1354 2423 Expositio
1395 2351 1654 2416 Danielis,
1686 2360 1745 2406 et
1764 2368 1888 2407 cum

302 2449 614 2504 referretur
651 2445 1025 2500 testimonium
1063 2443 1410 2499 Hebed-Jcsu
1432 2442 1501 2497 de
1528 2442 1682 2497 libris
1706 2442 1887 2509 Theo-

302 2539 512 2603 doreti,
536 2538 650 2592 dixi
680 2536 858 2591 videri
889 2550 1050 2606 posse
1080 2538 1123 2598 ⁸,
1160 2550 1298 2605 opus
1324 2575 1337 2599 ,
1393 2533 1540 2603 quod
1586 2549 1616 2586 a
1640 2533 1890 2587 Theodo-

305 2640 429 2686 reto
454 2629 719 2683 adversus
740 2627 955 2682 Judazos
994 2627 1360 2696 compositum
1379 2634 1483 2689 est,
1528 2640 1637 2678 non
1664 2625 1888 2680 differre

300 2740 335 2777 a
377 2720 802 2777 Commentariis
845 2719 903 2773 in
960 2718 1273 2782 Danielem,
1309 2716 1600 2771 autetiam
1646 2716 1704 2770 in
1754 2716 1889 2772 alios

302 2811 627 2883 prophetas.
683 2810 741 2864 in
781 2809 849 2864 iis
902 2817 1049 2863 certe
1090 2807 1178 2871 fit,
1217 2808 1364 2877 quod
1402 2806 1784 2859 Thcodoretus
1829 2822 1887 2861 se

301 2903 576 2959 adversus
614 2901 831 2957 Iudaeos
876 2899 1227 2956 contendisse
1259 2906 1446 2953 narrat
1483 2898 1539 2951 in
1562 2898 1793 2967 epistola
1819 2898 1885 2952 ad

302 2991 610 3046 monachos
641 2987 1292 3059 Constantinopolitanos,
1328 2987 1395 3042 de
1427 2987 1646 3043 Christo
1689 3002 1886 3057 nempe

1997 486 2240 555 juvabit,
2268 487 2675 546 Theodoretum
2702 495 2947 565 magistri
2974 497 3059 551 sui
3086 500 3311 572 vestigia
3331 504 3411 560 sic
3440 522 3589 565 asse-

2002 584 2213 670 cutum,
2250 586 2308 631 ut
2338 579 2549 635 nullum
2584 581 2697 637 fere
2742 596 3147 656 argumentum,
3191 594 3339 662 quod
3370 598 3587 670 attigis-

2002 675 2106 731 set,
2160 669 2424 724 intactum
2482 673 2785 744 reliquerit.
2854 675 3225 737 Nihilominus
3269 684 3396 741 inde
3474 669 3585 747 non

2003 774 2228 815 moveor
2264 762 2330 816 ad
2356 763 2691 820 credendum
2714 767 2778 831 ¹¹,
2808 769 2952 838 quod
2985 772 3250 829 adversus
3290 775 3585 850 Origenem

2001 850 2327 939 scripserit:
2356 869 2482 910 nam
2512 871 2636 911 eum
2673 874 2776 913 nec
2796 860 2941 916 inter
2965 863 3251 921 haereticos
3283 874 3580 939 recensuit,

2001 938 2112 995 imo
2128 947 2514 1001 annumeravit
2529 947 2917 1005 hazreticorum
2943 953 3451 1027 impugnatoribus;
3482 938 3584 1020 nec

2001 1031 2321 1091 durioribus
2362 1037 2546 1093 verbis
2577 1039 2862 1097 insecutus
2899 1052 3012 1110 est,
3052 1048 3214 1117 cujus
3252 1049 3329 1104 rei
3359 1066 3581 1108 causam

2000 1138 2124 1179 cum
2176 1125 2554 1196 inquirerem,
2602 1132 2943 1202 mirarerque
3004 1146 3226 1206 propter
3270 1148 3579 1211 temporum

2001 1216 2372 1272 conditionem
2402 1226 2458 1273 et
2489 1218 2928 1291 Origenistarum
2977 1225 3046 1278 ab
3074 1226 3457 1287 Alexandrinis
3481 1247 3579 1288 ve-

2000 1306 2298 1372 xationem,
2338 1325 2447 1363 non
2499 1310 2662 1365 aliam
2709 1314 3135 1382 probabiliorem
3176 1320 3378 1389 reperi,
3413 1338 3578 1393 quam

1999 1398 2147 1467 quod
2188 1398 2597 1465 Theodoretus,
2655 1412 2715 1456 ut
2744 1413 2866 1458 erat
2911 1408 3302 1464 monachorum
3335 1411 3580 1469 Orientis

1999 1488 2321 1544 ambitiosus
2341 1491 2569 1556 amicus,
2592 1503 2647 1548 et
2665 1493 3041 1566 [Egyptiorum
3064 1503 3356 1568 prasulum
3385 1513 3577 1560 aucto-

2000 1580 2179 1635 ritatis
2212 1597 2321 1635 non
2353 1583 2807 1651 patientissimus,
2842 1572 2952 1643 non
2981 1605 3148 1646 ausus
3175 1600 3261 1647 est
3294 1594 3350 1648 in
3382 1593 3577 1664 Orige-

1999 1686 2128 1725 nem
2171 1671 2391 1738 invehi;
2437 1675 2696 1743 quoniam
2740 1676 2891 1732 visus
2940 1689 3086 1735 esset
3141 1689 3196 1736 et
3229 1698 3258 1737 a
3292 1685 3577 1741 monachis

1929 1734 1968 1787 Β
1995 1759 2238 1816 Orientis
2283 1763 2611 1830 dissentire,
2658 1767 2802 1836 apud
2834 1784 2973 1838 quos
3009 1780 3129 1825 erat
3162 1772 3219 1827 in
3276 1775 3474 1845 pretio,
3518 1784 3577 1830 et

1992 1852 2375 1909 Alexandrinis
2415 1856 2696 1920 accedere,
2740 1873 2879 1927 quos
2916 1876 3039 1915 cum
3071 1863 3281 1921 Joanne
3309 1865 3573 1921 Hieroso—

1996 1941 2262 2012 lyniitano
2305 1944 2358 1997 in
2414 1961 2575 2000 causa
2617 1944 3050 2018 Origenistarum
3099 1968 3371 2023 pugnasse
3400 1969 3573 2010 nove.

1994 2045 2094 2088 rat.

2229 2232 2255 2303 ᾗ
2293 2235 2378 2289 Vl.
2410 2236 2553 2291 Libri
2585 2238 2653 2290 ad
2686 2241 2997 2307 quwstiones
3037 2259 3334 2312 magorum.

2066 2406 2105 2458 1.
2140 2406 2535 2474 Responsionis
2557 2409 2623 2463 ad
2648 2411 2873 2479 qumsita
2892 2427 3197 2483 magorum,
3222 2417 3316 2485 qui
3346 2426 3476 2473 sunt
3511 2421 3567 2475 in

1990 2494 2232 2557 Perside,
2262 2497 2511 2551 meminit
2541 2498 2742 2567 passim
2788 2500 3186 2568 Theodoretus,
3220 2508 3370 2562 velut
3398 2509 3453 2563 in
3476 2510 3569 2565 lit-

1992 2590 2126 2642 teris
2155 2591 2221 2643 ad
2257 2591 2554 2648 Eusebium
2600 2594 2947 2668 Ancyranum
2973 2599 3015 2630 ¹¹
3049 2617 3061 2652 :
3097 2618 3113 2650 ‹
3143 2600 3401 2672 Mysticus
3428 2619 3568 2673 prae-

1989 2690 2136 2736 terea
2172 2684 2408 2753 scriptus
2441 2695 2522 2739 est
2548 2702 2577 2739 a
2602 2687 2763 2741 nobis
2789 2688 2950 2753 li-ber,
2983 2698 3038 2744 et
3060 2691 3151 2745 alii
3176 2691 3243 2746 de
3263 2693 3565 2749 Providen-

1990 2772 2085 2835 tia,
2122 2780 2177 2826 et
2199 2773 2265 2827 ad
2302 2776 2528 2844 quaesita
2561 2778 2577 2796 ‘
2601 2792 2882 2846 magorum
2907 2779 3066 2843 alius,
3103 2789 3208 2835 etc.
3241 2780 3309 2835 Et
3331 2783 3398 2836 ad
3423 2783 3565 2839 Leo-

1989 2877 2113 2915 nem
2154 2863 2403 2934 Magnum
2429 2883 2441 2918 :
2478 2885 2495 2918 ι
2522 2865 2662 2921 Sunt
2688 2868 2843 2934 mihi,
2876 2886 2995 2939 quae
3016 2871 3214 2941 partim
3239 2882 3363 2927 ante
3393 2889 3566 2929 annos

1988 2950 2204 3020 viginti,
2233 2954 2431 3022 partim
2474 2963 2599 3008 ante
2641 2956 2965 3021 octodecim,
2999 2960 3194 3027 partim
3229 2970 3353 3014 ante
3399 2962 3564 3030 quin-

300 3041 1516 3151 aia’r...;.',;;;;a;aaauna...
1675 3041 1880 3133 ηεπηεῑη
1909 3062 1950 3120 c
1986 3041 2186 3151 egra;
2220 3043 2418 3151 ῃειτείιτι
2455 3054 2582 3151 ause
2609 3045 2902 3151 ευοάεοξω
2935 3049 3124 3117 scripsi
3150 3065 3164 3113 ς
3192 3050 3437 3151 quaedam
3462 3052 3564 3106 εει-

304 3173 512 3237 visum,
546 3172 1070 3227 demonstrationem
1126 3170 1392 3225 adversus
1458 3170 1716 3230 Judzcos.
1761 3183 1883 3239 qua:

302 3274 393 3319 est
417 3265 561 3319 inter
586 3279 865 3318 sermones
909 3262 1091 3317 Basilii
1121 3261 1503 3325 Seleuciensis,
1528 3275 1650 3315 esse
1677 3259 1782 3314 hoc
1802 3259 1882 3329 ip-

304 3370 433 3408 sum
462 3370 619 3424 opus,
654 3354 801 3424 quod
843 3353 1223 3408 Theodoretus
1255 3350 1424 3405 tradit
1455 3365 1515 3403 se
1556 3356 1749 3404 contra
1781 3348 1879 3404 Ju-

300 3444 852 3515 datos'composuisse
874 3444 916 3497 '.
960 3443 1099 3498 lluic
1120 3441 1367 3512 Opinioni
1409 3440 1554 3495 favet
1584 3439 1731 3510 quod
1766 3440 1882 3495 haec

299 3536 705 3591 demonstratio
730 3535 983 3591 videatur
1015 3534 1217 3590 Basilio
1252 3531 1556 3602 supposita,
1581 3538 1639 3586 et
1677 3530 1881 3585 nihilo-

301 3624 497 3679 minus
527 3640 636 3679 non
669 3624 1105 3694 improbabiliter
1147 3621 1341 3677 referri
1379 3630 1545 3692 queat
1588 3621 1656 3677 ad
1701 3620 1881 3691 quinti

226 3787 231 3791 θ
299 3715 493 3770 εωθιῆί
543 3724 751 3785 partem
774 3759 788 3780 ,
834 3730 944 3786 qua
976 3715 1210 3770 Basilius
1237 3724 1293 3769 et
1326 3715 1705 3769 Theodoretus
1725 3713 1881 3766 vixe-

297 3815 457 3861 runt.
486 3806 686 3862 Verum
723 3806 1127 3862 hebdomadum
1164 3806 1381 3860 initium
1419 3821 1528 3859 non
1557 3804 1785 3875 perinde
1810 3804 1879 3857 ab

298 3906 542 3965 utroque
563 3895 817 3960 sumitur,
840 3911 1019 3966 neque
1043 3896 1207 3951 iidem
1227 3896 1352 3950 anni
1369 3896 1535 3967 418
1556 3896 1625 3949 ab
1645 3903 1879 3964 utroque

298 3994 609 4056 ponuntur,
641 4000 818 4056 neque
844 3986 1019 4057 stylus
1044 3985 1451 4041 Theodoretum
1483 3986 1641 4054 sapit.

632 4096 659 4168 ᾗ
688 4097 753 4152 γ.
785 4096 925 4168 Opus
976 4097 1223 4152 adversus
1262 4096 1559 4168 Origenem.
1588 4102 1591 4105 λ

374 4204 416 4259 1.
445 4204 637 4275 Neque
667 4204 1045 4261 Theodoretus
1083 4207 1316 4278 uspiam,
1347 4222 1521 4276 neque
1564 4206 1706 4260 ullus
1731 4215 1889 4260 vete-

296 4311 450 4361 ium,
479 4295 592 4351 imo
628 4311 730 4351 nec
776 4297 1143 4351 recentiorum
1178 4296 1376 4367 aliquis
1416 4296 1665 4353 meminit
1692 4296 1876 4367 operis

1986 3147 2176 3187 versus
2213 3133 2447 3190 Arianos
2497 3144 2555 3190 et
2609 3136 3014 3200 Eunomianos,
3065 3138 3314 3207 quaedam
3371 3153 3564 3197 contra

1983 3220 2199 3277 Judzeos
2217 3239 2279 3277 ac
2305 3224 2557 3293 gentiles,
2581 3218 2839 3294 quaedam
2854 3235 3046 3279 contra
3070 3241 3274 3298 magos,
3304 3230 3398 3298 qui
3431 3240 3565 3285 sunt

1984 3314 2038 3367 in
2060 3314 2301 3377 Perside,
2326 3334 2341 3365 ι
2362 3324 2468 3370 etc.
2492 3316 2667 3386 Atque
2692 3318 2745 3371 in
2766 3317 2995 3371 Historia
3014 3318 3382 3384 ecclesiastica,
3404 3322 3560 3387 lib.v.
3623 3353 3627 3356 -

1983 3419 2103 3475 cap.
2131 3405 2200 3459 38
2239 3423 2251 3459 :
2284 3424 2303 3457 ι
2339 3405 2521 3476 Magos
2548 3422 2682 3461 vero
2727 3407 2905 3463 Persa:
2938 3416 3138 3463 vocant
3163 3425 3292 3475 eos,
3320 3412 3415 3480 qui
3450 3412 3565 3467 ele-

1982 3504 2167 3550 menta
2215 3496 2348 3551 deos
2392 3496 2621 3562 faciunt,
2656 3499 2892 3567 quorum
2942 3515 3045 3555 nos
3104 3499 3316 3557 fabulas
3359 3502 3467 3557 alio
3505 3504 3560 3558 in

1981 3601 2149 3655 opere
2184 3588 2557 3653 ostendimus,
2606 3588 2661 3643 in
2699 3604 2808 3658 quo
2846 3588 2915 3644 ad
2962 3592 3292 3659 quaestiones
3339 3592 3561 3648 illorum

1980 3680 2309 3735 solutionem
2343 3680 2707 3736 attulimus".
2744 3700 2762 3732 ι

2057 3771 2118 3825 11.
2155 3771 2233 3826 Ex
2276 3770 2372 3825 his'
2422 3778 2637 3825 constat
2674 3770 3081 3826 Theodoretum
3124 3772 3297 3842 magis
3335 3786 3562 3843 respon-

1981 3861 2270 3924 disse.non
2301 3869 2512 3916 tantum
2542 3870 2666 3915 ante
2686 3877 2887 3916 annum
2912 3862 3037 3927 456,
3072 3878 3182 3931 quo
3203 3878 3347 3916 anno
3376 3862 3560 3919 Histo-

1980 3952 2059 4005 ria
2076 3950 2375 4019 composita
2403 3956 2507 4011 est,
2533 3949 2629 4003 sed
2660 3950 2824 4003 etiam
2853 3958 2980 4003 ante
2997 3964 3201 4002 annum
3220 3949 3344 4011 437,
3379 3948 3429 4001 id
3450 3956 3556 4016 est,

1982 4037 2269 4094 duodecim
2295 4036 2454 4091 annis
2477 4044 2531 4091 et
2548 4037 2784 4106 amplius
2803 4046 2928 4091 ante
2946 4036 3129 4101 datam
3146 4037 3213 4091 ad
3231 4036 3395 4109 419
3421 4037 3560 4092 Leo-

1985 4145 2110 4186 nem
2148 4129 2398 4200 Magnum
2426 4127 2713 4198 epistolam
2741 4170 2754 4193 ,
2789 4127 2900 4181 imo
2924 4136 3051 4181 ante
3081 4143 3285 4182 annum
3308 4128 3433 4194 453,
3456 4126 3577 4198 qui'

1978 4230 2062 4275 est
2090 4219 2450 4274 duodecimus
2473 4227 2598 4272 ante
2620 4219 2880 4287 scriptam
2910 4217 3148 4271 Eusebio
3182 4218 3493 4287 epistolam.
3572 4286 3579 4293 ο

2048 4310 2138 4365 111.
2165 4308 2295 4377 Quae
2319 4307 2525 4363 fuerint
2558 4321 2840 4376 magorum
2886 4306 3137 4375 quaesita,
3165 4306 3414 4361 divinare
3444 4322 3553 4361 non

295 4388 360 4442 in
400 4386 693 4458 Origenem
714 4390 1033 4460 conscripti.
1062 4388 1323 4460 Suspicor
1359 4388 1502 4459 apud
1547 4387 1712 4459 Syros
1737 4388 1873 4441 alle-
1907 4388 1951 4444 D
1979 4398 2146 4465 licet;
2188 4406 2401 4453 constat
2430 4396 2790 4452 nihilominus
2824 4397 3128 4466 frequentia
3174 4398 3381 4462 fuisse;
3426 4413 3552 4452 nam

295 4477 420 4532 rius
451 4476 733 4548 cujusdam
778 4487 994 4548 partum
1040 4478 1381 4549 suppositum
1425 4478 1593 4533 fuisse
1625 4477 1875 4533 Theodo-

292 4578 441 4632 reto,
473 4567 870 4640 deceptumque
904 4570 1030 4625 inde
1070 4570 1471 4626 Bebed‘Jesum
1494 4571 1557 4624 ¹⁰.

370 4660 438 4713 11.
482 4659 713 4729 Scripsit
759 4661 1014 4730 quidem,
1051 4662 1097 4717 si
1151 4662 1557 4719 Hebed-Jesum
1622 4662 1877 4718 audimus

288 4762 466 4821 atque
492 4750 809 4807 Liberatum
834 4794 849 4817 ,
886 4753 1151 4810 adversus
1185 4754 1508 4825 allegoricos
1556 4744 1878 4810 Theodorus

290 4842 740 4910 Mopsuestenus,
770 4858 880 4896 non
915 4843 1121 4900 idcirco
1148 4852 1329 4899 tamen
1371 4844 1519 4899 credi
1552 4852 1731 4914 potest
1759 4860 1875 4899 ma-

289 4930 456 5000 gistri
512 4945 651 4999 opus
683 4931 949 4987 tributum
991 4932 1292 5003 discipulo,
1338 4933 1609 5003 siquidem
1663 4933 1880 4989 Hebed-

286 5022 429 5077 Jesu
459 5022 747 5093 utriusque
775 5024 957 5097 operis
994 5024 1264 5089 meminit,
1290 5033 1345 5081 et
1382 5024 1527 5095 quod
1560 5024 1878 5081 Theodore-

291 5124 409 5177 tus,
442 5122 501 5168 et
526 5113 674 5184 quod
691 5114 1013 5170 Theodorus
1039 5108 1414 5185 composuisse
1445 5114 1662 5173 dicitur.

1981 4498 2037 4543 et
2065 4489 2332 4542 Diodorus
2358 4486 2661 4551 Tarsensis,
2704 4494 2759 4540 et
2788 4486 3111 4540 Theodorus
3139 4486 3554 4555 Mopsuestenus

1983 4578 2246 4636 adversus
2279 4593 2465 4648 magos
2487 4576 2755 4648 ejusmodi
2779 4578 3151 4645 disputarunt.

2052 4670 2139 4725 IV.
2162 4668 2369 4739 Opinor
2395 4683 2526 4723 vero
2554 4682 2585 4721 a
2615 4666 2787 4737 magis
2808 4681 2917 4721 non
2942 4666 3088 4735 ipsos
3113 4666 3386 4731 doctores,
3414 4683 3553 4738 quos

1983 4759 2270 4830 appellavi,
2316 4757 2411 4813 sed
2449 4756 2791 4813 Christianos
2827 4756 2884 4811 in
2917 4755 3143 4811 Perside
3200 4755 3549 4820 exsistentes,

1984 4850 2344 4919 interrogatos
2369 4864 2510 4912 esse,
2541 4847 2636 4919 qui
2667 4857 2856 4919 utpote
2886 4846 3170 4920 neaphyti,
3189 4863 3312 4903 cum
3342 4848 3395 4902 in
3437 4849 3550 4903 sol-

1982 4939 2175 4994 vendis
2190 4939 2587 5010 quaestionibus
2612 4938 2941 5002 laborarent,
2964 4935 3205 4993 Orientis
3237 4938 3549 5008 magistros,

1982 5027 2184 5099 quippe
2228 5027 2542 5090 viciniores,
2582 5027 2964 5091 consulebant,
3005 5026 3138 5095 quid
3173 5026 3401 5082 moleste
3445 5024 3553 5079 sci-

1984 5119 2307 5175 scitantibus
2336 5119 2781 5190 respondendum
2811 5117 2955 5173 foret
2979 5118 3043 5170 τι.

1642 5271 1954 5328 SCHULZII
1984 5271 2214 5327 NOTAE.

372 5424 400 5496 ξ
416 5424 541 5496 Yid.
577 5440 763 5496 supra,
780 5443 836 5496 p.
868 5427 989 5483 260.

292 5564 329 5637 i_
363 5563 418 5617 in
453 5562 781 5619 Leviticum.
823 5566 945 5637 Vid.
1008 5576 1051 5620 t.
1078 5568 1120 5627 l,
1151 5583 1205 5637 p.
1235 5567 1353 5637 176.

1062 5430 1083 5461 θ
1120 5428 1241 5483 Vid.
1271 5427 1504 5483 Fabricii
1551 5427 1796 5496 Biblioth.
1836 5426 1954 5491 σν..
1984 5428 2092 5496 vol.
2118 5426 2254 5488 Vill.
2278 5443 2334 5496 p.
2362 5429 2481 5484 ηδ.

294 5493 340 5566 ‘_‘
367 5492 529 5566 idem
561 5492 751 5566 statuit
783 5492 993 5552 Caveus
1029 5497 1084 5551 in
1120 5496 1254 5551 Hist.
1295 5497 1456 5551 litter.
1485 5498 1667 5566 script.
1695 5495 1897 5566 ποια..

2581 5428 2625 5459 ιο
2652 5426 2774 5482 Vid.
2800 5440 2987 5496 supra,
3024 5441 3079 5496 p.
3106 5425 3229 5489 260,
3260 5426 3434 5482 schol.
3458 5428 3565 5489 11.,

1924 5511 1978 5565 p.
2016 5495 2140 5567 226.
2218 5496 2261 5527 ¹²
2282 5495 2410 5567 1⁷111.
2442 5496 2601 5567 epist.
2632 5496 2719 5551 82.
2802 5496 2846 5528 ¹³
2869 5495 3242 5567 Αάᾱθίιοουῐιι
3270 5512 3335 5550 ex
3352 5504 3549 5567 qutest.

1442 5567 1485 5599 “
1515 5566 1573 5620 In
1603 5566 1751 5620 hunc
1777 5565 2011 5636 indicem
2042 5565 2310 5620 librorum
2343 5565 2695 5636 Theodoreti,
2730 5580 2962 5636 quorum
2994 5565 3105 5620 sola
3129 5565 3411 5636 ‘memoria
3465 5566 3551 5636 vi—

291 5632 462 5707 detur
489 5648 840 5707 _superesse,_
858 5636 1126 5707 referendi
1152 5632 1291 5690 'sunt
1317 5636 1414 5707 illi,
1444 5650 1677 5707 quorum
1718 5633 1922 5707 mentio
1980 5633 2119 5707 facta
2159 5644 2262 5707 est,
2292 5651 2349 5706 p.
2390 5634 2477 5707 60.
2512 5635 2702 5707 Dubiis
2740 5632 3092 5691 accensemus
3116 5633 3551 5690 Commentarios

295 5702 357 5756 in
386 5702 537 5757 varia
562 5704 775 5757 cantica
808 5704 1105 5775 Scriptura:
1140 5720 1328 5769 sacrm,
1368 5704 1435 5758 de
1462 5702 1664 5774 quibus
1692 5704 1800 5758 vid.
1848 5702 2127 5771 Lambec.,
2168 5705 2206 5759 l.
2239 5702 2315 5771 tv,
2348 5721 2401 5775 p.
2435 5704 2554 5760 176.
