4058 6174
449 277 550 342 367

1088 375 1316 433 CAPUT
1347 375 1414 429 Χ.

733 471 930 544 Opera,
963 486 1080 541 qua}
1111 469 1360 523 Auctario
1398 467 1752 520 continentur.

528 565 569 621 1.
624 566 694 623 Ut
725 579 889 635 quam
920 559 1328 616 absolutissima
1369 557 1571 628 potuit,
1599 571 1830 626 operum
1858 554 2041 608 Theo«

431 649 631 724 ,doreti
655 655 905 712 collectio
924 651 1193 723 prodiret,
1219 651 1336 704 visa
1360 656 1491 703 sunt
1514 648 1580 702 ad
1600 657 1839 718 quatuor
1865 655 2044 701 tomos

454 767 485 806 a
534 745 828 804 Sirmondo
889 743 1070 800 editos
1123 740 1397 808 addenda,
1454 755 1578 810 quae
1629 737 2040 799 desiderantur,

434 855 684 914 'quazque
733 843 1036 909 potuerunt
1078 833 1338 889 inveniri.
1374 832 1450 886 Ea
1477 846 1609 885 vero
1653 838 1781 884 sunt
1805 828 2044 884 duorum

367 991 370 995 _
455 945 718 1002 generum
757 947 770 982 :
807 927 915 982 alia
962 926 1111 980 enim
1147 938 1430 992 nunquam
1466 921 1734 976 hactenus
1779 918 2047 973 viderunt

457 1022 797 1089 lucem;alia
835 1019 1099 1075 viderunt
1146 1017 1393 1088 quidem,
1424 1014 1520 1071 sed
1567 1015 1751 1070 alieno
1796 1012 1899 1067 sub
1946 1027 2047 1066 no-

457 1112 626 1168 mine.

529 1202 593 1257 11.
633 1201 756 1256 Non
798 1201 979 1271 potuit
1033 1209 1217 1254 autem
1275 1196 1497 1268 partitio
1550 1195 1747 1249 melior
1797 1191 2046 1248 Auctarii

460 1293 600 1359 ﬁeri,
633 1309 797 1364 quam
837 1309 958 1363 qua:
980 1293 1086 1348 fuit
1129 1306 1360 1361 operum
1385 1306 1416 1343 a
1445 1287 1739 1343 Sirmondo
1765 1286 2044 1340 instituta.

460 1386 640 1454 Quare
685 1386 752 1441 ad
799 1386 1049 1456 singulos
1076 1395 1252 1439 tomos
1301 1380 1506 1450 aliquid
1537 1378 1779 1443 additur,
1825 1386 2050 1448 praeter-

462 1494 624 1548 quam
648 1476 716 1532 ad
740 1477 1068 1540 secundum,
1105 1475 1201 1544 qui
1225 1473 1523 1542 prophetas
1549 1484 1742 1524 omnes
1769 1467 2050 1523 sexdecim

463 1569 845 1640 complectitur
871 1587 886 1634 ;
912 1583 1038 1622 nam
1061 1562 1457 1621 Commentarii
1480 1563 1536 1616 in
1571 1559 1788 1624 Isaiam,
1811 1560 1907 1629 qui
1939 1575 2051 1616 non

468 1660 738 1716 habentur
763 1659 983 1730 integri,
1017 1656 1114 1713 sed
1140 1671 1209 1710 ex
1242 1655 1375 1710 solis
1408 1653 1632 1708 Catenis
1657 1651 1874 1706 collecti
1898 1660 2049 1717 sunt,

1295 264 1674 329 GARNERII
1711 261 2267 323 DISSERTATION
2276 261 2346 320 IS
2378 261 2436 321 ΙΙ
2477 262 2882 322 APPENDIX.

3619 260 3724 323 368

2069 374 2116 429 Α
2212 371 2302 427 lll.
2328 373 2546 443 Reliqui
2569 388 2702 443 ergo
2723 371 2856 426 torni
2879 380 2991 424 tres
3024 384 3170 423 nunc
3190 375 3480 437 augentur,
3508 365 3605 421 sed
3627 368 3726 424 alii
3773 386 3776 388 ‘

2143 463 2383 531 parcius,
2411 463 2504 516 alii
2529 461 2825 531 copiosius.
2846 459 2926 514 Ad
2951 460 3114 530 primi
3132 458 3495 528 posteriorem
3521 466 3730 527 partem

2143 555 2355 610 accedit
2379 570 2447 610 ex
2494 555 2750 609 Vaticana
2781 553 3119 608 bibliotheca
3164 550 3417 606 nonnihil
3450 551 3730 620 pertinens

2144 643 2212 698 ad
2253 645 2526 710 Psalmos;
2559 661 2626 698 ex
2658 655 2865 705 nostra,
2903 641 3347 699 Commentarios
3374 641 3638 713 mysticus
3674 642 3734 698 in

2143 733 2367 790 Cantica
2410 736 2749 794 canticorum
2785 736 2824 766 "
2851 751 2866 796 ;
2893 734 2962 790 ad
3007 733 3156 788 tertii
3196 733 3563 804 posteriorem
3593 748 3734 802 quo-

2145 842 2252 896 que
2277 836 2510 896 partem,
2552 827 2797 898 epistolae
2827 826 3020 897 viginti
3055 835 3306 896 septem;
3357 825 3428 881 ad
3475 833 3735 896 quartum

2147 937 2428 977 sermones
2462 932 2694 992 septem,
2726 930 2782 976 et
2805 929 3066 976 tractatus
3085 920 3378 985 undecim;
3408 935 3517 976 non
3540 935 3737 977 omnes

2148 1023 2331 1070 tamen
2377 1015 2610 1086 integri,
2654 1014 2750 1070 sed
2781 1013 3030 1068 nonnulli
3065 1014 3332 1069 duntaxat
3371 1014 3428 1070 in
3460 1012 3741 1084 fragmen-

2149 1104 2239 1159 tis.

2217 1197 2306 1251 1V.
2345 1197 2420 1251 De
2437 1197 2668 1268 singulis
2693 1197 3084 1252 additamentis
3105 1196 3407 1267 copiosius.
3432 1204 3492 1250 ut
3519 1195 3586 1250 dc
3612 1195 3740 1251 aliis

2151 1289 2416 1360 operibus
2462 1289 2663 1344 factum
2695 1289 2980 1353 hactenus,
3032 1288 3217 1342 dicere
3256 1287 3396 1340 nihil
3436 1286 3737 1340 admodum

2149 1383 2307 1453 juvat
2336 1399 2350 1435 :
2386 1382 2562 1436 satius
2581 1382 2729 1436 enim
2766 1380 3064 1450 unicuique
3089 1394 3408 1449 praeponere
3438 1393 3591 1432 suam
3613 1393 3742 1433 cen-

2155 1491 2360 1539 suram,
2403 1483 2672 1544 notasque
2717 1474 3054 1544 subiungere
3079 1513 3094 1537 ,
3135 1482 3301 1541 atque
3334 1472 3408 1526 ita
3447 1470 3740 1526 consulere

2155 1565 2378 1620 lectoris
2400 1564 2597 1628 labori,
2627 1579 2739 1634 quo
2765 1562 3045 1618 fastidiose
3070 1561 3316 1631 requirat
3344 1561 3560 1630 procul,
3595 1557 3742 1614 unde

2154 1666 2457 1728 przesentes
2493 1656 2666 1721 locos,
2695 1656 2740 1711 si
2763 1654 3136 1710 dilIicultatem
3167 1661 3376 1716 creent,
3401 1651 3618 1707 facilius
3652 1651 3738 1706 in-

467 1749 572 1806 etsi
600 1749 919 1821 diligentius
935 1747 1236 1818 conquisiti
1257 1745 1386 1809 sint,
1422 1743 1657 1814 reperiri
1695 1751 1879 1798 tamen
1909 1759 2045 1798 nus-
2089 1735 2127 1788 Β
2161 1749 2380 1820 telligat.
2437 1746 2645 1804 SuiIicit
2676 1763 2806 1816 ergo
2835 1746 3082 1802 Auctarii
3137 1745 3404 1817 syllahum
3444 1743 3741 1806 exhibere,

469 1856 634 1910 quam
665 1849 983 1910 potuerunt.

2164 1838 2454 1894 recensitis
2475 1840 2776 1909 sigillatim,
2799 1853 2920 1908 qua:
2976 1837 3207 1906 singulis
3249 1835 3412 1889 tomis
3444 1833 3742 1892 adduntur.

1821 1994 1998 2050 SCIIU
2013 1995 2145 2050 LZEI
2187 1994 2419 2049 NOTAE.

544 2097 588 2128 "
614 2095 734 2152 Non
766 2096 919 2152 stetit
947 2095 1251 2151 Garnerius
1285 2094 1594 2164 promissis.
1615 2092 1741 2148 Vid.
1775 2109 1828 2162 p.
1863 2091 1980 2192 2⁵11⁹

1127 2448 2329 2569 DISSERTATIONIS
2417 2448 2666 2564 SEC
2689 2449 3116 2565 UND/E

1775 2687 2435 2779 APPENDIX.

913 2891 1000 2952 De
1034 2895 1276 2969 septem
1315 2885 1588 2964 Dialogis
1618 2883 1917 2945 adversus
1942 2880 2227 2954 Arianos,
2249 2879 2736 2944 Macedonianos
2773 2887 2833 2943 et
2856 2881 3347 2961 Apollinaristas.

1509 3159 1674 3233 420
1711 3162 2140 3226 ADMONITIO
2176 3164 2276 3222 AD
2312 3161 2736 3224 LECTOREM.

554 3427 828 3485 llarduini
859 3429 1021 3498 culpa
1047 3425 1315 3482 accidisse
1343 3425 1586 3489 videtur,
1612 3433 1672 3478 ut
1696 3425 1826 3480 huic
1852 3425 2164 3480 tractationi
2197 3424 2408 3494 pariter
2429 3441 2495 3481 ac
2523 3421 2800 3493 sequenti,
2845 3435 2970 3490 quas
2997 3416 3068 3476 de
3093 3419 3200 3476 ﬁde
3227 3416 3560 3474 Theodoreti
3590 3433 3763 3489 expo-

485 3517 587 3580 nit,
622 3534 824 3574 nomen
845 3515 1262 3572 Dissertationis
1289 3517 1461 3570 tertia:
1509 3513 1925 3568 inscriberetur.
1953 3513 2409 3584 Prospicieudum
2434 3515 2538 3570 fuit
2563 3529 2632 3569 ne
2657 3512 2822 3583 hujus
2853 3513 3062 3570 erroris
3093 3510 3323 3581 vestigia
3347 3510 3404 3565 in
3424 3519 3612 3567 nostra
3639 3509 3761 3567 edi-

489 3608 628 3662 tione
654 3619 840 3663 essent
863 3607 1106 3676 reliqua;
1134 3613 1253 3661 erat
1273 3605 1418 3659 enim
1443 3603 1738 3658 admodum
1757 3605 2122 3669 molestum,si
2153 3605 2222 3660 ad
2251 3605 2694 3661 dissertationem
2716 3602 2929 3656 tertiam
2952 3602 3270 3658 remittendi
3291 3611 3478 3657 essent
3505 3603 3758 3658 lectores.

480 3697 670 3752 Visum
699 3709 785 3754 est
813 3699 996 3767 itaque
1023 3699 1166 3752 hanc
1200 3697 1268 3751 de
1285 3697 1528 3766 quinque
1558 3694 1793 3768 dialogis
1821 3696 2206 3751 tractationem
2245 3695 2628 3752 dissertationi
2668 3693 2924 3749 secunda:
2960 3693 3136 3748 instar
3179 3692 3513 3762 Appendicis
3536 3695 3765 3764 subjun-

478 3803 631 3862 gere.
670 3788 784 3843 Hoc
815 3789 1106 3844 consilium
1131 3787 1440 3858 argumenti
1468 3786 1775 3841 similitudo
1817 3786 2102 3841 suadebat.
2139 3787 2348 3858 Dialogi
2370 3787 2517 3841 enim
2546 3787 2658 3851 isti,
2686 3801 2826 3856 quos
2849 3786 3070 3855 plurimi
3103 3786 3429 3850 Athanasio,
3463 3785 3768 3842 Garnerius

477 3879 851 3943 Theodoreto,
874 3878 964 3933 alii
982 3889 1107 3934 cum
1134 3877 1379 3943 Petavio,
1403 3877 1738 3934 Combeﬂsio
1760 3887 1815 3933 et
1843 3879 2083 3948 Dupinio
2116 3879 2327 3934 rectius
2356 3877 2592 3936 Maximo
2645 3877 3005 3934 vindicandos
3047 3893 3172 3934 esse
3215 3886 3500 3949 putarunt,
3525 3879 3634 3934 illis
3665 3895 3769 3935 an-

479 3971 809 4030 numerandi
832 3979 961 4026 sunt
984 3969 1163 4035 libris,
1194 3969 1262 4025 de
1288 3985 1524 4040 quorum
1553 3978 1778 4025 auctore
1799 3969 1980 4025 adhuc
2011 3968 2114 4024 sub
2137 3970 2324 4040 judice
2356 3969 2426 4024 lis
2447 3981 2552 4026 est.
2609 3971 2671 4026 lu
2711 3979 2861 4026 tanta
2904 3970 3089 4040 itaque
3109 3969 3448 4042 iudiciorum
3471 3971 3788 4045 varietate,

479 4074 538 4125 et
557 4065 687 4137 quia
715 4063 1019 4122 Garnerius
1049 4065 1243 4138 peritis
1267 4065 1465 4120 harum
1494 4080 1681 4121 rerum
1709 4066 1936 4121 arbitris
1956 4057 2248 4121 veritatem
2277 4067 2610 4138 conjecturae
2653 4083 2767 4123 suae
2794 4068 3130 4138 persuadere
3152 4082 3265 4124 non
3288 4067 3480 4134 valuit,
3513 4066 3655 4123 hanc
3677 4069 3769 4122 in-

481 4153 847 4232 grediendam
879 4173 1002 4214 esse
1027 4157 1348 4229 putavimus
1375 4157 1543 4224 viam,
1576 4167 1658 4225 ut,
1692 4157 1874 4216 deleto
1897 4173 2062 4230 quem
2092 4157 2267 4213 editio
2296 4159 2450 4230 prior
2477 4159 2717 4215 habebat
2745 4161 2925 4226 titulo,
2956 4161 3100 4216 hanc
3148 4161 3532 4216 tractationem
3566 4159 3770 4217 inscri-

481 4251 741 4328 heremus
771 4249 1122 4321 Appendicem
1139 4265 1236 4305 seu
1259 4249 1716 4322 Supplementum
1747 4250 1816 4305 ad
1841 4249 2245 4306 dissertationis
2272 4250 2575 4322 superioris
2597 4259 2763 4323 caput
2787 4261 3062 4308 octavum.
3093 4251 3390 4309 Mutandus
3415 4267 3636 4324 quoque
3657 4250 3764 4307 fuit

482 4342 656 4407 locus,
687 4357 851 4414 quem
897 4342 1097 4415 dialogi
1127 4343 1214 4399 isti
1249 4342 1310 4399 in
1324 4344 1566 4401 editione
1591 4345 1761 4416 priori
1789 4345 2068 4401 tenebant.
2103 4344 2250 4400 lnter
2279 4330 2421 4400 hanc
2449 4354 2504 4400 et
2534 4354 2856 4417 sequentem
2897 4329 3284 4403 tractationem
3337 4346 3504 4419 positi
3529 4345 3766 4421 prolixi-

486 4445 597 4492 tate
624 4451 724 4491 sua
779 4435 1140 4492 morabantur
1177 4435 1439 4491 lectorem
1472 4435 1528 4490 in
1557 4435 1965 4506 perlustrandis
2009 4434 2098 4490 his
2125 4433 2376 4490 Garnerii
2413 4433 2898 4492 dissertationibus
2922 4446 3255 4493 versantem.
3297 4435 3501 4492 Locum
3534 4435 3643 4491 illis
3663 4437 3767 4492 de-

487 4527 607 4582 beri
639 4537 897 4598 putamus
923 4535 1048 4599 post
1089 4527 1535 4582 dissertationem
1558 4529 1946 4596 ultimam,seu
1970 4528 2242 4599 quintam.
2268 4525 2632 4599 Adjungimus
2681 4531 2866 4602 itaque
2900 4531 3026 4587 illos
3061 4531 3430 4596 sermonibus,
3457 4545 3599 4602 quos
3632 4529 3774 4586 Gar-

487 4620 681 4704 nerius
709 4619 977 4676 Eutherio
1005 4619 1278 4694 Tyanensi
1307 4620 1524 4677 tribuit.

519 4873 522 4877 ’
551 4889 599 4966 1.
631 4863 823 4944 Tradit
853 4884 1236 4942 Theodoretus
1275 4902 1332 4940 se
1365 4896 1558 4941 contra
1614 4889 1868 4956 Arianos,
1895 4889 2081 4944 Euno—
2107 4893 2153 4954 ο
2183 4888 2320 4960 gias,
2355 4885 2675 4960 rabiemque
2731 4889 3050 4955 Marcionis,
3081 4887 3257 4945 libros
3285 4889 3416 4946 olim
3461 4895 3776 4963 composui.

490 4980 724 5046 mianos,
761 4977 1182 5036 Macedonianos
1213 4988 1269 5034 et
1295 4978 1716 5050 Apollinaristas
1744 4983 2074 5051 scripsisse;
2181 4992 2238 5036 et
2267 4982 2324 5036 in
2360 4981 2593 5054 singulis
2630 4981 2786 5038 libris
2833 4982 3272 5040 ecclesiasticum
3299 4983 3496 5055 dogma
3529 5001 3632 5057 per
3675 4987 3776 5042 Dei

489 5069 556 5124 ad
586 5085 792 5140 eosque
832 5070 1026 5132 libros,
1060 5084 1185 5124 cum
1219 5077 1595 5134 accusaretur,
1629 5069 1778 5124 velut
1804 5069 1872 5124 ad
1894 5078 2076 5125 certos
2179 5070 2411 5139 gratiam
2441 5071 2640 5127 elucet.
2663 5091 2680 5122 ι
2719 5071 2893 5143 Epist.
2923 5071 3026 5126 H5
3062 5090 3074 5125 :
3123 5073 3361 5128 «Jubeat
3385 5077 3647 5131 sanctitas
3675 5093 3777 5133 ve-

491 5175 606 5216 sme
650 5161 776 5215 ﬁdei
821 5169 988 5216 testes
1039 5168 1322 5230 provocat.
1380 5159 1554 5230 Epist.
1617 5159 1725 5214 82:
1765 5179 1782 5210 ‹
1814 5159 1945 5228 Qua:
1978 5159 2076 5218 Dei

493 5249 670 5320 gratia
727 5259 833 5311 est,
883 5259 941 5304 et
979 5249 1279 5319 prophetas
1311 5264 1504 5304 omnes
1534 5250 1950 5305 commentariis
1977 5266 2076 5307 ex-

493 5335 672 5406 posui,
707 5343 763 5389 et
808 5336 1155 5402 Psalterium,
1211 5348 1268 5393 et
1328 5338 1674 5409 Apostolum,
1729 5349 1784 5395 et
1813 5341 2078 5398 adversus

492 5423 726 5481 Arianos
776 5438 841 5478 ac
877 5423 1304 5483 Macedonianos
1329 5467 1344 5491 ,
1391 5437 1449 5482 et
1485 5428 1820 5498 Apollinaris
1861 5431 2078 5500 praesti-

2177 5171 2292 5218 stra
2325 5179 2411 5218 mc
2442 5163 2510 5218 ad
2537 5180 2636 5220 vos
2675 5166 2886 5230 venire,
2918 5175 2976 5221 et
3004 5165 3314 5223 doctrinam
3345 5184 3525 5224 meam
3557 5176 3780 5238 aposto-

2177 5252 2303 5308 licis
2355 5256 2603 5326 vestigiis
2654 5256 3013 5312 inhaerentem
3065 5259 3385 5314 ostendere.
3435 5259 3578 5315 Sunt
3623 5260 3777 5314 enim

2179 5343 2337 5408 mihi,
2383 5361 2506 5414 quae
2581 5348 2785 5417 partim
2849 5356 2977 5404 ante
3033 5365 3212 5406 annos
3288 5349 3505 5420 viginti,
3569 5351 3771 5420 partim

2178 5443 2307 5490 ante
2360 5438 2687 5503 octodecim,
2739 5439 2941 5509 partim
3011 5449 3139 5495 ante
3199 5439 3516 5511 quindecim
3547 5443 3588 5508 ',
3642 5456 3778 5513 par-

1841 5583 1969 5639 SCH
1981 5585 2159 5642 ULle
2199 5586 2428 5646 NOTAE.

567 5699 586 5732 ⁸
616 5698 766 5755 Part.
796 5708 918 5754 ante
947 5699 1130 5769 quiud.
1157 5697 1281 5754 Haec
1307 5698 1537 5754 aberant
1565 5700 1633 5754 ab
1662 5701 1902 5756 editione
1929 5701 2129 5772 priori.
