4056 6174
330 290 445 353 369

1018 293 1116 355 DE
1159 295 1513 358 DIALOGIS
1543 299 1710 361 ADV.
1752 297 2101 373 ARIANOS,
2144 300 2747 375 MACEDONIANOS,
2785 302 2944 362 ETC.

3505 307 3609 369 370

331 407 437 462 tim
488 416 616 461 ante
658 404 816 478 42],
849 405 1141 462 duodecim
1192 410 1409 481 scripsi,
1443 411 1691 481 quaedam
1732 420 1925 467 contra
1955 415 2001 472 Α
2098 412 2184 467 Vl.
2217 411 2366 468 Hanc
2398 402 2574 469 meam
2623 413 2953 468 sententiam
2990 422 3047 466 ut
3082 413 3205 469 aliis
3228 414 3607 485 persuadeam,

328 499 574 555 Arianos
617 508 674 553 et
723 498 1117 561 Eunomianos,
1151 519 1168 551 ι
1204 510 1311 556 etc.
1364 502 1540 573 Epist.
1576 504 1715 558 ll6:
1758 522 1773 554 ι
1829 502 1921 556 Li-

328 592 470 647 bros
514 591 710 661 scripsi
757 591 995 660 amplius
1043 592 1265 663 triginta
1309 595 1574 651 adversus
1622 595 1813 650 Arium
1865 603 1922 649 et

330 682 669 738 Eunomium
704 723 717 746 ,
802 683 1068 737 adversus
1140 684 1469 741 Marcionem
1549 694 1607 742 et
1667 685 1923 741 Macedo-

328 777 516 835 nium.
553 795 572 827 ι
601 784 708 829 etc.
742 774 810 828 Et
830 775 929 829 lib.
954 794 985 829 v
1014 776 1395 832 ereticarum
1428 778 1754 849 fabularum,
1783 794 1831 832 c.
1866 777 1921 843 2,

328 867 485 937 quod
536 874 621 920 est
669 865 737 921 de
802 866 939 921 Filio
976 868 1297 938 unigenito:
1338 887 1355 920 ‹
1396 869 1503 923 Sed
1540 870 1607 923 de
1634 869 1701 925 iis
1732 885 1833 923 nos
1869 868 1924 923 in

330 959 428 1022 iis,
458 976 581 1028 qua:
611 959 875 1013 adversus
905 958 1093 1012 Arium
1125 969 1180 1015 et
1210 961 1541 1015 Eunomium
1565 961 1888 1031 scripsimus
1908 1002 1922 1026 ,

331 1051 563 1120 copiose
613 1050 997 1105 disseruimus.
1054 1070 1072 1101 ι
1110 1051 1177 1105 Ει
1226 1066 1346 1121 cap.
1391 1068 1509 1122 seq.
1558 1053 1713 1123 quod
1743 1052 1925 1108 estde

332 1142 553 1212 Spiritu
602 1150 821 1204 sancto,
854 1143 1013 1212 cujus
1055 1158 1180 1196 eum
1211 1143 1557 1199 divinitatem
1603 1145 1922 1214 probasset:

338 1250 360 1284 ι
392 1234 463 1287 At
494 1234 667 1296 enim,
699 1232 907 1297 subdit,
934 1232 1003 1287 de
1031 1232 1238 1303 Spiritu
1285 1245 1475 1289 sancto
1505 1234 1772 1289 adversus
1808 1236 1928 1305 ejus

332 1327 519 1397 gratia
560 1325 859 1380 destitutos
903 1325 1192 1380 hazretieos
1237 1335 1347 1381 tres
1394 1326 1566 1381 libros
1599 1328 1927 1397 conscripsi,

333 1422 397 1469 et
453 1429 929 1484 supervacaneum
987 1414 1244 1469 existimo
1298 1429 1611 1469 sermonem
1666 1416 1771 1471 hoc
1806 1416 1928 1471 loco

334 1506 676 1576 producere.
718 1526 735 1557 ι

417 1598 482 1652 ll.
510 1597 665 1652 Circa
695 1598 811 1653 hare
853 1597 1167 1651 testimonia
1218 1597 1452 1652 observo
1489 1615 1502 1651 :
1536 1599 1802 1662 Primum,
1835 1615 1928 1653 or-

336 1687 529 1741 dinem
560 1689 653 1755 qui
687 1687 739 1739 in
764 1685 1119 1740 recensendis
1150 1686 1417 1755 operibus
1458 1696 1706 1740 servatur
1733 1687 1929 1740 adver-

2025 505 2378 561 ostendendaa
2428 516 2557 561 sunt
2590 506 2868 577 sigillatim
2922 522 3017 560 sex
3043 514 3228 575 partes
3256 506 3339 564 :l.
3383 504 3515 575 Quae
3556 515 3611 564 et

2027 600 2182 669 cujus
2234 598 2498 668 temporis
2556 598 2834 667 agitentur
2874 597 2930 650 in
2971 596 3202 667 dialogis
3241 598 3609 668 quaestiones;

2026 691 2082 744 2.
2113 706 2276 759 quam
2311 690 2557 744 incertus
2607 689 2775 743 fuerit
2820 690 2875 742 in
2914 689 3062 742 hunc
3112 703 3283 758 usque
3313 688 3458 761 diem
3512 705 3611 743 au-

2028 787 2175 844 ctor;
2202 780 2254 832 3.
2286 779 2432 849 quod
2456 780 2525 834 ab
2557 795 2665 833 uno
2684 794 2874 833 omnes
2896 778 3007 832 sint
3029 778 3319 847 compositi
3344 796 3357 842 ;
3378 779 3429 832 ι.
3462 777 3609 847 quod

2029 887 2173 925 unus
2201 871 2291 925 ille
2316 880 2508 925 auctor
2539 870 2694 925 sitab
2723 868 3049 923 Athanasio'
3073 869 3357 933 diversus;
3380 869 3431 923 5.
3464 868 3611 939 qubd

2030 972 2225 1017 auctor
2255 962 2597 1031 dialogorum
2657 964 2729 1017 sit
2763 963 3016 1017 diversus
3075 978 3104 1016 a
3145 962 3378 1015 Maximo
3420 977 3611 1017 mona-

2031 1052 2204 1119 cho‘;
2236 1051 2288 1105 6.
2324 1052 2471 1121 quod
2497 1068 2688 1105 omnes
2722 1069 2858 1122 quas
2898 1051 3282 1106 Theodoretus
3312 1052 3470 1107 libris
3498 1054 3613 1108 suis

2033 1141 2294 1195 adversus
2340 1140 2573 1194 Arianos
2598 1180 2611 1205 ,
2662 1139 3081 1194 Macedonianos
3109 1147 3162 1192 et
3192 1138 3612 1209 Apollinarislas

2033 1232 2256 1301 apponit
2288 1241 2446 1286 notas
2466 1272 2481 1297 ,
2511 1231 2596 1285 his
2625 1240 2835 1300 septem
2875 1229 3108 1299 dialogis
3130 1229 3376 1298 apprime
3412 1244 3616 1284 conve-

2036 1324 2210 1379 niant.

2040 1440 2070 1511 ς
2114 1440 2153 1494 1.
2182 1437 2313 1504 Quae
2342 1448 2391 1492 et
2422 1439 2573 1509 cujus
2605 1437 2853 1511 temporis
2887 1437 3219 1511 quastione:
3259 1437 3526 1506 agitentur
3553 1434 3613 1489 in

2697 1505 2947 1576 dialogis.

2106 1600 2147 1655 Ι.
2186 1600 2245 1654 In
2278 1600 2387 1653 illis
2412 1607 2621 1668 septem
2645 1596 2894 1666 dialogis,
2918 1607 2976 1650 ut
3002 1613 3065 1651 ex
3098 1596 3335 1650 lectione
3354 1601 3609 1663 apertum

2036 1698 2139 1756 est,
2176 1698 2412 1759 quatuor
2435 1686 2658 1741 omnino
2686 1691 3074 1754 oppugnantur
3109 1680 3373 1743 hmretici,
3414 1691 3612 1747 nempe

336 1794 439 1832 sus
468 1779 715 1840 Arianos,
742 1776 1150 1830 Macedonianos
1175 1785 1220 1829 et
1242 1776 1925 1846 Apotlinaristas.Deinde,
1963 1774 2001 1828 Β
2032 1781 2086 1834 in
2133 1779 2349 1833 duobus
2398 1776 2677 1848 prioribus
2724 1774 2913 1829 Aetius
2948 1782 3111 1843 atque
3157 1770 3481 1831 Eunomius,
3516 1766 3611 1838 qui

330 1870 537 1925 Arium
586 1884 709 1922 cum
748 1868 1019 1922 Eunomio
1070 1867 1259 1938 jungi,
1318 1867 1554 1922 Arianos
1585 1884 1709 1921 cum
1741 1867 1928 1921 Euno~

336 1956 565 2025 mianis,
595 1955 649 2009 id
680 1964 783 2019 est,
810 1970 933 2009 cum
954 1954 1106 2023 puris
1136 1953 1377 2019 Arianis,
1408 1952 1503 2022 qui
1527 1953 1777 2007 Anomcei
1797 1953 1928 2008 dicti

335 2057 503 2104 sunt.
533 2048 740 2109 Tertio.
773 2056 891 2101 tres
918 2046 1092 2100 libros
1112 2045 1375 2100 adversus
1404 2044 1931 2099 Pneumatomachos

337 2140 638 2195 hazreticos
667 2153 697 2191 a
726 2138 767 2191 Τ
774 2137 1077 2191 heodoreto
1132 2151 1253 2190 esse
1280 2136 1640 2204 conscriptos.
1701 2133 1927 2200 Quarto,

336 2231 748 2303 praestigiarum
768 2222 1102 2300 Apollinaris
1124 2226 1346 2281 nomine
1374 2226 1602 2295 intelligi
1627 2226 1926 2295 captiones,

336 2323 611 2386 fallacias,
642 2322 991 2390 rationesque
1014 2319 1363 2389 sopbisticas,
1389 2318 1591 2388 quibus
1618 2317 1708 2372 ille
1738 2317 1924 2372 homi-

336 2430 447 2469 nes
480 2412 663 2468 minus
688 2412 935 2467 eruditos
965 2410 1220 2491 decipere
1251 2409 1480 2464 solebat.

416 2502 507 2557 Ill.
533 2502 794 2569 Quamvis
828 2501 896 2555 de
945 2500 1032 2555 his
1061 2500 1219 2553 libris
1248 2499 1514 2553 adversus
1536 2497 1787 2563 Arianos,
1819 2498 1930 2553 Ma-

338 2595 683 2651 cedonianos
699 2602 754 2647 et
770 2592 1186 2663 Apollinaristas
1202 2591 1582 2646 Theodoretus
1599 2601 1705 2645 tam
1740 2600 1929 2660 aperte

340 2692 629 2759 loquatur;
662 2702 840 2757 neque
870 2685 1103 2741 Photius
1132 2693 1335 2747 tamen,
1366 2699 1543 2753 neque
1565 2682 1929 2752 Nieephorus,

342 2795 529 2850 neque
560 2778 725 2839 ullus,
757 2778 904 2848 quod
957 2778 1147 2839 sciam,
1180 2786 1428 2831 veterum
1463 2776 1796 2829 mentionem
1831 2790 1929 2829 eo-

343 2887 472 2925 rum
504 2870 653 2924 fecit.
707 2870 819 2923 lmo
848 2884 959 2923 non
1002 2868 1225 2923 memini
1273 2883 1358 2922 me
1416 2867 1631 2937 legere,
1675 2868 1926 2921 etiamin

342 2962 591 3026 Catenis,
624 2961 922 3031 quidquam
954 2960 1081 3014 inde
1109 2959 1441 3029 productum
1472 2977 1484 3012 :
1518 2959 1734 3013 tametsi
1764 2974 1930 3029 opor-

348 3054 523 3109 tuerit
550 3051 1026 3108 elucubratissima
1054 3064 1173 3106 esse
1209 3066 1378 3121 opera
1413 3091 1426 3116 ,
1480 3066 1601 3121 qua:
1633 3060 1787 3105 tanto
1817 3066 1931 3105 am-

348 3146 469 3199 bitu
505 3144 884 3199 Theodoretus
912 3142 1264 3213 deprazdicet.

414 3238 509 3293 IV.
542 3236 667 3292 Haec
696 3253 820 3291 cum
854 3236 1120 3289 attentius
1146 3231 1545 3303 perpenderem
1576 3233 1934 3302 mirarerque,

352 3330 508 3385 venit
537 3330 593 3382 in
642 3337 880 3382 mentem
914 3326 1217 3396 inquirere,
1248 3340 1316 3378 an
1348 3324 1691 3378 interiissent
1726 3324 1814 3377 illa
1841 3339 1938 3393 pe-

352 3423 529 3484 nitus,
569 3428 631 3473 ut
662 3420 798 3473 nihil
839 3418 1081 3487 supersit
1102 3426 1301 3486 praeter
1324 3415 1681 3480 memoriam;
1709 3431 1777 3469 an
1803 3414 1941 3468 inte-

349 3528 448 3583 gra
479 3513 713 3566 laterent
743 3509 968 3573 alicubi,
995 3508 1089 3562 sed
1122 3507 1303 3561 alieno
1318 3506 1422 3560 sub
1444 3505 1687 3560 nomine.
1720 3506 1939 3559 Postre-

351 3620 511 3661 mum
548 3603 601 3658 id
634 3602 771 3656 mihi
826 3601 1005 3655 visum
1052 3608 1136 3653 est
1185 3597 1531 3661 credibilius,
1592 3611 1762 3666 reque
1811 3594 1940 3649 dili-

352 3697 576 3767 gentius
615 3708 854 3765 expensa
885 3691 1154 3754 conclusi,
1187 3689 1437 3759 dialogos
1486 3688 1611 3743 illos
1652 3697 1864 3758 septem
1896 3688 1938 3752 ',

350 3789 450 3859 qui
479 3788 835 3858 reperiuntur
862 3785 917 3839 in
951 3791 1098 3838 tomo
1143 3781 1388 3837 secundo
1410 3780 1652 3850 Operum
1695 3778 1940 3834 Athana-

352 3883 451 3943 sii,
482 3881 689 3950 quique
720 3878 789 3932 ab
820 3878 943 3931 aliis
968 3874 1288 3937 Athanasio,
1312 3873 1378 3928 ab
1407 3871 1529 3925 aliis
1558 3870 1789 3925 Mavimo
1830 3886 1944 3925 mo-

355 3964 538 4025 nacho
577 3970 915 4030 tribuuntur,
958 3980 1067 4019 non
1101 3962 1349 4017 diversos
1388 3975 1510 4015 esse
1541 3976 1571 4013 a
1609 3959 1771 4014 libris
1805 3973 1943 4029 quos

354 4062 742 4119 Theodoretus
790 4076 848 4114 se
909 4058 1173 4113 adversus
1209 4055 1443 4109 Arianos
1472 4094 1486 4117 ,
1550 4052 1939 4118 Eunomianos,

354 4153 890 4221 Macedonianosque
936 4160 992 4205 et
1045 4147 1464 4219 Apollinarislas
1503 4144 1790 4215 scripsisse
1825 4159 1942 4199 me—

356 4257 561 4302 morat.

434 4338 498 4392 γ.
550 4337 610 4391 ln
650 4336 793 4389 hanc
827 4333 1144 4403 opinionem
1186 4330 1309 4385 veni
1366 4328 1453 4383 his
1501 4327 1612 4382 fere
1660 4326 1939 4397 gradibus.

2030 1872 2420 1925 Anomaaorum
2451 1876 2745 1938 parentes;
2774 1865 2831 1919 in
2857 1865 3042 1927 tertio,
3084 1871 3237 1918 sexto
3267 1870 3322 1916 et
3352 1860 3607 1929 septimo,

2031 1961 2400 2022 Macedonius,
2432 1959 2525 2028 qui
2560 1944 3185 2012 Pneumatoinachorum
3228 1952 3519 2022 princeps;
3552 1948 3609 2002 in

2031 2052 2261 2121 reliquis
2292 2050 2541 2113 duobus,
2597 2046 2989 2117 Apollinarius,
3023 2051 3119 2099 aut
3163 2040 3606 2113 Apollinariipo-

2032 2142 2141 2195 tius
2178 2149 2499 2205 sectatores,
2525 2153 2758 2210 quorum
2787 2137 3011 2208 triginta
3042 2136 3267 2206 argutiae
3287 2133 3461 2188 forma
3498 2122 3609 2203 $le

2030 2234 2277 2305 logistiea
2316 2241 2720 2304 proponuntur,
2763 2237 2819 2285 et
2863 2229 2933 2283 ab
2962 2226 3270 2283 orthodoxe
3294 2226 3607 2281 solvuntur.

2100 2325 2165 2379 ll.
2208 2322 2267 2378 In
2321 2323 2500 2393 primo
2531 2320 2768 2392 agitatur
2809 2319 2988 2373 obiter
3015 2316 3407 2371 Anommorum
3458 2326 3611 2383 quae-

2030 2419 2136 2475 stio
2158 2416 2225 2472 de
2258 2416 2572 2486 cognitione
2597 2414 2716 2478 Dei,
2744 2412 2828 2467 An
2863 2410 3078 2482 perinde
3116 2411 3181 2463 sit
3212 2418 3361 2461 notus
3394 2404 3611 2468 homini,

2027 2512 2193 2564 etiam
2225 2507 2459 2572 mortali,
2491 2525 2552 2560 ac
2579 2507 2689 2577 ipse
2726 2505 2865 2559 sibi:
2896 2513 3010 2558 tum
3044 2500 3335 2572 diligenter
3365 2498 3614 2569 disputa-

2032 2611 2117 2656 tur
2137 2601 2212 2655 De
2239 2601 2476 2671 Ingenito
2514 2608 2560 2652 et
2601 2598 2807 2654 Genito.
2826 2594 2956 2662 Quae
2978 2593 3100 2647 dua:
3126 2591 3457 2662 questiones
3486 2600 3616 2644 oro—

2030 2694 2116 2750 cul
2147 2694 2315 2748 dubio
2341 2692 2407 2746 ad
2434 2691 2595 2745 linem
2621 2688 2805 2759 quarti
2845 2686 3049 2750 saeculi,
3075 2684 3363 2754 quintiquc
3396 2680 3615 2734 initium

2028 2796 2276 2858 spectant
2315 2792 2485 2839 :sunt
2530 2783 2677 2837 enim
2712 2788 2873 2835 motae
2928 2779 2997 2833 ab
3040 2777 3205 2831 Aetio
3240 2784 3295 2829 et
3346 2770 3616 2828 Eunomia

2029 2878 2479 2948 Aetiidiscipulo,
2503 2889 2737 2945 quorum
2777 2882 3095 2943 postremus
3135 2867 3274 2922 obiit
3302 2880 3445 2919 anno
3472 2860 3612 2917 392:

2030 2954 2375 3042 quorumque
2400 2962 2963 3023 sectatoresAnommi
2983 2960 3113 3015 dicti
3138 2966 3287 3013 sunt.
3320 2957 3429 3009 llos
3451 2966 3617 3023 porro

2038 3062 2273 3117 Basilius
2302 3059 2404 3114 sub
2434 3057 2656 3113 nomine
2680 3054 3170 3114 Eunomianorum,
3211 3045 3618 3116 Grcgoriusque

2043 3154 2320 3225 Nyssenus
2351 3158 2406 3203 et
2440 3150 2865 3219 Chrysostomns
2901 3143 3004 3198 sub
3061 3141 3284 3194 nomine
3323 3138 3619 3190 Anomceo-

2043 3261 2166 3299 rum
2204 3242 2578 3299 confutarunt.
2615 3236 2827 3307 Dialogi
2872 3236 2983 3290 duo
3014 3233 3251 3304 priores,
3301 3229 3369 3284 de
3416 3225 3620 3297 quibus

2044 3348 2224 3387 sermo
2249 3338 2352 3393 est,
2378 3345 2502 3383 cum
2550 3326 2832 3383 Anommis
2854 3324 3163 3389 habentur;
3196 3338 3318 3393 qua:
3347 3328 3497 3375 secta
3517 3317 3621 3372 fuit

2043 3421 2149 3476 illis
2175 3419 2513 3489 temporibus
2540 3417 2852 3472 notissima.

2110 3512 2199 3567 lll.
2234 3512 2293 3566 lu
2322 3510 2505 3574 tertio,
2545 3516 2700 3564 sexto
2725 3521 2780 3563 et
2810 3508 3065 3578 septimo,
3095 3505 3169 3559 De
3196 3503 3423 3575 Spiritus
3452 3500 3621 3556 sancti

2042 3602 2334 3663 divinitate,
2349 3608 2506 3669 atque
2519 3600 2678 3651 etiam
2697 3596 2889 3652 Christi
2904 3597 3106 3660 anima,
3126 3592 3495 3649 controversia
3509 3606 3624 3644 mo-

2042 3692 2365 3759 vetur.Qu;:e
2388 3688 2508 3743 dua:
2528 3687 2861 3757 quzestiones
2881 3684 3183 3739 Macedonii
3219 3691 3347 3738 sunt
3368 3680 3619 3752 propria,

2043 3791 2104 3836 ut
2145 3782 2346 3852 partim
2388 3796 2455 3835 ex
2500 3779 2622 3834 aliis
2664 3776 3028 3848 scriptoribus
3053 3817 3067 3840 ,
3106 3777 3406 3853 partim‘ex
3451 3775 3622 3831 Mario

2041 3870 2345 3928 Mercatore
2394 3871 2679 3927 discimus.
2721 3869 2868 3923 Vixit
2905 3877 3089 3922 autem
3135 3866 3489 3923 Macedonius
3520 3864 3623 3920 sub

2044 3964 2208 4020 ﬁnem
2232 3964 2413 4034 quarti
2445 3962 2629 4018 saeculi
2667 3982 2678 4015 :
2713 3960 2996 4029 depositus
3021 3967 3171 4014 certe
3205 3967 3289 4012 est
3322 3971 3466 4011 anno
3494 3954 3620 4018 360,

2043 4064 2098 4111 et
2131 4054 2424 4109 damnatus
2458 4053 2513 4107 in
2551 4052 2789 4108 concilio
2818 4067 2856 4104 ιι
2904 4048 3271 4112 meumcnico,
3305 4062 3449 4101 anno
3492 4046 3620 4102 581.

2044 4144 2279 4198 llaaresis
2304 4152 2487 4197 tamen
2520 4142 2696 4212 viguit
2731 4140 2912 4194 adhuc
2959 4147 3181 4208 postea,
3233 4146 3290 4191 ut
3326 4152 3393 4189 ex
3427 4150 3623 4191 consc-

2044 4235 2329 4307 quentium
2347 4244 2657 4302 temporum
2681 4231 2911 4287 historia
2929 4238 3163 4294 constat,
3186 4243 3497 4301 quanquam
3522 4228 3629 4281 mi-

2045 4343 2149 4385 nus
2179 4327 2463 4397 turbarum
2489 4325 2747 4379 excitavit
2775 4331 2897 4393 post
2919 4338 3124 4376 annum
3146 4322 3268 4377 450.

358 4428 735 4485 Animadverti
762 4428 1025 4497 primum,
1043 4439 1164 4493 qua:
1195 4423 1248 4476 in
1272 4420 1502 4490 singulis
1531 4419 1763 4488 dialogis
1790 4433 1939 4488 (ιαπ-
1975 4445 2021 4505 D
2115 4418 2203 4473 IV.
2236 4418 2294 4471 ln
2320 4422 2517 4486 quarto
2540 4424 2597 4469 et
2620 4414 2815 4484 quinto
2840 4412 3111 4466 relellitur
3144 4411 3369 4466 haeresis
3392 4408 3624 4463 Ariano-

359 4520 571 4575 stiones
600 4526 973 4573 moverentur.
1009 4514 1170 4577 Tum,
1202 4528 1367 4583 quam
1399 4511 1644 4565 incertus
1684 4509 1851 4565 fuerit
1886 4508 1945 4563 in

360 4614 512 4667 hunc
550 4628 723 4681 usque
770 4610 915 4666 diem
973 4609 1216 4677 ipsorum
1266 4613 1477 4660 auctor.
1512 4604 1740 4666 Postea,
1773 4617 1945 4657 unum

355 4720 484 4759 esse
514 4705 755 4757 omnium
786 4711 1089 4757 auctorem.
1119 4696 1348 4760 Deinde,
1378 4696 1526 4750 hunc
1564 4703 1843 4749 auctorem
1876 4693 1945 4748 ab

361 4794 662 4850 Athanasio
682 4793 925 4854 diderre,
957 4799 1122 4860 atque
1146 4788 1314 4843 etiam
1336 4802 1365 4839 a
1396 4785 1629 4839 Maximo
1650 4784 1941 4838 monacho.

359 4886 633 4956 Denique,
664 4900 773 4939 non
806 4884 973 4938 alium
1004 4879 1229 4936 omnino
1257 4892 1400 4941 esse,
1433 4890 1595 4946 quam
1635 4875 1947 4930 Theodore-

364 4988 509 5041 tum,
539 4974 985 5047 quandoquidem
1018 4986 1229 5035 omnes,
1256 4983 1393 5038 quas
1421 4966 1534 5020 suis
1568 4965 1724 5020 libris
1748 4965 1943 5020 adver-

361 5087 462 5125 sus
485 5070 736 5132 Arianos,
768 5064 1186 5123 Macedonianos
1227 5072 1283 5117 et
1324 5058 1743 5130 Apollinaristas
1775 5073 1946 5128 appo-

363 5163 448 5215 nit
503 5160 666 5231 422
713 5167 910 5221 notas,
961 5155 1208 5225 apprime
1256 5150 1587 5206 conveniant
1617 5148 1703 5203 his
1734 5160 1945 5219 septem

362 5252 618 5322 diaIOgis,
646 5265 882 5319 quorum
914 5248 1157 5318 quinque
1188 5244 1511 5299 Theodorus
1539 5241 1699 5306 Beza,
1731 5240 1945 5296 Sculte-

366 5355 456 5400 tus
477 5345 618 5399 duos
649 5342 875 5397 Latinos
901 5341 1088 5396 fecit'.

2048 4524 2191 4572 rum,
2242 4522 2458 4563 necnon
2514 4502 3052 4574 Apollinaristarum,
3104 4501 3172 4554 de
3210 4500 3390 4554 Verbo
3436 4497 3625 4551 divino

2046 4600 2309 4669 fungente
2330 4596 2545 4650 vicibus
2576 4594 2629 4647 in
2653 4591 2889 4662 .Christo
2923 4590 3041 4645 sive
3072 4589 3242 4643 totius
3277 4588 3495 4649 anima),
3528 4587 3623 4656 qui

2046 4691 2373 4745 Arianorum
2416 4702 2605 4751 error;
2633 4684 2747 4739 sive
2775 4680 2945 4737 solius
2968 4680 3189 4745 mentis,
3221 4678 3315 4749 qui
3343 4675 3624 4748 Apollina-

2048 4785 2136 4839 rii.
2171 4782 2265 4837 liae
2303 4782 2424 4835 duae
2474 4779 2805 4850 qumstiones
2856 4774 2960 4831 sub
3011 4773 3173 4828 linem
3217 4769 3396 4843 quarti
3438 4766 3622 4822 smculi

2051 4884 2188 4930 ortae
2256 4880 2417 4937 sunt,
2467 4880 2525 4926 et
2571 4869 2875 4933 damnataa,
2931 4868 2988 4921 in
3041 4863 3275 4921 concilio
3320 4860 3542 4933 quidem
3595 4875 3625 4911 a

2050 4965 2211 5039 423
2258 4964 2512 5020 Patribus
2555 4950 3179 5029 Constantinopolitani's
3204 4969 3348 5009 anno
3388 4950 3543 5039 38l,“
3569 4948 3625 5003 in

2047 5037 2207 5111 libris
2246 5062 2434 5109 autem
2472 5052 2541 5106 ab
2587 5048 2925 5112 Athanasio,
2968 5045 3337 5107 Nazianzeno,
3382 5037 3623 5111 Cyrillo,

2048 5151 2279 5219 aliisque
2306 5146 2493 5217 quarti
2520 5142 2769 5213 qnintive
2791 5140 2995 5195 saeculi.

2120 5242 2185 5295 ν.
2236 5235 2613 5294 Animadverti
2676 5230 2876 5287 deinde
2938 5228 3239 5285 recensitas
3297 5224 3626 5297 quaestiones

2051 5344 2205 5384 suam
2238 5326 2519 5388 habuisse,
2553 5337 2716 5391 quam
2749 5327 3026 5390 gererent,
3048 5325 3284 5385 aetatem,
3328 5314 3625 5383 tandiuque

1706 5442 2016 5502 SCHULZII
2057 5439 2287 5496 ΝΟΤᾸῧ.

435 5573 457 5603 ’⁸
488 5571 633 5627 Solis
658 5570 990 5642 coniecturis
1016 5570 1130 5624 haec
1161 5566 1347 5642 opinio
1376 5566 1587 5619 nititur.

366 5644 580 5698 calculo
609 5630 860 5696 exornari
888 5648 1094 5711 posset.
1121 5630 1388 5711 majorem
1422 5642 1727 5711 mereretur
1754 5630 1936 5711 ﬁdem.

369 5714 505 5781 ι.11,
555 5729 611 5783 ρ.
649 5711 745 5768 m
798 5704 911 5781 seq'.
995 5704 1237 5779 'Vid.p'.
1278 5707 1400 5771 ist,
1435 5704 1459 5777 ς
1494 5704 1547 5757 2.

1613 5562 1743 5627 Quze
1783 5560 1827 5615 si
1862 5559 2066 5615 codicis
2100 5554 2380 5626 cujusdam
2420 5550 2743 5627 auctoritate
2778 5558 2872 5602 aut
2887 5545 3272 5627 antiquiorum
3297 5542 3627 5627 scriptorum

1971 5610 2545 5683 ln‘hoc'consentiunt
2597 5619 2837 5674 editores
2887 5610 3089 5671 Bened.
3142 5614 3206 5668 ad
3244 5610 3639 5681 Athanasium,

1627 5685 1653 5733 ί
1678 5701 1826 5769 Quod
1843 5685 1919 5742 7—
1951 5701 2223 5753 monacho.
2270 5693 2395 5751 llaec
2418 5693 2641 5748 aberant
2674 5688 2741 5745 ab
2772 5686 2904 5744 edit.
2939 5685 3135 5757 priori.
