4078 6160
463 211 564 269 δτι

1311 204 1692 266 GARNEBII
1726 202 2360 266 DISSERTATIONIS
2398 204 2459 263 Il
2493 203 2895 265 APPENDIX.

3619 200 3723 263 372

461 321 692 391 agitatas
726 317 1132 378 vehementius.
1161 315 1338 370 donec
1384 316 1577 385 ingens
1607 315 1695 370 illa
1727 313 1795 370 de
1829 313 2052 372 Christo
2085 317 2121 376 Α
2152 323 2276 384 post
2305 313 2539 387 synodos
2570 314 2812 368 scribere
2840 313 3032 375 libros,
3059 310 3266 380 quibus
3291 310 3502 366 ratione
3543 312 3734 368 suade-
3786 294 3807 336 ³

463 411 768 476 contentio,
797 425 960 480 quam
1013 406 1301 464 Nestorius
1325 415 1382 462 et
1414 406 1692 479 Eutyches
1731 415 2050 469 moverunt,

463 502 753 572 occupavit
795 502 1029 565 animos,
1074 497 1514 568 industriamque
1557 507 1914 554 tractatorqu
1959 513 2050 552 ec-

465 591 899 647 clesiasticorum
960 586 1227 643 exercuit.
1269 586 1459 657 Neque
1503 587 1652 642 enim
1705 596 1894 657 postea
1939 586 2052 641 fere

465 678 536 738 de
574 682 708 754 ipsis
750 690 932 735 actum
975 687 1078 743 est,
1124 677 1231 733 nisi
1279 676 1570 733 occasione
1605 678 1833 733 haeresis
1879 677 2051 748 Euty-

469 772 702 835 chiauae,
727 769 1196 844 quupollinarii
1239 769 1457 825 soboles
1487 769 1735 840 quaadam
1772 769 2060 824 nonnullis

472 863 588 917 visa
626 869 729 917 est.

383 967 406 978 ‘
443 985 450 1004 ι
543 953 628 1009 Vl.
670 953 802 1008 Inde
834 952 968 1006 mihi
999 951 1237 1022 primum
1269 952 1422 1006 venit
1450 952 1506 1006 in
1544 959 1812 1016 mentem,
1839 949 2054 1021 opinari

469 1043 812 1116 dialogorum
853 1052 1160 1111 auctorem,
1212 1051 1341 1098 ante
1383 1043 1768 1098 haereticorum
1797 1041 2054 1106 duorum,

470 1152 609 1207 quos
649 1134 781 1201 dixi,
813 1135 1050 1191 Nestorii
1098 1145 1152 1190 et
1190 1135 1474 1206 Eutychis,
1511 1135 1702 1189 turbas
1745 1133 2056 1204 scripsisse,

472 1239 634 1299 atque
679 1227 816 1282 adeo
854 1243 953 1297 per
992 1227 1043 1281 id
1078 1227 1360 1296 temporis,
1395 1224 1541 1296 quod
1587 1239 1616 1278 a
1646 1221 1879 1278 concilio
1907 1239 1942 1278 ιι
1991 1223 2057 1278 ad

475 1336 532 1374 ιιι
561 1320 790 1375 ellluxit.
817 1319 1145 1389 Opinionem
1176 1319 1438 1388 juverunt
1469 1317 1594 1370 tria.
1619 1316 1885 1378 Primum,
1911 1313 2058 1384 quod

472 1410 826 1468 Orthodoxus
867 1413 921 1465 in
963 1409 1207 1465 secundo
1260 1408 1474 1478 dialogo
1499 1407 1716 1462 Aetium
1753 1406 2058 1475 alloquens,

473 1519 539 1558 ex
567 1504 683 1573 ipso
709 1503 977 1574 prodiisse
999 1517 1178 1572 nuper
1211 1500 1355 1570 (χθὲς
1385 1501 1478 1553 καὶ
1505 1499 1764 1570 σήμερον)
1795 1499 2060 1569 quosdam

2154 415 2296 472 rent,
2328 407 2473 478 quod
2502 406 2828 461 auctoritate
2859 405 3105 459 Ecclesia
3133 405 3472 472 saneiverat;
3502 405 3736 476 denique

2153 515 2264 554 non
2306 498 2460 568 prius
2489 498 2718 553 desiisse
2747 497 2914 551 unius
2949 496 3192 551 materiae
3225 497 3542 562 tractandae,
3579 513 3736 567 quam

2154 587 2259 643 alia
2292 589 2514 659 majoris
2537 603 2638 659 pro
2682 596 2926 656 tempore
2954 586 3217 640 momenti
3249 585 3315 640 ad
3363 601 3420 640 se
3449 602 3740 649 generosos

2157 676 2284 733 ﬁdei
2309 677 2625 734 defensores
2650 679 2931 745 traheret,
2947 678 3084 733 adeo
3109 687 3169 731 ut
3189 663 3575 748 chronologica
3600 693 3741 748 qua--

2157 767 2281 826 dam
2332 769 2606 823 sententia
2634 767 2764 822 ferri
2802 769 2994 840 possit,
3027 775 3082 822 et
3124 767 3193 822 de
3239 767 3532 822 haeresium
3561 776 3738 832 aetate,

2156 877 2229 917 ex
2265 862 2468 928 libris;
2503 872 2560 916 et
2603 861 2669 916 de
2707 861 2976 915 librorum
3020 867 3288 930 tempore,
3325 874 3393 914 ex
3419 858 3739 914 hmresibus.

2160 1018 2193 1091 ς
2217 1019 2294 1077 11..
2312 1017 2486 1084 Quam
2514 1020 2742 1073 incertus
2772 1017 2931 1087 fuerit
2960 1018 3019 1071 in
3051 1019 3186 1071 hunc
3211 1033 3376 1088 usque
3401 1017 3538 1071 diem
3569 1016 3744 1072 dialo-

2624 1105 2812 1159 gorum
2867 1096 3072 1143 auctor.

2228 1224 2278 1280 l.
2303 1222 2474 1288 Quam
2504 1221 2750 1276 incertus
2775 1219 2940 1275 fuerit
2966 1220 3022 1275 in
3059 1221 3210 1276 hunc
3247 1237 3420 1292 usque
3450 1221 3596 1279 diem
3627 1223 3745 1278 diar-

2158 1313 2410 1387 logorum
2453 1323 2664 1378 auctor,
2700 1312 2987 1368 manifeste
3023 1312 3322 1367 ostendunt
3367 1313 3488 1368 alia:
3513 1314 3754 1368 aliorum.

2161 1421 2328 1476 super
2369 1422 2434 1461 ea
2489 1420 2548 1459 re
2601 1403 2908 1460 sententiae.
2954 1402 3268 1474 Scriptores
3316 1403 3463 1460 enim
3502 1405 3748 1476 ejusdem

2160 1500 2338 1554 aetatis
2387 1499 2531 1554 inter
2578 1514 2636 1553 se
2694 1505 2958 1570 pugnant,
3009 1506 3064 1552 et
3111 1497 3288 1553 Grmci
3322 1514 3352 1552 a
3399 1514 3458 1554 se
3505 1499 3743 1554 invicem

475 1595 714 1666 objiciat,
748 1610 952 1664 eosque
994 1599 1235 1663 opponat
1266 1590 1355 1654 iis,
1405 1608 1422 1641 ι
1454 1589 1546 1660 qui
1575 1590 1687 1660 jam
1727 1589 1852 1645 inde
1877 1605 1907 1644 a
1939 1605 2063 1644 san-
2098 1660 2131 1666 __
2164 1589 2514 1653 dissentiunt,
2542 1595 2598 1642 et
2630 1603 2774 1643 unus
2801 1586 3053 1656 idemque
3088 1587 3326 1658 scriptor
3343 1586 3449 1641 sibi
3479 1602 3587 1640 non
3620 1602 3749 1640 cou-

476 1660 580 1740 cti-s
600 1660 1165 1757 apostolis-usquead
1213 1681 1542 1736 hodiernum
1575 1680 1721 1735 diem
1753 1679 2065 1735 collaudant
2097 1660 2136 1713 Β
2167 1681 2352 1745 sentit,
2404 1680 2658 1750 idemque
2710 1694 2850 1750 opus
2893 1678 3058 1733 modo
3112 1678 3242 1732 huic
3290 1679 3526 1746 auctori,
3577 1678 3755 1734 modo.

477 1775 694 1832 Patrem
735 1788 791 1830 et
827 1777 1021 1831 Filium
1053 1783 1109 1829 et
1153 1773 1416 1844 Spiritum
1451 1780 1730 1828 sanctum.
1755 1790 1772 1823 ›
1820 1771 1938 1826 Non
1970 1769 2066 1826 diu

477 1863 644 1934 igitur
676 1873 800 1934 post
839 1864 1085 1934 vulgatos
1126 1862 1268 1916 Aetii
1315 1861 1489 1916 libros
1515 1861 1754 1931 scriptus
1787 1868 1870 1914 est
1894 1859 2068 1916 dialo-

476 1969 578 2024 gus
610 1952 919 2019 secundus;
968 1951 1170 2022 vulgati
1219 1959 1348 2006 sunt
1379 1958 1563 2004 autem
1592 1950 1738 2009 Aetii
1760 1950 1887 2006 libri
1913 1949 2063 2006 Con-

476 2046 834 2117 stantinopoli
886 2045 989 2100 sub
1037 2043 1200 2098 ﬁnem
1245 2041 1429 2113 quarti
1464 2042 1672 2097 saeculi.
1771 2037 1782 2041 ”

550 2137 818 2202 Alterum,
855 2135 1001 2206 quod
1047 2134 1140 2190 ﬁat
1169 2135 1223 2188 iu
1253 2134 1414 2189 tertio
1446 2133 1665 2204 dialogo
1692 2133 1898 2187 mentio
1933 2149 2068 2187 con-

483 2228 618 2294 cilii,
665 2227 720 2282 in
741 2242 851 2297 quo
870 2225 1122 2280 nonnihil
1149 2224 1216 2280 de
1238 2224 1443 2294 Spiritu
1467 2233 1657 2279 sancto
1689 2233 1782 2278 aut
1819 2223 2068 2279 additum

479 2329 566 2374 est
610 2320 857 2390 symbolo
897 2319 1142 2382 Nicteno,
1192 2317 1236 2372 si
1277 2326 1457 2372 tamen
1498 2333 1629 2372 vere
1672 2316 1919 2371 additum
1962 2325 2067 2383 est,

481 2421 679 2465 etnon
720 2409 904 2480 potius
941 2408 1275 2479 explicatum
1321 2407 1588 2463 adversus
1632 2407 1932 2462 Macedonii
1962 2407 2071 2462 ha:-

483 2499 654 2561 resin,
718 2498 864 2567 quod
921 2496 1137 2551 Nic-aena
1195 2495 1438 2568 synodus
1497 2495 1722 2549 brevius
1767 2495 2066 2550 docuisset.

484 2587 715 2659 Scripsit
735 2604 865 2659 ergo
881 2587 1218 2656 dialogorum
1243 2594 1432 2641 auctor
1449 2593 1572 2656 post
1591 2601 1791 2640 annum
1813 2585 1937 2651 58f,
1960 2600 2078 2656 quo

483 2694 628 2732 anno
666 2678 1002 2732 celebratum
1041 2685 1123 2730 est
1152 2675 1630 2745 Constantinopoli
1676 2676 1968 2730 concilium
2009 2691 2069 2730 lt.

557 2770 922 2830 Postremum,
965 2767 1111 2836 quod
1155 2767 1303 2821 nulla
1346 2782 1378 2821 e
1411 2766 1689 2821 contrario
1723 2767 1818 2822 ﬁat
1863 2767 2076 2822 mentio

487 2870 762 2915 motarum
797 2875 826 2913 a
873 2859 1126 2913 Nestorio
1157 2874 1220 2912 ac
1249 2858 1496 2930 Eutyche
1526 2858 1592 2914 de
1619 2859 1784 2915 Verbi
1819 2859 2070 2915 incarna-

2167 1773 2325 1828 alteri
2377 1771 2593 1826 tribuit.

2236 1865 2302 1920 ll.
2335 1863 2664 1933 Scriptores,
2684 1876 2826 1932 quos
2850 1860 2998 1926 dico,
3013 1863 3264 1919 recentis,
3281 1872 3410 1919 sunt
3435 1865 3545 1920 aevi.
3575 1881 3590 1918 ι
3622 1879 3761 1921 nam-

2167 1954 2261 2025 qui
2295 1969 2325 2010 e
2364 1951 2645 2008 veteribus
2689 1950 3030 2022 dialogorum
3086 1952 3422 2016 meminerit,
3471 1953 3759 2009 neminem.

2167 2061 2346 2118 neque
2401 2045 2676 2110 Graecum,
2707 2059 2886 2114 neque
2929 2039 3184 2098 Latinum
3219 2045 3368 2099 novi.
3399 2043 3518 2101 Non
3558 2048 3763 2101 memi-

2169 2139 2252 2194 nit
2294 2147 2442 2194 certe
2487 2137 2738 2201 Photius,
2789 2150 2892 2190 nec
2938 2134 3081 2190 alius
3119 2135 3496 2191 nomenclator
3517 2137 3752 2207 scripto.

2169 2247 2311 2286 rum.
2343 2231 2490 2285 inter
2521 2229 2745 2286 Latinos
2775 2227 3111 2283 mentionem
3145 2225 3275 2281 fecit
3316 2226 3455 2284 Beza
3487 2227 3758 2297 primum,

2169 2329 2285 2375 tum
2323 2319 2621 2382 Scultetus,
2663 2327 2852 2389 postea
2888 2317 3212 2374 Franciscus
3236 2315 3622 2382 Combeﬁsius,
3657 2319 3762 2388 qui

2168 2419 2228 2464 et
2273 2425 2414 2479 opus
2454 2408 2559 2464 hoc
2601 2423 2632 2463 e
2685 2407 2875 2463 Graeco
2920 2415 3227 2462 verterunt.
3272 2405 3411 2461 Beza
3433 2406 3660 2476 quidem
3699 2414 3763 2464 et

2168 2499 2530 2558 Combefisius
2549 2500 2762 2569 priores
2781 2499 3023 2570 quinque
3043 2498 3306 2569 dialogos,
3327 2497 3609 2554 Scultetus
3625 2513 3766 2552 vero.

2171 2594 2412 2663 reliquos
2459 2591 2620 2646 duos.
2654 2591 2697 2646 E
2737 2591 2942 2646 Graecis
2981 2606 3164 2654 nemo,
3201 2589 3348 2660 quod
3388 2589 3612 2659 quidem
3662 2605 3749 2642 re-

2171 2684 2387 2750 corder,
2429 2683 2535 2738 nisi
2579 2684 2726 2738 circa
2758 2691 3004 2752 tempora
3039 2681 3260 2736 concilii
3304 2680 3633 2746 Florentini,
3663 2693 3762 2735 aut

2171 2784 2322 2832 certe
2361 2791 2484 2831 cum
2514 2776 2580 2830 de
2625 2774 2974 2845 processione
3023 2773 3260 2844 Spiritus
3309 2773 3483 2828 sancti
3531 2781 3760 2828 conten-

2173 2870 2369 2925 tiosius
2414 2869 2732 2924 dimicatum
2783 2876 2885 2930 est,
2937 2867 3182 2937 dialogos
3222 2866 3356 2921 istos
3390 2865 3653 2920 laudavit.

485 2951 638 3006 tione
689 2949 1074 3020 quaestionum.
1110 2964 1235 3003 cum
1281 2958 1463 3004 tamen
1503 2950 1704 3005 mirum
1746 2950 1801 3004 in
1844 2951 2068 3006 modum
2097 2985 2140 3043 ε
2242 2960 2332 3015 In.
2375 2959 2557 3014 Latini
2588 2973 2753 3029 porro
2778 2958 2856 3012 ini
2892 2967 3028 3023 tres,
3073 2973 3212 3028 quos
3245 2956 3537 3028 appellavi,
3557 2955 3758 3026 aliique

487 3041 705 3112 utrique
740 3040 1128 3106 (orthodoxum
1173 3040 1297 3094 dico
1348 3050 1406 3096 et
1439 3042 1911 3114 Apollinaristam)
1945 3058 2076 3114 pro-

486 3136 681 3192 fuisset
727 3143 1004 3189 momenta
1059 3133 1333 3188 rationum
1385 3123 1960 3190 suarum'deﬁuitione
1989 3151 2076 3206 sy-

487 3227 618 3283 nodi
670 3227 956 3298 Ephesiuaa
981 3225 1227 3289 ﬁrmare,
1249 3226 1364 3280 sive
1393 3234 1603 3282 natura:
1623 3229 1744 3281 dua:
1770 3226 1823 3281 in
1853 3225 2076 3283 Christo

489 3318 729 3390 perfecte
776 3316 1070 3389 probandae
1117 3325 1319 3380 essent,
1381 3317 1495 3372 sive
1534 3317 1826 3374 asserenda
1866 3318 2076 3388 Virgini

488 3410 847 3466 sanctissimae
879 3424 978 3464 sua
999 3407 1246 3476 Deiparae
1275 3407 1532 3478 dignitas.
1565 3407 1766 3479 Scripti
1792 3418 1921 3464 sunt
1946 3426 2076 3479 ergo

489 3500 690 3572 dialogi
730 3509 856 3554 ante
911 3496 1210 3553 concilium
1248 3497 1588 3568 Ephesinum
1636 3498 1680 3564 ',
1730 3507 1894 3568 atque
1939 3500 2084 3555 adeo.

489 3598 614 3645 ante
661 3605 866 3644 annum
915 3588 1041 3642 451.

559 3678 737 3745 Quid?
762 3679 909 3748 quod
936 3679 1154 3734 videtur
1182 3678 1520 3748 dialogorum
1556 3676 1793 3749 scriptor
1821 3676 1878 3734 id
1906 3693 2084 3734 unum-

490 3770 708 3826 consilii
760 3770 1042 3835 habuisse,
1098 3779 1179 3835 ut,
1219 3786 1358 3840 quos
1412 3770 1707 3825 concilium
1757 3785 1813 3834 ιι,
1865 3785 2075 3825 canone

491 3859 670 3928 primo
704 3859 1012 3925 haereticos,
1041 3859 1415 3914 Eunomianos
1437 3857 1552 3913 sive
1578 3859 1892 3924 Auomaaos,
1922 3858 2076 3913 Aria-

490 3963 594 4002 nos
639 3955 697 4002 et
724 3947 1114 4011 Semiariauos,
1155 3947 1271 4003 sive
1317 3948 1847 4006 Pneumatomachos
1893 3958 1949 4004 et
1982 3951 2078 4006 Sa-

489 4035 778 4102 hellianos,
799 4038 1191 4102 Marcellianos,
1215 4037 1574 4094 Photinianos
1586 4055 1649 4094 ac
1663 4040 2078 4110 Apollinaristas

493 4127 866 4194 damnaverat,
899 4144 995 4183 eos
1017 4129 1220 4199 partim
1235 4129 1445 4184 ratione
1472 4129 1844 4195 convinceret,
1875 4134 2074 4202 partim

492 4217 860 4290 objectionum
880 4221 1153 4276 solutione
1177 4219 1509 4276 debilitaret.
1535 4221 1734 4292 Scripti
1755 4235 1884 4278 sunt
1909 4225 2075 4295 igitur

2173 3067 2283 3106 non
2316 3050 2540 3122 majoris
2563 3049 2929 3114 auctoritatis,
2967 3049 3211 3119 dialogos
3231 3048 3316 3103 vel
3341 3047 3638 3103 Athanasio
3661 3048 3766 3102 tria

2171 3144 2368 3205 buunt,
2403 3142 2488 3196 vel
2518 3140 2750 3196 Maximo
2800 3139 3070 3195 monacho
3103 3157 3125 3193 :7
3147 3154 3255 3194 non
3286 3146 3465 3193 tamen
3507 3154 3767 3208 magnam.

2174 3235 2276 3290 sibi
2317 3234 2614 3290 conciliant
2667 3231 2860 3288 ﬁdem.
2886 3231 3021 3287 Nam
3054 3231 3295 3302 primum
3344 3231 3399 3285 id
3451 3230 3638 3286 timide
3667 3224 3760 3280 fa.

2173 3327 2348 3390 ciunt,
2395 3336 2451 3381 et
2480 3325 2595 3381 fere
2634 3333 2870 3388 tantum,
2904 3332 2963 3378 ut
2997 3339 3106 3378 non
3151 3324 3270 3378 sine
3297 3323 3482 3394 aliquo
3514 3322 3769 3378 auctoris

2173 3419 2396 3474 nomine
2434 3424 2694 3488 appareat
2733 3431 2892 3484 opus,
2926 3413 2992 3469 de
3020 3431 3130 3484 quo
3162 3415 3500 3485 loquuntur;
3536 3414 3763 3480 deinde,

2173 3509 2467 3565 levissimis
2521 3507 2810 3576 dubiisque
2860 3505 3080 3562 indiciis
3125 3505 3344 3576 impulsi
3390 3515 3538 3561 sunt.
3571 3503 3765 3561 Codex

2174 3611 2323 3664 certe
2376 3599 2618 3661 Graecus,
2663 3613 2772 3668 quo
2810 3612 2947 3652 usus
2984 3605 3068 3652 est
3091 3597 3250 3660 Beza,
3286 3596 3498 3666 priores
3523 3605 3765 3666 quatuor

2177 3690 2422 3760 dialogos
2456 3687 2740 3743 Athanasii
2790 3686 3012 3742 nomine
3054 3687 3348 3756 inscriptos
3394 3686 3607 3748 habuit,
3662 3685 3768 3740 sed

2179 3781 2371 3838 habuit
2388 3780 2549 3836 simul
2572 3780 2639 3834 ad
2656 3780 2955 3849 marginem
2976 3778 3142 3848 primi
3159 3777 3459 3849 ascriptum
3479 3795 3491 3830 :
3513 3777 3615 3830 Τὸν
3629 3794 3765 3849 παρ-

2175 3875 2303 3928 όντα
2357 3871 2628 3940 διάλογον,
2685 3871 2736 3922 οἱ
2793 3869 2891 3939 μὲν
2937 3869 3280 3931 'AOavaaiou,
3313 3871 3362 3922 οἱ
3405 3869 3461 3922 δὲ
3506 3869 3775 3940 Μαξίμου,

2175 3959 2312 4018 εἶναι
2340 3961 2606 4032 λέγουσιν.
2638 3959 2918 4016 Palatinus
2934 3958 3106 4014 codex
3135 3959 3457 4030 insignior‘,
3489 3959 3582 4029 qui
3615 3976 3768 4015 nunc

2175 4058 2231 4112 in
2261 4055 2593 4112 bibliotheca
2626 4052 2888 4108 Vaticana
2916 4059 3019 4117 est,
3057 4053 3264 4107 nullius
3287 4053 3528 4106 auctoris
3558 4068 3772 4107 nomen

2175 4144 2422 4216 profert;
2454 4143 2594 4196 alter
2633 4157 2764 4195 vero
2802 4140 3001 4210 aliquis
3030 4140 3310 4195 inferioris
3351 4153 3492 4196 nota:
3524 4143 3768 4211 particu-

2175 4235 2282 4289 lam
2323 4230 2552 4287 secuudi
2609 4229 2810 4300 dialogi
2864 4229 3166 4286 Athanasio
3220 4229 3526 4300 adjudicat;
3567 4246 3775 4285 verum

493 4310 693 4381 dialogi
736 4327 802 4367 eo
852 4313 1114 4383 temporis
1147 4313 1342 4383 spatio,
1393 4314 1537 4384 quod
1577 4315 1720 4371 inter
1748 4317 2072 4373 ‘eoncilium
2109 4324 2150 4378 ι)
2178 4323 2446 4396 ejusmodi
2465 4321 2755 4393 judicium,
2781 4337 2906 4376 cum
2952 4322 3006 4376 in
3045 4321 3287 4392 margine
3336 4329 3600 4376 tantum‘a
3631 4338 3777 4378 οοη..

492 4403 795 4459 secundum
839 4410 896 4460 et
947 4405 1241 4460 concilium
1279 4403 1963 4474 Ephesinuminterlluxit.

565 4495 685 4550 Huc
745 4495 872 4550 facit
891 4496 1209 4566 plurimum,
1245 4497 1392 4566 quod
1431 4497 1661 4567 quisque
1707 4507 1887 4567 potest
1930 4497 2082 4556 facili.

495 4585 714 4656 negotio
754 4586 898 4642 inter
941 4585 1108 4658 424
1131 4586 1430 4656 scriptores
1463 4588 1865 4643 ecclesiasticos
1889 4589 2076 4660 legen-

495 4676 595 4732 dos
631 4677 922 4732 observare
949 4694 963 4730 :
987 4693 1084 4732 eos
1110 4692 1304 4746 nempe
1337 4678 1527 4732 solitos
1570 4679 1760 4742 fuisse,
1788 4689 2075 4751 postquam

495 4766 732 4824 haereses
768 4777 864 4824 aut
915 4776 1089 4823 enatae
1136 4776 1282 4831 sunt,
1321 4777 1415 4822 aut
1451 4770 1634 4839 potius
1673 4771 1996 4840 prodierunt
2021 4775 2076 4828 in

495 4859 799 4930 publicum,
834 4859 1072 4930 primum
1104 4874 1206 4928 pro
1254 4859 1358 4914 fide
1387 4869 1578 4930 aperto
1610 4872 1784 4917 marte
1810 4879 2074 4934 pugnare,

497 4946 674 5005 donec
713 4951 956 5006 Ecclesia
998 4949 1055 5003 in
1093 4949 1319 5020 synodis
1345 4958 1403 5005 et
1446 4949 1862 5007 deﬁnitionibus
1892 4951 2076 5008 ﬁdeles

497 5037 740 5107 doceret,
769 5048 824 5096 et
845 5040 1128 5096 haereticos
1143 5040 1486 5096 anathemate
1504 5040 1858 5111 percelleret;
1877 5043 2076 5098 deinde

2179 4419 2385 4490 jectore
2417 4413 2603 4484 aliquo
2640 4412 2938 4481 ascriptum
2972 4412 3065 4476 sit,
3115 4413 3270 4482 parvi
3315 4422 3401 4468 est
3438 4414 3729 4468 momenti.

2251 4503 2339 4559 IV.
2365 4502 2537 4558 Graeci
2567 4500 2698 4566 duo,
2732 4499 3027 4571 Gregorius
3059 4501 3510 4573 protosyncellus,
3543 4502 3637 4572 qui
3666 4501 3772 4557 ad-

2181 4608 2375 4648 versus
2403 4591 2689 4664 epistolam
2710 4590 2874 4645 Marci
2896 4590 3142 4660 Ephesii,
3173 4591 3477 4661 apologiam
3501 4607 3776 4660 quorum-

2183 4685 2308 4740 dam
2327 4682 2488 4756 425
2509 4683 2729 4737 Patrum
2752 4682 2990 4751 scripsit,
3013 4690 3069 4736 et
3091 4683 3400 4738 Demetrius
3421 4682 3704 4751 Cydonius
3721 4684 3768 4746 ν,

2182 4777 2339 4846 cujus
2379 4789 2542 4844 opera
2593 4773 2852 4827 nonnulla
2887 4771 3160 4826 Arcudius
3201 4773 3377 4827 edidit
3402 4773 3443 4837 ⁸,
3485 4773 3779 4837 nonnihil,

2181 4861 2378 4926 fateor,
2409 4878 2476 4916 ex
2499 4861 2679 4932 primo
2701 4861 2976 4930 tertioque
2999 4861 3306 4929 proferunt,
3337 4863 3488 4918 velut
3508 4878 3577 4917 ex
3597 4878 3774 4934 opere

2181 4953 2420 5008 Maximi.
2460 4955 2662 5009 Verum
2693 4953 2945 5008 homines
2982 4953 3082 5018 illi,
3109 4965 3471 5025 praeterquam
3497 4955 3645 5025 quod
3683 4971 3777 5010 rc-

2181 5043 2455 5099 eentiores
2477 5051 2622 5108 sunt,
2648 5058 2812 5113 quam
2836 5052 2897 5097 ut
2923 5042 3141 5098 valeant
3170 5045 3498 5100 auctoritate
3524 5060 3624 5100 sua
3652 5045 3778 5100 sola

1836 5195 2151 5254 SCHULZII
2191 5197 2422 5254 NOTAE.

570 5336 593 5367 '
621 5336 864 5409 Primum
900 5338 1108 5394 scilicet
1161 5341 1266 5395 hoc
1295 5355 1414 5396 esse
1463 5339 1703 5409 Operum
1747 5338 2102 5409 Theodoreti,
2160 5346 2216 5392 et
2271 5338 2416 5392 circa
2478 5353 2682 5409 annum
2735 5337 2840 5409 425
2903 5339 3290 5409 compositum,
3313 5339 3424 5408 jam
3455 5353 3634 5409 supra
3673 5337 3780 5409 de-

501 5406 734 5462 claravit
756 5407 1073 5462 Garnerius.
1122 5410 1240 5464 Huc
1271 5412 1419 5465 enim
1452 5405 1704 5479 spectare
1730 5418 1985 5479 putamus
2022 5408 2202 5479 locum
2225 5409 2292 5479 in
2325 5408 2566 5479 Historia
2597 5405 2958 5479 _'l_'h_eodoreti,
2989 5405 3048 5478 p.’
3087 5409 3207 5470 149,
3238 5408 3272 5478 ς
3298 5405 3379 5464 1⁷5.
3423 5405 3549 5479 Viti.
3591 5408 3775 5461 Uudi-

501 5492 656 5541 num,
692 5479 728 5531 l.
761 5493 834 5543 c.,
871 5488 910 5533 t.
943 5479 985 5542 l,
1019 5494 1072 5543 p.
1106 5479 1264 5535 1122.

1341 5481 1362 5510 ⁶
1393 5476 1548 5535 Alius
1583 5476 1766 5534 autem
1801 5479 2030 5534 Palatini
2058 5477 2286 5538 codicis,
2317 5478 2412 5546 qui
2443 5478 2544 5531 hos
2581 5476 2825 5546 dialogos
2849 5487 2973 5546 post
2989 5476 3108 5534 alia
3145 5476 3362 5532 Μεδὶίιηί
3391 5478 3618 5546 scripta,
3644 5479 3777 5532 sine

496 5561 640 5620 novo
680 5546 841 5620 titulo
877 5543 1128 5620 exhibet,
1169 5549 1424 5620 meminit
1447 5549 1866 5620 Felckmannus,
1899 5548 2032 5620 edit.
2067 5543 2355 5620 Commelf,
2394 5563 2455 5620 ρ.
2481 5547 2567 5602 81.
2638 5547 2658 5576 ⁷
2690 5543 2973 5620 ϐῂάρῇὶαδ.
3011 5547 3432 5620 SeuACydones,
3456 5543 3543 5601 vel
3577 5558 3636 5602 ut
3671 5547 3780 5603 alii

498 5617 728 5675 malunt,
786 5617 1146 5696 Byzantinus.
1219 5617 1466 5675 'Edidit.
1510 5619 1567 5673 lu
1621 5618 1912 5690 Opusoulis
1965 5619 2344 5690 theologorum
2396 5615 2752 5683 *Graecocum,
2814 5615 2979 5671 Rom.
3018 5616 3152 5673 1650
3195 5615 3249 5674 ét
3284 5619 3440 5673 1671.
