4078 6160
296 306 411 371 373

281 509 622 582 jamdudum
659 498 933 578 corruptis
967 511 1283 575 utebantur,
1331 511 1659 565 auctoritate
1727 509 1882 570 moti,

289 602 641 677 populariter
658 600 917 656 citarunt.
957 600 1136 666 Quid?
1160 603 1308 671 quod
1342 610 1574 670 uterque
1608 600 1742 654 vixit
1766 606 1887 667 post

290 694 580 749 decimum
613 698 871 761 quartum
896 691 1178 755 smculum,
1210 707 1320 761 quo
1353 702 1598 760 tempore
1634 688 1886 758 supposi-

287 786 379 839 tio
413 782 740 856 jamdudum
775 782 917 836 facta
952 782 1152 836 fuerat.
1198 783 1267 836 Et
1297 797 1459 836 nemo
1500 782 1596 851 qui
1629 797 1886 852 κριτικω-

295 873 479 944 ripa»;
507 872 822 927 Graecorum
843 870 1064 925 codices
1080 872 1431 940 mss.legerit,
1454 886 1562 925 non
1588 869 1885 940 perspexit,

286 978 463 1031 quam
495 964 737 1032 corrupti
787 964 919 1027 sint,
975 978 1250 1033 quamque
1294 965 1439 1033 apud
1486 965 1636 1034 ipsos
1678 964 1889 1017 soleant

287 1051 670 1121 sopposititiis
721 1052 882 1107 libris
930 1052 950 1085 ⁸
991 1053 1258 1107 nobilium
1311 1054 1537 1108 Patrum
1586 1068 1753 1122 opera
1808 1052 1890 1105 in-

289 1141 587 1210 terpolari.

367 1232 432 1286 ν.
474 1231 783 1286 Prudenter
806 1232 1171 1287 Combeﬁsius
1194 1233 1248 1286 in
1283 1233 1502 1303 synopsi
1524 1247 1752 1301 operum
1781 1229 1891 1284 Ma-

290 1327 455 1387 ximi,
500 1342 622 1395 qua:
647 1325 845 1389 edidit,
873 1340 970 1380 eos
1002 1341 1061 1380 se
1094 1326 1340 1396 dialogos
1391 1326 1622 1379 Maximo
1644 1324 1889 1378 tribuere

292 1418 539 1479 monuit,
579 1430 803 1486 propter
840 1418 1058 1473 codices
1086 1418 1246 1482 duos,
1292 1419 1595 1473 Romanum
1636 1432 1666 1470 a
1714 1414 1889 1469 cardi-

293 1510 425 1562 nale
450 1508 684 1561 Baronio
718 1508 971 1572 relatum,
1000 1518 1057 1562 et
1081 1510 1348 1564 Venetam
1384 1506 1653 1563 Gerasimi
1679 1506 1885 1570 Blachi,

292 1601 465 1653 donec
504 1601 617 1669 quis
644 1599 950 1653 certioribus
984 1613 1046 1652 ex
1093 1602 1442 1654 monumentis
1484 1598 1639 1653 aliter
1660 1599 1887 1668 opinan-

296 1692 429 1745 dum
449 1692 673 1744 suaserit
702 1691 765 1744 ιο.
798 1689 1009 1756 Quibus
1035 1691 1218 1745 verbis
1250 1689 1420 1744 videri
1466 1698 1647 1759 potest
1676 1686 1887 1757 opinari

973 304 1068 364 DE
1109 304 1464 365 DIALOGIS
1498 307 1666 367 ADV.
1702 299 2055 372 ARIANOS,
2082 298 2702 370 ‘MACEDONIANOS,
2738 297 2897 357 ETC.

295 421 470 477 ﬁdem
503 427 711 475 certam
754 417 964 484 facere;
1010 427 1160 473 certe
1199 421 1315 474 sola
1367 420 1643 483 codicum,
1691 417 1890 487 quibus
1919 417 1964 471 Α

3459 288 3563 355 374

2236 414 2263 485 §
2293 415 2382 469 Ill.
2412 413 2561 479 Quod
2591 429 2727 465 unus
2772 412 2838 464 sit
2869 409 3104 463 omnium
3140 416 3343 461 auctor.

2060 505 2099 559 l.
2136 506 2195 560 ln
2241 516 2448 576 septem
2500 504 2729 573 dialogis
2764 505 3155 572 impugnantur
3186 499 3423 553 hierescs
3446 514 3555 552 om-

1988 596 2119 650 nino
2156 606 2284 660 trcs,
2333 596 2530 651 Ariana
2562 596 2842 666 prioribus
2890 592 3140 657 duobus;
3178 590 3355 644 tribus
3383 597 3559 659 poste-

1989 686 2230 741 rioribus
2255 687 2669 750 Macedoniam;
2702 681 3109 754 Apollinariana
3140 679 3374 733 duobus.
3399 678 3563 747 Opor-

1988 786 2066 832 tet
2100 778 2265 847 igitur
2282 778 2571 832 ostendere
2598 794 2611 830 :
2638 776 2898 846 primum,
2918 772 3130 842 priores
3160 771 3299 824 duos
3326 769 3566 837 dialogos

1988 866 2057 920 ab
2087 883 2198 921 uno
2234 883 2356 921 esse
2386 876 2607 921 auctore
2639 864 2999 933 compositos;
3053 860 3275 923 deinde,
3333 858 3401 913 ab
3454 872 3565 911 uno

1989 959 2118 1013 item
2154 968 2267 1013 tres
2308 966 2500 1012 contra
2543 956 2955 1019 Macedonium;
2993 953 3179 1015 tertio,
3228 952 3298 1005 ab
3326 965 3438 1004 uno
3470 964 3566 1018 pa-

1991 1053 2126 1106 riter
2168 1051 2308 1105 dubs
2352 1059 2538 1104 contra
2573 1047 3001 1117 Apollinarium;
3059 1044 3297 1112 denique
3341 1042 3411 1096 ab
3458 1056 3571 1095 uno

1988 1144 2296 1212 eodemque
2342 1157 2555 1196 omnes.

2060 1233 2125 1286 ll.
2162 1231 2351 1297 Quoad
2386 1230 2668 1300 primum:
2706 1227 2958 1297 quisquis
2998 1241 3107 1280 non
3149 1225 3446 1280 oscitanter
3488 1224 3569 1285 le:-

1988 1325 2128 1394 gerit
2164 1326 2380 1395 priores
2412 1323 2552 1378 duos
2577 1321 2843 1377 adversus
2871 1319 3127 1374 Arianam
3164 1317 3420 1380 hazresin,
3448 1316 3568 1370 ani-

1990 1417 2299 1471 madvertet
2360 1415 2542 1479 facile,
2596 1429 2708 1467 non
2768 1427 2889 1467 esse
2939 1410 3223 1465 diversum
3279 1408 3570 1476 utriusque

1989 1515 2295 1563 auctorem.
2348 1508 2446 1562 Est
2486 1505 2634 1559 enim
2670 1504 2958 1558 amborum
3010 1517 3120 1555 una
3149 1500 3380 1570 quaestio
3410 1515 3427 1563 ;
3464 1514 3570 1551 una

1987 1598 2306 1671 quaestionis
2337 1596 2613 1652 solvendae
2655 1594 2828 1657 ratio;
2867 1592 3011 1647 idem
3046 1591 3239 1662 stylus,
3264 1588 3572 1657 eademque

1994 1690 2302 1746 disserendi
2351 1690 2524 1754 ratio;
2566 1686 2759 1743 eadem
2809 1684 3108 1754 Scriptura:
3155 1676 3571 1750 interpretatio;

295 1782 545 1845 codices,
606 1798 841 1851 quorum
897 1783 1166 1846 meminit,
1215 1782 1397 1837 minus
1457 1783 1657 1837 habere
1702 1789 1894 1835 aucto-
1928 1756 1967 1810 Β
1997 1785 2109 1838 imo
2160 1791 2218 1837 et
2250 1780 2567 1835 earumdem
2616 1778 2788 1833 veluti
2838 1775 3228 1846 parmmiarum
3276 1770 3572 1828 adfectatio.

300 1873 510 1936 ritatis,
558 1888 722 1942 quam
768 1888 907 1942 opus
937 1882 1084 1928 esset
1128 1873 1199 1928 ad
1238 1872 1545 1928 faciendam
1584 1880 1788 1927 certam
1834 1870 1896 1924 ii-

300 1963 457 2018 dem.

380 2056 470 2110 Vl.
500 2056 542 2110 E
592 2056 997 2112 recentioribus
1025 2055 1232 2111 Graecis
1264 2055 1356 2109 vix
1385 2055 1683 2125 quidquam
1716 2053 1898 2125 colligi

302 2164 471 2218 posse
518 2158 744 2203 autumo
773 2167 786 2201 :
830 2148 1275 2219 quandoquidem
1320 2162 1423 2203 nec
1450 2160 1643 2201 omnes
1670 2148 1813 2201 inter
1838 2162 1898 2202 se

302 2242 667 2304 conveniunt,
704 2257 806 2296 nec
843 2256 984 2295 unus
1028 2240 1141 2294 fere
1180 2254 1388 2294 secum.
1425 2238 1690 2293 Eumdem
1717 2237 1898 2291 ἀίδιο-

303 2349 439 2402 gum
473 2333 636 2396 alius,
656 2333 767 2386 imo
788 2332 933 2387 idem
951 2331 1170 2401 aliquis,
1196 2330 1359 2385 modo
1382 2330 1530 2394 huic,
1555 2329 1720 2384 modo
1741 2329 1900 2384 alteri

306 2425 527 2479 auctori
556 2424 769 2478 tribuit.
812 2424 943 2493 Legi
970 2434 1120 2478 certe
1146 2438 1313 2493 super
1334 2436 1399 2477 ea
1430 2437 1487 2475 re
1523 2436 1632 2475 non
1660 2421 1902 2476 oscitan-

308 2526 395 2570 ter
443 2516 783 2570 Demetrium
822 2514 1154 2586 Cydonium,
1209 2513 1286 2567 De
1327 2513 1651 2583 processione
1676 2509 1903 2581 Spiritus

307 2608 519 2670 sancti;
554 2606 853 2676 Josephum
897 2606 1309 2659 Methonensem
1352 2604 1409 2657 in
1459 2602 1813 2673 Responsione
1835 2601 1904 2655 ad

313 2698 615 2769 Epistulam
641 2698 807 2753 Marci
844 2699 1088 2769 Ephesii;
1124 2697 1362 2752 Marcum
1399 2697 1576 2765 ipsum
1607 2693 1905 2764 Ephesium

314 2793 370 2845 in
404 2791 631 2845 concilio
670 2790 1013 2855 Florentino;
1058 2791 1325 2846 Joannem
1347 2788 1624 2843 Vecchum
1648 2786 1905 2841 Adversus

314 2885 589 2939 Andream
646 2882 1011 2946 Comaterum,
1070 2890 1127 2937 et
1165 2882 1287 2936 aliis
1330 2883 1385 2935 in
1446 2880 1731 2949 operibus,
1788 2894 1908 2948 quae

313 2976 525 3031 Graecia
552 2974 858 3030 orthodoxa
883 2973 1067 3028 Allatii
1109 2972 1363 3037 exhibet;
1412 2970 1687 3025 Andream
1728 2968 1907 3038 ipsum

1994 1874 2234 1940 Quaestio
2280 1871 2574 1940 utrobique
2614 1878 2699 1924 est
2754 1868 2823 1923 de
2875 1866 3153 1935 ἀγεννήτῳ
3198 1869 3255 1917 et
3310 1860 3575 1929 γεννητῷ.

1997 1966 2283 2033 Patrisque
2308 1971 2363 2017 et
2386 1961 2531 2025 Filii,
2565 1969 2728 2029 atque
2753 1958 2918 2014 etiam
2948 1955 3117 2010 totius
3134 1950 3420 2008 Trinitatis
3448 1965 3579 2005 cou-

1998 2054 2481 2111 substantialitate.
2516 2051 2671 2118 Quod
2703 2050 2896 2105 iisdem
2928 2047 3222 2116 utrobique
3255 2043 3485 2100 vocibus
3514 2057 3578 2097 ac

1960 2146 2258 2216 .loquendi
2282 2144 2534 2199 formulis
2552 2142 2789 2212 scriptor
2818 2147 3027 2204 utatur,
3062 2136 3420 2204 eamdemque
3457 2147 3576 2188 ser-

1999 2246 2091 2293 vet
2128 2232 2724 2304 tractandiargumenti
2757 2231 3010 2293 formam,
3035 2228 3165 2298 quia
3190 2226 3429 2282 lectione
3463 2223 3579 2293 ipsa

2000 2328 2206 2384 nemini
2231 2343 2342 2381 non
2372 2335 2625 2380 constare
2655 2331 2856 2393 potest,
2888 2320 3154 2390 exemplis
3182 2333 3290 2372 non
3308 2325 3391 2371 est
3421 2329 3578 2386 Opus.

1998 2420 2242 2477 Celebris
2270 2418 2361 2472 ille
2386 2417 2559 2481 locus,
2582 2414 2746 2470 Pater
2768 2413 2941 2483 major
2961 2426 3042 2465 me
3068 2417 3164 2473 est,
3197 2406 3391 2463 eodem
3418 2403 3582 2459 modo

2002 2510 2294 2582 exponitur
2333 2509 2390 2561 in
2415 2516 2651 2575 utroque
2701 2503 2916 2573 dialogo
2948 2501 3016 2555 de
3048 2498 3229 2555 Verbo
3279 2498 3580 2558 incarnato,

2004 2611 2111 2656 etc.
2149 2598 2366 2655 Eaedem
2416 2596 2682 2651 affectatae
2736 2591 3017 2664 paroemiae
3049 2607 3062 2641 :
3103 2586 3160 2642 Si
3199 2588 3357 2643 scires
3390 2585 3585 2637 donum

2004 2692 2121 2756 Dei,
2157 2692 2315 2745 scires
2361 2690 2561 2758 utique,
2602 2694 2708 2741 etc.
2769 2682 2928 2754 (Dial.
2972 2678 3048 2751 1.)
3097 2676 3154 2733 Si
3192 2679 3347 2732 scires
3392 2673 3584 2727 donum

2006 2782 2122 2845 Dei,
2165 2788 2213 2833 et
2256 2780 2369 2851 quis
2414 2781 2498 2840 sit,
2536 2778 2624 2848 qui
2686 2774 2880 2837 docuit,
2927 2780 3034 2825 etc.
3077 2767 3237 2840 (Dial.
3272 2764 3351 2835 2.)
3400 2761 3589 2830 Quid?

2006 2871 2155 2943 quod
2190 2886 2224 2923 a
2258 2867 2664 2923 recentioribus
2708 2862 2913 2919 Graecis
2963 2860 3204 2913 citantur
3254 2856 3414 2911 ambo
3441 2856 3588 2911 velut

2012 2978 2174 3017 unus.
2199 2960 2485 3017 V'idendus
2502 2958 2741 3013 Joannes
2760 2952 3006 3009 Vecchus
3021 2947 3314 3020 epigraphe
3341 2947 3404 3001 15
3421 2948 3589 3001 semel

313 3066 673 3121 Comaterum
722 3065 869 3135 apud
916 3064 1224 3129 Vecchum;
1272 3062 1591 3132 Gregorium
1621 3067 1907 3130 protosyn-
1935 3083 1976 3140 ο
2011 3064 2176 3124 atque
2210 3053 2432 3105 iterum.
2470 3046 2780 3103 Demetrius
2822 3042 3126 3139 Cydonius,
3153 3039 3230 3093 De
3267 3037 3592 3140 process‘i‘one

318 3158 519 3215 collum
558 3157 641 3211 Ad
679 3123 1052 3227 imperatorem
1096 3123 1573 3223 Trapezuntinum;
1612 3123 1903 3221 Georgium
1936 3123 1976 3140 ν
2009 3123 2237 3214 Spiritus
2269 3140 2459 3201 sancti,
2519 3153 2639 3206 cap.
2693 3135 2745 3189 5.
2787 3129 3085 3200 Gregorius
3136 3123 3590 3198 protosyncellus,

321 3249 696 3312 Iletochitam,
718 3250 734 3268 ‘
760 3248 815 3303 in
831 3247 1167 3317 Refutationc
1189 3246 1351 3297 trium
1371 3242 1631 3297 Planudis
1652 3243 1903 3312 capitum.

325 3342 481 3412 Legi,
517 3342 762 3409 inquam,
797 3347 855 3393 et
889 3338 1031 3392 inter
1060 3336 1348 3406 legendum
1381 3333 1739 3388 animadverti
1772 3333 1911 3385 duos

324 3432 445 3485 fere
501 3439 710 3484 tantum
750 3428 819 3482 ab
868 3428 1003 3499 ipsis
1049 3427 1294 3496 dialogos
1330 3421 1511 3489 citari,
1552 3424 1790 3493 primum
1851 3437 1912 3475 ac

325 3522 587 3586 tertium;
622 3528 679 3575 et
709 3520 948 3589 priorem
977 3519 1198 3589 quidem
1230 3516 1531 3572 Athanasio
1557 3514 1725 3568 tribui
1755 3530 1784 3567 a
1813 3513 1915 3565 Me-

329 3614 560 3676 tochita,
593 3622 757 3681 atque
782 3611 948 3665 etiam
978 3627 1008 3664 a
1032 3609 1276 3673 Vcccho;
1308 3607 1404 3662 sed
1427 3622 1454 3660 a
1482 3605 1700 3660 Veccho
1758 3603 1912 3667 alios,

329 3717 498 3775 atque
533 3720 565 3758 a
608 3701 1031 3773 protosyncello,
1073 3700 1306 3755 Maximo
1351 3696 1685 3767 adiudicari;
1730 3703 1915 3765 poste-

332 3798 541 3851 riorem
589 3810 723 3850 vero
775 3793 1011 3847 Maximo
1040 3790 1310 3847 vindicari
1350 3806 1381 3843 a
1417 3789 1706 3845 Comatero
1737 3795 1795 3841 et
1818 3785 1920 3857 Cy—

331 3888 536 3952 donio;
586 3886 885 3941 Athanasio
919 3892 1002 3940 ter
1042 3891 1139 3938 aut
1169 3893 1366 3952 quater
1400 3896 1431 3934 a
1469 3879 1706 3935 Veccho.

406 3979 521 4034 Vll.
556 3978 749 4048 Neque
794 3994 826 4032 a
875 3976 1268 4045 manuscriptis
1309 3972 1596 4029 codicibus
1628 3971 1752 4040 plus
1795 3985 1921 4039 spe-

337 4072 576 4127 randum
606 4070 768 4136 lucis,
790 4084 954 4138 quam
984 4068 1055 4123 ab
1084 4066 1269 4121 editis.
1300 4065 1436 4119 Nam
1466 4069 1527 4118 ut
1555 4077 1626 4116 ex
1660 4076 1771 4115 uno
1802 4076 1921 4114 om-

2007 3234 2088 3290 Ad
2123 3235 2496 3304 imperatorem
2544 3224 3010 3296 Trapezuntinum,
3056 3228 3144 3274 etc

2081 3325 2167 3378 Ill.
2206 3321 2360 3378 Adde
2411 3318 2558 3390 quod
2611 3315 2889 3370 secundus
2946 3308 3097 3379 aliud
3152 3309 3267 3364 fere
3317 3307 3459 3361 nihil
3501 3306 3593 3371 sit,

2011 3422 2212 3485 praeter
2254 3411 2417 3483 primi
2451 3410 2601 3464 velut
2629 3405 2968 3468 coronidcm,
3010 3417 3118 3472 qua
3147 3398 3398 3455 Eunomii
3425 3413 3603 3468 pauca

2012 3502 2261 3572 quaedam
2297 3499 2504 3555 scholia
2549 3498 2607 3551 in
2649 3494 2939 3566 epistolam
2976 3491 3143 3557 Aetii,
3196 3500 3253 3545 et
3296 3490 3411 3560 ipsa
3454 3487 3597 3543 Aetii

2014 3593 2242 3664 epistola
2298 3589 2600 3647 secundum
2658 3587 2870 3658 singula
2923 3600 3021 3639 sua
3067 3583 3245 3653 capita
3287 3580 3599 3645 refellitur;

2015 3686 2163 3756 quod
2185 3685 2287 3739 fuit
2316 3683 2384 3738 ad
2407 3681 2807 3736 absolutionem
2835 3676 3019 3748 cperis
3049 3671 3602 3730 necessarium..Nam

2020 3785 2130 3831 tota
2163 3777 2230 3831 de
2272 3774 2519 3845 lngenito
2544 3780 2600 3828 et
2622 3770 2819 3827 Genito
2840 3768 3072 3840 quaestio
3104 3781 3170 3821 ex
3202 3764 3346 3820 Aetii
3372 3762 3615 3835 epistola.

2019 3867 2373 3938 proﬂuxerat.

2092 3962 2179 4017 IV.
2206 3961 2333 4015 Sive
2364 3973 2494 4029 ergo
2518 3956 2629 4011 duo
2669 3955 2775 4010 sint
2806 3952 3029 4022 dialogi,
3058 3949 3205 4020 quod
3238 3948 3411 4019 magis
3448 3962 3609 4012 reor;

2022 4054 2136 4107 sive
2179 4051 2348 4107 unius
2404 4050 2526 4104 dua:
2575 4054 2795 4118 partes,
2844 4054 2906 4099 ut
2955 4041 3360 4097 recentioribus
3409 4038 3611 4096 Grzecis

337 4164 495 4218 nium
541 4162 752 4231 Optimo
784 4160 854 4215 de
916 4159 1146 4229 reliquis
1203 4156 1471 4229 judicium
1510 4154 1740 4217 feratur,
1782 4166 1925 4222 quos
2022 4145 2230 4210 visum;
2286 4156 2433 4197 unus
2479 4148 2630 4194 certe
2679 4137 2917 4207 scriptor
2975 4144 3078 4190 est.

341 4256 530 4325 plures
568 4251 935 4307 Felkmannus
965 4267 995 4305 a
1030 4266 1088 4305 se
1125 4250 1272 4303 visos
1307 4246 1501 4304 scribit
1533 4245 1597 4309 “,
1624 4243 1923 4307 Palatinus,

2098 4237 2161 4292 V.
2212 4233 2367 4301 Quod
2396 4232 2635 4303 pertinet
2673 4229 2741 4283 ad
2769 4227 3097 4291 secundum,
3140 4240 3337 4295 nempe
3370 4222 3614 4293 dialogos

342 4346 437 4415 qui
472 4360 622 4399 nunc
655 4344 711 4398 in
750 4343 1006 4398 Vaticana
1046 4339 1376 4396 bibliotheca
1413 4344 1686 4398 servatur,
1722 4333 1929 4388 nullius
2027 4338 2143 4384 tres
2181 4327 2448 4381 adversus
2474 4320 2853 4375 Macedonium
2898 4318 3065 4372 unius
3093 4333 3214 4373 esse
3252 4316 3512 4378 auctoris,
3547 4325 3616 4369 ex

345 4404 592 4491 auctoris
624 4449 825 4489 nomen
859 4432 1025 4504 426
1058 4432 1155 4487 ulli
1190 4431 1358 4485 trium
1398 4428 1650 4498 priorum
1678 4426 1922 4497 dialogo-
1956 4427 2002 4482 D
2027 4418 2189 4490 427
2229 4415 2483 4487 pluribus
2506 4427 2620 4467 non
2653 4412 2889 4465 obscure
2916 4408 3289 4469 concluditur,
3331 4404 3427 4460 sed
3456 4418 3523 4458 ex
3548 4419 3615 4458 eo

348 4543 473 4581 rum
506 4526 832 4596 inscriptum
877 4494 1079 4588 lia—bet;
1135 4521 1233 4577 sed
1278 4494 1427 4575 hunc
1464 4526 1674 4573 tantum
1710 4494 1928 4571 titulum
2032 4510 2357 4571 clarissime,
2403 4504 2551 4575 quod
2585 4504 2638 4557 in
2669 4501 2833 4556 tertio
2857 4500 2961 4555 sub
2986 4499 3171 4561 ﬁnem,
3205 4511 3328 4550 cum
3358 4494 3616 4549 recedere

349 4618 634 4689 praefixum
669 4585 850 4685 primo
878 4633 891 4668 :
926 4585 1208 4685 ’Avoitoiou
1244 4613 1363 4682 ἦτοι
1389 4610 1754 4681 Ἀρειανίστου
1785 4610 1901 4661 ἀντι

2035 4602 2333 4659 meditatur
2374 4594 2819 4657 Macedonianus,
2866 4592 3139 4659 ﬁnemque
3185 4587 3400 4656 dialogo
3444 4585 3618 4655 impo-

350 4674 504 4777 Ξογίπ.
557 4674 692 4777 μςτᾶ
736 4674 1355 4780 ὀρθοδόξου.’30ουη(1ιιε
1390 4674 1527 4757 nihil
1557 4702 1701 4772 gerit
1732 4700 1901 4755 inscri

2036 4709 2192 4759 nere,
2244 4690 2331 4745 his
2368 4687 2556 4743 verbis
2604 4685 2779 4739 utitur
2810 4701 2824 4737 :
2868 4682 3078 4749 Ὀλιγος
3117 4679 3251 4749 εἰμὶ,
3289 4676 3528 4747 εὑρίσκω
3564 4674 3620 4727 δὲ

352 4764 526 4870 ptum.
557 4764 852 4853 .Tertioad
906 4764 1229 4869 marginem,
1287 4796 1391 4849 Τοῦ
1450 4764 1607 4862 ἁγίου
1661 4793 1901 4863 Μαξίμου

2040 4789 2129 4842 τὸν
2157 4784 2453 4853 δυνάμενον
2483 4780 2619 4850 πρὸς
2641 4776 2813 4830 ταῦτα
2842 4775 3049 4829 εἰπεῖν’
3099 4772 3293 4824 Πεῖσον
3331 4767 3457 4829 τοὺς
3481 4764 3623 4818 διδα-

352 4893 677 4961 ascriptum.
702 4892 941 4956 Quartus
972 4855 1054 4944 sic
1074 4889 1393 4944 inscribitur
1416 4906 1428 4941 :
1452 4855 1557 4939 Τοῦ
1584 4885 1741 4952 ἁγίου
1770 4855 1901 4937 hth

2045 4876 2278 4938 σκάλους
2324 4890 2449 4943 μου,
2501 4871 2596 4924 καὶ
2627 4868 2904 4937 πείθομαι.
2955 4864 3156 4919 iisdem
3206 4861 3320 4917 fere
3349 4857 3526 4914 utitur
3566 4855 3622 4909 in

353 4986 542 5039 νασίου
580 4985 716 5056 πρὸς
745 4982 1119 5053 Ἀπολινάριον
1159 4981 1415 5044 διάλεξις.
1464 4949 1703 5045 Quintus
1754 4990 1885 5029 vero

2035 4981 2190 5030 sexto
2213 4967 2315 5025 sub
2337 4966 2523 5029 linem,
2546 4978 2671 5019 cum
2694 4959 3119 5031 disputationem
3144 4952 3437 5009 terminare
3465 4949 3583 5005 vult
3608 4967 3621 5002 :

358 5077 468 5129 Τοῦ
512 5042 1178 5145 αὑτοῦ-Ἀπολιναρἱστου
1214 5042 1583 5141 κεφοιλαιωψσις
1608 5068 1702 5122 καὶ
1734 5069 1942 5138 Γρηγο-
2054 5062 2196 5130 Ἐγὼ
2247 5057 2468 5129 ἀμαθής
2515 5057 2652 5124 εἶμί*
2706 5054 2827 5119 ἄγω
2865 5052 2956 5103 τὸν
3001 5043 3323 5145 διξάσκαλόν
3364 5042 3626 5145 μ⁰υ’,καὶ

359 5171 482 5239 ρίου
537 5168 861 5224 ἐπισκόπου.
931 5133 1051 5223 Duo
1109 5133 1307 5236 reliqui
1369 5162 1694 5233 inscriptum
1747 5133 1901 5232 gerat

2046 5151 2350 5221 διαλέγεται
2385 5165 2485 5200 σοι.
2510 5146 2664 5201 Unus
2687 5158 2820 5213 ergo
2852 5149 2938 5196 est
2960 5138 3247 5192 amborum
3276 5142 3485 5189 auctor.
3512 5133 3627 5187 lmo

358 5224 647 5318 Athanasii
693 5277 917 5317 nomen.
1232 5224 1248 5236 ⁸
1541 5224 1559 5233 ’
1748 5224 1775 5232 ν
2049 5259 2108 5307 et
2131 5240 2349 5315 septimi
2375 5253 2536 5305 ;cum
2562 5234 2710 5291 enim
2736 5233 2863 5287 inde
2889 5229 3105 5285 initium
3132 5228 3297 5282 ducat
3321 5244 3333 5279 :
3368 5225 3441 5279 Οὐ
3473 5224 3628 5295 μόνον

432 5353 571 5408 Vlll.
604 5353 804 5407 Verum
832 5354 997 5425 igitur
1023 5360 1126 5414 est,
1158 5350 1303 5423 quod
1326 5349 1487 5405 initio
1508 5346 1642 5406 dixi.
1676 5347 1901 5402 incertui

2056 5311 2319 5409 σφάλλετε
2361 5329 2629 5396 λέγοντες,
2676 5324 2758 5376 ὅτι
2802 5319 3085 5392 ὁμοούσιός
3123 5320 3270 5372 ἔστιν
3309 5318 3337 5370 ὁ
3387 5314 3509 5376 Υἱὸς
3553 5311 3631 5381 τῷ

360 5445 536 5502 fuisse
570 5445 838 5501 hactenus
852 5405 1222 5516 0dialogorum
1273 5454 1577 5498 auctorem.

2057 5405 2254 5497 [la-:91,
2278 5419 2414 5476 ἀλλὰ
2445 5418 2542 5471 καὶ
2562 5417 2642 5469 ὅτι
2674 5413 2851 5484 ψυχὴν
2877 5406 2991 5481 εἶχε.
3018 5408 3319 5482 σαρκωθεὶς
3339 5408 3367 5459 ὁ
3394 5405 3597 5475 Κύριος
3616 5446 3631 5469 ,

1708 5529 2030 5587 δυηυιιιι
2055 5517 2291 5581 NOTAE.

1169 5674 1319 5733 1117,
1349 5672 1515 5726 habet
1543 5667 1728 5722 titulis.
1842 5668 1883 5699 ιο
1908 5664 2158 5736 Potiores
2191 5667 2393 5736 tamen,
2425 5668 2481 5736 p:
2523 5650 2649 5717 715,
2704 5649 2841 5706 dicit
2886 5643 3106 5700 codices
3145 5638 3237 5709 qui
3278 5634 3511 5693 Maximo
3542 5631 3653 5685 hos

436 5683 459 5713 ⁹
490 5682 679 5736 Libris.
719 5677 882 5739 Oud.,
906 5679 944 5732 l.
971 5693 1045 5739 c.,
1117 5718 1127 5728 .
1169 5677 1319 5733 1117,
1349 5677 1515 5726 habet
1543 5677 1728 5722 titulis.
1842 5677 1883 5699 ιν

436 5754 617 5811 alogos
652 5749 918 5803 tribuunt.
1003 5746 1041 5777 ”
1069 5690 1127 5801 Fu
1171 5743 1318 5799 notis
1362 5741 1427 5796 ad
1461 5748 1593 5795 tom.
1618 5739 1661 5793 ll
1688 5737 1901 5811 Operun

1998 5677 2158 5720 nores
2191 5677 2393 5719 tamen,
2427 5677 2481 5736 p:

1998 5732 2147 5791 ancti
2194 5727 2503 5787 Athanasn.

366 5750 617 5822 dialogos
652 5749 918 5803 tribuunt.
1003 5746 1041 5777 ¹¹
