4078 6160
472 201 580 266 375

1318 204 1697 268 GARNERII
1738 208 2368 272 DlSSERTATIONIS
2411 216 2467 274 II
2507 221 2913 285 APPENDIX.

3641 220 3740 284 376

467 315 732 382 ostendit,
775 315 992 388 opinor,
1039 316 1329 373 manifeste
1389 333 1448 374 se
1509 319 1874 389 posteriorem
1931 332 2053 373 esse
2087 323 2130 380 A
2160 333 2322 393 gente
2345 325 2559 382 vicibus
2587 331 2789 386 mentis
2811 333 2866 386 in
2889 331 3131 386 Christo.
3159 331 3304 398 Quin
3327 339 3385 386 et
3411 333 3739 388 convenien-

469 407 664 474 altero,
713 407 770 463 in
797 423 906 479 quo
940 407 1006 464 de
1039 407 1606 463 consubstantialitate
1653 408 1776 463 Filii
1803 407 2051 478 disputa-

471 508 590 556 tum
629 500 736 568 sit;
793 500 1132 570 disputatum
1169 515 1302 555 vero
1327 510 1413 555 est
1443 502 1664 572 copiose
1709 501 1764 554 in
1805 508 1980 555 sexto.

541 603 630 660 Vl.
666 603 971 660 Observare
1014 619 1179 674 porro
1220 603 1312 658 hic
1341 605 1497 673 juvat
1545 603 1924 659 Macedonium
1958 618 2052 657 er-

471 711 621 751 rasse
649 710 774 750 cum
798 695 950 759 Ario,
983 712 1092 749 non
1132 703 1340 750 tantum
1379 695 1447 750 de
1481 693 2052 750 consubstantialitate

475 785 661 850 Verbi,
701 785 798 840 sed
841 785 1009 840 etiam
1055 786 1124 841 de
1172 787 1547 857 assumptione
1587 789 1783 843 animae
1824 806 1836 840 :
1881 787 2052 857 quod,

396 891 399 896 λ
470 885 673 948 praeter
700 877 770 932 Μ.
800 878 1160 932 Mercatorem
1197 893 1378 942 nemo,
1405 879 1555 949 quod
1591 880 1783 943 sciam,
1807 878 1912 934 nisi
1938 879 2054 933 dia-

471 965 581 1038 logi
628 967 858 1037 hujusce
899 976 1115 1032 auctor,
1159 967 1405 1022 tradidit.
1452 967 1628 1031 Adde,
1664 967 1812 1037 quod
1863 982 2054 1022 recen-

473 1058 644 1114 tiores
657 1055 828 1112 Grmci
850 1056 1030 1112 eidem
1051 1058 1263 1112 auctori
1285 1057 1503 1112 tertium
1520 1057 1796 1128 dialogum
1812 1064 2056 1112 sextum-

472 1164 580 1221 que
617 1149 882 1204 tribuant.
919 1149 996 1204 lta
1023 1148 1263 1205 Joannes
1291 1149 1559 1204 Vecchus.

544 1261 811 1316 Vll..Jam
842 1276 996 1326 vero,
1030 1260 1177 1331 quod
1209 1261 1430 1316 tertium
1453 1269 1558 1324 est,
1590 1258 1659 1313 de
1688 1257 1906 1313 duobus
1930 1257 2051 1312 dia-

473 1353 616 1426 logis
643 1353 910 1408 adversus
929 1353 1350 1424 Apollinarium,
1373 1352 1468 1423 qui
1495 1358 1725 1422 quartus
1748 1357 1805 1405 et
1828 1349 2057 1421 quintus

474 1447 532 1502 in
582 1446 747 1503 editis
798 1447 958 1502 libris
1011 1455 1394 1507 numerantur,
1439 1460 1537 1501 eos
1581 1459 1778 1514 nempe
1831 1443 2053 1498 unicum

475 1538 679 1594 habere
733 1546 1051 1601 auctorem,
1091 1537 1238 1592 facili
1287 1537 1506 1607 negotio
1553 1535 1863 1591 coniicitur.
1917 1533 2054 1589 Nam

471 1629 492 1648 ‘
514 1627 743 1696 quintus
777 1626 960 1697 quarti
1000 1625 1273 1680 absolutio
1311 1633 1416 1680 est.
1463 1624 1748 1695 Siquidem
1779 1634 1840 1679 ut
1878 1623 1936 1678 in
1967 1639 2054 1679 se-

473 1717 656 1772 cundo
683 1716 847 1780 Aetii,
877 1717 958 1770 sic
986 1715 1040 1770 in
1067 1715 1261 1786 quinto
1282 1715 1612 1786 Apollinaris
1635 1715 1875 1770 rationes
1902 1715 2054 1784 sigil-

472 1809 627 1863 latim
655 1817 712 1863 et
741 1817 1124 1879 proponuntur
1155 1817 1211 1864 et
1245 1807 1553 1863 solvuntur.
1584 1807 1791 1862 Deinde
1819 1820 2052 1862 concors

471 1908 558 1955 est
602 1901 890 1970 utriusque
938 1899 1226 1965 doctrina,
1276 1899 1388 1954 imo
1429 1898 1655 1964 eadem,
1701 1898 1895 1954 iisdem
1936 1898 2053 1954 fere

473 1992 657 2048 verbis
683 1992 950 2062 exposita,
976 1991 1124 2046 idem
1149 1991 1439 2048 manifeste
1467 1993 1661 2064 stylus.

544 2106 680 2164 Vlll.
739 2107 1086 2161 Postremum
1145 2105 1219 2160 ita
1275 2105 1644 2160 concluditur.
1697 2107 1939 2161 Primum
1998 2105 2100 2160 et‘

473 2203 688 2252 sextum
708 2195 982 2267 dialogum
1007 2196 1254 2267 ejusdem
1279 2211 1400 2251 esse
1423 2197 1686 2262 auctoris,
1715 2197 2055 2252 demonstrat

474 2287 720 2342 insolens
768 2287 1043 2358 quoddam
1084 2287 1152 2343 de
1195 2289 1386 2352 Petro',
1431 2287 1600 2344 Paulo
1655 2304 1719 2344 ac
1764 2287 2054 2344 Timotheo

471 2377 702 2441 dictum,
734 2377 891 2448 quasi
923 2393 1032 2433 non
1070 2377 1183 2432 sint
1221 2387 1334 2432 tres
1370 2379 1642 2442 homines,
1673 2377 1769 2433 sed
1805 2388 1916 2434 tres
1948 2380 2054 2434 hu-

473 2470 752 2524 manitatis
772 2469 937 2525 unius
959 2470 1296 2541 hypostases.
1322 2469 1458 2525 Nam
1492 2471 1548 2525 in
1578 2478 1811 2542 utroque
1838 2469 2055 2539 dialogo

473 2563 669 2620 iisdem
697 2563 812 2620 fere
842 2563 1028 2620 verbis
1064 2562 1356 2634 exponitur
1382 2583 1395 2616 :
1422 2573 1478 2618 et
1510 2563 1563 2618 in
1597 2565 1776 2634 primo
1807 2563 2052 2633 quidem,

472 2655 741 2726 quaerenti
782 2655 1070 2720 Anomoao,
1103 2655 1381 2728 quomodo
1423 2656 1704 2711 diceretur
1746 2656 1814 2711 ab
1853 2654 2055 2711 Ortho-

471 2745 616 2802 doxo
661 2765 680 2798 ι
714 2763 821 2801 una
855 2745 1136 2810 divinitas,
1165 2753 1224 2802 et
1257 2756 1366 2803 tres
1395 2747 1743 2820 hypostases;
1785 2765 1804 2799 ι
1831 2762 2058 2816 respon-

471 2836 565 2892 det
590 2835 938 2894 Orthodoxus
966 2855 978 2891 :
1012 2857 1030 2889 ‹
1063 2837 1133 2894 Ut
1171 2839 1484 2902 suntPetri,
1509 2850 1564 2896 et
1586 2838 1760 2904 Pauli,
1791 2847 1846 2894 et
1875 2839 2060 2893 Timo-

474 2930 588 2986 thei
624 2938 736 2985 tres
765 2930 1105 3002 hypostases,
1139 2939 1195 2986 et
1235 2948 1342 2987 una
1387 2931 1718 2986 humanitas.
1755 2950 1772 2982 ι
1812 2931 2008 2986 Anom.
2039 2947 2055 2985 :

480 3039 499 3074 σ
532 3021 674 3092 Ergo
706 3029 818 3075 tres
847 3028 977 3074 sunt
1001 3020 1101 3085 dii,
1123 3041 1140 3072 ι
1170 3030 1278 3077 etc.
1296 3021 1354 3076 In
1385 3031 1539 3077 sexto
1569 3030 1772 3087 autem,
1792 3037 1916 3077 cum
1948 3021 2059 3076 Ma-

473 3113 810 3168 cedonianus
853 3115 957 3167 tria
994 3131 1157 3168 unum
1190 3113 1382 3168 diceret
1417 3115 1472 3168 in
1503 3113 1797 3180 Trinitate,
1855 3113 2058 3184 excipit

473 3204 868 3260 Orthodoxus:
906 3223 923 3256 ι
953 3204 1351 3277 Hypostasibus
1390 3206 1492 3260 tria
1533 3216 1682 3269 sunt,
1715 3221 1824 3260 non
1861 3219 2054 3260 unum.

476 3296 684 3352 Ilaced.
734 3316 751 3348 ι
788 3295 1076 3364 Quomodo
1123 3298 1291 3368 igitur
1333 3313 1498 3351 unam
1545 3297 1669 3351 dico
1714 3295 2001 3352 naturam?
2031 3316 2050 3348 ι

474 3386 708 3444 Orthod.
743 3408 760 3440 ι
793 3389 930 3456 Quia
957 3396 1012 3443 et
1030 3389 1192 3444 Pater
1224 3398 1280 3443 et
1302 3389 1476 3444 Filius
1497 3400 1553 3443 et
1579 3389 1818 3459 Spiritus
1838 3398 2058 3444 sanctus

476 3479 672 3536 eodem
711 3480 871 3552 plane
912 3479 1077 3535 modo
1122 3481 1590 3535 immortalitatem
1627 3481 1804 3536 Patris
1848 3480 2056 3534 habet:

477 3579 643 3642 atque
685 3582 745 3626 ut
783 3570 1000 3635 Petrus,
1031 3571 1233 3626 Paulus
1275 3581 1329 3627 et
1374 3571 1698 3627 Timotheus
1733 3573 1896 3627 unius
1931 3582 2058 3628 sunt

480 3670 709 3726 natura),
750 3669 807 3716 et
853 3670 964 3716 tres
1002 3661 1360 3732 hypostases,
1394 3662 1467 3717 ita
1507 3662 1721 3716 Patrem
1765 3671 1822 3717 et
1859 3662 2057 3716 Filium

477 3761 534 3806 et
557 3752 822 3824 Spiritum
862 3760 1112 3807 sanctum
1153 3762 1264 3808 tres
1295 3753 1616 3824 hypostascs
1639 3753 1784 3818 dico,
1812 3761 1867 3807 et
1894 3769 2055 3808 unam

476 3857 752 3909 naturam,
784 3863 800 3895 ι
836 3853 942 3899 etc.

551 3956 641 4011 lX.
679 3956 885 4010 Deinde
925 3958 1188 4026 partemin
1221 3957 1311 4012 illa
1354 3957 1535 4028 primo
1565 3958 1914 4028 secundoque
1938 3958 2057 4013 dia-

479 4051 604 4122 iugo
632 4059 909 4119 usurpata,
938 4049 994 4104 Si
1027 4051 1184 4104 scires
1220 4051 1417 4106 donum
1456 4051 1574 4115 Dei,
1611 4051 1840 4107 alIertur
1873 4052 2058 4106 statim

481 4141 540 4198 in
569 4151 744 4198 sexto.
785 4142 940 4197 Unus
979 4142 1145 4213 igitur
1188 4151 1271 4198 est
1304 4143 1549 4212 quinque
1585 4142 1924 4214 dialogorum
1959 4159 2058 4199 au-

481 4245 622 4301 ctor,
659 4251 911 4304 unusque
948 4234 1164 4290 Arianae
1195 4245 1248 4290 et
1274 4236 1672 4291 Macedonians:
1705 4236 1930 4292 btcresis
1959 4237 2062 4292 im-

2159 415 2232 469 tia
2271 416 2472 489 dialogi
2507 422 2768 488 postremi
2808 437 2934 477 cum
2966 421 3196 492 reliquis
3225 430 3419 477 contra
3449 421 3738 479 Anomeos

2157 505 2246 562 his
2269 523 2335 560 ex
2368 508 2554 563 verbis
2581 519 2751 580 patet,
2781 528 2812 566 a
2837 512 3042 582 quibus
3075 512 3294 568 initium
3331 511 3577 567 ducitur.
3605 511 3736 570 Cum

2155 599 2303 650 enim
2341 598 2767 656 Macedonianus
2797 601 3046 666 dixisset,
3083 602 3152 658 ab
3178 602 3504 658 orthodoxis
3526 602 3615 658 bis
3650 618 3736 658 er-

2157 689 2289 752 rari,
2317 691 2482 744 semel
2515 707 2640 746 cum
2672 693 2869 748 Filium
2900 693 3047 749 Patri
3085 694 3614 750 consubstantialem
3653 695 3737 750 di-

2156 789 2310 842 cunt,
2346 781 2546 836 iterum
2579 799 2704 838 cum
2739 783 3019 840 Christum
3063 795 3317 842 asserunt
3362 787 3602 840 animam
3640 787 3736 841 ha-

2159 869 2345 924 buisse
2379 889 2392 922 :
2426 873 2725 942 respondet
2753 873 3123 939 Orthodoxus,
3159 884 3459 946 utrumque
3486 876 3737 948 religiose

2156 961 2348 1025 asseri,
2382 964 2754 1034 continuoque
2783 967 2993 1022 crimen
3017 966 3073 1021 in
3100 967 3553 1023 Macedonianum
3579 984 3736 1040 rege-

2157 1050 2248 1104 rit.
2284 1069 2301 1101 ι
2329 1051 2517 1120 Neque
2536 1067 2688 1116 vero,
2714 1053 2912 1123 inquit,
2930 1069 3186 1124 magnum
3209 1054 3469 1124 quiddam
3490 1065 3736 1125 pastas,

2155 1143 2234 1206 si,
2289 1150 2579 1212 postquam
2629 1143 2916 1216 negaveris
2963 1146 3525 1208 consubstantialem,
3573 1161 3738 1217 neges

2153 1235 2478 1289 animatum.
2511 1235 2569 1290 ld
2593 1235 2742 1290 enim
2767 1237 3052 1308 proprium
3078 1252 3292 1302 eorum,
3321 1239 3416 1308 qui
3439 1238 3734 1294 diversita-

2155 1333 2264 1381 tem
2311 1336 2366 1382 et
2407 1326 2916 1383 dissimilitudinem
2962 1327 3284 1384 substantia:
3325 1337 3604 1394 astruunt,
3679 1341 3742 1384 ut

2154 1417 2442 1487 patibilem
2503 1418 2782 1490 Unigeniti
2844 1419 3209 1475 substantiam
3268 1420 3484 1485 dicant,
3548 1437 3739 1477 carere

2155 1509 2337 1564 anima
2389 1510 2615 1575 dicunt,
2671 1519 2837 1581 atque
2899 1511 3029 1568 inde
3080 1511 3294 1568 exstitit
3345 1513 3739 1568 Anomoeorum

2156 1600 2495 1672 figmentum.
2533 1621 2552 1653 ι
2598 1601 2746 1658 ldem
2765 1603 2932 1674 igitur
2967 1613 3053 1659 est
3101 1603 3351 1660 omnium
3392 1603 3737 1676 dialogorum

2083 1671 2126 1727 Β
2155 1671 2412 1764 scriptor.

2227 1785 2315 1841 XI.
2350 1788 2552 1842 Verum
2585 1803 2676 1845 res
2707 1797 2820 1844 tota
2857 1788 3064 1844 clarius
3091 1789 3459 1853 eluceseet,si
3481 1790 3741 1844 conside-

2155 1888 2309 1935 retur
2337 1879 2652 1947 methodus,
2681 1896 2802 1952 quae
2840 1881 2897 1935 in
2938 1879 3256 1936 refellendis
3287 1880 3589 1936 haeresibus
3621 1895 3740 1936 me-

2155 1973 2382 2029 moratis
2440 1981 2714 2028 servatur.
2766 1972 2902 2028 Nam
2948 1971 3128 2042 primo
3179 1971 3232 2025 vi
3287 1979 3740 2043 argumentorum

2154 2071 2450 2133 pugnatur,
2491 2061 2548 2117 in
2587 2077 2764 2132 eoque
2789 2063 3016 2133 ponitur
3049 2061 3203 2132 prior
3234 2059 3504 2132 dialogus.
3529 2060 3744 2116 Deinde

2155 2153 2480 2210 refelluntur
2510 2154 2570 2210 in
2603 2154 2933 2225 posteriore,
2956 2169 3079 2224 qua:
3108 2153 3275 2224 vulgo
3303 2152 3529 2208 heresis
3551 2152 3745 2209 defen-

2155 2262 2311 2304 sores
2357 2246 2640 2312 afferrent,
2671 2247 2982 2318 quibusque
3026 2245 3270 2302 solerent
3308 2246 3745 2316 simplicioribus

2157 2336 2425 2392 insidiari.
2477 2335 2570 2391 Sic
2609 2336 2824 2407 dialogo
2868 2335 3050 2407 primo
3089 2335 3390 2406 disputatio
3432 2335 3744 2391 instituitur

2156 2443 2280 2483 cum
2305 2428 2598 2493 Anommo;
2630 2427 2875 2483 secundo
2902 2427 3127 2482 scholiis
3150 2427 3407 2482 Eunomii
3428 2426 3743 2497 ctsingulis

2156 2518 2301 2574 Aetii
2344 2519 2574 2588 argutiis
2619 2518 3004 2588 respondetur.
3043 2517 3135 2572 Sic
3170 2517 3227 2571 in
3264 2517 3446 2588 primo
3477 2516 3742 2572 adversus

2158 2609 2582 2668 Macedonianos
2615 2609 2971 2681 impugnatur
2997 2609 3256 2676 haeresis;
3288 2610 3343 2664 in
3378 2609 3623 2665 secundo
3649 2625 3740 2666 sa-

2160 2700 2293 2754 tisﬁt
2321 2699 2722 2770 quaestionibus
2760 2700 2816 2754 in
2855 2699 3058 2755 scbcda
3099 2699 3415 2770 propositis,
3446 2709 3502 2755 et
3535 2700 3589 2753 in
3624 2700 3744 2753 vul-

2159 2807 2260 2862 gus
2287 2790 2512 2862 sparsis.
2541 2788 2632 2845 Sic
2664 2789 2905 2861 denique
2941 2790 2998 2844 in
3026 2788 3210 2859 priore
3243 2798 3435 2844 contra
3464 2788 3746 2859 Apollina-

2161 2883 2302 2939 rium
2335 2899 2493 2938 mens
2522 2883 2763 2938 humana
2786 2881 2992 2938 Christi
3013 2881 3320 2939 rationibus
3339 2881 3645 2945 astruitur;
3684 2881 3742 2934 in

2161 2974 2467 3045 posteriore
2510 2973 2835 3045 Apollinarii
2879 2974 3166 3045 praestigiae
3203 2973 3510 3028 diluuntur.
3552 2971 3746 3028 Unitas

2161 3067 2252 3121 illa
2289 3066 2534 3122 methodi
2581 3081 2751 3122 unum
2796 3082 2896 3136 per
2933 3081 2992 3122 se
3035 3067 3148 3122 sola
3181 3075 3468 3121 auctorem
3509 3063 3744 3120 suadere

2161 3168 2382 3229 potest:
2417 3172 2474 3213 at
2511 3159 2806 3229 conjuncta
2840 3175 2966 3214 cum
3011 3159 3134 3214 aliis
3175 3157 3420 3223 indiciis,
3461 3155 3743 3221 eumdem,

2159 3251 2265 3305 nisi
2294 3249 2476 3313 fallor,
2504 3251 2866 3306 demonstrat.

2228 3408 2372 3480 διν.
2417 3409 2570 3474 Quod
2613 3425 2749 3462 unus
2789 3407 2882 3461 ille
2921 3415 3106 3480 auctor
3138 3408 3206 3461 sit
3244 3406 3381 3461 alius
3412 3423 3444 3460 a
3478 3421 3672 3476 magno

2791 3479 3106 3533 Athanasio.

2229 3626 2271 3681 1.
2304 3625 2460 3692 Quod
2489 3625 2534 3680 si
2563 3625 2657 3680 uni
2685 3625 2787 3680 soli
2814 3639 3007 3680 omnes
3035 3623 3234 3695 dialogi
3258 3622 3485 3678 attribui
3517 3620 3743 3685 debent,

2158 3723 2218 3770 ut
2240 3726 2390 3771 certe
2418 3715 2642 3777 debent,
2681 3716 2867 3771 nullus
2891 3731 3084 3772 eorum
3117 3715 3184 3770 ad
3212 3713 3572 3770 Athanasium
3613 3727 3746 3782 per-

2159 3809 2330 3873 tinet,
2375 3824 2502 3864 eum
2551 3816 2857 3880 repugnent
2901 3808 3214 3863 communia
3253 3807 3348 3862 illa
3389 3805 3491 3860 tria
3545 3803 3747 3874 κριτή-

2160 3918 2272 3972 ρια.
2310 3910 2545 3970 tempus,
2585 3899 2836 3955 doctrina
2873 3907 2930 3954 et
2971 3899 3162 3954 dictio.
3203 3897 3336 3964 Quae
3387 3895 3643 3966 quamvis
3685 3895 3745 3948 in

2159 3991 2540 4062 adjudicandis
2595 3993 2805 4048 auctori
2866 3991 3029 4046 alicui
3086 3990 3350 4060 operibus
3399 3987 3747 4059 probabilem

2160 4091 2372 4138 tantum
2419 4083 2626 4140 faciant
2671 4084 3076 4154 conjecturam,
3102 4082 3159 4136 in
3197 4080 3581 4153 abjudieandis
3619 4095 3747 4134 cer-

2161 4183 2269 4230 tam
2317 4177 2648 4230 sententiam
2675 4175 2915 4246 pariunt.

2233 4267 2298 4322 ll.
2332 4268 2511 4338 Atque
2541 4276 2601 4322 ut
2636 4283 2666 4322 a
2702 4277 2948 4338 tempore
2991 4268 3188 4322 ducam
3234 4267 3474 4330 initium,
3502 4264 3628 4318 inde
3667 4264 3751 4319 sie

482 4335 787 4430 gummi“.
821 4327 888 4430 εἰ
929 4341 1064 4382 vero
1109 4326 1488 4430 “3331:1108?
1522 4326 1707 4430 vim?
1738 4327 1806 4382 de
1837 4343 2059 4398 pmoes'
2091 4362 2134 4418 D
2163 4326 2536 4428 argumentor.
2568 4326 2901 4414 Athanasius
2935 4373 3005 4413 ex
3042 4358 3148 4413 hac
3179 4357 3293 4414 vita
3326 4326 3566 4412 decessit
3600 4370 3750 4409 anno

481 4421 638 4476 ⁸ί⁰¹¹⁸
661 4511 672 4520 _
696 4418 938 4520 spirit.”
991 4419 1165 4520 smmi
1433 4426 1488 4520 cf
1541 4418 1818 4520 ¹⁰ίξ¹¹ίί⁰¹¹θ
1853 4434 1978 4520 _"_°n
2027 4437 2058 4474 ³
2097 4417 2113 4418 7
2159 4417 2285 4503 57].
2313 4447 2546 4518 Scripsit
2581 4447 2748 4520 429
2783 4448 3126 4519 dialogorum
3167 4457 3362 4504 auctor
3392 4456 3513 4518 post
3539 4461 3749 4502 annum

483 4511 778 4581 semetipso
819 4509 1102 4574 dicuntur,
1136 4509 1328 4564 eadem
1371 4510 1566 4566 iisdem
1605 4510 1720 4565 fere
1753 4510 1939 4565 verbis
1977 4525 2061 4565 re—

485 4611 748 4673 petuntur
786 4603 842 4656 in
887 4611 1061 4657 sexto.
1093 4601 1268 4666 Adde,
1303 4602 1452 4673 quod
1495 4603 1550 4658 in
1593 4603 1772 4673 primo
1803 4613 1861 4658 et
1899 4602 2061 4657 tertio

481 4694 848 4764 exprobratur
889 4693 1004 4748 Arii
1040 4693 1426 4757 sectatoribus,
1461 4693 1605 4762 quod
1646 4693 1945 4763 Epistolam
1991 4692 2060 4747 ad

482 4787 742 4843 Hebraeos
774 4786 1046 4857 rejiciant.
1089 4785 1343 4840 lnﬁnitus
1384 4785 1508 4850 sim,
1548 4786 1592 4841 si
1634 4785 1846 4856 singula
1881 4799 2062 4855 perse-

482 4894 640 4949 quar.
692 4878 900 4942 Nemo,
949 4877 1046 4947 qui
1096 4876 1320 4947 legerit,
1364 4893 1474 4932 non
1519 4877 1717 4947 smpius
1763 4875 2064 4932 adverterit

481 4969 898 5032 consonantiam
938 4968 1303 5039 dialogorum,
1337 4968 1432 5038 qui
1475 4969 1738 5023 adversus
1769 4967 2064 5022 Anomtnos

481 5071 540 5117 et
567 5061 990 5118 Macedonianos
1022 5069 1171 5116 sunt.

550 5169 755 5227 Verum
799 5171 958 5227 facile
989 5166 1212 5243 quoque
1253 5182 1340 5228 est
1373 5172 1683 5243 perspicere
1723 5186 1937 5234 eorum,
1969 5173 2064 5243 qui

480 5269 677 5318 contra
714 5261 1112 5334 Apollinarium
1151 5272 1300 5329 sunt,
1331 5277 1458 5318 cum
1494 5261 1901 5318 Macedonianis
1937 5278 2067 5319 cono

371 5399 393 5406 _
480 5355 839 5413 venientiam.
879 5355 1012 5412 Nam
1044 5356 1140 5426 qui
1175 5355 1374 5410 tertius
1405 5363 1597 5409 contra
1622 5355 2064 5420 Maecdonianos,

481 5449 692 5520 quique
735 5451 1004 5519 septimus
1055 5445 1110 5502 in
1155 5447 1314 5503 libris
1354 5447 1519 5502 editis
1563 5459 1842 5515 censetur,
1880 5459 2068 5520 aperte

479 5535 835 5592 consentiunt
865 5552 995 5596 cum
1027 5535 1247 5592 duobus
1281 5537 1334 5592 in
1361 5538 1759 5610 Apollinarium
1795 5539 2015 5611 scriptis
2051 5558 2063 5592 :

473 5626 665 5682 eadem
707 5625 852 5690 enim
911 5627 1205 5702 utrobique
1241 5637 1322 5686 est
1366 5630 1616 5689 doctrina
1642 5629 1708 5685 de
1734 5631 1912 5686 Verbo
1949 5631 2067 5691 fun-

2160 4539 2296 4601 581,
2345 4553 2457 4607 quo
2509 4553 2657 4592 anno
2706 4538 2944 4593 secunda
2991 4539 3234 4610 synodus
3273 4535 3752 4606 Constantinopoli

2162 4630 2349 4686 habita
2374 4639 2476 4685 est.
2517 4629 2671 4685 Alter
2701 4630 2868 4700 igitur
2889 4630 2958 4685 ab
2985 4631 3160 4684 altero
3184 4629 3437 4684 diversus
3463 4637 3567 4682 est.

2235 4723 2325 4778 lll.
2359 4722 2666 4793 Propositio
2702 4731 2852 4777 certa
2888 4729 2994 4786 est,
3022 4737 3147 4777 cum
3181 4722 3250 4777 de
3291 4732 3538 4792 tempore
3561 4721 3754 4777 obitus

2163 4812 2470 4877 Athanasii,
2505 4820 2771 4882 quantum
2814 4813 2923 4868 huc
2967 4812 3188 4878 sufﬁcit,
3219 4823 3479 4868 constans
3519 4815 3594 4869 sit
3632 4828 3756 4867 om-

2162 4901 2317 4956 nium
2342 4901 2550 4972 opinio.
2577 4902 2654 4958 De
2686 4902 2922 4958 triennio
2950 4902 3098 4957 enim
3131 4903 3248 4957 solo
3273 4903 3438 4973 vulgo
3463 4903 3606 4957 solet
3626 4917 3753 4957 esse

2163 4991 2415 5062 quaestio.
2458 4991 2588 5046 Nam
2630 4991 2886 5047 Petavius
2920 4992 2989 5046 ad
3027 5007 3234 5046 annum
3265 4993 3391 5055 571,
3422 4991 3514 5046 alii
3551 4991 3620 5045 ad
3658 5006 3755 5045 se-

2164 5087 2447 5152 quentem,
2482 5080 2732 5135 nonnulli
2768 5080 2935 5136 etiam
2968 5081 3037 5134 ad
3066 5080 3190 5144 375,
3225 5079 3490 5138 referunt.
3518 5079 3754 5134 Assum-

2165 5174 2282 5244 ptio
2311 5172 2437 5228 inde
2475 5171 2784 5228 conﬁcrtur.
2811 5172 3202 5228 Macedoniano
3233 5172 3457 5228 Luciani
3490 5173 3756 5242 martyris

2166 5265 2331 5322 ﬁdem
2371 5279 2430 5320 se
2471 5270 2658 5320 tenere
2682 5270 2698 5284 '
2724 5263 2974 5334 jactanti,
3013 5264 3393 5334 quaerentique
3434 5263 3504 5317 ab
3543 5261 3759 5317 Ortho-

2167 5357 2311 5412 doxo
2355 5354 2636 5412 Nicaeuum
2669 5353 2991 5426 Symbolum
3021 5355 3344 5426 proﬁtente,
3383 5354 3516 5424 quid
3567 5363 3758 5410 tanien

2169 5449 2224 5505 in
2269 5449 2497 5504 Luciani
2540 5447 2647 5502 fide
2672 5447 2990 5513 damnaret;
3035 5445 3334 5516 respondet
3375 5444 3758 5508 Orthodoxus,

2172 5541 2224 5597 id
2257 5557 2314 5597 se
2343 5542 2624 5605 damnare,
2659 5559 2676 5592 ‹
2713 5539 2861 5610 quod
2904 5548 3095 5596 contra
3128 5539 3380 5610 martyris
3416 5539 3761 5594 sententiam

2170 5632 2414 5689 additum
2440 5631 2647 5712 fuisset
2686 5629 2915 5702 aliquid,
2949 5630 3111 5702 idque
3145 5645 3202 5687 se
3235 5629 3470 5704 probare
3500 5644 3687 5702 posse.
3730 5648 3755 5683 ι
