  <div class='ocr_page' id='page_1' title='image "/cluster/home/n/w/nwhite01/storage/ocr_20150623/84/hvd.32044073502213/198.png"; bbox 0 0 4078 6160; ppageno 0'>
   <div class='ocr_carea' id='block_1_1' title="bbox 300 331 407 392">
    <p class='ocr_par' dir='ltr' id='par_1_1' title="bbox 300 331 407 392">
     <span class='ocr_line' id='line_1_1' title="bbox 300 331 407 392; baseline 0 0"><span class='ocrx_word' id='word_1_1' title='bbox 300 331 407 392; x_wconf 77' lang='grc' dir='ltr'><strong>3τ7</strong></span> 
     </span>
    </p>
   </div>
   <div class='ocr_carea' id='block_1_2' title="bbox 973 330 2911 406">
    <p class='ocr_par' dir='ltr' id='par_1_2' title="bbox 973 330 2911 406">
     <span class='ocr_line' id='line_1_2' title="bbox 973 330 2911 406; baseline 0.003 -18"><span class='ocrx_word' id='word_1_2' title='bbox 973 330 1070 388; x_wconf 82' lang='lat' dir='ltr'><strong>DE</strong></span> <span class='ocrx_word' id='word_1_3' title='bbox 1111 331 1464 390; x_wconf 70' lang='lat' dir='ltr'><strong>DIALOGIS</strong></span> <span class='ocrx_word' id='word_1_4' title='bbox 1499 333 1666 391; x_wconf 85' lang='lat' dir='ltr'><strong>ADV.</strong></span> <span class='ocrx_word' id='word_1_5' title='bbox 1713 332 2064 405; x_wconf 74' lang='lat' dir='ltr'><strong>ARIANOS,</strong></span> <span class='ocrx_word' id='word_1_6' title='bbox 2103 332 2709 406; x_wconf 77' lang='lat' dir='ltr'><strong>MACEDONIANOS,</strong></span> <span class='ocrx_word' id='word_1_7' title='bbox 2734 334 2911 397; x_wconf 86' lang='lat' dir='ltr'><strong>.ETC.</strong></span> 
     </span>
    </p>
   </div>
   <div class='ocr_carea' id='block_1_3' title="bbox 3469 335 3573 397">
    <p class='ocr_par' dir='ltr' id='par_1_3' title="bbox 3469 335 3573 397">
     <span class='ocr_line' id='line_1_3' title="bbox 3469 335 3573 397; baseline 0 -1"><span class='ocrx_word' id='word_1_8' title='bbox 3469 335 3573 397; x_wconf 72' lang='lat'><strong>378</strong></span> 
     </span>
    </p>
   </div>
   <div class='ocr_carea' id='block_1_4' title="bbox 301 446 3574 519">
    <p class='ocr_par' dir='ltr' id='par_1_4' title="bbox 301 446 3574 519">
     <span class='ocr_line' id='line_1_4' title="bbox 301 446 3574 519; baseline 0.002 -14"><span class='ocrx_word' id='word_1_9' title='bbox 301 448 518 519; x_wconf 81' lang='lat' dir='ltr'><strong>Excipit</strong></span> <span class='ocrx_word' id='word_1_10' title='bbox 544 446 998 505; x_wconf 66' lang='lat' dir='ltr'><strong>Macedonians:</strong></span> <span class='ocrx_word' id='word_1_11' title='bbox 1033 447 1283 501; x_wconf 68' lang='lat' dir='ltr'><strong>«Annon</strong></span> <span class='ocrx_word' id='word_1_12' title='bbox 1304 456 1365 503; x_wconf 84' lang='lat' dir='ltr'><strong>et</strong></span> <span class='ocrx_word' id='word_1_13' title='bbox 1386 463 1484 502; x_wconf 88' lang='lat' dir='ltr'><strong>vos</strong></span> <span class='ocrx_word' id='word_1_14' title='bbox 1506 447 1740 502; x_wconf 65' lang='lat' dir='ltr'><strong>Nicaeae</strong></span> <span class='ocrx_word' id='word_1_15' title='bbox 1756 447 1884 503; x_wconf 87' lang='lat' dir='ltr'><strong>tldei</strong></span> <span class='ocrx_word' id='word_1_16' title='bbox 1914 452 1960 508; x_wconf 83' lang='lat' dir='ltr'><strong>A</strong></span> <span class='ocrx_word' id='word_1_17' title='bbox 1986 458 2043 503; x_wconf 84' lang='lat' dir='ltr'><strong>et</strong></span> <span class='ocrx_word' id='word_1_18' title='bbox 2085 448 2283 504; x_wconf 88' lang='lat' dir='ltr'><strong>horum</strong></span> <span class='ocrx_word' id='word_1_19' title='bbox 2332 458 2630 505; x_wconf 73' lang='lat' dir='ltr'><strong>sectatores</strong></span> <span class='ocrx_word' id='word_1_20' title='bbox 2674 468 2686 503; x_wconf 94' lang='lat'><strong>:</strong></span> <span class='ocrx_word' id='word_1_21' title='bbox 2726 450 3063 505; x_wconf 79' lang='lat' dir='ltr'><strong>Athanasius</strong></span> <span class='ocrx_word' id='word_1_22' title='bbox 3106 459 3297 506; x_wconf 80' lang='lat' dir='ltr'><strong>contra</strong></span> <span class='ocrx_word' id='word_1_23' title='bbox 3342 451 3574 510; x_wconf 78' lang='lat' dir='ltr'><strong>Arianos</strong></span> 
     </span>
    </p>
   </div>
   <div class='ocr_carea' id='block_1_5' title="bbox 294 535 1887 609">
    <p class='ocr_par' dir='ltr' id='par_1_5' title="bbox 294 535 1887 609">
     <span class='ocr_line' id='line_1_5' title="bbox 294 535 1887 609; baseline -0.003 -14"><span class='ocrx_word' id='word_1_24' title='bbox 294 537 513 609; x_wconf 74' lang='lat' dir='ltr'><strong>aliquid</strong></span> <span class='ocrx_word' id='word_1_25' title='bbox 551 536 869 608; x_wconf 83' lang='lat' dir='ltr'><strong>adjecistis?</strong></span> <span class='ocrx_word' id='word_1_26' title='bbox 905 566 977 576; x_wconf 90' lang='lat'><strong>—</strong></span> <span class='ocrx_word' id='word_1_27' title='bbox 1014 535 1331 608; x_wconf 87' lang='lat' dir='ltr'><strong>Adjecimus</strong></span> <span class='ocrx_word' id='word_1_28' title='bbox 1371 552 1525 602; x_wconf 88' lang='lat' dir='ltr'><strong>sane,</strong></span> <span class='ocrx_word' id='word_1_29' title='bbox 1567 538 1747 607; x_wconf 85' lang='lat' dir='ltr'><strong>inquit</strong></span> <span class='ocrx_word' id='word_1_30' title='bbox 1784 536 1887 593; x_wconf 92' lang='lat' dir='ltr'><strong>Or-</strong></span> 
     </span>
    </p>
   </div>
   <div class='ocr_carea' id='block_1_6' title="bbox 294 627 1892 699">
    <p class='ocr_par' dir='ltr' id='par_1_6' title="bbox 294 627 1892 699">
     <span class='ocr_line' id='line_1_6' title="bbox 294 627 1892 699; baseline 0 -14"><span class='ocrx_word' id='word_1_31' title='bbox 294 629 601 693; x_wconf 86' lang='lat' dir='ltr'><strong>thodoxus,</strong></span> <span class='ocrx_word' id='word_1_32' title='bbox 665 627 760 683; x_wconf 87' lang='lat' dir='ltr'><strong>sed</strong></span> <span class='ocrx_word' id='word_1_33' title='bbox 817 643 928 683; x_wconf 89' lang='lat' dir='ltr'><strong>non</strong></span> <span class='ocrx_word' id='word_1_34' title='bbox 988 627 1094 698; x_wconf 84' lang='lat' dir='ltr'><strong>ipsi</strong></span> <span class='ocrx_word' id='word_1_35' title='bbox 1128 629 1444 699; x_wconf 75' lang='lat' dir='ltr'><strong>pugnantia.</strong></span> <span class='ocrx_word' id='word_1_36' title='bbox 1479 647 1499 680; x_wconf 69' lang='grc' dir='ltr'>ι</span> <span class='ocrx_word' id='word_1_37' title='bbox 1539 628 1679 683; x_wconf 88' lang='lat' dir='ltr'><strong>Tum</strong></span> <span class='ocrx_word' id='word_1_38' title='bbox 1714 629 1892 685; x_wconf 82' lang='lat' dir='ltr'><strong>Mace-</strong></span> 
     </span>
    </p>
   </div>
   <div class='ocr_carea' id='block_1_7' title="bbox 291 720 1885 790">
    <p class='ocr_par' dir='ltr' id='par_1_7' title="bbox 291 720 1885 790">
     <span class='ocr_line' id='line_1_7' title="bbox 291 720 1885 790; baseline -0.002 -13"><span class='ocrx_word' id='word_1_39' title='bbox 291 722 580 777; x_wconf 89' lang='lat' dir='ltr'><strong>donianus</strong></span> <span class='ocrx_word' id='word_1_40' title='bbox 616 738 629 773; x_wconf 93' lang='lat'><strong>:</strong></span> <span class='ocrx_word' id='word_1_41' title='bbox 681 739 699 771; x_wconf 70' lang='grc' dir='ltr'>ι</span> <span class='ocrx_word' id='word_1_42' title='bbox 738 720 936 789; x_wconf 90' lang='lat' dir='ltr'><strong>Aliqua</strong></span> <span class='ocrx_word' id='word_1_43' title='bbox 983 720 1209 774; x_wconf 88' lang='lat' dir='ltr'><strong>omnino</strong></span> <span class='ocrx_word' id='word_1_44' title='bbox 1253 720 1550 790; x_wconf 91' lang='lat' dir='ltr'><strong>adjecistis.</strong></span> <span class='ocrx_word' id='word_1_45' title='bbox 1604 721 1680 775; x_wconf 87' lang='lat' dir='ltr'><strong>Ea</strong></span> <span class='ocrx_word' id='word_1_46' title='bbox 1724 735 1885 784; x_wconf 85' lang='lat' dir='ltr'><strong>sane,</strong></span> 
     </span>
    </p>
   </div>
   <div class='ocr_carea' id='block_1_8' title="bbox 295 811 1883 882">
    <p class='ocr_par' dir='ltr' id='par_1_8' title="bbox 295 811 1883 882">
     <span class='ocr_line' id='line_1_8' title="bbox 295 811 1883 882; baseline -0.002 -13"><span class='ocrx_word' id='word_1_47' title='bbox 295 814 476 869; x_wconf 79' lang='lat' dir='ltr'><strong>refert</strong></span> <span class='ocrx_word' id='word_1_48' title='bbox 505 811 874 875; x_wconf 80' lang='lat' dir='ltr'><strong>Orthodoxus,</strong></span> <span class='ocrx_word' id='word_1_49' title='bbox 906 811 974 865; x_wconf 92' lang='lat' dir='ltr'><strong>de</strong></span> <span class='ocrx_word' id='word_1_50' title='bbox 1002 812 1203 881; x_wconf 87' lang='lat' dir='ltr'><strong>quibus</strong></span> <span class='ocrx_word' id='word_1_51' title='bbox 1228 820 1357 867; x_wconf 92' lang='lat' dir='ltr'><strong>tunc</strong></span> <span class='ocrx_word' id='word_1_52' title='bbox 1380 828 1488 867; x_wconf 92' lang='lat' dir='ltr'><strong>non</strong></span> <span class='ocrx_word' id='word_1_53' title='bbox 1516 813 1883 882; x_wconf 68' lang='lat' dir='ltr'><strong>quaerebatur,</strong></span> 
     </span>
    </p>
   </div>
   <div class='ocr_carea' id='block_1_9' title="bbox 292 902 1668 974">
    <p class='ocr_par' dir='ltr' id='par_1_9' title="bbox 292 902 1668 974">
     <span class='ocr_line' id='line_1_9' title="bbox 292 902 1668 974; baseline -0.003 -15"><span class='ocrx_word' id='word_1_54' title='bbox 292 914 344 960; x_wconf 87' lang='lat' dir='ltr'><strong>et</strong></span> <span class='ocrx_word' id='word_1_55' title='bbox 381 920 510 974; x_wconf 71' lang='lat' dir='ltr'><strong>quae</strong></span> <span class='ocrx_word' id='word_1_56' title='bbox 536 919 683 958; x_wconf 87' lang='lat' dir='ltr'><strong>nunc</strong></span> <span class='ocrx_word' id='word_1_57' title='bbox 708 910 836 958; x_wconf 87' lang='lat' dir='ltr'><strong>sunt</strong></span> <span class='ocrx_word' id='word_1_58' title='bbox 864 918 894 956; x_wconf 91' lang='lat' dir='ltr'><strong>a</strong></span> <span class='ocrx_word' id='word_1_59' title='bbox 928 902 1184 957; x_wconf 90' lang='lat' dir='ltr'><strong>Patribus</strong></span> <span class='ocrx_word' id='word_1_60' title='bbox 1216 904 1303 972; x_wconf 91' lang='lat' dir='ltr'><strong>pie</strong></span> <span class='ocrx_word' id='word_1_61' title='bbox 1331 904 1620 973; x_wconf 81' lang='lat' dir='ltr'><strong>explicata.</strong></span> <span class='ocrx_word' id='word_1_62' title='bbox 1650 924 1668 955; x_wconf 72' lang='grc' dir='ltr'>ι</span> 
     </span>
    </p>
   </div>
   <div class='ocr_carea' id='block_1_10' title="bbox 359 991 1884 1065">
    <p class='ocr_par' dir='ltr' id='par_1_10' title="bbox 359 991 1884 1065">
     <span class='ocr_line' id='line_1_10' title="bbox 359 991 1884 1065; baseline -0.001 -16"><span class='ocrx_word' id='word_1_63' title='bbox 359 994 453 1049; x_wconf 75' lang='grc' dir='ltr'><strong>ιγ.</strong></span> <span class='ocrx_word' id='word_1_64' title='bbox 497 995 759 1062; x_wconf 81' lang='lat' dir='ltr'><strong>Apertum</strong></span> <span class='ocrx_word' id='word_1_65' title='bbox 796 999 902 1055; x_wconf 92' lang='lat' dir='ltr'><strong>est,</strong></span> <span class='ocrx_word' id='word_1_66' title='bbox 934 991 1001 1046; x_wconf 87' lang='lat' dir='ltr'><strong>de</strong></span> <span class='ocrx_word' id='word_1_67' title='bbox 1046 992 1116 1046; x_wconf 90' lang='lat' dir='ltr'><strong>iis</strong></span> <span class='ocrx_word' id='word_1_68' title='bbox 1157 993 1264 1061; x_wconf 75' lang='lat' dir='ltr'><strong>agi,</strong></span> <span class='ocrx_word' id='word_1_69' title='bbox 1304 1008 1426 1063; x_wconf 88' lang='lat' dir='ltr'><strong>quae</strong></span> <span class='ocrx_word' id='word_1_70' title='bbox 1454 994 1521 1048; x_wconf 91' lang='lat' dir='ltr'><strong>ad</strong></span> <span class='ocrx_word' id='word_1_71' title='bbox 1567 993 1884 1065; x_wconf 82' lang='lat' dir='ltr'><strong>Symbolum</strong></span> 
     </span>
    </p>
   </div>
   <div class='ocr_carea' id='block_1_11' title="bbox 291 1083 1885 1154">
    <p class='ocr_par' dir='ltr' id='par_1_11' title="bbox 291 1083 1885 1154">
     <span class='ocr_line' id='line_1_11' title="bbox 291 1083 1885 1154; baseline -0.001 -13"><span class='ocrx_word' id='word_1_72' title='bbox 291 1085 586 1141; x_wconf 64' lang='lat' dir='ltr'><strong>Nicmnum</strong></span> <span class='ocrx_word' id='word_1_73' title='bbox 607 1083 1198 1154; x_wconf 88' lang='lat' dir='ltr'><strong>Constantinopolitani</strong></span> <span class='ocrx_word' id='word_1_74' title='bbox 1218 1084 1408 1138; x_wconf 83' lang='lat' dir='ltr'><strong>Patres</strong></span> <span class='ocrx_word' id='word_1_75' title='bbox 1430 1085 1694 1141; x_wconf 86' lang='lat' dir='ltr'><strong>adversus</strong></span> <span class='ocrx_word' id='word_1_76' title='bbox 1711 1086 1885 1140; x_wconf 85' lang='lat' dir='ltr'><strong>Mace-</strong></span> 
     </span>
    </p>
   </div>
   <div class='ocr_carea' id='block_1_12' title="bbox 292 1175 1883 1248">
    <p class='ocr_par' dir='ltr' id='par_1_12' title="bbox 292 1175 1883 1248">
     <span class='ocr_line' id='line_1_12' title="bbox 292 1175 1883 1248; baseline 0.001 -18"><span class='ocrx_word' id='word_1_77' title='bbox 292 1176 451 1230; x_wconf 87' lang='lat' dir='ltr'><strong>donii</strong></span> <span class='ocrx_word' id='word_1_78' title='bbox 492 1190 735 1230; x_wconf 89' lang='lat' dir='ltr'><strong>errorem</strong></span> <span class='ocrx_word' id='word_1_79' title='bbox 773 1175 1127 1230; x_wconf 85' lang='lat' dir='ltr'><strong>addiderunt.</strong></span> <span class='ocrx_word' id='word_1_80' title='bbox 1179 1175 1315 1231; x_wconf 89' lang='lat' dir='ltr'><strong>Cum</strong></span> <span class='ocrx_word' id='word_1_81' title='bbox 1354 1176 1503 1230; x_wconf 89' lang='lat' dir='ltr'><strong>enim</strong></span> <span class='ocrx_word' id='word_1_82' title='bbox 1540 1178 1597 1230; x_wconf 91' lang='lat' dir='ltr'><strong>in</strong></span> <span class='ocrx_word' id='word_1_83' title='bbox 1638 1177 1883 1248; x_wconf 87' lang='lat' dir='ltr'><strong>symbolo</strong></span> 
     </span>
    </p>
   </div>
   <div class='ocr_carea' id='block_1_13' title="bbox 292 1264 1882 1335">
    <p class='ocr_par' dir='ltr' id='par_1_13' title="bbox 292 1264 1882 1335">
     <span class='ocr_line' id='line_1_13' title="bbox 292 1264 1882 1335; baseline 0.001 -16"><span class='ocrx_word' id='word_1_84' title='bbox 292 1265 447 1319; x_wconf 80' lang='lat' dir='ltr'><strong>aliud</strong></span> <span class='ocrx_word' id='word_1_85' title='bbox 476 1264 617 1320; x_wconf 84' lang='lat' dir='ltr'><strong>nihil</strong></span> <span class='ocrx_word' id='word_1_86' title='bbox 640 1265 709 1320; x_wconf 89' lang='lat' dir='ltr'><strong>de</strong></span> <span class='ocrx_word' id='word_1_87' title='bbox 736 1264 947 1335; x_wconf 83' lang='lat' dir='ltr'><strong>Spiritu</strong></span> <span class='ocrx_word' id='word_1_88' title='bbox 982 1274 1173 1320; x_wconf 87' lang='lat' dir='ltr'><strong>sancto</strong></span> <span class='ocrx_word' id='word_1_89' title='bbox 1200 1274 1350 1321; x_wconf 80' lang='lat' dir='ltr'><strong>esset</strong></span> <span class='ocrx_word' id='word_1_90' title='bbox 1383 1266 1622 1335; x_wconf 89' lang='lat' dir='ltr'><strong>positum</strong></span> <span class='ocrx_word' id='word_1_91' title='bbox 1652 1282 1683 1321; x_wconf 93' lang='lat' dir='ltr'><strong>a</strong></span> <span class='ocrx_word' id='word_1_92' title='bbox 1706 1267 1882 1321; x_wconf 66' lang='lat' dir='ltr'><strong>Nicas-</strong></span> 
     </span>
    </p>
   </div>
   <div class='ocr_carea' id='block_1_14' title="bbox 290 1349 1885 1428">
    <p class='ocr_par' dir='ltr' id='par_1_14' title="bbox 290 1349 1885 1428">
     <span class='ocr_line' id='line_1_14' title="bbox 290 1349 1885 1428; baseline -0.001 -16"><span class='ocrx_word' id='word_1_93' title='bbox 290 1358 401 1421; x_wconf 82' lang='lat' dir='ltr'><strong>nis,</strong></span> <span class='ocrx_word' id='word_1_94' title='bbox 432 1368 635 1428; x_wconf 70' lang='lat' dir='ltr'><strong>praeter</strong></span> <span class='ocrx_word' id='word_1_95' title='bbox 663 1357 764 1412; x_wconf 87' lang='lat' dir='ltr'><strong>has</strong></span> <span class='ocrx_word' id='word_1_96' title='bbox 792 1349 1030 1426; x_wconf 82' lang='lat' dir='ltr'><strong>quatuor</strong></span> <span class='ocrx_word' id='word_1_97' title='bbox 1054 1372 1238 1421; x_wconf 88' lang='lat' dir='ltr'><strong>voces,</strong></span> <span class='ocrx_word' id='word_1_98' title='bbox 1278 1357 1347 1412; x_wconf 87' lang='lat' dir='ltr'><strong>Et</strong></span> <span class='ocrx_word' id='word_1_99' title='bbox 1380 1359 1433 1411; x_wconf 83' lang='lat' dir='ltr'><strong>in</strong></span> <span class='ocrx_word' id='word_1_100' title='bbox 1467 1357 1727 1428; x_wconf 79' lang='lat' dir='ltr'><strong>Spiritum</strong></span> <span class='ocrx_word' id='word_1_101' title='bbox 1757 1374 1885 1411; x_wconf 82' lang='lat' dir='ltr'><strong>san-</strong></span> 
     </span>
    </p>
   </div>
   <div class='ocr_carea' id='block_1_15' title="bbox 289 1450 1882 1518">
    <p class='ocr_par' dir='ltr' id='par_1_15' title="bbox 289 1450 1882 1518">
     <span class='ocr_line' id='line_1_15' title="bbox 289 1450 1882 1518; baseline -0.001 -11"><span class='ocrx_word' id='word_1_102' title='bbox 289 1460 468 1518; x_wconf 68' lang='lat' dir='ltr'><strong>aunt;</strong></span> <span class='ocrx_word' id='word_1_103' title='bbox 504 1452 712 1507; x_wconf 90' lang='lat' dir='ltr'><strong>dictum</strong></span> <span class='ocrx_word' id='word_1_104' title='bbox 754 1452 889 1506; x_wconf 91' lang='lat' dir='ltr'><strong>illud</strong></span> <span class='ocrx_word' id='word_1_105' title='bbox 929 1452 1155 1507; x_wconf 83' lang='lat' dir='ltr'><strong>brevius</strong></span> <span class='ocrx_word' id='word_1_106' title='bbox 1190 1451 1364 1508; x_wconf 86' lang='lat' dir='ltr'><strong>coacti</strong></span> <span class='ocrx_word' id='word_1_107' title='bbox 1406 1460 1535 1507; x_wconf 90' lang='lat' dir='ltr'><strong>sunt</strong></span> <span class='ocrx_word' id='word_1_108' title='bbox 1564 1450 1882 1507; x_wconf 83' lang='lat' dir='ltr'><strong>Constanti-</strong></span> 
     </span>
    </p>
   </div>
   <div class='ocr_carea' id='block_1_16' title="bbox 290 1542 1882 1614">
    <p class='ocr_par' dir='ltr' id='par_1_16' title="bbox 290 1542 1882 1614">
     <span class='ocr_line' id='line_1_16' title="bbox 290 1542 1882 1614; baseline -0.001 -14"><span class='ocrx_word' id='word_1_109' title='bbox 290 1544 639 1614; x_wconf 83' lang='lat' dir='ltr'><strong>nepolitani,</strong></span> <span class='ocrx_word' id='word_1_110' title='bbox 701 1552 930 1614; x_wconf 81' lang='lat' dir='ltr'><strong>propter</strong></span> <span class='ocrx_word' id='word_1_111' title='bbox 979 1543 1544 1607; x_wconf 88' lang='lat' dir='ltr'><strong>Pneumatomachos,</strong></span> <span class='ocrx_word' id='word_1_112' title='bbox 1605 1542 1882 1612; x_wconf 87' lang='lat' dir='ltr'><strong>explicare</strong></span> 
     </span>
    </p>
   </div>
   <div class='ocr_carea' id='block_1_17' title="bbox 289 1635 1881 1705">
    <p class='ocr_par' dir='ltr' id='par_1_17' title="bbox 289 1635 1881 1705">
     <span class='ocr_line' id='line_1_17' title="bbox 289 1635 1881 1705; baseline -0.001 -14"><span class='ocrx_word' id='word_1_113' title='bbox 289 1635 399 1691; x_wconf 81' lang='lat' dir='ltr'><strong>hac</strong></span> <span class='ocrx_word' id='word_1_114' title='bbox 426 1635 734 1699; x_wconf 84' lang='lat' dir='ltr'><strong>additione,</strong></span> <span class='ocrx_word' id='word_1_115' title='bbox 773 1655 789 1686; x_wconf 73' lang='grc' dir='ltr'>ι</span> <span class='ocrx_word' id='word_1_116' title='bbox 820 1635 889 1688; x_wconf 87' lang='lat' dir='ltr'><strong>Et</strong></span> <span class='ocrx_word' id='word_1_117' title='bbox 923 1635 977 1689; x_wconf 92' lang='lat' dir='ltr'><strong>in</strong></span> <span class='ocrx_word' id='word_1_118' title='bbox 999 1635 1268 1705; x_wconf 90' lang='lat' dir='ltr'><strong>Spiritum</strong></span> <span class='ocrx_word' id='word_1_119' title='bbox 1293 1644 1544 1692; x_wconf 85' lang='lat' dir='ltr'><strong>sanctum</strong></span> <span class='ocrx_word' id='word_1_120' title='bbox 1566 1637 1881 1699; x_wconf 90' lang='lat' dir='ltr'><strong>Dominum,</strong></span> 
     </span>
    </p>
   </div>
   <div class='ocr_carea' id='block_1_18' title="bbox 287 1726 1880 1797">
    <p class='ocr_par' dir='ltr' id='par_1_18' title="bbox 287 1726 1880 1797">
     <span class='ocr_line' id='line_1_18' title="bbox 287 1726 1880 1797; baseline -0.001 -15"><span class='ocrx_word' id='word_1_121' title='bbox 287 1734 346 1782; x_wconf 85' lang='lat' dir='ltr'><strong>et</strong></span> <span class='ocrx_word' id='word_1_122' title='bbox 396 1726 790 1790; x_wconf 76' lang='lat' dir='ltr'><strong>viviﬁcantem,</strong></span> <span class='ocrx_word' id='word_1_123' title='bbox 828 1742 894 1780; x_wconf 79' lang='lat' dir='ltr'><strong>ex</strong></span> <span class='ocrx_word' id='word_1_124' title='bbox 942 1726 1103 1781; x_wconf 80' lang='lat' dir='ltr'><strong>Patre</strong></span> <span class='ocrx_word' id='word_1_125' title='bbox 1151 1728 1559 1796; x_wconf 85' lang='lat' dir='ltr'><strong>procedentem.</strong></span> <span class='ocrx_word' id='word_1_126' title='bbox 1608 1728 1704 1797; x_wconf 89' lang='lat' dir='ltr'><strong>qui</strong></span> <span class='ocrx_word' id='word_1_127' title='bbox 1755 1744 1880 1783; x_wconf 87' lang='lat' dir='ltr'><strong>cum</strong></span> 
     </span>
    </p>
   </div>
   <div class='ocr_carea' id='block_1_19' title="bbox 1990 539 3496 610">
    <p class='ocr_par' dir='ltr' id='par_1_19' title="bbox 1990 539 3496 610">
     <span class='ocr_line' id='line_1_19' title="bbox 1990 539 3496 610; baseline 0.001 -16"><span class='ocrx_word' id='word_1_128' title='bbox 1990 539 2161 609; x_wconf 76' lang='lat' dir='ltr'><strong>ipsos,</strong></span> <span class='ocrx_word' id='word_1_129' title='bbox 2192 540 2393 610; x_wconf 77' lang='lat' dir='ltr'><strong>vixque</strong></span> <span class='ocrx_word' id='word_1_130' title='bbox 2423 541 2564 595; x_wconf 89' lang='lat' dir='ltr'><strong>Aetii</strong></span> <span class='ocrx_word' id='word_1_131' title='bbox 2589 540 2959 610; x_wconf 82' lang='lat' dir='ltr'><strong>Eunoniiique</strong></span> <span class='ocrx_word' id='word_1_132' title='bbox 2987 542 3198 610; x_wconf 87' lang='lat' dir='ltr'><strong>uspiam</strong></span> <span class='ocrx_word' id='word_1_133' title='bbox 3235 545 3496 597; x_wconf 90' lang='lat' dir='ltr'><strong>meminit.</strong></span> 
     </span>
    </p>
   </div>
   <div class='ocr_carea' id='block_1_20' title="bbox 2060 628 3572 700">
    <p class='ocr_par' dir='ltr' id='par_1_20' title="bbox 2060 628 3572 700">
     <span class='ocr_line' id='line_1_20' title="bbox 2060 628 3572 700; baseline 0.005 -19"><span class='ocrx_word' id='word_1_134' title='bbox 2060 628 2353 699; x_wconf 85' lang='lat' dir='ltr'><strong>Dialogista</strong></span> <span class='ocrx_word' id='word_1_135' title='bbox 2386 628 2764 685; x_wconf 79' lang='lat' dir='ltr'><strong>Macedoniutn</strong></span> <span class='ocrx_word' id='word_1_136' title='bbox 2810 638 3116 700; x_wconf 81' lang='lat' dir='ltr'><strong>oppugnat,</strong></span> <span class='ocrx_word' id='word_1_137' title='bbox 3146 632 3297 685; x_wconf 89' lang='lat' dir='ltr'><strong>velut</strong></span> <span class='ocrx_word' id='word_1_138' title='bbox 3326 633 3392 686; x_wconf 85' lang='lat' dir='ltr'><strong>de</strong></span> <span class='ocrx_word' id='word_1_139' title='bbox 3434 633 3572 688; x_wconf 86' lang='lat' dir='ltr'><strong>Filio</strong></span> 
     </span>
    </p>
   </div>
   <div class='ocr_carea' id='block_1_21' title="bbox 1988 719 3568 789">
    <p class='ocr_par' dir='ltr' id='par_1_21' title="bbox 1988 719 3568 789">
     <span class='ocr_line' id='line_1_21' title="bbox 1988 719 3568 789; baseline 0.004 -14"><span class='ocrx_word' id='word_1_140' title='bbox 1988 719 2084 775; x_wconf 87' lang='lat' dir='ltr'><strong>Dei</strong></span> <span class='ocrx_word' id='word_1_141' title='bbox 2121 732 2309 789; x_wconf 85' lang='lat' dir='ltr'><strong>aperte</strong></span> <span class='ocrx_word' id='word_1_142' title='bbox 2337 721 2666 777; x_wconf 89' lang='lat' dir='ltr'><strong>sentientem</strong></span> <span class='ocrx_word' id='word_1_143' title='bbox 2711 737 2835 776; x_wconf 92' lang='lat' dir='ltr'><strong>cum</strong></span> <span class='ocrx_word' id='word_1_144' title='bbox 2870 722 3031 775; x_wconf 89' lang='lat' dir='ltr'><strong>Aetio</strong></span> <span class='ocrx_word' id='word_1_145' title='bbox 3068 739 3081 775; x_wconf 87' lang='lat'><strong>:</strong></span> <span class='ocrx_word' id='word_1_146' title='bbox 3118 723 3447 779; x_wconf 80' lang='lat' dir='ltr'><strong>Athanasius</strong></span> <span class='ocrx_word' id='word_1_147' title='bbox 3483 728 3568 781; x_wconf 92' lang='lat' dir='ltr'><strong>vel</strong></span> 
     </span>
    </p>
   </div>
   <div class='ocr_carea' id='block_1_22' title="bbox 1988 811 3568 884">
    <p class='ocr_par' dir='ltr' id='par_1_22' title="bbox 1988 811 3568 884">
     <span class='ocr_line' id='line_1_22' title="bbox 1988 811 3568 884; baseline 0.004 -19"><span class='ocrx_word' id='word_1_148' title='bbox 1988 811 2290 867; x_wconf 80' lang='lat' dir='ltr'><strong>Macedonii</strong></span> <span class='ocrx_word' id='word_1_149' title='bbox 2337 828 2535 868; x_wconf 86' lang='lat' dir='ltr'><strong>nomen</strong></span> <span class='ocrx_word' id='word_1_150' title='bbox 2578 829 2848 884; x_wconf 84' lang='lat' dir='ltr'><strong>nusquam</strong></span> <span class='ocrx_word' id='word_1_151' title='bbox 2894 824 3183 878; x_wconf 85' lang='lat' dir='ltr'><strong>memorat,</strong></span> <span class='ocrx_word' id='word_1_152' title='bbox 3214 817 3300 870; x_wconf 88' lang='lat' dir='ltr'><strong>vel</strong></span> <span class='ocrx_word' id='word_1_153' title='bbox 3338 833 3462 871; x_wconf 89' lang='lat' dir='ltr'><strong>eum</strong></span> <span class='ocrx_word' id='word_1_154' title='bbox 3501 818 3568 873; x_wconf 86' lang='lat' dir='ltr'><strong>de</strong></span> 
     </span>
    </p>
   </div>
   <div class='ocr_carea' id='block_1_23' title="bbox 1988 902 3564 981">
    <p class='ocr_par' dir='ltr' id='par_1_23' title="bbox 1988 902 3564 981">
     <span class='ocr_line' id='line_1_23' title="bbox 1988 902 3564 981; baseline 0.006 -25"><span class='ocrx_word' id='word_1_155' title='bbox 1988 902 2128 956; x_wconf 86' lang='lat' dir='ltr'><strong>Filio</strong></span> <span class='ocrx_word' id='word_1_156' title='bbox 2158 916 2304 959; x_wconf 88' lang='lat' dir='ltr'><strong>recte</strong></span> <span class='ocrx_word' id='word_1_157' title='bbox 2335 904 2571 960; x_wconf 88' lang='lat' dir='ltr'><strong>sensisse</strong></span> <span class='ocrx_word' id='word_1_158' title='bbox 2610 905 2792 969; x_wconf 86' lang='lat' dir='ltr'><strong>docet,</strong></span> <span class='ocrx_word' id='word_1_159' title='bbox 2830 905 2875 960; x_wconf 88' lang='lat' dir='ltr'><strong>si</strong></span> <span class='ocrx_word' id='word_1_160' title='bbox 2919 905 3160 961; x_wconf 88' lang='lat' dir='ltr'><strong>secunda</strong></span> <span class='ocrx_word' id='word_1_161' title='bbox 3189 908 3255 962; x_wconf 89' lang='lat' dir='ltr'><strong>ad</strong></span> <span class='ocrx_word' id='word_1_162' title='bbox 3296 906 3564 981; x_wconf 83' lang='lat' dir='ltr'><strong>Spiridio-</strong></span> 
     </span>
    </p>
   </div>
   <div class='ocr_carea' id='block_1_24' title="bbox 1985 994 2762 1066">
    <p class='ocr_par' dir='ltr' id='par_1_24' title="bbox 1985 994 2762 1066">
     <span class='ocr_line' id='line_1_24' title="bbox 1985 994 2762 1066; baseline 0.005 -19"><span class='ocrx_word' id='word_1_163' title='bbox 1985 1010 2110 1048; x_wconf 91' lang='lat' dir='ltr'><strong>nem</strong></span> <span class='ocrx_word' id='word_1_164' title='bbox 2144 994 2371 1064; x_wconf 89' lang='lat' dir='ltr'><strong>epistola</strong></span> <span class='ocrx_word' id='word_1_165' title='bbox 2408 997 2645 1066; x_wconf 88' lang='lat' dir='ltr'><strong>genuina</strong></span> <span class='ocrx_word' id='word_1_166' title='bbox 2671 998 2762 1052; x_wconf 87' lang='lat' dir='ltr'><strong>sit.</strong></span> 
     </span>
    </p>
   </div>
   <div class='ocr_carea' id='block_1_25' title="bbox 2056 1085 3566 1164">
    <p class='ocr_par' dir='ltr' id='par_1_25' title="bbox 2056 1085 3566 1164">
     <span class='ocr_line' id='line_1_25' title="bbox 2056 1085 3566 1164; baseline 0.008 -26"><span class='ocrx_word' id='word_1_167' title='bbox 2056 1085 2353 1156; x_wconf 86' lang='lat' dir='ltr'><strong>Dialogista</strong></span> <span class='ocrx_word' id='word_1_168' title='bbox 2409 1087 2608 1156; x_wconf 57' lang='lat' dir='ltr'><strong>saepius</strong></span> <span class='ocrx_word' id='word_1_169' title='bbox 2659 1088 2984 1157; x_wconf 87' lang='lat' dir='ltr'><strong>Apollinarii</strong></span> <span class='ocrx_word' id='word_1_170' title='bbox 3048 1107 3246 1147; x_wconf 86' lang='lat' dir='ltr'><strong>nomen</strong></span> <span class='ocrx_word' id='word_1_171' title='bbox 3310 1109 3566 1164; x_wconf 83' lang='lat' dir='ltr'><strong>expresse</strong></span> 
     </span>
    </p>
   </div>
   <div class='ocr_carea' id='block_1_26' title="bbox 1985 1177 3555 1256">
    <p class='ocr_par' dir='ltr' id='par_1_26' title="bbox 1985 1177 3555 1256">
     <span class='ocr_line' id='line_1_26' title="bbox 1985 1177 3555 1256; baseline 0.009 -28"><span class='ocrx_word' id='word_1_172' title='bbox 1985 1177 2255 1245; x_wconf 85' lang='lat' dir='ltr'><strong>appellat,</strong></span> <span class='ocrx_word' id='word_1_173' title='bbox 2304 1177 2588 1247; x_wconf 88' lang='lat' dir='ltr'><strong>ipsiusque</strong></span> <span class='ocrx_word' id='word_1_174' title='bbox 2637 1194 2696 1233; x_wconf 91' lang='lat' dir='ltr'><strong>se</strong></span> <span class='ocrx_word' id='word_1_175' title='bbox 2749 1180 3147 1238; x_wconf 83' lang='lat' dir='ltr'><strong>confessionem</strong></span> <span class='ocrx_word' id='word_1_176' title='bbox 3198 1184 3393 1256; x_wconf 82' lang='lat' dir='ltr'><strong>legisse</strong></span> <span class='ocrx_word' id='word_1_177' title='bbox 3438 1188 3555 1241; x_wconf 86' lang='lat' dir='ltr'><strong>ait:</strong></span> 
     </span>
    </p>
   </div>
   <div class='ocr_carea' id='block_1_27' title="bbox 1985 1266 3564 1348">
    <p class='ocr_par' dir='ltr' id='par_1_27' title="bbox 1985 1266 3564 1348">
     <span class='ocr_line' id='line_1_27' title="bbox 1985 1266 3564 1348; baseline 0.008 -28"><span class='ocrx_word' id='word_1_178' title='bbox 1985 1266 2314 1323; x_wconf 86' lang='lat' dir='ltr'><strong>Athanasius</strong></span> <span class='ocrx_word' id='word_1_179' title='bbox 2360 1269 2529 1324; x_wconf 88' lang='lat' dir='ltr'><strong>semel</strong></span> <span class='ocrx_word' id='word_1_180' title='bbox 2574 1278 2806 1336; x_wconf 90' lang='lat' dir='ltr'><strong>tantum,</strong></span> <span class='ocrx_word' id='word_1_181' title='bbox 2835 1272 2982 1341; x_wconf 91' lang='lat' dir='ltr'><strong>quod</strong></span> <span class='ocrx_word' id='word_1_182' title='bbox 3027 1274 3217 1339; x_wconf 88' lang='lat' dir='ltr'><strong>sciam,</strong></span> <span class='ocrx_word' id='word_1_183' title='bbox 3248 1284 3304 1332; x_wconf 91' lang='lat' dir='ltr'><strong>et</strong></span> <span class='ocrx_word' id='word_1_184' title='bbox 3341 1277 3564 1348; x_wconf 85' lang='lat' dir='ltr'><strong>quidem</strong></span> 
     </span>
    </p>
   </div>
   <div class='ocr_carea' id='block_1_28' title="bbox 1984 1359 3562 1434">
    <p class='ocr_par' dir='ltr' id='par_1_28' title="bbox 1984 1359 3562 1434">
     <span class='ocr_line' id='line_1_28' title="bbox 1984 1359 3562 1434; baseline 0.006 -20"><span class='ocrx_word' id='word_1_185' title='bbox 1984 1359 2162 1414; x_wconf 86' lang='lat' dir='ltr'><strong>obiter</strong></span> <span class='ocrx_word' id='word_1_186' title='bbox 2183 1360 2439 1429; x_wconf 84' lang='lat' dir='ltr'><strong>appellat,</strong></span> <span class='ocrx_word' id='word_1_187' title='bbox 2473 1360 2530 1414; x_wconf 91' lang='lat' dir='ltr'><strong>in</strong></span> <span class='ocrx_word' id='word_1_188' title='bbox 2552 1361 2784 1431; x_wconf 86' lang='lat' dir='ltr'><strong>epistola</strong></span> <span class='ocrx_word' id='word_1_189' title='bbox 2808 1362 3021 1418; x_wconf 87' lang='lat' dir='ltr'><strong>scilicet</strong></span> <span class='ocrx_word' id='word_1_190' title='bbox 3045 1364 3112 1417; x_wconf 89' lang='lat' dir='ltr'><strong>ad</strong></span> <span class='ocrx_word' id='word_1_191' title='bbox 3141 1364 3562 1434; x_wconf 87' lang='lat' dir='ltr'><strong>Antiochenses,</strong></span> 
     </span>
    </p>
   </div>
   <div class='ocr_carea' id='block_1_29' title="bbox 1984 1451 3491 1530">
    <p class='ocr_par' dir='ltr' id='par_1_29' title="bbox 1984 1451 3491 1530">
     <span class='ocr_line' id='line_1_29' title="bbox 1984 1451 3491 1530; baseline 0.007 -25"><span class='ocrx_word' id='word_1_192' title='bbox 1984 1466 2109 1506; x_wconf 93' lang='lat' dir='ltr'><strong>cum</strong></span> <span class='ocrx_word' id='word_1_193' title='bbox 2136 1451 2203 1506; x_wconf 91' lang='lat' dir='ltr'><strong>dc</strong></span> <span class='ocrx_word' id='word_1_194' title='bbox 2228 1451 2612 1507; x_wconf 67' lang='lat' dir='ltr'><strong>Alexandrinae</strong></span> <span class='ocrx_word' id='word_1_195' title='bbox 2638 1454 2831 1524; x_wconf 88' lang='lat' dir='ltr'><strong>synodi</strong></span> <span class='ocrx_word' id='word_1_196' title='bbox 2858 1454 3261 1526; x_wconf 86' lang='lat' dir='ltr'><strong>subscriptione</strong></span> <span class='ocrx_word' id='word_1_197' title='bbox 3286 1469 3491 1530; x_wconf 80' lang='lat' dir='ltr'><strong>ageret.</strong></span> 
     </span>
    </p>
   </div>
   <div class='ocr_carea' id='block_1_30' title="bbox 2054 1544 3564 1616">
    <p class='ocr_par' dir='ltr' id='par_1_30' title="bbox 2054 1544 3564 1616">
     <span class='ocr_line' id='line_1_30' title="bbox 2054 1544 3564 1616; baseline 0.008 -19"><span class='ocrx_word' id='word_1_198' title='bbox 2054 1544 2352 1615; x_wconf 87' lang='lat' dir='ltr'><strong>Dialogista</strong></span> <span class='ocrx_word' id='word_1_199' title='bbox 2402 1552 2513 1601; x_wconf 91' lang='lat' dir='ltr'><strong>tres</strong></span> <span class='ocrx_word' id='word_1_200' title='bbox 2566 1545 2889 1616; x_wconf 82' lang='lat' dir='ltr'><strong>hypostases</strong></span> <span class='ocrx_word' id='word_1_201' title='bbox 2943 1547 3229 1606; x_wconf 84' lang='lat' dir='ltr'><strong>Trinitatis</strong></span> <span class='ocrx_word' id='word_1_202' title='bbox 3277 1553 3564 1609; x_wconf 88' lang='lat' dir='ltr'><strong>manifeste</strong></span> 
     </span>
    </p>
   </div>
   <div class='ocr_carea' id='block_1_31' title="bbox 1983 1635 3564 1709">
    <p class='ocr_par' dir='ltr' id='par_1_31' title="bbox 1983 1635 3564 1709">
     <span class='ocr_line' id='line_1_31' title="bbox 1983 1635 3564 1709; baseline 0.006 -20"><span class='ocrx_word' id='word_1_203' title='bbox 1983 1635 2137 1699; x_wconf 89' lang='lat' dir='ltr'><strong>dicit,</strong></span> <span class='ocrx_word' id='word_1_204' title='bbox 2174 1652 2284 1705; x_wconf 91' lang='lat' dir='ltr'><strong>quo</strong></span> <span class='ocrx_word' id='word_1_205' title='bbox 2326 1636 2473 1691; x_wconf 90' lang='lat' dir='ltr'><strong>dicto</strong></span> <span class='ocrx_word' id='word_1_206' title='bbox 2518 1652 2576 1693; x_wconf 91' lang='lat' dir='ltr'><strong>se</strong></span> <span class='ocrx_word' id='word_1_207' title='bbox 2615 1637 3024 1692; x_wconf 89' lang='lat' dir='ltr'><strong>Antiochenum</strong></span> <span class='ocrx_word' id='word_1_208' title='bbox 3066 1641 3270 1709; x_wconf 87' lang='lat' dir='ltr'><strong>prodit,</strong></span> <span class='ocrx_word' id='word_1_209' title='bbox 3306 1652 3366 1697; x_wconf 92' lang='lat' dir='ltr'><strong>ut</strong></span> <span class='ocrx_word' id='word_1_210' title='bbox 3401 1660 3564 1698; x_wconf 87' lang='lat' dir='ltr'><strong>nemo</strong></span> 
     </span>
    </p>
   </div>
   <div class='ocr_carea' id='block_1_32' title="bbox 1982 1726 3563 1801">
    <p class='ocr_par' dir='ltr' id='par_1_32' title="bbox 1982 1726 3563 1801">
     <span class='ocr_line' id='line_1_32' title="bbox 1982 1726 3563 1801; baseline 0.006 -21"><span class='ocrx_word' id='word_1_211' title='bbox 1982 1726 2233 1782; x_wconf 86' lang='lat' dir='ltr'><strong>eruditus</strong></span> <span class='ocrx_word' id='word_1_212' title='bbox 2277 1728 2452 1782; x_wconf 91' lang='lat' dir='ltr'><strong>nescit</strong></span> <span class='ocrx_word' id='word_1_213' title='bbox 2496 1746 2508 1781; x_wconf 91' lang='lat'><strong>:</strong></span> <span class='ocrx_word' id='word_1_214' title='bbox 2550 1727 2882 1783; x_wconf 81' lang='lat' dir='ltr'><strong>Athanasius</strong></span> <span class='ocrx_word' id='word_1_215' title='bbox 2932 1738 3042 1783; x_wconf 91' lang='lat' dir='ltr'><strong>tres</strong></span> <span class='ocrx_word' id='word_1_216' title='bbox 3090 1730 3410 1801; x_wconf 86' lang='lat' dir='ltr'><strong>hypostases</strong></span> <span class='ocrx_word' id='word_1_217' title='bbox 3453 1750 3563 1789; x_wconf 91' lang='lat' dir='ltr'><strong>non</strong></span> 
     </span>
    </p>
   </div>
   <div class='ocr_carea' id='block_1_33' title="bbox 286 1800 3563 1890">
    <p class='ocr_par' dir='ltr' id='par_1_33' title="bbox 286 1800 3563 1890">
     <span class='ocr_line' id='line_1_33' title="bbox 286 1800 3563 1890; baseline 0.001 -15"><span class='ocrx_word' id='word_1_218' title='bbox 286 1819 458 1875; x_wconf 79' lang='lat' dir='ltr'><strong>Patre</strong></span> <span class='ocrx_word' id='word_1_219' title='bbox 508 1829 562 1874; x_wconf 89' lang='lat' dir='ltr'><strong>et</strong></span> <span class='ocrx_word' id='word_1_220' title='bbox 612 1819 749 1873; x_wconf 87' lang='lat' dir='ltr'><strong>Filio</strong></span> <span class='ocrx_word' id='word_1_221' title='bbox 787 1818 950 1872; x_wconf 90' lang='lat' dir='ltr'><strong>simul</strong></span> <span class='ocrx_word' id='word_1_222' title='bbox 1000 1817 1262 1873; x_wconf 84' lang='lat' dir='ltr'><strong>adoratur</strong></span> <span class='ocrx_word' id='word_1_223' title='bbox 1299 1826 1352 1874; x_wconf 92' lang='lat' dir='ltr'><strong>et</strong></span> <span class='ocrx_word' id='word_1_224' title='bbox 1392 1819 1747 1889; x_wconf 75' lang='lat' dir='ltr'><strong>glorificatur,</strong></span> <span class='ocrx_word' id='word_1_225' title='bbox 1782 1821 1877 1890; x_wconf 89' lang='lat' dir='ltr'><strong>qui</strong></span> <span class='ocrx_word' id='word_1_226' title='bbox 1916 1800 1952 1852; x_wconf 67' lang='grc' dir='ltr'><strong><em>Β</em></strong></span> <span class='ocrx_word' id='word_1_227' title='bbox 1982 1816 2136 1881; x_wconf 88' lang='lat' dir='ltr'><strong>dicit,</strong></span> <span class='ocrx_word' id='word_1_228' title='bbox 2167 1818 2263 1872; x_wconf 89' lang='lat' dir='ltr'><strong>sed</strong></span> <span class='ocrx_word' id='word_1_229' title='bbox 2299 1834 2459 1872; x_wconf 89' lang='lat' dir='ltr'><strong>unam</strong></span> <span class='ocrx_word' id='word_1_230' title='bbox 2487 1818 2771 1881; x_wconf 78' lang='lat' dir='ltr'><strong>duntaxat,</strong></span> <span class='ocrx_word' id='word_1_231' title='bbox 2808 1818 3012 1889; x_wconf 84' lang='lat' dir='ltr'><strong>quippe</strong></span> <span class='ocrx_word' id='word_1_232' title='bbox 3046 1800 3141 1890; x_wconf 87' lang='lat' dir='ltr'><strong>qui</strong></span> <span class='ocrx_word' id='word_1_233' title='bbox 3166 1800 3563 1879; x_wconf 75' lang='lat' dir='ltr'><strong>Alexandrino-</strong></span> 
     </span>
    </p>
   </div>
   <div class='ocr_carea' id='block_1_34' title="bbox 286 1912 1877 1981">
    <p class='ocr_par' dir='ltr' id='par_1_34' title="bbox 286 1912 1877 1981">
     <span class='ocr_line' id='line_1_34' title="bbox 286 1912 1877 1981; baseline -0.001 -15"><span class='ocrx_word' id='word_1_234' title='bbox 286 1913 516 1966; x_wconf 88' lang='lat' dir='ltr'><strong>locutus</strong></span> <span class='ocrx_word' id='word_1_235' title='bbox 567 1920 652 1965; x_wconf 91' lang='lat' dir='ltr'><strong>est</strong></span> <span class='ocrx_word' id='word_1_236' title='bbox 704 1927 802 1981; x_wconf 89' lang='lat' dir='ltr'><strong>per</strong></span> <span class='ocrx_word' id='word_1_237' title='bbox 841 1919 1061 1966; x_wconf 91' lang='lat' dir='ltr'><strong>sanctos</strong></span> <span class='ocrx_word' id='word_1_238' title='bbox 1098 1912 1415 1981; x_wconf 88' lang='lat' dir='ltr'><strong>prophetas.</strong></span> <span class='ocrx_word' id='word_1_239' title='bbox 1458 1931 1476 1963; x_wconf 76' lang='grc' dir='ltr'><strong><em>ι</em></strong></span> <span class='ocrx_word' id='word_1_240' title='bbox 1530 1912 1742 1978; x_wconf 85' lang='lat' dir='ltr'><strong>Quibus</strong></span> <span class='ocrx_word' id='word_1_241' title='bbox 1783 1928 1877 1967; x_wconf 82' lang='lat' dir='ltr'><strong>sex</strong></span> 
     </span>
    </p>
   </div>
   <div class='ocr_carea' id='block_1_35' title="bbox 284 2004 1877 2075">
    <p class='ocr_par' dir='ltr' id='par_1_35' title="bbox 284 2004 1877 2075">
     <span class='ocr_line' id='line_1_35' title="bbox 284 2004 1877 2075; baseline 0.002 -18"><span class='ocrx_word' id='word_1_242' title='bbox 284 2004 578 2057; x_wconf 86' lang='lat' dir='ltr'><strong>attributis</strong></span> <span class='ocrx_word' id='word_1_243' title='bbox 600 2012 656 2057; x_wconf 91' lang='lat' dir='ltr'><strong>et</strong></span> <span class='ocrx_word' id='word_1_244' title='bbox 678 2004 1303 2059; x_wconf 85' lang='lat' dir='ltr'><strong>Pneumatomachorum</strong></span> <span class='ocrx_word' id='word_1_245' title='bbox 1330 2004 1552 2059; x_wconf 72' lang='lat' dir='ltr'><strong>haeresis</strong></span> <span class='ocrx_word' id='word_1_246' title='bbox 1574 2006 1877 2075; x_wconf 89' lang='lat' dir='ltr'><strong>proscripta</strong></span> 
     </span>
    </p>
   </div>
   <div class='ocr_carea' id='block_1_36' title="bbox 283 2095 1877 2166">
    <p class='ocr_par' dir='ltr' id='par_1_36' title="bbox 283 2095 1877 2166">
     <span class='ocr_line' id='line_1_36' title="bbox 283 2095 1877 2166; baseline 0.001 -16"><span class='ocrx_word' id='word_1_247' title='bbox 283 2104 399 2159; x_wconf 83' lang='lat' dir='ltr'><strong>est,</strong></span> <span class='ocrx_word' id='word_1_248' title='bbox 422 2103 481 2150; x_wconf 89' lang='lat' dir='ltr'><strong>et</strong></span> <span class='ocrx_word' id='word_1_249' title='bbox 505 2096 666 2150; x_wconf 91' lang='lat' dir='ltr'><strong>simul</strong></span> <span class='ocrx_word' id='word_1_250' title='bbox 696 2104 905 2163; x_wconf 82' lang='lat' dir='ltr'><strong>asserta</strong></span> <span class='ocrx_word' id='word_1_251' title='bbox 934 2095 1175 2165; x_wconf 84' lang='lat' dir='ltr'><strong>Spiritus</strong></span> <span class='ocrx_word' id='word_1_252' title='bbox 1205 2095 1377 2150; x_wconf 89' lang='lat' dir='ltr'><strong>sancti</strong></span> <span class='ocrx_word' id='word_1_253' title='bbox 1404 2095 1685 2159; x_wconf 86' lang='lat' dir='ltr'><strong>divinitas,</strong></span> <span class='ocrx_word' id='word_1_254' title='bbox 1713 2104 1877 2166; x_wconf 86' lang='lat' dir='ltr'><strong>atque</strong></span> 
     </span>
    </p>
   </div>
   <div class='ocr_carea' id='block_1_37' title="bbox 282 2185 1879 2256">
    <p class='ocr_par' dir='ltr' id='par_1_37' title="bbox 282 2185 1879 2256">
     <span class='ocr_line' id='line_1_37' title="bbox 282 2185 1879 2256; baseline 0.001 -15"><span class='ocrx_word' id='word_1_255' title='bbox 282 2186 860 2241; x_wconf 82' lang='lat' dir='ltr'><strong>consubstantialitas.</strong></span> <span class='ocrx_word' id='word_1_256' title='bbox 895 2185 1128 2255; x_wconf 88' lang='lat' dir='ltr'><strong>Scripsit</strong></span> <span class='ocrx_word' id='word_1_257' title='bbox 1160 2186 1327 2256; x_wconf 80' lang='lat' dir='ltr'><strong>igitur</strong></span> <span class='ocrx_word' id='word_1_258' title='bbox 1358 2195 1552 2241; x_wconf 86' lang='lat' dir='ltr'><strong>auctor</strong></span> <span class='ocrx_word' id='word_1_259' title='bbox 1581 2188 1727 2241; x_wconf 88' lang='lat' dir='ltr'><strong>tertii</strong></span> <span class='ocrx_word' id='word_1_260' title='bbox 1761 2188 1879 2243; x_wconf 87' lang='lat' dir='ltr'><strong>dia-</strong></span> 
     </span>
    </p>
   </div>
   <div class='ocr_carea' id='block_1_38' title="bbox 282 2277 1873 2351">
    <p class='ocr_par' dir='ltr' id='par_1_38' title="bbox 282 2277 1873 2351">
     <span class='ocr_line' id='line_1_38' title="bbox 282 2277 1873 2351; baseline 0.002 -19"><span class='ocrx_word' id='word_1_261' title='bbox 282 2278 397 2349; x_wconf 85' lang='lat' dir='ltr'><strong>logi</strong></span> <span class='ocrx_word' id='word_1_262' title='bbox 438 2287 566 2348; x_wconf 87' lang='lat' dir='ltr'><strong>post</strong></span> <span class='ocrx_word' id='word_1_263' title='bbox 603 2277 869 2348; x_wconf 79' lang='lat' dir='ltr'><strong>synodum</strong></span> <span class='ocrx_word' id='word_1_264' title='bbox 893 2294 954 2341; x_wconf 73' lang='grc' dir='ltr'><strong>ιι,</strong></span> <span class='ocrx_word' id='word_1_265' title='bbox 989 2278 1043 2332; x_wconf 91' lang='lat' dir='ltr'><strong>id</strong></span> <span class='ocrx_word' id='word_1_266' title='bbox 1070 2286 1175 2339; x_wconf 85' lang='lat' dir='ltr'><strong>est,</strong></span> <span class='ocrx_word' id='word_1_267' title='bbox 1216 2287 1341 2348; x_wconf 90' lang='lat' dir='ltr'><strong>post</strong></span> <span class='ocrx_word' id='word_1_268' title='bbox 1379 2294 1585 2334; x_wconf 89' lang='lat' dir='ltr'><strong>annum</strong></span> <span class='ocrx_word' id='word_1_269' title='bbox 1617 2280 1742 2346; x_wconf 75' lang='lat'><strong>381,</strong></span> <span class='ocrx_word' id='word_1_270' title='bbox 1779 2281 1873 2351; x_wconf 85' lang='lat' dir='ltr'><strong>qui</strong></span> 
     </span>
    </p>
   </div>
   <div class='ocr_carea' id='block_1_39' title="bbox 280 2368 1765 2433">
    <p class='ocr_par' dir='ltr' id='par_1_39' title="bbox 280 2368 1765 2433">
     <span class='ocr_line' id='line_1_39' title="bbox 280 2368 1765 2433; baseline 0.001 -9"><span class='ocrx_word' id='word_1_271' title='bbox 280 2369 564 2433; x_wconf 70' lang='lat' dir='ltr'><strong>decimus,</strong></span> <span class='ocrx_word' id='word_1_272' title='bbox 589 2378 685 2423; x_wconf 91' lang='lat' dir='ltr'><strong>aut</strong></span> <span class='ocrx_word' id='word_1_273' title='bbox 708 2368 900 2422; x_wconf 88' lang='lat' dir='ltr'><strong>saltem</strong></span> <span class='ocrx_word' id='word_1_274' title='bbox 930 2376 1157 2424; x_wconf 86' lang='lat' dir='ltr'><strong>octavus</strong></span> <span class='ocrx_word' id='word_1_275' title='bbox 1187 2369 1259 2423; x_wconf 88' lang='lat' dir='ltr'><strong>ab</strong></span> <span class='ocrx_word' id='word_1_276' title='bbox 1283 2369 1436 2425; x_wconf 87' lang='lat' dir='ltr'><strong>obitu</strong></span> <span class='ocrx_word' id='word_1_277' title='bbox 1458 2370 1765 2431; x_wconf 79' lang='lat' dir='ltr'><strong>Athanasii.</strong></span> 
     </span>
    </p>
   </div>
   <div class='ocr_carea' id='block_1_40' title="bbox 355 2460 1872 2530">
    <p class='ocr_par' dir='ltr' id='par_1_40' title="bbox 355 2460 1872 2530">
     <span class='ocr_line' id='line_1_40' title="bbox 355 2460 1872 2530; baseline 0.005 -17"><span class='ocrx_word' id='word_1_278' title='bbox 355 2460 414 2514; x_wconf 90' lang='lat' dir='ltr'><strong>V.</strong></span> <span class='ocrx_word' id='word_1_279' title='bbox 446 2460 518 2514; x_wconf 84' lang='lat' dir='ltr'><strong>Et</strong></span> <span class='ocrx_word' id='word_1_280' title='bbox 551 2467 702 2515; x_wconf 88' lang='lat' dir='ltr'><strong>certe</strong></span> <span class='ocrx_word' id='word_1_281' title='bbox 731 2460 948 2530; x_wconf 83' lang='lat' dir='ltr'><strong>dialogo</strong></span> <span class='ocrx_word' id='word_1_282' title='bbox 968 2460 1133 2515; x_wconf 89' lang='lat' dir='ltr'><strong>tertio</strong></span> <span class='ocrx_word' id='word_1_283' title='bbox 1153 2469 1415 2530; x_wconf 80' lang='lat' dir='ltr'><strong>sextoque</strong></span> <span class='ocrx_word' id='word_1_284' title='bbox 1435 2462 1585 2517; x_wconf 90' lang='lat' dir='ltr'><strong>aliud</strong></span> <span class='ocrx_word' id='word_1_285' title='bbox 1603 2463 1717 2519; x_wconf 81' lang='lat' dir='ltr'><strong>fere</strong></span> <span class='ocrx_word' id='word_1_286' title='bbox 1735 2465 1872 2523; x_wconf 86' lang='lat' dir='ltr'><strong>nihil</strong></span> 
     </span>
    </p>
   </div>
   <div class='ocr_carea' id='block_1_41' title="bbox 283 2549 1874 2627">
    <p class='ocr_par' dir='ltr' id='par_1_41' title="bbox 283 2549 1874 2627">
     <span class='ocr_line' id='line_1_41' title="bbox 283 2549 1874 2627; baseline 0.004 -23"><span class='ocrx_word' id='word_1_287' title='bbox 283 2549 491 2621; x_wconf 72' lang='lat' dir='ltr'><strong>agitur,</strong></span> <span class='ocrx_word' id='word_1_288' title='bbox 522 2566 685 2620; x_wconf 86' lang='lat' dir='ltr'><strong>quam</strong></span> <span class='ocrx_word' id='word_1_289' title='bbox 715 2550 861 2621; x_wconf 92' lang='lat' dir='ltr'><strong>quod</strong></span> <span class='ocrx_word' id='word_1_290' title='bbox 900 2550 1208 2605; x_wconf 87' lang='lat' dir='ltr'><strong>rationibus</strong></span> <span class='ocrx_word' id='word_1_291' title='bbox 1242 2551 1691 2608; x_wconf 90' lang='lat' dir='ltr'><strong>demonstrentur</strong></span> <span class='ocrx_word' id='word_1_292' title='bbox 1724 2556 1874 2627; x_wconf 87' lang='lat' dir='ltr'><strong>sigil-</strong></span> 
     </span>
    </p>
   </div>
   <div class='ocr_carea' id='block_1_42' title="bbox 281 2640 1870 2712">
    <p class='ocr_par' dir='ltr' id='par_1_42' title="bbox 281 2640 1870 2712">
     <span class='ocr_line' id='line_1_42' title="bbox 281 2640 1870 2712; baseline 0.003 -17"><span class='ocrx_word' id='word_1_293' title='bbox 281 2640 435 2695; x_wconf 85' lang='lat' dir='ltr'><strong>latim</strong></span> <span class='ocrx_word' id='word_1_294' title='bbox 472 2641 566 2695; x_wconf 89' lang='lat' dir='ltr'><strong>illa</strong></span> <span class='ocrx_word' id='word_1_295' title='bbox 598 2656 691 2695; x_wconf 86' lang='lat' dir='ltr'><strong>sex</strong></span> <span class='ocrx_word' id='word_1_296' title='bbox 722 2658 752 2695; x_wconf 86' lang='lat' dir='ltr'><strong>a</strong></span> <span class='ocrx_word' id='word_1_297' title='bbox 782 2640 1402 2710; x_wconf 85' lang='lat' dir='ltr'><strong>Constantinopolitanis</strong></span> <span class='ocrx_word' id='word_1_298' title='bbox 1424 2642 1653 2712; x_wconf 87' lang='lat' dir='ltr'><strong>Spiritui</strong></span> <span class='ocrx_word' id='word_1_299' title='bbox 1682 2657 1870 2700; x_wconf 89' lang='lat' dir='ltr'><strong>sancto</strong></span> 
     </span>
    </p>
   </div>
   <div class='ocr_carea' id='block_1_43' title="bbox 282 2733 1869 2807">
    <p class='ocr_par' dir='ltr' id='par_1_43' title="bbox 282 2733 1869 2807">
     <span class='ocr_line' id='line_1_43' title="bbox 282 2733 1869 2807; baseline 0.005 -20"><span class='ocrx_word' id='word_1_300' title='bbox 282 2735 576 2807; x_wconf 72' lang='lat' dir='ltr'><strong>attributa,</strong></span> <span class='ocrx_word' id='word_1_301' title='bbox 596 2748 707 2803; x_wconf 88' lang='lat' dir='ltr'><strong>quo</strong></span> <span class='ocrx_word' id='word_1_302' title='bbox 725 2734 810 2788; x_wconf 85' lang='lat' dir='ltr'><strong>vel</strong></span> <span class='ocrx_word' id='word_1_303' title='bbox 839 2748 950 2788; x_wconf 92' lang='lat' dir='ltr'><strong>uno</strong></span> <span class='ocrx_word' id='word_1_304' title='bbox 970 2733 1238 2788; x_wconf 83' lang='lat' dir='ltr'><strong>evertitur</strong></span> <span class='ocrx_word' id='word_1_305' title='bbox 1258 2734 1480 2800; x_wconf 86' lang='lat' dir='ltr'><strong>invicte,</strong></span> <span class='ocrx_word' id='word_1_306' title='bbox 1507 2752 1627 2791; x_wconf 88' lang='lat' dir='ltr'><strong>mea</strong></span> <span class='ocrx_word' id='word_1_307' title='bbox 1647 2740 1869 2807; x_wconf 89' lang='lat' dir='ltr'><strong>quidem</strong></span> 
     </span>
    </p>
   </div>
   <div class='ocr_carea' id='block_1_44' title="bbox 280 2804 1870 2898">
    <p class='ocr_par' dir='ltr' id='par_1_44' title="bbox 280 2804 1870 2898">
     <span class='ocr_line' id='line_1_44' title="bbox 280 2804 1870 2898; baseline 0.004 -18"><span class='ocrx_word' id='word_1_308' title='bbox 280 2804 598 2889; x_wconf 72' lang='lat' dir='ltr'><strong>sententia,</strong></span> <span class='ocrx_word' id='word_1_309' title='bbox 643 2825 971 2881; x_wconf 88' lang='lat' dir='ltr'><strong>recentioris</strong></span> <span class='ocrx_word' id='word_1_310' title='bbox 1013 2823 1238 2880; x_wconf 70' lang='lat' dir='ltr'><strong>Grzeciie</strong></span> <span class='ocrx_word' id='word_1_311' title='bbox 1286 2825 1531 2898; x_wconf 83' lang='lat' dir='ltr'><strong>dialogos</strong></span> <span class='ocrx_word' id='word_1_312' title='bbox 1570 2804 1870 2887; x_wconf 77' lang='lat' dir='ltr'><strong>Athanasio</strong></span> 
     </span>
    </p>
   </div>
   <div class='ocr_carea' id='block_1_45' title="bbox 282 2918 902 2988">
    <p class='ocr_par' dir='ltr' id='par_1_45' title="bbox 282 2918 902 2988">
     <span class='ocr_line' id='line_1_45' title="bbox 282 2918 902 2988; baseline 0 -16"><span class='ocrx_word' id='word_1_313' title='bbox 282 2919 582 2973; x_wconf 85' lang='lat' dir='ltr'><strong>tribuentis</strong></span> <span class='ocrx_word' id='word_1_314' title='bbox 612 2918 902 2988; x_wconf 87' lang='lat' dir='ltr'><strong>judicium.</strong></span> 
     </span>
    </p>
   </div>
   <div class='ocr_carea' id='block_1_46' title="bbox 353 3006 1867 3081">
    <p class='ocr_par' dir='ltr' id='par_1_46' title="bbox 353 3006 1867 3081">
     <span class='ocr_line' id='line_1_46' title="bbox 353 3006 1867 3081; baseline 0.004 -19"><span class='ocrx_word' id='word_1_315' title='bbox 353 3007 441 3063; x_wconf 84' lang='lat' dir='ltr'><strong>Vl.</strong></span> <span class='ocrx_word' id='word_1_316' title='bbox 482 3006 740 3078; x_wconf 91' lang='lat' dir='ltr'><strong>Oportuit</strong></span> <span class='ocrx_word' id='word_1_317' title='bbox 767 3007 935 3078; x_wconf 78' lang='lat' dir='ltr'><strong>igitur</strong></span> <span class='ocrx_word' id='word_1_318' title='bbox 954 3007 1173 3066; x_wconf 63' lang='lat' dir='ltr'><strong>Graecos</strong></span> <span class='ocrx_word' id='word_1_319' title='bbox 1206 3011 1478 3069; x_wconf 85' lang='lat' dir='ltr'><strong>homines.</strong></span> <span class='ocrx_word' id='word_1_320' title='bbox 1500 3027 1738 3081; x_wconf 86' lang='lat' dir='ltr'><strong>quorum</strong></span> <span class='ocrx_word' id='word_1_321' title='bbox 1764 3029 1867 3068; x_wconf 92' lang='lat' dir='ltr'><strong>no-</strong></span> 
     </span>
    </p>
   </div>
   <div class='ocr_carea' id='block_1_47' title="bbox 280 3099 1868 3174">
    <p class='ocr_par' dir='ltr' id='par_1_47' title="bbox 280 3099 1868 3174">
     <span class='ocr_line' id='line_1_47' title="bbox 280 3099 1868 3174; baseline 0.004 -21"><span class='ocrx_word' id='word_1_322' title='bbox 280 3099 431 3154; x_wconf 84' lang='lat' dir='ltr'><strong>mina</strong></span> <span class='ocrx_word' id='word_1_323' title='bbox 459 3114 590 3153; x_wconf 85' lang='lat' dir='ltr'><strong>mox</strong></span> <span class='ocrx_word' id='word_1_324' title='bbox 612 3099 881 3169; x_wconf 88' lang='lat' dir='ltr'><strong>appellata</strong></span> <span class='ocrx_word' id='word_1_325' title='bbox 914 3110 1065 3167; x_wconf 87' lang='lat' dir='ltr'><strong>sunt,</strong></span> <span class='ocrx_word' id='word_1_326' title='bbox 1091 3118 1272 3173; x_wconf 85' lang='lat' dir='ltr'><strong>neque</strong></span> <span class='ocrx_word' id='word_1_327' title='bbox 1294 3103 1712 3174; x_wconf 79' lang='lat' dir='ltr'><strong>diligentissime</strong></span> <span class='ocrx_word' id='word_1_328' title='bbox 1742 3120 1868 3160; x_wconf 76' lang='lat' dir='ltr'><strong>ver-</strong></span> 
     </span>
    </p>
   </div>
   <div class='ocr_carea' id='block_1_48' title="bbox 280 3191 1869 3266">
    <p class='ocr_par' dir='ltr' id='par_1_48' title="bbox 280 3191 1869 3266">
     <span class='ocr_line' id='line_1_48' title="bbox 280 3191 1869 3266; baseline 0.005 -21"><span class='ocrx_word' id='word_1_329' title='bbox 280 3198 431 3245; x_wconf 80' lang='lat' dir='ltr'><strong>satos</strong></span> <span class='ocrx_word' id='word_1_330' title='bbox 473 3191 643 3245; x_wconf 85' lang='lat' dir='ltr'><strong>fuisse</strong></span> <span class='ocrx_word' id='word_1_331' title='bbox 679 3191 736 3245; x_wconf 92' lang='lat' dir='ltr'><strong>in</strong></span> <span class='ocrx_word' id='word_1_332' title='bbox 780 3192 895 3247; x_wconf 91' lang='lat' dir='ltr'><strong>suis</strong></span> <span class='ocrx_word' id='word_1_333' title='bbox 932 3194 1255 3249; x_wconf 87' lang='lat' dir='ltr'><strong>auctoribus</strong></span> <span class='ocrx_word' id='word_1_334' title='bbox 1292 3195 1660 3266; x_wconf 85' lang='lat' dir='ltr'><strong>perlegendis,</strong></span> <span class='ocrx_word' id='word_1_335' title='bbox 1691 3212 1869 3266; x_wconf 89' lang='lat' dir='ltr'><strong>neque</strong></span> 
     </span>
    </p>
   </div>
   <div class='ocr_carea' id='block_1_49' title="bbox 246 3282 1870 3356">
    <p class='ocr_par' dir='ltr' id='par_1_49' title="bbox 246 3282 1870 3356">
     <span class='ocr_line' id='line_1_49' title="bbox 246 3282 1870 3356; baseline 0.005 -22"><span class='ocrx_word' id='word_1_336' title='bbox 246 3282 518 3336; x_wconf 88' lang='lat' dir='ltr'><strong>-multum</strong></span> <span class='ocrx_word' id='word_1_337' title='bbox 570 3283 818 3346; x_wconf 88' lang='lat' dir='ltr'><strong>scivisse,</strong></span> <span class='ocrx_word' id='word_1_338' title='bbox 861 3299 1004 3353; x_wconf 65' lang='lat' dir='ltr'><strong>quae,</strong></span> <span class='ocrx_word' id='word_1_339' title='bbox 1038 3285 1239 3354; x_wconf 88' lang='lat' dir='ltr'><strong>quibus</strong></span> <span class='ocrx_word' id='word_1_340' title='bbox 1291 3286 1649 3356; x_wconf 87' lang='lat' dir='ltr'><strong>temporibus,</strong></span> <span class='ocrx_word' id='word_1_341' title='bbox 1694 3303 1870 3356; x_wconf 88' lang='lat' dir='ltr'><strong>quave</strong></span> 
     </span>
    </p>
   </div>
   <div class='ocr_carea' id='block_1_50' title="bbox 280 3374 1870 3449">
    <p class='ocr_par' dir='ltr' id='par_1_50' title="bbox 280 3374 1870 3449">
     <span class='ocr_line' id='line_1_50' title="bbox 280 3374 1870 3449; baseline 0.004 -22"><span class='ocrx_word' id='word_1_342' title='bbox 280 3375 575 3428; x_wconf 77' lang='lat' dir='ltr'><strong>occasione</strong></span> <span class='ocrx_word' id='word_1_343' title='bbox 603 3374 937 3442; x_wconf 64' lang='lat' dir='ltr'><strong>qilwstiones</strong></span> <span class='ocrx_word' id='word_1_344' title='bbox 964 3387 1127 3431; x_wconf 64' lang='lat' dir='ltr'><strong>motae</strong></span> <span class='ocrx_word' id='word_1_345' title='bbox 1156 3377 1286 3439; x_wconf 68' lang='lat' dir='ltr'><strong>sint,</strong></span> <span class='ocrx_word' id='word_1_346' title='bbox 1314 3384 1368 3432; x_wconf 91' lang='lat' dir='ltr'><strong>et</strong></span> <span class='ocrx_word' id='word_1_347' title='bbox 1400 3378 1589 3448; x_wconf 90' lang='lat' dir='ltr'><strong>scripti</strong></span> <span class='ocrx_word' id='word_1_348' title='bbox 1624 3378 1690 3433; x_wconf 89' lang='lat' dir='ltr'><strong>de</strong></span> <span class='ocrx_word' id='word_1_349' title='bbox 1723 3395 1870 3449; x_wconf 65' lang='lat' dir='ltr'><strong>qum-</strong></span> 
     </span>
    </p>
   </div>
   <div class='ocr_carea' id='block_1_51' title="bbox 274 3464 1866 3539">
    <p class='ocr_par' dir='ltr' id='par_1_51' title="bbox 274 3464 1866 3539">
     <span class='ocr_line' id='line_1_51' title="bbox 274 3464 1866 3539; baseline 0.003 -19"><span class='ocrx_word' id='word_1_350' title='bbox 274 3464 557 3520; x_wconf 80' lang='lat' dir='ltr'><strong>stionibus</strong></span> <span class='ocrx_word' id='word_1_351' title='bbox 592 3464 739 3518; x_wconf 89' lang='lat' dir='ltr'><strong>libri.</strong></span> <span class='ocrx_word' id='word_1_352' title='bbox 778 3466 1181 3521; x_wconf 85' lang='lat' dir='ltr'><strong>lntellexissent</strong></span> <span class='ocrx_word' id='word_1_353' title='bbox 1225 3468 1470 3538; x_wconf 85' lang='lat' dir='ltr'><strong>alioquin</strong></span> <span class='ocrx_word' id='word_1_354' title='bbox 1509 3471 1866 3539; x_wconf 65' lang='lat' dir='ltr'><strong>quaestionem</strong></span> 
     </span>
    </p>
   </div>
   <div class='ocr_carea' id='block_1_52' title="bbox 275 3555 1865 3627">
    <p class='ocr_par' dir='ltr' id='par_1_52' title="bbox 275 3555 1865 3627">
     <span class='ocr_line' id='line_1_52' title="bbox 275 3555 1865 3627; baseline 0.005 -18"><span class='ocrx_word' id='word_1_355' title='bbox 275 3555 346 3609; x_wconf 88' lang='lat' dir='ltr'><strong>de</strong></span> <span class='ocrx_word' id='word_1_356' title='bbox 384 3556 668 3625; x_wconf 78' lang='grc' dir='ltr'><strong>ἀγεννήτῳ</strong></span> <span class='ocrx_word' id='word_1_357' title='bbox 711 3565 768 3609; x_wconf 90' lang='lat' dir='ltr'><strong>et</strong></span> <span class='ocrx_word' id='word_1_358' title='bbox 813 3556 1077 3627; x_wconf 76' lang='grc' dir='ltr'><strong>γεννητῷ,</strong></span> <span class='ocrx_word' id='word_1_359' title='bbox 1109 3558 1391 3612; x_wconf 80' lang='lat' dir='ltr'><strong>Athanasii</strong></span> <span class='ocrx_word' id='word_1_360' title='bbox 1421 3567 1600 3623; x_wconf 64' lang='lat' dir='ltr'><strong>aetate,</strong></span> <span class='ocrx_word' id='word_1_361' title='bbox 1632 3569 1725 3615; x_wconf 90' lang='lat' dir='ltr'><strong>aut</strong></span> <span class='ocrx_word' id='word_1_362' title='bbox 1757 3577 1865 3617; x_wconf 91' lang='lat' dir='ltr'><strong>non</strong></span> 
     </span>
    </p>
   </div>
   <div class='ocr_carea' id='block_1_53' title="bbox 272 3646 1863 3715">
    <p class='ocr_par' dir='ltr' id='par_1_53' title="bbox 272 3646 1863 3715">
     <span class='ocr_line' id='line_1_53' title="bbox 272 3646 1863 3715; baseline 0.004 -14"><span class='ocrx_word' id='word_1_363' title='bbox 272 3646 578 3701; x_wconf 79' lang='lat' dir='ltr'><strong>admodum</strong></span> <span class='ocrx_word' id='word_1_364' title='bbox 624 3654 851 3711; x_wconf 88' lang='lat' dir='ltr'><strong>motam,</strong></span> <span class='ocrx_word' id='word_1_365' title='bbox 890 3655 984 3701; x_wconf 91' lang='lat' dir='ltr'><strong>aut</strong></span> <span class='ocrx_word' id='word_1_366' title='bbox 1030 3649 1345 3703; x_wconf 88' lang='lat' dir='ltr'><strong>ventilatam</strong></span> <span class='ocrx_word' id='word_1_367' title='bbox 1394 3650 1691 3715; x_wconf 79' lang='lat' dir='ltr'><strong>duntaxat,</strong></span> <span class='ocrx_word' id='word_1_368' title='bbox 1738 3669 1863 3708; x_wconf 89' lang='lat' dir='ltr'><strong>cum</strong></span> 
     </span>
    </p>
   </div>
   <div class='ocr_carea' id='block_1_54' title="bbox 270 3737 1861 3807">
    <p class='ocr_par' dir='ltr' id='par_1_54' title="bbox 270 3737 1861 3807">
     <span class='ocr_line' id='line_1_54' title="bbox 270 3737 1861 3807; baseline 0.003 -15"><span class='ocrx_word' id='word_1_369' title='bbox 270 3737 526 3792; x_wconf 82' lang='lat' dir='ltr'><strong>nondum</strong></span> <span class='ocrx_word' id='word_1_370' title='bbox 560 3737 823 3807; x_wconf 89' lang='lat' dir='ltr'><strong>publicati</strong></span> <span class='ocrx_word' id='word_1_371' title='bbox 867 3745 1053 3793; x_wconf 89' lang='lat' dir='ltr'><strong>essent</strong></span> <span class='ocrx_word' id='word_1_372' title='bbox 1090 3738 1160 3792; x_wconf 89' lang='lat' dir='ltr'><strong>ab</strong></span> <span class='ocrx_word' id='word_1_373' title='bbox 1192 3738 1467 3795; x_wconf 87' lang='lat' dir='ltr'><strong>Eunomio</strong></span> <span class='ocrx_word' id='word_1_374' title='bbox 1504 3740 1648 3796; x_wconf 89' lang='lat' dir='ltr'><strong>Aetii</strong></span> <span class='ocrx_word' id='word_1_375' title='bbox 1682 3742 1809 3798; x_wconf 88' lang='lat' dir='ltr'><strong>libri</strong></span> <span class='ocrx_word' id='word_1_376' title='bbox 1848 3761 1861 3796; x_wconf 91' lang='lat'>:</span> 
     </span>
    </p>
   </div>
   <div class='ocr_carea' id='block_1_55' title="bbox 270 3828 1863 3905">
    <p class='ocr_par' dir='ltr' id='par_1_55' title="bbox 270 3828 1863 3905">
     <span class='ocr_line' id='line_1_55' title="bbox 270 3828 1863 3905; baseline 0.004 -24"><span class='ocrx_word' id='word_1_377' title='bbox 270 3828 538 3899; x_wconf 75' lang='lat' dir='ltr'><strong>agitatam</strong></span> <span class='ocrx_word' id='word_1_378' title='bbox 563 3844 698 3883; x_wconf 86' lang='lat' dir='ltr'><strong>vero</strong></span> <span class='ocrx_word' id='word_1_379' title='bbox 721 3830 1069 3901; x_wconf 83' lang='lat' dir='ltr'><strong>pugnaciter,</strong></span> <span class='ocrx_word' id='word_1_380' title='bbox 1103 3844 1225 3884; x_wconf 89' lang='lat' dir='ltr'><strong>cum</strong></span> <span class='ocrx_word' id='word_1_381' title='bbox 1258 3831 1333 3884; x_wconf 90' lang='lat' dir='ltr'><strong>illi</strong></span> <span class='ocrx_word' id='word_1_382' title='bbox 1364 3832 1467 3905; x_wconf 89' lang='lat' dir='ltr'><strong>ipsi</strong></span> <span class='ocrx_word' id='word_1_383' title='bbox 1499 3833 1626 3887; x_wconf 89' lang='lat' dir='ltr'><strong>libri</strong></span> <span class='ocrx_word' id='word_1_384' title='bbox 1660 3835 1863 3904; x_wconf 80' lang='lat' dir='ltr'><strong>vulgati</strong></span> 
     </span>
    </p>
   </div>
   <div class='ocr_carea' id='block_1_56' title="bbox 262 3920 1860 3990">
    <p class='ocr_par' dir='ltr' id='par_1_56' title="bbox 262 3920 1860 3990">
     <span class='ocr_line' id='line_1_56' title="bbox 262 3920 1860 3990; baseline 0.006 -17"><span class='ocrx_word' id='word_1_385' title='bbox 262 3929 434 3984; x_wconf 81' lang='lat' dir='ltr'><strong>sunt;</strong></span> <span class='ocrx_word' id='word_1_386' title='bbox 480 3920 584 3974; x_wconf 84' lang='lat' dir='ltr'><strong>hos</strong></span> <span class='ocrx_word' id='word_1_387' title='bbox 622 3929 805 3974; x_wconf 83' lang='lat' dir='ltr'><strong>autem</strong></span> <span class='ocrx_word' id='word_1_388' title='bbox 849 3920 1190 3990; x_wconf 78' lang='lat' dir='ltr'><strong>Epiphanius</strong></span> <span class='ocrx_word' id='word_1_389' title='bbox 1228 3937 1421 3979; x_wconf 90' lang='lat' dir='ltr'><strong>recens</strong></span> <span class='ocrx_word' id='word_1_390' title='bbox 1455 3924 1634 3981; x_wconf 89' lang='lat' dir='ltr'><strong>editos</strong></span> <span class='ocrx_word' id='word_1_391' title='bbox 1676 3929 1860 3989; x_wconf 88' lang='lat' dir='ltr'><strong>tradit,</strong></span> 
     </span>
    </p>
   </div>
   <div class='ocr_carea' id='block_1_57' title="bbox 266 4012 1861 4083">
    <p class='ocr_par' dir='ltr' id='par_1_57' title="bbox 266 4012 1861 4083">
     <span class='ocr_line' id='line_1_57' title="bbox 266 4012 1861 4083; baseline 0.006 -19"><span class='ocrx_word' id='word_1_392' title='bbox 266 4027 381 4083; x_wconf 90' lang='lat' dir='ltr'><strong>quo</strong></span> <span class='ocrx_word' id='word_1_393' title='bbox 412 4021 664 4079; x_wconf 87' lang='lat' dir='ltr'><strong>tempore</strong></span> <span class='ocrx_word' id='word_1_394' title='bbox 692 4012 958 4066; x_wconf 88' lang='lat' dir='ltr'><strong>adversus</strong></span> <span class='ocrx_word' id='word_1_395' title='bbox 981 4012 1276 4068; x_wconf 71' lang='lat' dir='ltr'><strong>Anomtnos</strong></span> <span class='ocrx_word' id='word_1_396' title='bbox 1305 4014 1580 4069; x_wconf 90' lang='lat' dir='ltr'><strong>scribebat</strong></span> <span class='ocrx_word' id='word_1_397' title='bbox 1612 4033 1625 4069; x_wconf 91' lang='lat'><strong>:</strong></span> <span class='ocrx_word' id='word_1_398' title='bbox 1651 4018 1861 4073; x_wconf 88' lang='lat' dir='ltr'><strong>scribe-</strong></span> 
     </span>
    </p>
   </div>
   <div class='ocr_carea' id='block_1_58' title="bbox 269 4103 1863 4168">
    <p class='ocr_par' dir='ltr' id='par_1_58' title="bbox 269 4103 1863 4168">
     <span class='ocr_line' id='line_1_58' title="bbox 269 4103 1863 4168; baseline 0.004 -11"><span class='ocrx_word' id='word_1_399' title='bbox 269 4104 367 4157; x_wconf 82' lang='lat' dir='ltr'><strong>bat</strong></span> <span class='ocrx_word' id='word_1_400' title='bbox 400 4118 539 4156; x_wconf 85' lang='lat' dir='ltr'><strong>vero</strong></span> <span class='ocrx_word' id='word_1_401' title='bbox 574 4118 719 4158; x_wconf 90' lang='lat' dir='ltr'><strong>anno</strong></span> <span class='ocrx_word' id='word_1_402' title='bbox 746 4103 952 4159; x_wconf 89' lang='lat' dir='ltr'><strong>Christi</strong></span> <span class='ocrx_word' id='word_1_403' title='bbox 988 4104 1112 4168; x_wconf 75' lang='lat'><strong>575,</strong></span> <span class='ocrx_word' id='word_1_404' title='bbox 1148 4114 1243 4160; x_wconf 88' lang='lat' dir='ltr'><strong>aut</strong></span> <span class='ocrx_word' id='word_1_405' title='bbox 1273 4106 1437 4160; x_wconf 87' lang='lat' dir='ltr'><strong>etiam</strong></span> <span class='ocrx_word' id='word_1_406' title='bbox 1472 4107 1596 4161; x_wconf 76' lang='lat'><strong>576.</strong></span> <span class='ocrx_word' id='word_1_407' title='bbox 1632 4109 1863 4164; x_wconf 80' lang='lat' dir='ltr'><strong>Videtur</strong></span> 
     </span>
    </p>
   </div>
   <div class='ocr_carea' id='block_1_59' title="bbox 265 4193 1860 4269">
    <p class='ocr_par' dir='ltr' id='par_1_59' title="bbox 265 4193 1860 4269">
     <span class='ocr_line' id='line_1_59' title="bbox 265 4193 1860 4269; baseline 0.003 -20"><span class='ocrx_word' id='word_1_408' title='bbox 265 4193 417 4249; x_wconf 86' lang='lat' dir='ltr'><strong>enim</strong></span> <span class='ocrx_word' id='word_1_409' title='bbox 468 4203 584 4249; x_wconf 86' lang='lat' dir='ltr'><strong>tres</strong></span> <span class='ocrx_word' id='word_1_410' title='bbox 629 4210 802 4249; x_wconf 89' lang='lat' dir='ltr'><strong>annos</strong></span> <span class='ocrx_word' id='word_1_411' title='bbox 839 4197 897 4250; x_wconf 92' lang='lat' dir='ltr'><strong>in</strong></span> <span class='ocrx_word' id='word_1_412' title='bbox 932 4196 1266 4251; x_wconf 84' lang='lat' dir='ltr'><strong>elaborando</strong></span> <span class='ocrx_word' id='word_1_413' title='bbox 1298 4196 1461 4268; x_wconf 57' lang='lat'><strong>‘30</strong></span> <span class='ocrx_word' id='word_1_414' title='bbox 1492 4198 1724 4253; x_wconf 89' lang='lat' dir='ltr'><strong>Panario</strong></span> <span class='ocrx_word' id='word_1_415' title='bbox 1759 4215 1860 4269; x_wconf 91' lang='lat' dir='ltr'><strong>po-</strong></span> 
     </span>
    </p>
   </div>
   <div class='ocr_carea' id='block_1_60' title="bbox 264 4288 1855 4357">
    <p class='ocr_par' dir='ltr' id='par_1_60' title="bbox 264 4288 1855 4357">
     <span class='ocr_line' id='line_1_60' title="bbox 264 4288 1855 4357; baseline 0.004 -16"><span class='ocrx_word' id='word_1_416' title='bbox 264 4290 457 4341; x_wconf 83' lang='lat' dir='ltr'><strong>suisse</strong></span> <span class='ocrx_word' id='word_1_417' title='bbox 488 4305 502 4341; x_wconf 85' lang='lat'><strong>:</strong></span> <span class='ocrx_word' id='word_1_418' title='bbox 530 4288 735 4357; x_wconf 88' lang='lat' dir='ltr'><strong>quippe</strong></span> <span class='ocrx_word' id='word_1_419' title='bbox 765 4305 912 4351; x_wconf 89' lang='lat' dir='ltr'><strong>cum,</strong></span> <span class='ocrx_word' id='word_1_420' title='bbox 944 4298 1003 4343; x_wconf 91' lang='lat' dir='ltr'><strong>ut</strong></span> <span class='ocrx_word' id='word_1_421' title='bbox 1028 4297 1217 4343; x_wconf 89' lang='lat' dir='ltr'><strong>censet</strong></span> <span class='ocrx_word' id='word_1_422' title='bbox 1245 4289 1518 4353; x_wconf 86' lang='lat' dir='ltr'><strong>Petavius,</strong></span> <span class='ocrx_word' id='word_1_423' title='bbox 1562 4291 1855 4348; x_wconf 84' lang='lat' dir='ltr'><strong>inchoave-</strong></span> 
     </span>
    </p>
   </div>
   <div class='ocr_carea' id='block_1_61' title="bbox 267 4378 1855 4450">
    <p class='ocr_par' dir='ltr' id='par_1_61' title="bbox 267 4378 1855 4450">
     <span class='ocr_line' id='line_1_61' title="bbox 267 4378 1855 4450; baseline 0.004 -18"><span class='ocrx_word' id='word_1_424' title='bbox 267 4379 341 4433; x_wconf 87' lang='lat' dir='ltr'><strong>rit</strong></span> <span class='ocrx_word' id='word_1_425' title='bbox 385 4393 539 4432; x_wconf 82' lang='lat' dir='ltr'><strong>anno</strong></span> <span class='ocrx_word' id='word_1_426' title='bbox 580 4378 822 4432; x_wconf 82' lang='lat' dir='ltr'><strong>Valentis</strong></span> <span class='ocrx_word' id='word_1_427' title='bbox 862 4379 1173 4442; x_wconf 89' lang='lat' dir='ltr'><strong>undecimo,</strong></span> <span class='ocrx_word' id='word_1_428' title='bbox 1209 4380 1303 4448; x_wconf 91' lang='lat' dir='ltr'><strong>qui</strong></span> <span class='ocrx_word' id='word_1_429' title='bbox 1348 4380 1471 4444; x_wconf 75' lang='grc'><strong>574,</strong></span> <span class='ocrx_word' id='word_1_430' title='bbox 1507 4382 1855 4450; x_wconf 87' lang='lat' dir='ltr'><strong>duodecimo,</strong></span> 
     </span>
    </p>
   </div>
   <div class='ocr_carea' id='block_1_62' title="bbox 1982 1910 3565 1981">
    <p class='ocr_par' dir='ltr' id='par_1_62' title="bbox 1982 1910 3565 1981">
     <span class='ocr_line' id='line_1_62' title="bbox 1982 1910 3565 1981; baseline 0.006 -20"><span class='ocrx_word' id='word_1_431' title='bbox 1982 1924 2103 1962; x_wconf 88' lang='lat' dir='ltr'><strong>rum</strong></span> <span class='ocrx_word' id='word_1_432' title='bbox 2146 1925 2299 1964; x_wconf 90' lang='lat' dir='ltr'><strong>more</strong></span> <span class='ocrx_word' id='word_1_433' title='bbox 2336 1910 2645 1981; x_wconf 85' lang='lat' dir='ltr'><strong>hypostasis</strong></span> <span class='ocrx_word' id='word_1_434' title='bbox 2679 1910 2903 1965; x_wconf 85' lang='lat' dir='ltr'><strong>nomine</strong></span> <span class='ocrx_word' id='word_1_435' title='bbox 2936 1912 3097 1980; x_wconf 80' lang='grc' dir='ltr'>φύσιν</span> <span class='ocrx_word' id='word_1_436' title='bbox 3130 1928 3223 1968; x_wconf 89' lang='lat' dir='ltr'><strong>seu</strong></span> <span class='ocrx_word' id='word_1_437' title='bbox 3259 1915 3446 1968; x_wconf 70' lang='grc' dir='ltr'><strong>οὐσίαν</strong></span> <span class='ocrx_word' id='word_1_438' title='bbox 3480 1917 3565 1971; x_wconf 92' lang='lat' dir='ltr'><strong>in-</strong></span> 
     </span>
    </p>
   </div>
   <div class='ocr_carea' id='block_1_63' title="bbox 1983 1999 3564 2070">
    <p class='ocr_par' dir='ltr' id='par_1_63' title="bbox 1983 1999 3564 2070">
     <span class='ocr_line' id='line_1_63' title="bbox 1983 1999 3564 2070; baseline 0.006 -18"><span class='ocrx_word' id='word_1_439' title='bbox 1983 1999 2271 2069; x_wconf 86' lang='lat' dir='ltr'><strong>telligeret.</strong></span> <span class='ocrx_word' id='word_1_440' title='bbox 2314 1999 2447 2054; x_wconf 85' lang='lat' dir='ltr'><strong>Vide</strong></span> <span class='ocrx_word' id='word_1_441' title='bbox 2496 2001 2785 2070; x_wconf 88' lang='lat' dir='ltr'><strong>epistolam</strong></span> <span class='ocrx_word' id='word_1_442' title='bbox 2819 2000 3098 2057; x_wconf 89' lang='lat' dir='ltr'><strong>Athanasii</strong></span> <span class='ocrx_word' id='word_1_443' title='bbox 3125 2004 3192 2059; x_wconf 91' lang='lat' dir='ltr'><strong>ad</strong></span> <span class='ocrx_word' id='word_1_444' title='bbox 3228 2006 3564 2061; x_wconf 87' lang='lat' dir='ltr'><strong>Antiochen-</strong></span> 
     </span>
    </p>
   </div>
   <div class='ocr_carea' id='block_1_64' title="bbox 1979 2093 3560 2166">
    <p class='ocr_par' dir='ltr' id='par_1_64' title="bbox 1979 2093 3560 2166">
     <span class='ocr_line' id='line_1_64' title="bbox 1979 2093 3560 2166; baseline 0.006 -20"><span class='ocrx_word' id='word_1_445' title='bbox 1979 2108 2098 2158; x_wconf 88' lang='lat' dir='ltr'><strong>ses;</strong></span> <span class='ocrx_word' id='word_1_446' title='bbox 2134 2101 2191 2147; x_wconf 89' lang='lat' dir='ltr'><strong>et</strong></span> <span class='ocrx_word' id='word_1_447' title='bbox 2227 2093 2516 2163; x_wconf 88' lang='lat' dir='ltr'><strong>epistolam</strong></span> <span class='ocrx_word' id='word_1_448' title='bbox 2542 2093 2838 2149; x_wconf 87' lang='lat' dir='ltr'><strong>Alexandri</strong></span> <span class='ocrx_word' id='word_1_449' title='bbox 2874 2095 3020 2166; x_wconf 90' lang='lat' dir='ltr'><strong>apud</strong></span> <span class='ocrx_word' id='word_1_450' title='bbox 3058 2096 3464 2157; x_wconf 87' lang='lat' dir='ltr'><strong>Theodoretum</strong></span> <span class='ocrx_word' id='word_1_451' title='bbox 3503 2099 3560 2155; x_wconf 90' lang='lat' dir='ltr'><strong>in</strong></span> 
     </span>
    </p>
   </div>
   <div class='ocr_carea' id='block_1_65' title="bbox 1977 2181 2228 2237">
    <p class='ocr_par' dir='ltr' id='par_1_65' title="bbox 1977 2181 2228 2237">
     <span class='ocr_line' id='line_1_65' title="bbox 1977 2181 2228 2237; baseline 0.004 -2"><span class='ocrx_word' id='word_1_452' title='bbox 1977 2181 2228 2237; x_wconf 91' lang='lat' dir='ltr'><strong>historia.</strong></span> 
     </span>
    </p>
   </div>
   <div class='ocr_carea' id='block_1_66' title="bbox 2046 2274 3559 2349">
    <p class='ocr_par' dir='ltr' id='par_1_66' title="bbox 2046 2274 3559 2349">
     <span class='ocr_line' id='line_1_66' title="bbox 2046 2274 3559 2349; baseline 0.007 -21"><span class='ocrx_word' id='word_1_453' title='bbox 2046 2274 2340 2343; x_wconf 83' lang='lat' dir='ltr'><strong>Dialogista</strong></span> <span class='ocrx_word' id='word_1_454' title='bbox 2381 2276 2511 2332; x_wconf 90' lang='lat' dir='ltr'><strong>totis</strong></span> <span class='ocrx_word' id='word_1_455' title='bbox 2546 2276 2726 2332; x_wconf 88' lang='lat' dir='ltr'><strong>tribus</strong></span> <span class='ocrx_word' id='word_1_456' title='bbox 2764 2276 2998 2349; x_wconf 82' lang='lat' dir='ltr'><strong>dialogis</strong></span> <span class='ocrx_word' id='word_1_457' title='bbox 3031 2279 3248 2334; x_wconf 91' lang='lat' dir='ltr'><strong>curiose</strong></span> <span class='ocrx_word' id='word_1_458' title='bbox 3282 2288 3459 2346; x_wconf 88' lang='lat' dir='ltr'><strong>cavet,</strong></span> <span class='ocrx_word' id='word_1_459' title='bbox 3489 2298 3559 2339; x_wconf 87' lang='lat' dir='ltr'><strong>ne</strong></span> 
     </span>
    </p>
   </div>
   <div class='ocr_carea' id='block_1_67' title="bbox 1975 2364 3561 2439">
    <p class='ocr_par' dir='ltr' id='par_1_67' title="bbox 1975 2364 3561 2439">
     <span class='ocr_line' id='line_1_67' title="bbox 1975 2364 3561 2439; baseline 0.005 -20"><span class='ocrx_word' id='word_1_460' title='bbox 1975 2365 2060 2420; x_wconf 86' lang='lat' dir='ltr'><strong>vel</strong></span> <span class='ocrx_word' id='word_1_461' title='bbox 2086 2364 2283 2420; x_wconf 84' lang='lat' dir='ltr'><strong>leviter</strong></span> <span class='ocrx_word' id='word_1_462' title='bbox 2308 2366 2512 2423; x_wconf 89' lang='lat' dir='ltr'><strong>indicet</strong></span> <span class='ocrx_word' id='word_1_463' title='bbox 2541 2367 2777 2438; x_wconf 86' lang='lat' dir='ltr'><strong>Spiritus</strong></span> <span class='ocrx_word' id='word_1_464' title='bbox 2810 2369 2987 2423; x_wconf 90' lang='lat' dir='ltr'><strong>sancti</strong></span> <span class='ocrx_word' id='word_1_465' title='bbox 3022 2385 3052 2423; x_wconf 89' lang='lat' dir='ltr'><strong>a</strong></span> <span class='ocrx_word' id='word_1_466' title='bbox 3086 2368 3224 2425; x_wconf 85' lang='lat' dir='ltr'><strong>Filio</strong></span> <span class='ocrx_word' id='word_1_467' title='bbox 3253 2372 3561 2439; x_wconf 89' lang='lat' dir='ltr'><strong>processio-</strong></span> 
     </span>
    </p>
   </div>
   <div class='ocr_carea' id='block_1_68' title="bbox 1974 2457 3557 2528">
    <p class='ocr_par' dir='ltr' id='par_1_68' title="bbox 1974 2457 3557 2528">
     <span class='ocr_line' id='line_1_68' title="bbox 1974 2457 3557 2528; baseline 0.004 -17"><span class='ocrx_word' id='word_1_468' title='bbox 1974 2473 2099 2513; x_wconf 90' lang='lat' dir='ltr'><strong>nem</strong></span> <span class='ocrx_word' id='word_1_469' title='bbox 2137 2474 2150 2510; x_wconf 90' lang='lat'><strong>:</strong></span> <span class='ocrx_word' id='word_1_470' title='bbox 2178 2457 2511 2513; x_wconf 87' lang='lat' dir='ltr'><strong>Athanasius</strong></span> <span class='ocrx_word' id='word_1_471' title='bbox 2541 2458 2806 2528; x_wconf 89' lang='lat' dir='ltr'><strong>Spiritum</strong></span> <span class='ocrx_word' id='word_1_472' title='bbox 2830 2472 3080 2515; x_wconf 89' lang='lat' dir='ltr'><strong>sanctum</strong></span> <span class='ocrx_word' id='word_1_473' title='bbox 3110 2476 3139 2514; x_wconf 88' lang='lat' dir='ltr'><strong>a</strong></span> <span class='ocrx_word' id='word_1_474' title='bbox 3164 2460 3301 2516; x_wconf 89' lang='lat' dir='ltr'><strong>Filio</strong></span> <span class='ocrx_word' id='word_1_475' title='bbox 3332 2461 3557 2525; x_wconf 89' lang='lat' dir='ltr'><strong>habere.</strong></span> 
     </span>
    </p>
   </div>
   <div class='ocr_carea' id='block_1_69' title="bbox 1974 2548 3557 2621">
    <p class='ocr_par' dir='ltr' id='par_1_69' title="bbox 1974 2548 3557 2621">
     <span class='ocr_line' id='line_1_69' title="bbox 1974 2548 3557 2621; baseline 0.005 -21"><span class='ocrx_word' id='word_1_476' title='bbox 1974 2563 2315 2617; x_wconf 69' lang='lat' dir='ltr'><strong>qumcunquc</strong></span> <span class='ocrx_word' id='word_1_477' title='bbox 2364 2548 2548 2613; x_wconf 87' lang='lat' dir='ltr'><strong>habet,</strong></span> <span class='ocrx_word' id='word_1_478' title='bbox 2587 2551 2897 2621; x_wconf 88' lang='lat' dir='ltr'><strong>Filiumque</strong></span> <span class='ocrx_word' id='word_1_479' title='bbox 2937 2567 3058 2606; x_wconf 89' lang='lat' dir='ltr'><strong>esse</strong></span> <span class='ocrx_word' id='word_1_480' title='bbox 3107 2550 3345 2621; x_wconf 87' lang='lat' dir='ltr'><strong>Spiritus</strong></span> <span class='ocrx_word' id='word_1_481' title='bbox 3383 2554 3557 2608; x_wconf 86' lang='lat' dir='ltr'><strong>sancti</strong></span> 
     </span>
    </p>
   </div>
   <div class='ocr_carea' id='block_1_70' title="bbox 1972 2637 3555 2709">
    <p class='ocr_par' dir='ltr' id='par_1_70' title="bbox 1972 2637 3555 2709">
     <span class='ocr_line' id='line_1_70' title="bbox 1972 2637 3555 2709; baseline 0.005 -18"><span class='ocrx_word' id='word_1_482' title='bbox 1972 2637 2200 2703; x_wconf 80' lang='lat' dir='ltr'><strong>fontem,</strong></span> <span class='ocrx_word' id='word_1_483' title='bbox 2232 2655 2487 2709; x_wconf 81' lang='lat' dir='ltr'><strong>expresse</strong></span> <span class='ocrx_word' id='word_1_484' title='bbox 2534 2640 2700 2695; x_wconf 88' lang='lat' dir='ltr'><strong>tradit</strong></span> <span class='ocrx_word' id='word_1_485' title='bbox 2742 2640 2893 2696; x_wconf 85' lang='lat' dir='ltr'><strong>Orat.</strong></span> <span class='ocrx_word' id='word_1_486' title='bbox 2935 2642 2969 2695; x_wconf 74' lang='grc'>2</span> <span class='ocrx_word' id='word_1_487' title='bbox 3008 2641 3272 2697; x_wconf 86' lang='lat' dir='ltr'><strong>adversus</strong></span> <span class='ocrx_word' id='word_1_488' title='bbox 3305 2643 3555 2707; x_wconf 87' lang='lat' dir='ltr'><strong>Arianos,</strong></span> 
     </span>
    </p>
   </div>
   <div class='ocr_carea' id='block_1_71' title="bbox 1972 2728 3556 2803">
    <p class='ocr_par' dir='ltr' id='par_1_71' title="bbox 1972 2728 3556 2803">
     <span class='ocr_line' id='line_1_71' title="bbox 1972 2728 3556 2803; baseline 0.003 -21"><span class='ocrx_word' id='word_1_489' title='bbox 1972 2728 2028 2782; x_wconf 90' lang='lat' dir='ltr'><strong>in</strong></span> <span class='ocrx_word' id='word_1_490' title='bbox 2063 2729 2203 2785; x_wconf 88' lang='lat' dir='ltr'><strong>libro</strong></span> <span class='ocrx_word' id='word_1_491' title='bbox 2229 2729 2296 2784; x_wconf 89' lang='lat' dir='ltr'><strong>de</strong></span> <span class='ocrx_word' id='word_1_492' title='bbox 2324 2730 2531 2799; x_wconf 89' lang='lat' dir='ltr'><strong>Spiritu</strong></span> <span class='ocrx_word' id='word_1_493' title='bbox 2565 2740 2755 2786; x_wconf 90' lang='lat' dir='ltr'><strong>sancto</strong></span> <span class='ocrx_word' id='word_1_494' title='bbox 2786 2734 2855 2787; x_wconf 90' lang='lat' dir='ltr'><strong>ad</strong></span> <span class='ocrx_word' id='word_1_495' title='bbox 2882 2733 3281 2803; x_wconf 89' lang='lat' dir='ltr'><strong>Spiridionem,</strong></span> <span class='ocrx_word' id='word_1_496' title='bbox 3311 2735 3367 2788; x_wconf 90' lang='lat' dir='ltr'><strong>in</strong></span> <span class='ocrx_word' id='word_1_497' title='bbox 3410 2735 3556 2789; x_wconf 88' lang='lat' dir='ltr'><strong>libro</strong></span> 
     </span>
    </p>
   </div>
   <div class='ocr_carea' id='block_1_72' title="bbox 1970 2820 3555 2894">
    <p class='ocr_par' dir='ltr' id='par_1_72' title="bbox 1970 2820 3555 2894">
     <span class='ocr_line' id='line_1_72' title="bbox 1970 2820 3555 2894; baseline 0.004 -19"><span class='ocrx_word' id='word_1_498' title='bbox 1970 2820 2038 2876; x_wconf 91' lang='lat' dir='ltr'><strong>de</strong></span> <span class='ocrx_word' id='word_1_499' title='bbox 2089 2831 2287 2876; x_wconf 88' lang='lat' dir='ltr'><strong>natura</strong></span> <span class='ocrx_word' id='word_1_500' title='bbox 2339 2822 2576 2876; x_wconf 89' lang='lat' dir='ltr'><strong>humana</strong></span> <span class='ocrx_word' id='word_1_501' title='bbox 2624 2832 2909 2894; x_wconf 88' lang='lat' dir='ltr'><strong>suscepta,</strong></span> <span class='ocrx_word' id='word_1_502' title='bbox 2965 2833 3020 2880; x_wconf 90' lang='lat' dir='ltr'><strong>et</strong></span> <span class='ocrx_word' id='word_1_503' title='bbox 3069 2827 3320 2881; x_wconf 89' lang='lat' dir='ltr'><strong>oratione</strong></span> <span class='ocrx_word' id='word_1_504' title='bbox 3366 2836 3555 2881; x_wconf 86' lang='lat' dir='ltr'><strong>contra</strong></span> 
     </span>
    </p>
   </div>
   <div class='ocr_carea' id='block_1_73' title="bbox 1969 2910 2486 2981">
    <p class='ocr_par' dir='ltr' id='par_1_73' title="bbox 1969 2910 2486 2981">
     <span class='ocr_line' id='line_1_73' title="bbox 1969 2910 2486 2981; baseline 0.006 -18"><span class='ocrx_word' id='word_1_505' title='bbox 1969 2910 2215 2981; x_wconf 83' lang='lat' dir='ltr'><strong>gregales</strong></span> <span class='ocrx_word' id='word_1_506' title='bbox 2242 2911 2486 2967; x_wconf 89' lang='lat' dir='ltr'><strong>Sabellii.</strong></span> 
     </span>
    </p>
   </div>
   <div class='ocr_carea' id='block_1_74' title="bbox 2040 3002 3557 3077">
    <p class='ocr_par' dir='ltr' id='par_1_74' title="bbox 2040 3002 3557 3077">
     <span class='ocr_line' id='line_1_74' title="bbox 2040 3002 3557 3077; baseline 0.003 -21"><span class='ocrx_word' id='word_1_507' title='bbox 2040 3002 2335 3072; x_wconf 87' lang='lat' dir='ltr'><strong>Dialogista</strong></span> <span class='ocrx_word' id='word_1_508' title='bbox 2374 3003 2612 3074; x_wconf 91' lang='lat' dir='ltr'><strong>denique</strong></span> <span class='ocrx_word' id='word_1_509' title='bbox 2652 3005 3166 3075; x_wconf 89' lang='lat' dir='ltr'><strong>Apollinaristarum</strong></span> <span class='ocrx_word' id='word_1_510' title='bbox 3204 3007 3423 3077; x_wconf 87' lang='lat' dir='ltr'><strong>triginta</strong></span> <span class='ocrx_word' id='word_1_511' title='bbox 3454 3007 3557 3061; x_wconf 88' lang='lat' dir='ltr'><strong>sol-</strong></span> 
     </span>
    </p>
   </div>
   <div class='ocr_carea' id='block_1_75' title="bbox 1924 3092 3554 3166">
    <p class='ocr_par' dir='ltr' id='par_1_75' title="bbox 1924 3092 3554 3166">
     <span class='ocr_line' id='line_1_75' title="bbox 1924 3092 3554 3166; baseline 0.004 -20"><span class='ocrx_word' id='word_1_512' title='bbox 1924 3146 1937 3163; x_wconf 48' lang='lat'><strong>.</strong></span> <span class='ocrx_word' id='word_1_513' title='bbox 1970 3092 2051 3147; x_wconf 83' lang='lat' dir='ltr'><strong>vit</strong></span> <span class='ocrx_word' id='word_1_514' title='bbox 2090 3094 2352 3162; x_wconf 87' lang='lat' dir='ltr'><strong>argutias.</strong></span> <span class='ocrx_word' id='word_1_515' title='bbox 2402 3094 2735 3150; x_wconf 87' lang='lat' dir='ltr'><strong>Athanasius</strong></span> <span class='ocrx_word' id='word_1_516' title='bbox 2785 3096 3031 3166; x_wconf 87' lang='lat' dir='ltr'><strong>quinque</strong></span> <span class='ocrx_word' id='word_1_517' title='bbox 3085 3106 3330 3163; x_wconf 90' lang='lat' dir='ltr'><strong>tantum,</strong></span> <span class='ocrx_word' id='word_1_518' title='bbox 3379 3105 3435 3152; x_wconf 91' lang='lat' dir='ltr'><strong>et</strong></span> <span class='ocrx_word' id='word_1_519' title='bbox 3481 3098 3554 3153; x_wconf 83' lang='lat' dir='ltr'><strong>ita</strong></span> 
     </span>
    </p>
   </div>
   <div class='ocr_carea' id='block_1_76' title="bbox 1971 3184 3554 3258">
    <p class='ocr_par' dir='ltr' id='par_1_76' title="bbox 1971 3184 3554 3258">
     <span class='ocr_line' id='line_1_76' title="bbox 1971 3184 3554 3258; baseline 0.004 -20"><span class='ocrx_word' id='word_1_520' title='bbox 1971 3184 2216 3256; x_wconf 81' lang='lat' dir='ltr'><strong>quidem,</strong></span> <span class='ocrx_word' id='word_1_521' title='bbox 2256 3194 2313 3238; x_wconf 90' lang='lat' dir='ltr'><strong>ut</strong></span> <span class='ocrx_word' id='word_1_522' title='bbox 2366 3201 2468 3239; x_wconf 89' lang='lat' dir='ltr'><strong>nec</strong></span> <span class='ocrx_word' id='word_1_523' title='bbox 2517 3186 2713 3242; x_wconf 86' lang='lat' dir='ltr'><strong>iisdem</strong></span> <span class='ocrx_word' id='word_1_524' title='bbox 2756 3185 3014 3241; x_wconf 89' lang='lat' dir='ltr'><strong>omnibus</strong></span> <span class='ocrx_word' id='word_1_525' title='bbox 3066 3188 3414 3258; x_wconf 89' lang='lat' dir='ltr'><strong>respondeat,</strong></span> <span class='ocrx_word' id='word_1_526' title='bbox 3452 3205 3554 3245; x_wconf 87' lang='lat' dir='ltr'><strong>nec</strong></span> 
     </span>
    </p>
   </div>
   <div class='ocr_carea' id='block_1_77' title="bbox 1972 3275 2612 3330">
    <p class='ocr_par' dir='ltr' id='par_1_77' title="bbox 1972 3275 2612 3330">
     <span class='ocr_line' id='line_1_77' title="bbox 1972 3275 2612 3330; baseline 0 0"><span class='ocrx_word' id='word_1_527' title='bbox 1972 3275 2166 3330; x_wconf 87' lang='lat' dir='ltr'><strong>iisdem</strong></span> <span class='ocrx_word' id='word_1_528' title='bbox 2198 3275 2390 3330; x_wconf 84' lang='lat' dir='ltr'><strong>eodem</strong></span> <span class='ocrx_word' id='word_1_529' title='bbox 2430 3275 2612 3330; x_wconf 83' lang='lat' dir='ltr'><strong>modo.</strong></span> 
     </span>
    </p>
   </div>
   <div class='ocr_carea' id='block_1_78' title="bbox 2039 3366 3549 3442">
    <p class='ocr_par' dir='ltr' id='par_1_78' title="bbox 2039 3366 3549 3442">
     <span class='ocr_line' id='line_1_78' title="bbox 2039 3366 3549 3442; baseline 0.004 -21"><span class='ocrx_word' id='word_1_530' title='bbox 2039 3367 2175 3421; x_wconf 85' lang='lat' dir='ltr'><strong>Vill.</strong></span> <span class='ocrx_word' id='word_1_531' title='bbox 2206 3366 2347 3433; x_wconf 85' lang='lat' dir='ltr'><strong>Quid</strong></span> <span class='ocrx_word' id='word_1_532' title='bbox 2377 3368 2572 3437; x_wconf 87' lang='lat' dir='ltr'><strong>plura?</strong></span> <span class='ocrx_word' id='word_1_533' title='bbox 2604 3369 2965 3425; x_wconf 87' lang='lat' dir='ltr'><strong>Verissimum</strong></span> <span class='ocrx_word' id='word_1_534' title='bbox 2993 3369 3240 3441; x_wconf 89' lang='lat' dir='ltr'><strong>profecto</strong></span> <span class='ocrx_word' id='word_1_535' title='bbox 3270 3383 3372 3435; x_wconf 87' lang='lat' dir='ltr'><strong>est,</strong></span> <span class='ocrx_word' id='word_1_536' title='bbox 3403 3372 3549 3442; x_wconf 81' lang='lat' dir='ltr'><strong>quod</strong></span> 
     </span>
    </p>
   </div>
   <div class='ocr_carea' id='block_1_79' title="bbox 1968 3458 3550 3533">
    <p class='ocr_par' dir='ltr' id='par_1_79' title="bbox 1968 3458 3550 3533">
     <span class='ocr_line' id='line_1_79' title="bbox 1968 3458 3550 3533; baseline 0.004 -21"><span class='ocrx_word' id='word_1_537' title='bbox 1968 3458 2223 3512; x_wconf 86' lang='lat' dir='ltr'><strong>Petavius</strong></span> <span class='ocrx_word' id='word_1_538' title='bbox 2271 3459 2567 3528; x_wconf 89' lang='lat' dir='ltr'><strong>aliquando</strong></span> <span class='ocrx_word' id='word_1_539' title='bbox 2608 3460 2811 3526; x_wconf 85' lang='lat' dir='ltr'><strong>aiebat,</strong></span> <span class='ocrx_word' id='word_1_540' title='bbox 2852 3477 2978 3516; x_wconf 92' lang='lat' dir='ltr'><strong>cum</strong></span> <span class='ocrx_word' id='word_1_541' title='bbox 3032 3474 3247 3533; x_wconf 88' lang='lat' dir='ltr'><strong>urgeret</strong></span> <span class='ocrx_word' id='word_1_542' title='bbox 3296 3463 3550 3519; x_wconf 87' lang='lat' dir='ltr'><strong>insanum</strong></span> 
     </span>
    </p>
   </div>
   <div class='ocr_carea' id='block_1_80' title="bbox 1967 3550 3549 3626">
    <p class='ocr_par' dir='ltr' id='par_1_80' title="bbox 1967 3550 3549 3626">
     <span class='ocr_line' id='line_1_80' title="bbox 1967 3550 3549 3626; baseline 0.005 -23"><span class='ocrx_word' id='word_1_543' title='bbox 1967 3551 2257 3619; x_wconf 83' lang='lat' dir='ltr'><strong>quemdam</strong></span> <span class='ocrx_word' id='word_1_544' title='bbox 2288 3550 2572 3606; x_wconf 88' lang='lat' dir='ltr'><strong>Athanasii</strong></span> <span class='ocrx_word' id='word_1_545' title='bbox 2608 3553 3042 3619; x_wconf 87' lang='lat' dir='ltr'><strong>criminatorem,</strong></span> <span class='ocrx_word' id='word_1_546' title='bbox 3076 3555 3170 3625; x_wconf 91' lang='lat' dir='ltr'><strong>qui</strong></span> <span class='ocrx_word' id='word_1_547' title='bbox 3208 3555 3549 3626; x_wconf 85' lang='lat' dir='ltr'><strong>dialogorum</strong></span> 
     </span>
    </p>
   </div>
   <div class='ocr_carea' id='block_1_81' title="bbox 1968 3642 3551 3717">
    <p class='ocr_par' dir='ltr' id='par_1_81' title="bbox 1968 3642 3551 3717">
     <span class='ocr_line' id='line_1_81' title="bbox 1968 3642 3551 3717; baseline 0.003 -21"><span class='ocrx_word' id='word_1_548' title='bbox 1968 3642 2282 3698; x_wconf 89' lang='lat' dir='ltr'><strong>testimonio</strong></span> <span class='ocrx_word' id='word_1_549' title='bbox 2308 3644 2565 3699; x_wconf 87' lang='lat' dir='ltr'><strong>utebatur</strong></span> <span class='ocrx_word' id='word_1_550' title='bbox 2590 3644 2655 3717; x_wconf 87' lang='lat' dir='ltr'><strong>ad</strong></span> <span class='ocrx_word' id='word_1_551' title='bbox 2684 3645 2988 3701; x_wconf 82' lang='lat' dir='ltr'><strong>faciendam</strong></span> <span class='ocrx_word' id='word_1_552' title='bbox 3013 3647 3342 3701; x_wconf 86' lang='lat' dir='ltr'><strong>Arianorum</strong></span> <span class='ocrx_word' id='word_1_553' title='bbox 3374 3647 3551 3702; x_wconf 89' lang='lat' dir='ltr'><strong>domi-</strong></span> 
     </span>
    </p>
   </div>
   <div class='ocr_carea' id='block_1_82' title="bbox 1967 3734 3550 3801">
    <p class='ocr_par' dir='ltr' id='par_1_82' title="bbox 1967 3734 3550 3801">
     <span class='ocr_line' id='line_1_82' title="bbox 1967 3734 3550 3801; baseline 0.003 -14"><span class='ocrx_word' id='word_1_554' title='bbox 1967 3734 2072 3787; x_wconf 90' lang='lat' dir='ltr'><strong>tori</strong></span> <span class='ocrx_word' id='word_1_555' title='bbox 2104 3735 2319 3790; x_wconf 71' lang='lat' dir='ltr'><strong>Ariana:</strong></span> <span class='ocrx_word' id='word_1_556' title='bbox 2361 3735 2588 3789; x_wconf 62' lang='lat' dir='ltr'><strong>haeresis</strong></span> <span class='ocrx_word' id='word_1_557' title='bbox 2621 3736 2903 3791; x_wconf 88' lang='lat' dir='ltr'><strong>invidiam.</strong></span> <span class='ocrx_word' id='word_1_558' title='bbox 2938 3737 3299 3792; x_wconf 86' lang='lat' dir='ltr'><strong>Verissimum</strong></span> <span class='ocrx_word' id='word_1_559' title='bbox 3332 3744 3435 3801; x_wconf 80' lang='lat' dir='ltr'><strong>est,</strong></span> <span class='ocrx_word' id='word_1_560' title='bbox 3466 3739 3550 3792; x_wconf 90' lang='lat' dir='ltr'><strong>in-</strong></span> 
     </span>
    </p>
   </div>
   <div class='ocr_carea' id='block_1_83' title="bbox 1965 3828 3549 3900">
    <p class='ocr_par' dir='ltr' id='par_1_83' title="bbox 1965 3828 3549 3900">
     <span class='ocr_line' id='line_1_83' title="bbox 1965 3828 3549 3900; baseline 0.003 -21"><span class='ocrx_word' id='word_1_561' title='bbox 1965 3842 2151 3895; x_wconf 87' lang='lat' dir='ltr'><strong>quam,</strong></span> <span class='ocrx_word' id='word_1_562' title='bbox 2201 3846 2218 3878; x_wconf 79' lang='grc'><em>‹</em></span> <span class='ocrx_word' id='word_1_563' title='bbox 2262 3828 2563 3892; x_wconf 86' lang='lat' dir='ltr'><strong>neminem,</strong></span> <span class='ocrx_word' id='word_1_564' title='bbox 2599 3828 2691 3896; x_wconf 91' lang='lat' dir='ltr'><strong>qui</strong></span> <span class='ocrx_word' id='word_1_565' title='bbox 2732 3830 2748 3847; x_wconf 85' lang='lat'><strong><em>‘</em></strong></span> <span class='ocrx_word' id='word_1_566' title='bbox 2787 3829 3187 3900; x_wconf 84' lang='lat' dir='ltr'><strong>dialogisticum</strong></span> <span class='ocrx_word' id='word_1_567' title='bbox 3238 3829 3369 3883; x_wconf 89' lang='lat' dir='ltr'><strong>illud</strong></span> <span class='ocrx_word' id='word_1_568' title='bbox 3410 3845 3549 3899; x_wconf 90' lang='lat' dir='ltr'><strong>opus</strong></span> 
     </span>
    </p>
   </div>
   <div class='ocr_carea' id='block_1_84' title="bbox 1964 3917 3551 3988">
    <p class='ocr_par' dir='ltr' id='par_1_84' title="bbox 1964 3917 3551 3988">
     <span class='ocr_line' id='line_1_84' title="bbox 1964 3917 3551 3988; baseline 0.001 -18"><span class='ocrx_word' id='word_1_569' title='bbox 1964 3917 2178 3987; x_wconf 85' lang='lat' dir='ltr'><strong>legerit,</strong></span> <span class='ocrx_word' id='word_1_570' title='bbox 2210 3926 2265 3972; x_wconf 89' lang='lat' dir='ltr'><strong>et</strong></span> <span class='ocrx_word' id='word_1_571' title='bbox 2303 3918 2359 3972; x_wconf 91' lang='lat' dir='ltr'><strong>in</strong></span> <span class='ocrx_word' id='word_1_572' title='bbox 2399 3918 2505 3974; x_wconf 88' lang='lat' dir='ltr'><strong>hoc</strong></span> <span class='ocrx_word' id='word_1_573' title='bbox 2540 3918 2718 3987; x_wconf 89' lang='lat' dir='ltr'><strong>ipsum</strong></span> <span class='ocrx_word' id='word_1_574' title='bbox 2751 3918 3016 3973; x_wconf 68' lang='lat' dir='ltr'><strong>doctrina:</strong></span> <span class='ocrx_word' id='word_1_575' title='bbox 3052 3920 3335 3988; x_wconf 85' lang='lat' dir='ltr'><strong>paululum</strong></span> <span class='ocrx_word' id='word_1_576' title='bbox 3371 3934 3433 3972; x_wconf 90' lang='lat' dir='ltr'><strong>ac</strong></span> <span class='ocrx_word' id='word_1_577' title='bbox 3460 3919 3551 3988; x_wconf 78' lang='lat' dir='ltr'><strong>ju-</strong></span> 
     </span>
    </p>
   </div>
   <div class='ocr_carea' id='block_1_85' title="bbox 1964 4007 3546 4080">
    <p class='ocr_par' dir='ltr' id='par_1_85' title="bbox 1964 4007 3546 4080">
     <span class='ocr_line' id='line_1_85' title="bbox 1964 4007 3546 4080; baseline 0.003 -19"><span class='ocrx_word' id='word_1_578' title='bbox 1964 4007 2094 4062; x_wconf 91' lang='lat' dir='ltr'><strong>dicii</strong></span> <span class='ocrx_word' id='word_1_579' title='bbox 2124 4008 2438 4073; x_wconf 89' lang='lat' dir='ltr'><strong>contulerit,</strong></span> <span class='ocrx_word' id='word_1_580' title='bbox 2464 4008 2721 4063; x_wconf 89' lang='lat' dir='ltr'><strong>dubitare</strong></span> <span class='ocrx_word' id='word_1_581' title='bbox 2749 4024 2929 4078; x_wconf 88' lang='lat' dir='ltr'><strong>posse,</strong></span> <span class='ocrx_word' id='word_1_582' title='bbox 2957 4010 3100 4080; x_wconf 89' lang='lat' dir='ltr'><strong>quod</strong></span> <span class='ocrx_word' id='word_1_583' title='bbox 3129 4010 3407 4066; x_wconf 85' lang='lat' dir='ltr'><strong>Athanasii</strong></span> <span class='ocrx_word' id='word_1_584' title='bbox 3438 4028 3546 4066; x_wconf 88' lang='lat' dir='ltr'><strong>non</strong></span> 
     </span>
    </p>
   </div>
   <div class='ocr_carea' id='block_1_86' title="bbox 1962 4097 3545 4172">
    <p class='ocr_par' dir='ltr' id='par_1_86' title="bbox 1962 4097 3545 4172">
     <span class='ocr_line' id='line_1_86' title="bbox 1962 4097 3545 4172; baseline 0.003 -20"><span class='ocrx_word' id='word_1_585' title='bbox 1962 4098 2034 4153; x_wconf 89' lang='lat' dir='ltr'><strong>sit</strong></span> <span class='ocrx_word' id='word_1_586' title='bbox 2068 4097 2122 4151; x_wconf 89' lang='lat' dir='ltr'><strong>id</strong></span> <span class='ocrx_word' id='word_1_587' title='bbox 2159 4106 2355 4162; x_wconf 82' lang='lat' dir='ltr'><strong>totum,</strong></span> <span class='ocrx_word' id='word_1_588' title='bbox 2390 4099 2658 4169; x_wconf 87' lang='lat' dir='ltr'><strong>quidquid</strong></span> <span class='ocrx_word' id='word_1_589' title='bbox 2698 4110 2804 4167; x_wconf 90' lang='lat' dir='ltr'><strong>est,</strong></span> <span class='ocrx_word' id='word_1_590' title='bbox 2836 4111 3234 4172; x_wconf 86' lang='lat' dir='ltr'><strong>quantumque,</strong></span> <span class='ocrx_word' id='word_1_591' title='bbox 3270 4111 3324 4157; x_wconf 90' lang='lat' dir='ltr'><strong>et</strong></span> <span class='ocrx_word' id='word_1_592' title='bbox 3360 4103 3545 4172; x_wconf 85' lang='lat' dir='ltr'><strong>cujus-</strong></span> 
     </span>
    </p>
   </div>
   <div class='ocr_carea' id='block_1_87' title="bbox 1964 4188 3546 4262">
    <p class='ocr_par' dir='ltr' id='par_1_87' title="bbox 1964 4188 3546 4262">
     <span class='ocr_line' id='line_1_87' title="bbox 1964 4188 3546 4262; baseline 0.003 -21"><span class='ocrx_word' id='word_1_593' title='bbox 1964 4188 2132 4242; x_wconf 90' lang='lat' dir='ltr'><strong>modi.</strong></span> <span class='ocrx_word' id='word_1_594' title='bbox 2171 4209 2189 4239; x_wconf 76' lang='grc' dir='ltr'><strong><em>ι</em></strong></span> <span class='ocrx_word' id='word_1_595' title='bbox 2232 4190 2592 4244; x_wconf 88' lang='lat' dir='ltr'><strong>Verissimum</strong></span> <span class='ocrx_word' id='word_1_596' title='bbox 2626 4208 2866 4262; x_wconf 88' lang='lat' dir='ltr'><strong>quoque,</strong></span> <span class='ocrx_word' id='word_1_597' title='bbox 2905 4192 3052 4262; x_wconf 90' lang='lat' dir='ltr'><strong>quod</strong></span> <span class='ocrx_word' id='word_1_598' title='bbox 3099 4192 3243 4247; x_wconf 87' lang='lat' dir='ltr'><strong>idem</strong></span> <span class='ocrx_word' id='word_1_599' title='bbox 3281 4192 3409 4247; x_wconf 85' lang='lat' dir='ltr'><strong>alibi</strong></span> <span class='ocrx_word' id='word_1_600' title='bbox 3450 4193 3546 4246; x_wconf 78' lang='lat' dir='ltr'><strong>ob-</strong></span> 
     </span>
    </p>
   </div>
   <div class='ocr_carea' id='block_1_88' title="bbox 1962 4281 3533 4354">
    <p class='ocr_par' dir='ltr' id='par_1_88' title="bbox 1962 4281 3533 4354">
     <span class='ocr_line' id='line_1_88' title="bbox 1962 4281 3533 4354; baseline 0.003 -21"><span class='ocrx_word' id='word_1_601' title='bbox 1962 4290 2164 4344; x_wconf 86' lang='lat' dir='ltr'><strong>servat,</strong></span> <span class='ocrx_word' id='word_1_602' title='bbox 2191 4281 2487 4336; x_wconf 89' lang='lat' dir='ltr'><strong>dictionem</strong></span> <span class='ocrx_word' id='word_1_603' title='bbox 2519 4282 2861 4353; x_wconf 83' lang='lat' dir='ltr'><strong>dialogorum</strong></span> <span class='ocrx_word' id='word_1_604' title='bbox 2888 4284 2955 4338; x_wconf 89' lang='lat' dir='ltr'><strong>ab</strong></span> <span class='ocrx_word' id='word_1_605' title='bbox 2984 4283 3353 4349; x_wconf 28' lang='lat' dir='ltr'><strong>Athanasia‘ua</strong></span> <span class='ocrx_word' id='word_1_606' title='bbox 3383 4282 3533 4354; x_wconf 60' lang='lat'><strong>43]</strong></span> 
     </span>
    </p>
   </div>
   <div class='ocr_carea' id='block_1_89' title="bbox 1961 4371 3399 4444">
    <p class='ocr_par' dir='ltr' id='par_1_89' title="bbox 1961 4371 3399 4444">
     <span class='ocr_line' id='line_1_89' title="bbox 1961 4371 3399 4444; baseline 0.001 -18"><span class='ocrx_word' id='word_1_607' title='bbox 1961 4371 2275 4426; x_wconf 88' lang='lat' dir='ltr'><strong>inimitabili</strong></span> <span class='ocrx_word' id='word_1_608' title='bbox 2300 4373 2548 4427; x_wconf 87' lang='lat' dir='ltr'><strong>oratione</strong></span> <span class='ocrx_word' id='word_1_609' title='bbox 2574 4374 2771 4427; x_wconf 91' lang='lat' dir='ltr'><strong>mirum</strong></span> <span class='ocrx_word' id='word_1_610' title='bbox 2798 4385 3063 4444; x_wconf 88' lang='lat' dir='ltr'><strong>quantum</strong></span> <span class='ocrx_word' id='word_1_611' title='bbox 3089 4375 3311 4430; x_wconf 65' lang='lat' dir='ltr'><strong>dill‘erre</strong></span> <span class='ocrx_word' id='word_1_612' title='bbox 3338 4377 3399 4428; x_wconf 71' lang='grc' dir='ltr'><strong>τ’.</strong></span> 
     </span>
    </p>
   </div>
   <div class='ocr_carea' id='block_1_90' title="bbox 264 4462 3541 4542">
    <p class='ocr_par' dir='ltr' id='par_1_90' title="bbox 264 4462 3541 4542">
     <span class='ocr_line' id='line_1_90' title="bbox 264 4462 3541 4542; baseline 0.004 -32"><span class='ocrx_word' id='word_1_613' title='bbox 264 4472 361 4542; x_wconf 61' lang='lat' dir='ltr'><strong>qui</strong></span> <span class='ocrx_word' id='word_1_614' title='bbox 394 4472 523 4534; x_wconf 51' lang='lat'><strong>375&#39;</strong></span> <span class='ocrx_word' id='word_1_615' title='bbox 558 4470 625 4524; x_wconf 69' lang='lat' dir='ltr'><strong>ad</strong></span> <span class='ocrx_word' id='word_1_616' title='bbox 654 4471 894 4526; x_wconf 72' lang='lat' dir='ltr'><strong>medium</strong></span> <span class='ocrx_word' id='word_1_617' title='bbox 922 4472 1257 4540; x_wconf 59' lang='lat' dir='ltr'><strong>pervenerit,</strong></span> <span class='ocrx_word' id='word_1_618' title='bbox 1286 4472 1380 4527; x_wconf 72' lang='lat' dir='ltr'><strong>ubi</strong></span> <span class='ocrx_word' id='word_1_619' title='bbox 1410 4473 1676 4531; x_wconf 62' lang='lat' dir='ltr'><strong>adversus</strong></span> <span class='ocrx_word' id='word_1_620' title='bbox 1700 4475 1857 4532; x_wconf 55' lang='lat' dir='ltr'><strong>cata-</strong></span> <span class='ocrx_word' id='word_1_621' title='bbox 1888 4468 1931 4534; x_wconf 61' lang='grc' dir='ltr'><strong>Ι)</strong></span> <span class='ocrx_word' id='word_1_622' title='bbox 2028 4462 2119 4517; x_wconf 67' lang='grc' dir='ltr'><strong>ιχ.</strong></span> <span class='ocrx_word' id='word_1_623' title='bbox 2160 4464 2206 4517; x_wconf 88' lang='lat' dir='ltr'><strong>A</strong></span> <span class='ocrx_word' id='word_1_624' title='bbox 2232 4464 2348 4519; x_wconf 88' lang='lat' dir='ltr'><strong>viro</strong></span> <span class='ocrx_word' id='word_1_625' title='bbox 2382 4472 2487 4517; x_wconf 87' lang='lat' dir='ltr'><strong>tam</strong></span> <span class='ocrx_word' id='word_1_626' title='bbox 2534 4464 2821 4535; x_wconf 86' lang='lat' dir='ltr'><strong>insigniter</strong></span> <span class='ocrx_word' id='word_1_627' title='bbox 2852 4465 3070 4519; x_wconf 87' lang='lat' dir='ltr'><strong>erudito</strong></span> <span class='ocrx_word' id='word_1_628' title='bbox 3099 4483 3207 4519; x_wconf 91' lang='lat' dir='ltr'><strong>non</strong></span> <span class='ocrx_word' id='word_1_629' title='bbox 3244 4467 3373 4521; x_wconf 87' lang='lat' dir='ltr'><strong>licet</strong></span> <span class='ocrx_word' id='word_1_630' title='bbox 3408 4468 3541 4522; x_wconf 83' lang='lat' dir='ltr'><strong>mihi</strong></span> 
     </span>
    </p>
   </div>
   <div class='ocr_carea' id='block_1_91' title="bbox 262 4558 1851 4633">
    <p class='ocr_par' dir='ltr' id='par_1_91' title="bbox 262 4558 1851 4633">
     <span class='ocr_line' id='line_1_91' title="bbox 262 4558 1851 4633; baseline 0.004 -20"><span class='ocrx_word' id='word_1_631' title='bbox 262 4558 507 4630; x_wconf 78' lang='lat' dir='ltr'><strong>phrygas</strong></span> <span class='ocrx_word' id='word_1_632' title='bbox 555 4559 818 4629; x_wconf 89' lang='lat' dir='ltr'><strong>disputat.</strong></span> <span class='ocrx_word' id='word_1_633' title='bbox 869 4560 1096 4630; x_wconf 86' lang='lat' dir='ltr'><strong>Oportet</strong></span> <span class='ocrx_word' id='word_1_634' title='bbox 1144 4560 1311 4631; x_wconf 81' lang='lat' dir='ltr'><strong>igitur</strong></span> <span class='ocrx_word' id='word_1_635' title='bbox 1355 4561 1498 4617; x_wconf 88' lang='lat' dir='ltr'><strong>Aetii</strong></span> <span class='ocrx_word' id='word_1_636' title='bbox 1544 4564 1851 4633; x_wconf 86' lang='lat' dir='ltr'><strong>epistolam,</strong></span> 
     </span>
    </p>
   </div>
   <div class='ocr_carea' id='block_1_92' title="bbox 259 4650 1858 4728">
    <p class='ocr_par' dir='ltr' id='par_1_92' title="bbox 259 4650 1858 4728">
     <span class='ocr_line' id='line_1_92' title="bbox 259 4650 1858 4728; baseline 0.004 -23"><span class='ocrx_word' id='word_1_637' title='bbox 259 4667 386 4721; x_wconf 65' lang='lat' dir='ltr'><strong>quae</strong></span> <span class='ocrx_word' id='word_1_638' title='bbox 420 4650 643 4721; x_wconf 83' lang='lat' dir='ltr'><strong>dialogo</strong></span> <span class='ocrx_word' id='word_1_639' title='bbox 688 4667 723 4705; x_wconf 87' lang='grc' dir='ltr'>ιι</span> <span class='ocrx_word' id='word_1_640' title='bbox 763 4652 1133 4722; x_wconf 87' lang='lat' dir='ltr'><strong>impugnatur,</strong></span> <span class='ocrx_word' id='word_1_641' title='bbox 1168 4652 1641 4724; x_wconf 87' lang='lat' dir='ltr'><strong>Constantinopoli</strong></span> <span class='ocrx_word' id='word_1_642' title='bbox 1671 4658 1858 4728; x_wconf 86' lang='lat' dir='ltr'><strong>vulga-</strong></span> 
     </span>
    </p>
   </div>
   <div class='ocr_carea' id='block_1_93' title="bbox 261 4740 1853 4811">
    <p class='ocr_par' dir='ltr' id='par_1_93' title="bbox 261 4740 1853 4811">
     <span class='ocr_line' id='line_1_93' title="bbox 261 4740 1853 4811; baseline 0.004 -17"><span class='ocrx_word' id='word_1_643' title='bbox 261 4749 375 4794; x_wconf 79' lang='lat' dir='ltr'><strong>tam</strong></span> <span class='ocrx_word' id='word_1_644' title='bbox 410 4740 586 4794; x_wconf 85' lang='lat' dir='ltr'><strong>fuisse</strong></span> <span class='ocrx_word' id='word_1_645' title='bbox 617 4755 762 4795; x_wconf 87' lang='lat' dir='ltr'><strong>anno</strong></span> <span class='ocrx_word' id='word_1_646' title='bbox 792 4740 916 4805; x_wconf 74' lang='lat'><strong>572,</strong></span> <span class='ocrx_word' id='word_1_647' title='bbox 952 4748 1047 4794; x_wconf 91' lang='lat' dir='ltr'><strong>aut</strong></span> <span class='ocrx_word' id='word_1_648' title='bbox 1077 4741 1202 4807; x_wconf 77' lang='lat'><strong>375,</strong></span> <span class='ocrx_word' id='word_1_649' title='bbox 1237 4742 1332 4811; x_wconf 91' lang='lat' dir='ltr'><strong>qui</strong></span> <span class='ocrx_word' id='word_1_650' title='bbox 1366 4743 1504 4797; x_wconf 89' lang='lat' dir='ltr'><strong>alter</strong></span> <span class='ocrx_word' id='word_1_651' title='bbox 1530 4754 1625 4798; x_wconf 90' lang='lat' dir='ltr'><strong>aut</strong></span> <span class='ocrx_word' id='word_1_652' title='bbox 1654 4760 1853 4800; x_wconf 90' lang='lat' dir='ltr'><strong>secun-</strong></span> 
     </span>
    </p>
   </div>
   <div class='ocr_carea' id='block_1_94' title="bbox 258 4829 1853 4903">
    <p class='ocr_par' dir='ltr' id='par_1_94' title="bbox 258 4829 1853 4903">
     <span class='ocr_line' id='line_1_94' title="bbox 258 4829 1853 4903; baseline 0.003 -19"><span class='ocrx_word' id='word_1_653' title='bbox 258 4831 369 4885; x_wconf 89' lang='lat' dir='ltr'><strong>dus</strong></span> <span class='ocrx_word' id='word_1_654' title='bbox 414 4829 488 4884; x_wconf 85' lang='lat' dir='ltr'><strong>ab</strong></span> <span class='ocrx_word' id='word_1_655' title='bbox 534 4829 820 4885; x_wconf 77' lang='lat' dir='ltr'><strong>Athanasii</strong></span> <span class='ocrx_word' id='word_1_656' title='bbox 870 4830 1046 4897; x_wconf 88' lang='lat' dir='ltr'><strong>obitu,</strong></span> <span class='ocrx_word' id='word_1_657' title='bbox 1090 4831 1136 4885; x_wconf 90' lang='lat' dir='ltr'><strong>si</strong></span> <span class='ocrx_word' id='word_1_658' title='bbox 1185 4831 1597 4903; x_wconf 88' lang='lat' dir='ltr'><strong>chronologiam</strong></span> <span class='ocrx_word' id='word_1_659' title='bbox 1645 4834 1853 4890; x_wconf 84' lang='lat' dir='ltr'><strong>Petavii</strong></span> 
     </span>
    </p>
   </div>
   <div class='ocr_carea' id='block_1_95' title="bbox 259 4924 579 4992">
    <p class='ocr_par' dir='ltr' id='par_1_95' title="bbox 259 4924 579 4992">
     <span class='ocr_line' id='line_1_95' title="bbox 259 4924 579 4992; baseline 0 -17"><span class='ocrx_word' id='word_1_660' title='bbox 259 4924 579 4992; x_wconf 80' lang='lat' dir='ltr'><strong>sequimur.</strong></span> 
     </span>
    </p>
   </div>
   <div class='ocr_carea' id='block_1_96' title="bbox 330 5013 1851 5084">
    <p class='ocr_par' dir='ltr' id='par_1_96' title="bbox 330 5013 1851 5084">
     <span class='ocr_line' id='line_1_96' title="bbox 330 5013 1851 5084; baseline 0.003 -16"><span class='ocrx_word' id='word_1_661' title='bbox 330 5014 454 5069; x_wconf 79' lang='lat' dir='ltr'><strong>VII.</strong></span> <span class='ocrx_word' id='word_1_662' title='bbox 488 5013 667 5083; x_wconf 86' lang='lat' dir='ltr'><strong>Atque</strong></span> <span class='ocrx_word' id='word_1_663' title='bbox 695 5014 809 5068; x_wconf 69' lang='lat' dir='ltr'><strong>haec</strong></span> <span class='ocrx_word' id='word_1_664' title='bbox 838 5013 905 5069; x_wconf 91' lang='lat' dir='ltr'><strong>de</strong></span> <span class='ocrx_word' id='word_1_665' title='bbox 941 5023 1219 5082; x_wconf 84' lang='lat' dir='ltr'><strong>tempore;</strong></span> <span class='ocrx_word' id='word_1_666' title='bbox 1250 5013 1360 5084; x_wconf 88' lang='lat' dir='ltr'><strong>jam</strong></span> <span class='ocrx_word' id='word_1_667' title='bbox 1383 5014 1452 5069; x_wconf 93' lang='lat' dir='ltr'><strong>de</strong></span> <span class='ocrx_word' id='word_1_668' title='bbox 1473 5014 1742 5071; x_wconf 85' lang='lat' dir='ltr'><strong>doctrina.</strong></span> <span class='ocrx_word' id='word_1_669' title='bbox 1775 5018 1851 5072; x_wconf 89' lang='lat' dir='ltr'><strong>De</strong></span> 
     </span>
    </p>
   </div>
   <div class='ocr_carea' id='block_1_97' title="bbox 254 5104 1856 5174">
    <p class='ocr_par' dir='ltr' id='par_1_97' title="bbox 254 5104 1856 5174">
     <span class='ocr_line' id='line_1_97' title="bbox 254 5104 1856 5174; baseline 0.003 -16"><span class='ocrx_word' id='word_1_670' title='bbox 254 5106 453 5159; x_wconf 83' lang='lat' dir='ltr'><strong>tribus</strong></span> <span class='ocrx_word' id='word_1_671' title='bbox 492 5104 794 5159; x_wconf 63' lang='lat' dir='ltr'><strong>hmresibus</strong></span> <span class='ocrx_word' id='word_1_672' title='bbox 826 5104 881 5158; x_wconf 92' lang='lat' dir='ltr'><strong>in</strong></span> <span class='ocrx_word' id='word_1_673' title='bbox 916 5104 1148 5174; x_wconf 83' lang='lat' dir='ltr'><strong>dialogis</strong></span> <span class='ocrx_word' id='word_1_674' title='bbox 1193 5106 1396 5174; x_wconf 85' lang='lat' dir='ltr'><strong>agitur,</strong></span> <span class='ocrx_word' id='word_1_675' title='bbox 1430 5106 1648 5171; x_wconf 88' lang='lat' dir='ltr'><strong>Ariana,</strong></span> <span class='ocrx_word' id='word_1_676' title='bbox 1680 5107 1856 5163; x_wconf 86' lang='lat' dir='ltr'><strong>Mace-</strong></span> 
     </span>
    </p>
   </div>
   <div class='ocr_carea' id='block_1_98' title="bbox 254 5195 1855 5269">
    <p class='ocr_par' dir='ltr' id='par_1_98' title="bbox 254 5195 1855 5269">
     <span class='ocr_line' id='line_1_98' title="bbox 254 5195 1855 5269; baseline 0.002 -19"><span class='ocrx_word' id='word_1_677' title='bbox 254 5196 508 5250; x_wconf 73' lang='lat' dir='ltr'><strong>doniam</strong></span> <span class='ocrx_word' id='word_1_678' title='bbox 539 5207 596 5249; x_wconf 85' lang='lat' dir='ltr'><strong>et</strong></span> <span class='ocrx_word' id='word_1_679' title='bbox 635 5195 1064 5265; x_wconf 86' lang='lat' dir='ltr'><strong>Apollinariana.</strong></span> <span class='ocrx_word' id='word_1_680' title='bbox 1101 5195 1380 5251; x_wconf 86' lang='lat' dir='ltr'><strong>Adversus</strong></span> <span class='ocrx_word' id='word_1_681' title='bbox 1417 5199 1659 5269; x_wconf 85' lang='lat' dir='ltr'><strong>singulas</strong></span> <span class='ocrx_word' id='word_1_682' title='bbox 1696 5200 1855 5254; x_wconf 89' lang='lat' dir='ltr'><strong>aliter</strong></span> 
     </span>
    </p>
   </div>
   <div class='ocr_carea' id='block_1_99' title="bbox 251 5282 1433 5354">
    <p class='ocr_par' dir='ltr' id='par_1_99' title="bbox 251 5282 1433 5354">
     <span class='ocr_line' id='line_1_99' title="bbox 251 5282 1433 5354; baseline -0.003 -14"><span class='ocrx_word' id='word_1_683' title='bbox 251 5284 625 5343; x_wconf 65' lang='lat' dir='ltr'><strong>Athanasius.</strong></span> <span class='ocrx_word' id='word_1_684' title='bbox 659 5284 818 5339; x_wconf 89' lang='lat' dir='ltr'><strong>aliter</strong></span> <span class='ocrx_word' id='word_1_685' title='bbox 850 5284 1136 5353; x_wconf 86' lang='lat' dir='ltr'><strong>dialogista</strong></span> <span class='ocrx_word' id='word_1_686' title='bbox 1172 5282 1433 5354; x_wconf 88' lang='lat' dir='ltr'><strong>disputat.</strong></span> 
     </span>
    </p>
   </div>
   <div class='ocr_carea' id='block_1_100' title="bbox 329 5374 1848 5448">
    <p class='ocr_par' dir='ltr' id='par_1_100' title="bbox 329 5374 1848 5448">
     <span class='ocr_line' id='line_1_100' title="bbox 329 5374 1848 5448; baseline 0.001 -18"><span class='ocrx_word' id='word_1_687' title='bbox 329 5374 637 5445; x_wconf 83' lang='lat' dir='ltr'><strong>Dialogista</strong></span> <span class='ocrx_word' id='word_1_688' title='bbox 668 5383 871 5443; x_wconf 84' lang='lat' dir='ltr'><strong>pugnat</strong></span> <span class='ocrx_word' id='word_1_689' title='bbox 911 5382 1101 5429; x_wconf 88' lang='lat' dir='ltr'><strong>contra</strong></span> <span class='ocrx_word' id='word_1_690' title='bbox 1140 5375 1354 5429; x_wconf 83' lang='lat' dir='ltr'><strong>Aetium</strong></span> <span class='ocrx_word' id='word_1_691' title='bbox 1388 5377 1848 5448; x_wconf 82' lang='lat' dir='ltr'><strong>Eunomiumque,</strong></span> 
     </span>
    </p>
   </div>
   <div class='ocr_carea' id='block_1_101' title="bbox 1964 4555 3541 4625">
    <p class='ocr_par' dir='ltr' id='par_1_101' title="bbox 1964 4555 3541 4625">
     <span class='ocr_line' id='line_1_101' title="bbox 1964 4555 3541 4625; baseline 0.001 -15"><span class='ocrx_word' id='word_1_692' title='bbox 1964 4555 2020 4610; x_wconf 88' lang='lat' dir='ltr'><strong>in</strong></span> <span class='ocrx_word' id='word_1_693' title='bbox 2060 4556 2164 4609; x_wconf 87' lang='lat' dir='ltr'><strong>hac</strong></span> <span class='ocrx_word' id='word_1_694' title='bbox 2206 4564 2435 4625; x_wconf 88' lang='lat' dir='ltr'><strong>utraque</strong></span> <span class='ocrx_word' id='word_1_695' title='bbox 2478 4557 2747 4609; x_wconf 86' lang='lat' dir='ltr'><strong>sententia</strong></span> <span class='ocrx_word' id='word_1_696' title='bbox 2788 4557 3083 4611; x_wconf 76' lang='lat' dir='ltr'><strong>dissentire</strong></span> <span class='ocrx_word' id='word_1_697' title='bbox 3118 4575 3131 4609; x_wconf 89' lang='lat'><strong>:</strong></span> <span class='ocrx_word' id='word_1_698' title='bbox 3166 4558 3420 4612; x_wconf 83' lang='lat' dir='ltr'><strong>assentiri</strong></span> <span class='ocrx_word' id='word_1_699' title='bbox 3460 4568 3541 4612; x_wconf 85' lang='lat' dir='ltr'><strong>ta-</strong></span> 
     </span>
    </p>
   </div>
   <div class='ocr_carea' id='block_1_102' title="bbox 1968 4646 3543 4718">
    <p class='ocr_par' dir='ltr' id='par_1_102' title="bbox 1968 4646 3543 4718">
     <span class='ocr_line' id='line_1_102' title="bbox 1968 4646 3543 4718; baseline 0.003 -18"><span class='ocrx_word' id='word_1_700' title='bbox 1968 4663 2093 4702; x_wconf 89' lang='lat' dir='ltr'><strong>men</strong></span> <span class='ocrx_word' id='word_1_701' title='bbox 2122 4662 2230 4701; x_wconf 90' lang='lat' dir='ltr'><strong>non</strong></span> <span class='ocrx_word' id='word_1_702' title='bbox 2263 4663 2482 4715; x_wconf 88' lang='lat' dir='ltr'><strong>possum</strong></span> <span class='ocrx_word' id='word_1_703' title='bbox 2514 4646 2566 4700; x_wconf 90' lang='lat' dir='ltr'><strong>in</strong></span> <span class='ocrx_word' id='word_1_704' title='bbox 2601 4661 2667 4701; x_wconf 89' lang='lat' dir='ltr'><strong>eo</strong></span> <span class='ocrx_word' id='word_1_705' title='bbox 2712 4647 2880 4717; x_wconf 92' lang='lat' dir='ltr'><strong>quod,</strong></span> <span class='ocrx_word' id='word_1_706' title='bbox 2913 4663 3035 4717; x_wconf 61' lang='lat' dir='ltr'><strong>quae</strong></span> <span class='ocrx_word' id='word_1_707' title='bbox 3073 4648 3273 4718; x_wconf 86' lang='lat' dir='ltr'><strong>scripta</strong></span> <span class='ocrx_word' id='word_1_708' title='bbox 3306 4649 3543 4704; x_wconf 84' lang='lat' dir='ltr'><strong>Athana-</strong></span> 
     </span>
    </p>
   </div>
   <div class='ocr_carea' id='block_1_103' title="bbox 1962 4739 3542 4810">
    <p class='ocr_par' dir='ltr' id='par_1_103' title="bbox 1962 4739 3542 4810">
     <span class='ocr_line' id='line_1_103' title="bbox 1962 4739 3542 4810; baseline 0.002 -16"><span class='ocrx_word' id='word_1_709' title='bbox 1962 4740 2045 4794; x_wconf 90' lang='lat' dir='ltr'><strong>sio</strong></span> <span class='ocrx_word' id='word_1_710' title='bbox 2083 4739 2381 4810; x_wconf 88' lang='lat' dir='ltr'><strong>abjudicat,</strong></span> <span class='ocrx_word' id='word_1_711' title='bbox 2425 4739 2660 4796; x_wconf 76' lang='lat' dir='ltr'><strong>Maximo</strong></span> <span class='ocrx_word' id='word_1_712' title='bbox 2702 4740 2973 4795; x_wconf 89' lang='lat' dir='ltr'><strong>monacho</strong></span> <span class='ocrx_word' id='word_1_713' title='bbox 3017 4742 3289 4806; x_wconf 88' lang='lat' dir='ltr'><strong>attribuit,</strong></span> <span class='ocrx_word' id='word_1_714' title='bbox 3331 4742 3542 4797; x_wconf 77' lang='lat' dir='ltr'><strong>Graeco-</strong></span> 
     </span>
    </p>
   </div>
   <div class='ocr_carea' id='block_1_104' title="bbox 1961 4830 3601 4905">
    <p class='ocr_par' dir='ltr' id='par_1_104' title="bbox 1961 4830 3601 4905">
     <span class='ocr_line' id='line_1_104' title="bbox 1961 4830 3601 4905; baseline 0.002 -20"><span class='ocrx_word' id='word_1_715' title='bbox 1961 4846 2106 4893; x_wconf 91' lang='lat' dir='ltr'><strong>rum,</strong></span> <span class='ocrx_word' id='word_1_716' title='bbox 2141 4840 2200 4884; x_wconf 89' lang='lat' dir='ltr'><strong>ut</strong></span> <span class='ocrx_word' id='word_1_717' title='bbox 2228 4830 2324 4895; x_wconf 91' lang='lat' dir='ltr'><strong>ait,</strong></span> <span class='ocrx_word' id='word_1_718' title='bbox 2376 4831 2645 4901; x_wconf 87' lang='lat' dir='ltr'><strong>judicium</strong></span> <span class='ocrx_word' id='word_1_719' title='bbox 2677 4844 2917 4891; x_wconf 87' lang='lat' dir='ltr'><strong>secutus.</strong></span> <span class='ocrx_word' id='word_1_720' title='bbox 2950 4834 3116 4905; x_wconf 91' lang='lat' dir='ltr'><strong>Atqui</strong></span> <span class='ocrx_word' id='word_1_721' title='bbox 3143 4852 3244 4905; x_wconf 88' lang='lat' dir='ltr'><strong>ego</strong></span> <span class='ocrx_word' id='word_1_722' title='bbox 3270 4836 3541 4889; x_wconf 87' lang='lat' dir='ltr'><strong>contendo</strong></span> <span class='ocrx_word' id='word_1_723' title='bbox 3580 4886 3601 4904; x_wconf 77' lang='grc'><em>,</em></span> 
     </span>
    </p>
   </div>
   <div class='ocr_carea' id='block_1_105' title="bbox 1959 4922 3536 4996">
    <p class='ocr_par' dir='ltr' id='par_1_105' title="bbox 1959 4922 3536 4996">
     <span class='ocr_line' id='line_1_105' title="bbox 1959 4922 3536 4996; baseline 0.003 -21"><span class='ocrx_word' id='word_1_724' title='bbox 1959 4922 2166 4977; x_wconf 88' lang='lat' dir='ltr'><strong>nullius</strong></span> <span class='ocrx_word' id='word_1_725' title='bbox 2213 4937 2334 4977; x_wconf 90' lang='lat' dir='ltr'><strong>esse</strong></span> <span class='ocrx_word' id='word_1_726' title='bbox 2388 4925 2650 4978; x_wconf 89' lang='lat' dir='ltr'><strong>momenti</strong></span> <span class='ocrx_word' id='word_1_727' title='bbox 2686 4926 2789 4980; x_wconf 92' lang='lat' dir='ltr'><strong>hac</strong></span> <span class='ocrx_word' id='word_1_728' title='bbox 2836 4926 2889 4980; x_wconf 91' lang='lat' dir='ltr'><strong>in</strong></span> <span class='ocrx_word' id='word_1_729' title='bbox 2927 4935 3078 4996; x_wconf 90' lang='lat' dir='ltr'><strong>parte</strong></span> <span class='ocrx_word' id='word_1_730' title='bbox 3106 4925 3415 4981; x_wconf 72' lang='lat' dir='ltr'><strong>Grmcorum</strong></span> <span class='ocrx_word' id='word_1_731' title='bbox 3450 4942 3536 4979; x_wconf 90' lang='lat' dir='ltr'><strong>re-</strong></span> 
     </span>
    </p>
   </div>
   <div class='ocr_carea' id='block_1_106' title="bbox 1958 5013 3536 5087">
    <p class='ocr_par' dir='ltr' id='par_1_106' title="bbox 1958 5013 3536 5087">
     <span class='ocr_line' id='line_1_106' title="bbox 1958 5013 3536 5087; baseline 0.005 -21"><span class='ocrx_word' id='word_1_732' title='bbox 1958 5013 2266 5067; x_wconf 91' lang='lat' dir='ltr'><strong>centiorum</strong></span> <span class='ocrx_word' id='word_1_733' title='bbox 2298 5014 2590 5084; x_wconf 88' lang='lat' dir='ltr'><strong>judicium,</strong></span> <span class='ocrx_word' id='word_1_734' title='bbox 2619 5031 2744 5070; x_wconf 88' lang='lat' dir='ltr'><strong>cum</strong></span> <span class='ocrx_word' id='word_1_735' title='bbox 2784 5026 2839 5071; x_wconf 91' lang='lat' dir='ltr'><strong>et</strong></span> <span class='ocrx_word' id='word_1_736' title='bbox 2873 5017 2975 5087; x_wconf 89' lang='lat' dir='ltr'><strong>ipsi</strong></span> <span class='ocrx_word' id='word_1_737' title='bbox 3010 5023 3252 5086; x_wconf 88' lang='lat' dir='ltr'><strong>pugnent</strong></span> <span class='ocrx_word' id='word_1_738' title='bbox 3290 5017 3433 5070; x_wconf 89' lang='lat' dir='ltr'><strong>inter</strong></span> <span class='ocrx_word' id='word_1_739' title='bbox 3458 5031 3536 5074; x_wconf 85' lang='lat' dir='ltr'><strong>sc.</strong></span> 
     </span>
    </p>
   </div>
   <div class='ocr_carea' id='block_1_107' title="bbox 1955 5108 3539 5178">
    <p class='ocr_par' dir='ltr' id='par_1_107' title="bbox 1955 5108 3539 5178">
     <span class='ocr_line' id='line_1_107' title="bbox 1955 5108 3539 5178; baseline 0 -16"><span class='ocrx_word' id='word_1_740' title='bbox 1955 5108 2104 5178; x_wconf 92' lang='lat' dir='ltr'><strong>quod</strong></span> <span class='ocrx_word' id='word_1_741' title='bbox 2150 5117 2311 5163; x_wconf 91' lang='lat' dir='ltr'><strong>antea</strong></span> <span class='ocrx_word' id='word_1_742' title='bbox 2353 5108 2734 5174; x_wconf 87' lang='lat' dir='ltr'><strong>ostendimus;</strong></span> <span class='ocrx_word' id='word_1_743' title='bbox 2782 5117 2838 5163; x_wconf 88' lang='lat' dir='ltr'><strong>et</strong></span> <span class='ocrx_word' id='word_1_744' title='bbox 2880 5109 3348 5164; x_wconf 88' lang='lat' dir='ltr'><strong>demonstratione</strong></span> <span class='ocrx_word' id='word_1_745' title='bbox 3393 5118 3539 5163; x_wconf 82' lang='lat' dir='ltr'><strong>certa</strong></span> 
     </span>
    </p>
   </div>
   <div class='ocr_carea' id='block_1_108' title="bbox 1955 5199 3539 5269">
    <p class='ocr_par' dir='ltr' id='par_1_108' title="bbox 1955 5199 3539 5269">
     <span class='ocr_line' id='line_1_108' title="bbox 1955 5199 3539 5269; baseline 0.001 -18"><span class='ocrx_word' id='word_1_746' title='bbox 1955 5200 2334 5263; x_wconf 87' lang='lat' dir='ltr'><strong>revincantur,</strong></span> <span class='ocrx_word' id='word_1_747' title='bbox 2386 5199 2534 5268; x_wconf 88' lang='lat' dir='ltr'><strong>quod</strong></span> <span class='ocrx_word' id='word_1_748' title='bbox 2591 5216 2740 5255; x_wconf 90' lang='lat' dir='ltr'><strong>nunc</strong></span> <span class='ocrx_word' id='word_1_749' title='bbox 2788 5199 3157 5269; x_wconf 64' lang='lat' dir='ltr'><strong>praestandum</strong></span> <span class='ocrx_word' id='word_1_750' title='bbox 3202 5218 3217 5255; x_wconf 91' lang='lat'><strong>:</strong></span> <span class='ocrx_word' id='word_1_751' title='bbox 3261 5201 3306 5255; x_wconf 90' lang='lat' dir='ltr'><strong>si</strong></span> <span class='ocrx_word' id='word_1_752' title='bbox 3358 5209 3539 5254; x_wconf 86' lang='lat' dir='ltr'><strong>tamen</strong></span> 
     </span>
    </p>
   </div>
   <div class='ocr_carea' id='block_1_109' title="bbox 1954 5291 3538 5364">
    <p class='ocr_par' dir='ltr' id='par_1_109' title="bbox 1954 5291 3538 5364">
     <span class='ocr_line' id='line_1_109' title="bbox 1954 5291 3538 5364; baseline -0.001 -17"><span class='ocrx_word' id='word_1_753' title='bbox 1954 5295 2109 5361; x_wconf 90' lang='lat' dir='ltr'><strong>prius</strong></span> <span class='ocrx_word' id='word_1_754' title='bbox 2135 5293 2432 5363; x_wconf 89' lang='lat' dir='ltr'><strong>objectioni</strong></span> <span class='ocrx_word' id='word_1_755' title='bbox 2461 5307 2784 5364; x_wconf 89' lang='lat' dir='ltr'><strong>responsum</strong></span> <span class='ocrx_word' id='word_1_756' title='bbox 2828 5291 3014 5357; x_wconf 77' lang='lat' dir='ltr'><strong>fuerit,</strong></span> <span class='ocrx_word' id='word_1_757' title='bbox 3052 5308 3173 5362; x_wconf 68' lang='lat' dir='ltr'><strong>quas</strong></span> <span class='ocrx_word' id='word_1_758' title='bbox 3205 5309 3272 5347; x_wconf 83' lang='lat' dir='ltr'><strong>ex</strong></span> <span class='ocrx_word' id='word_1_759' title='bbox 3304 5292 3538 5347; x_wconf 90' lang='lat' dir='ltr'><strong>concilio</strong></span> 
     </span>
    </p>
   </div>
   <div class='ocr_carea' id='block_1_110' title="bbox 1960 5381 3494 5452">
    <p class='ocr_par' dir='ltr' id='par_1_110' title="bbox 1960 5381 3494 5452">
     <span class='ocr_line' id='line_1_110' title="bbox 1960 5381 3494 5452; baseline 0.001 -17"><span class='ocrx_word' id='word_1_760' title='bbox 1960 5382 2317 5437; x_wconf 84' lang='lat' dir='ltr'><strong>Lateranensi</strong></span> <span class='ocrx_word' id='word_1_761' title='bbox 2350 5383 2451 5437; x_wconf 88' lang='lat' dir='ltr'><strong>sub</strong></span> <span class='ocrx_word' id='word_1_762' title='bbox 2486 5382 2718 5437; x_wconf 86' lang='lat' dir='ltr'><strong>Martino</strong></span> <span class='ocrx_word' id='word_1_763' title='bbox 2742 5382 2761 5435; x_wconf 93' lang='lat' dir='ltr'><strong>l</strong></span> <span class='ocrx_word' id='word_1_764' title='bbox 2786 5381 3062 5436; x_wconf 88' lang='lat' dir='ltr'><strong>celebrato</strong></span> <span class='ocrx_word' id='word_1_765' title='bbox 3087 5382 3268 5439; x_wconf 80' lang='lat' dir='ltr'><strong>all‘erri</strong></span> <span class='ocrx_word' id='word_1_766' title='bbox 3297 5391 3494 5452; x_wconf 88' lang='lat' dir='ltr'><strong>potest.</strong></span> 
     </span>
    </p>
   </div>
   <div class='ocr_carea' id='block_1_111' title="bbox 1601 5564 2188 5621">
    <p class='ocr_par' dir='ltr' id='par_1_111' title="bbox 1601 5564 2188 5621">
     <span class='ocr_line' id='line_1_111' title="bbox 1601 5564 2188 5621; baseline -0.007 0"><span class='ocrx_word' id='word_1_767' title='bbox 1601 5564 1917 5621; x_wconf 70' lang='lat' dir='ltr'><strong>SCIlUllll</strong></span> <span class='ocrx_word' id='word_1_768' title='bbox 1957 5564 2188 5619; x_wconf 73' lang='lat' dir='ltr'><strong>NOT/E.</strong></span> 
     </span>
    </p>
   </div>
   <div class='ocr_carea' id='block_1_112' title="bbox 339 5742 3108 5820">
    <p class='ocr_par' dir='ltr' id='par_1_112' title="bbox 339 5742 3108 5820">
     <span class='ocr_line' id='line_1_112' title="bbox 339 5742 3108 5820; baseline 0 -19"><span class='ocrx_word' id='word_1_769' title='bbox 339 5745 385 5778; x_wconf 63' lang='grc' dir='ltr'><strong>δ’</strong></span> <span class='ocrx_word' id='word_1_770' title='bbox 416 5742 567 5801; x_wconf 76' lang='lat' dir='ltr'><strong>idem</strong></span> <span class='ocrx_word' id='word_1_771' title='bbox 603 5744 717 5803; x_wconf 79' lang='lat' dir='ltr'><strong>fere</strong></span> <span class='ocrx_word' id='word_1_772' title='bbox 744 5755 828 5803; x_wconf 86' lang='lat' dir='ltr'><strong>est</strong></span> <span class='ocrx_word' id='word_1_773' title='bbox 860 5757 1263 5820; x_wconf 86' lang='lat' dir='ltr'><strong>argumentum,</strong></span> <span class='ocrx_word' id='word_1_774' title='bbox 1298 5764 1405 5819; x_wconf 86' lang='lat' dir='ltr'><strong>quo</strong></span> <span class='ocrx_word' id='word_1_775' title='bbox 1439 5750 1519 5804; x_wconf 81' lang='lat' dir='ltr'><strong>usi</strong></span> <span class='ocrx_word' id='word_1_776' title='bbox 1562 5758 1683 5804; x_wconf 77' lang='lat' dir='ltr'><strong>sunt</strong></span> <span class='ocrx_word' id='word_1_777' title='bbox 1728 5751 1972 5807; x_wconf 78' lang='lat' dir='ltr'><strong>editores</strong></span> <span class='ocrx_word' id='word_1_778' title='bbox 2024 5749 2232 5809; x_wconf 76' lang='lat' dir='ltr'><strong>Beitcd.</strong></span> <span class='ocrx_word' id='word_1_779' title='bbox 2285 5756 2325 5803; x_wconf 90' lang='lat' dir='ltr'><strong>t.</strong></span> <span class='ocrx_word' id='word_1_780' title='bbox 2364 5749 2428 5817; x_wconf 91' lang='lat' dir='ltr'><strong>ll,</strong></span> <span class='ocrx_word' id='word_1_781' title='bbox 2464 5746 2599 5818; x_wconf 88' lang='lat' dir='ltr'><strong>Opp.</strong></span> <span class='ocrx_word' id='word_1_782' title='bbox 2632 5746 2855 5813; x_wconf 66' lang='lat' dir='ltr'><strong>Athan,</strong></span> <span class='ocrx_word' id='word_1_783' title='bbox 2888 5761 2945 5817; x_wconf 89' lang='lat' dir='ltr'><strong>p.</strong></span> <span class='ocrx_word' id='word_1_784' title='bbox 2983 5744 3108 5801; x_wconf 63' lang='grc'><strong>472.</strong></span> 
     </span>
    </p>
   </div>
  </div>
