4078 6160
609 251 715 316 379

1480 253 1851 316 GARNEBII
1886 249 2517 314 DISSERTATIONIS
2559 251 2618 310 ΙΙ
2650 253 3052 314 APPENDIX-
3758 244 3844 308 380

679 363 752 421 Χ.
797 365 1161 422 Adducuntur
1210 367 1263 421 in
1293 365 1614 423 Secretario
1639 383 1690 422 v.
1736 369 2050 424 testimonia
2090 367 2196 422 tria
2226 371 2266 425 A
2295 366 2524 434 jaceret,
2565 368 2852 438 ipsumque
2900 379 3105 420 nomen
3152 363 3266 418 fere
3307 359 3514 417 oblivio
3550 359 3848 434 delevisset?

607 459 913 523 Athanasii,
945 468 999 514 et
1030 460 1252 514 tertium
1286 458 1509 529 quidem
1535 459 1639 514 hoc
1671 461 1831 514 titulo
1863 479 1875 514 :
1917 481 1935 512 ‹
1974 461 2053 515 Ex
2080 475 2194 515 ser-

606 567 769 607 mone
801 551 1107 616 Athanasii,
1141 553 1235 622 qui
1274 568 1371 622 per
1409 552 1632 606 modum
1663 551 2108 623 interrogationis
2136 561 2194 606 et

609 643 986 713 responsionis
1031 660 1156 699 cum
1192 645 1494 715 Apollinari
1539 644 1614 700 lit.
1647 666 1664 698 ι
1712 643 1847 712 Quis
1885 661 2016 700 vero
2048 646 2193 715 ejus-

606 732 753 787 modi
788 749 966 788 sermo
999 741 1083 788 est
1121 741 1320 804 praeter
1350 735 1624 806 dialogum
1661 751 1830 789 unum
1870 735 1938 795 de
1973 734 2192 789 duobus

604 823 872 879 adversus
891 824 1326 895 Apollinarium?
1350 827 1551 881 Verum
1577 834 1794 897 oportet
1819 833 1915 881 aut
1936 825 2189 880 vitiosam

602 930 725 969 esse
755 915 1096 982 cilationem,
1125 925 1218 970 aut
1248 918 1416 971 alium
1450 916 1747 988 dialogum,
1780 932 1942 987 quam
1976 915 2070 986 qui
2101 930 2192 987 ge-

605 992 810 1060 nuinus
845 1006 1106 1074 habetur,
1149 1007 1385 1062 laudari.
1416 1006 1548 1074 Qua:
1588 1008 1736 1063 enim
1777 1007 2086 1063 atleruntur
2123 1022 2190 1062 eo

604 1097 746 1162 loco,
774 1097 828 1152 in
873 1109 1072 1154 neutro
1115 1099 1499 1170 reperiuntur;
1546 1099 1658 1154 imo
1700 1116 1802 1156 nec
1835 1099 1890 1154 in
1931 1100 2187 1169 septimo,

602 1188 698 1257 qui
730 1189 979 1244 nonnihil
1013 1190 1179 1245 habet
1223 1191 1565 1262 cognationis
1602 1207 1727 1246 cum
1764 1191 1890 1245 aliis
1925 1189 2143 1246 duobus
2173 1209 2184 1245 :

600 1279 736 1348 quin
777 1282 942 1336 etiam
989 1282 1371 1337 testimonium
1416 1282 1741 1347 secundum,
1776 1282 1922 1352 quod
1961 1281 2190 1338 aﬂertur

602 1369 706 1425 hac
753 1370 1112 1444 inscriptione
1146 1391 1172 1438 λ
1209 1394 1226 1426 ι
1262 1373 1523 1444 Ejusdem
1568 1373 1637 1429 de
1681 1366 1933 1429 sermone
1981 1375 2188 1446 majore

600 1471 793 1516 contra
839 1465 1244 1535 Apollinarem,
1285 1464 1353 1519 de
1393 1464 1519 1529 fide,
1554 1485 1572 1516 ι
1622 1463 1828 1519 frustra
1870 1479 2084 1535 quaeras
2131 1466 2186 1520 in

599 1554 950 1609 sermonibus
979 1555 1157 1610 tribus
1187 1555 1452 1610 adversus
1479 1555 1900 1626 Apollinarium,
1922 1557 2017 1627 qui
2044 1557 2188 1612 inter

598 1655 768 1710 opera
808 1643 1091 1698 Athanasii
1134 1644 1415 1712 leguntur.
1450 1645 1606 1701 Unde
1635 1661 1743 1700 non
1775 1646 2066 1702 temeraria
2104 1647 2187 1701 in-

2295 455 2460 525 Atqui
2494 457 2836 526 temporibus
2861 455 3076 510 Maximi
3103 454 3179 508 ita
3209 469 3266 507 se
3296 467 3388 508 res
3409 451 3676 515 habebat;
3700 451 3844 506 altum

2293 544 2391 598 fuit
2431 544 2500 600 de
2537 545 2820 601 Anommis
2860 545 3175 610 silentium;
3225 543 3374 598 nulla
3415 543 3531 598 fere
3577 551 3841 607 manserat,

2294 637 2398 690 nisi
2444 637 2588 706 apud
2631 636 2968 692 eruditiores
3003 636 3236 706 aliquos,
3271 632 3567 697 memoria;
3606 641 3662 686 et
3694 632 3843 688 dialo-

2292 729 2432 799 gista
2463 730 2824 785 nihilominus
2857 729 2910 783 in
2954 729 3008 783 id
3045 743 3216 782 unum
3260 725 3492 796 dialogis
3546 724 3752 779 duobus
3775 724 3844 778 in-

2292 821 2548 874 cumbit:
2587 819 2859 887 Quorsum
2911 818 3159 888 epistolae
3213 816 3432 871 duobus
3477 823 3603 886 post
3660 816 3844 871 saeculis

2292 913 2712 982 respondeatur,
2743 928 2814 969 ne
2855 928 2954 968 sua
2997 911 3240 967 novitate
3279 909 3432 964 fallat
3474 908 3843 979 imprudentes,

2290 1011 2346 1058 et
2378 1003 2503 1059 fidei
2534 1004 2767 1060 noceat?

2364 1096 2448 1151 IV.
2489 1097 2735 1167 Denique
2778 1095 2994 1151 Maximi
3037 1103 3198 1150 atate
3226 1092 3484 1163 vigebant
3521 1089 3846 1162 Monophysi-

2291 1196 2468 1243 tarum
2506 1197 2562 1243 et
2591 1188 3072 1244 Monothelitarum
3107 1187 3345 1241 hasreses
3373 1183 3515 1248 duae,
3547 1197 3668 1253 quae
3697 1181 3848 1236 amba:

2290 1281 2359 1335 ab
2383 1277 2723 1353 Eutychiana
2737 1291 3048 1353 propagatae
3070 1287 3220 1342 sunt,
3240 1292 3495 1349 quaeque,
3515 1285 3680 1347 prout
3693 1276 3849 1330 varios

2246 1380 2251 1385 '
2289 1372 2444 1442 quasi
2477 1386 2576 1441 per
2604 1371 2824 1426 canales
2853 1371 3204 1432 transierant,
3244 1367 3321 1421 ita
3362 1367 3639 1421 variorum
3680 1372 3849 1419 aucto~

2289 1480 2433 1529 rum,
2471 1479 2722 1534 quorum
2748 1463 3072 1519 notissimus
3109 1459 3368 1520 Severus,
3405 1457 3629 1516 nomina
3665 1455 3850 1511 sortitae

2287 1563 2466 1609 erant.
2495 1553 2774 1610 Adversus
2796 1561 3111 1623 utramque,
3137 1550 3231 1605 sed
3256 1547 3617 1618 posteriorem
3641 1561 3848 1616 praeser-

2287 1647 2408 1711 tim,
2450 1646 2580 1701 totis
2609 1647 2821 1701 viribus
2855 1643 3188 1715 depugnavit
3225 1641 3512 1706 Maximus,
3547 1637 3847 1709 pugnando-

595 1732 733 1786 cidit
780 1735 965 1803 opinio
1001 1753 1012 1787 :
1049 1735 1309 1804 primum,
1353 1737 1575 1792 nomine
1622 1737 1904 1794 Athanasii
1951 1739 2184 1809 proferri
2223 1739 2263 1794 Β
2291 1754 2398 1808 que
2429 1739 2750 1809 martyrium
2783 1737 2997 1792 illustre
3025 1736 3175 1791 fecit.

595 1839 765 1892 opera
801 1825 1030 1879 alterius
1053 1828 1366 1897 scriptoris;
1401 1827 1623 1894 deinde,
1661 1830 2031 1885 certissimum
2073 1845 2183 1886 non

593 1930 714 1970 esse
745 1915 814 1970 ab
841 1915 1145 1973 Athanasio
1205 1918 1354 1974 aliud
1388 1921 1691 1992 quidquam
1725 1921 1990 1978 adversus
2019 1923 2184 1993 Apol-

591 2005 852 2060 linarium
878 2008 1146 2078 scriptum
1167 2007 1358 2072 fuisse,
1377 2026 1540 2080 quam
1565 2010 1853 2081 epistolam
1875 2010 1942 2066 ad
1965 2012 2182 2082 Epicte-

592 2106 730 2162 tum,
769 2107 825 2154 et
853 2114 1163 2154 sermonem
1185 2117 1356 2156 unum
1390 2101 1459 2157 de
1494 2103 1671 2158 tribus
1707 2117 1834 2158 mox
1870 2103 2176 2174 appellatis.

592 2187 698 2243 Sed
730 2190 845 2245 haec
876 2207 976 2260 per
1007 2200 1384 2248 transennam.

593 2279 621 2350 ς
657 2280 720 2336 ν.
756 2279 908 2346 Quod
936 2291 1122 2336 auctor
1144 2283 1478 2356 dialogorum
1503 2287 1570 2340 sit
1595 2287 1827 2341 diversus
1861 2304 1894 2341 α
1921 2287 2175 2343 Maximo.

661 2371 700 2426 1.
734 2370 847 2427 Cur
883 2388 995 2428 non
1040 2375 1310 2431 assentiar
1351 2376 1407 2430 in
1452 2392 1540 2444 eo,
1581 2378 1729 2448 quod
1767 2378 1900 2444 dixi,
1932 2379 2174 2447 Patavio,

589 2464 730 2520 ratio
779 2473 883 2528 est,
932 2465 1102 2536 quod,
1143 2467 1248 2522 etsi
1296 2468 1532 2524 maxime
1582 2469 1764 2536 velim,
1812 2486 1923 2525 non
1971 2471 2175 2542 possim

586 2565 771 2610 tamen
795 2557 1085 2627 cogitando
1122 2559 1364 2628 assequi,
1399 2575 1520 2630 quae
1554 2577 1719 2617 causa
1746 2562 1926 2616 virum
1961 2565 2175 2635 perspi-

584 2647 888 2703 cacissimaa
917 2649 1119 2704 mentis
1148 2657 1205 2704 et
1235 2651 1436 2706 eximie
1467 2652 1748 2708 eruditum
1782 2654 2082 2725 impulerit,
2115 2665 2176 2712 ut

585 2739 862 2794 Demetrio
907 2739 1188 2812 Cydonio,
1245 2743 1404 2814 cujus
1448 2745 1796 2814 potissimum
1848 2748 2173 2804 auctoritate

584 2831 826 2896 ducitur,
855 2832 1172 2912 adhibuerit
1203 2833 1387 2899 fidem,
1421 2835 1650 2901 homini,
1680 2837 1771 2908 qui
1804 2838 2043 2894 recentis
2070 2839 2172 2894 ξιξνί

581 2933 688 2991 est,
722 2932 782 2978 ut
829 2925 920 2994 qui
963 2925 1179 2980 decimo
1225 2927 1424 2995 quinto
1466 2931 1667 2984 sarculo
1701 2930 1933 2997 vixerit;
1965 2939 2021 2986 et
2045 2925 2168 3002 qui,

585 3026 644 3070 ut
686 3017 916 3072 haberet
958 3017 1081 3088 plus
1122 3018 1321 3083 :etatis,
1364 3018 1432 3073 de
1479 3020 1658 3090 primo
1703 3029 1914 3076 tantum
1954 3022 2170 3095 dialogo

2360 1828 2516 1883 Tunc
2547 1828 2809 1898 temporis
2838 1826 3112 1897 pmipua
3156 1825 3527 1882 contentionis
3566 1837 3722 1877 causa
3758 1820 3850 1876 fuit

2285 1921 2538 1978 Ecthesis
2581 1921 2850 1986 Heraclii,
2893 1927 2950 1976 et
2999 1919 3182 1990 Typus
3231 1917 3545 1975 Constantis
3589 1935 3603 1970 :
3642 1915 3754 1970 aliis
3786 1915 3850 1970 de

2283 2013 2634 2084 dogmatibus
2667 2013 2756 2068 vel
2786 2012 3098 2076 consensio,
3129 2011 3216 2066 vel
3245 2010 3550 2066 silentium.

2352 2101 2627 2168 Quorsum
2677 2101 2945 2158 Maximus
2991 2102 3268 2156 laboriose
3312 2116 3440 2156 cum
3489 2098 3761 2155 Anommis
3799 2107 3853 2153 et

2282 2193 2716 2261 Macedonianis,
2763 2194 2874 2249 imo
2919 2201 2977 2249 et
3021 2193 3452 2264 Apollinaristis.
3497 2191 3854 2261 disputassct?

2281 2286 2724 2357 quandoquidem
2755 2286 3143 2350 Monothelitaz,
3170 2287 3189 2306 ⁶
3218 2301 3248 2340 a
3278 2285 3483 2355 quibus
3514 2283 3855 2354 importunis-

2279 2378 2472 2432 simam
2531 2377 2961 2447 continuamque
3016 2377 3362 2431 vexationem
3423 2375 3748 2446 patiebatur,
3797 2380 3854 2428 et

2277 2468 2392 2523 Arii
2449 2470 2780 2540 impietatem
2821 2467 2890 2523 de
2938 2468 3125 2524 Verbo
3173 2467 3304 2531 Dei,
3346 2475 3403 2522 et
3447 2466 3741 2523 Macedonii
3783 2465 3853 2522 de

2279 2559 2485 2630 Spiritu
2539 2568 2730 2614 sancto
2784 2559 3187 2630 blasphemiam,
3225 2569 3282 2615 et
3315 2559 3632 2630 Apollinarii
3679 2577 3854 2614 amen-

2277 2652 2429 2716 tiam,
2463 2651 2574 2705 imo
2605 2660 2660 2706 et
2690 2651 2952 2722 Eutycliis
2981 2651 3229 2706 delirium
3254 2651 3698 2707 exsecrabantur.
3729 2651 3854 2706 Pro-

2276 2742 2572 2798 ﬁtcbantur
2593 2743 2739 2798 enim
2767 2743 3294 2798 consubstantialem
3319 2729 3676 2806 Trinitatem,
3697 2743 3855 2798 duas-

2273 2849 2380 2904 que
2425 2834 2479 2888 in
2514 2834 2735 2890 Christo
2775 2843 3001 2889 naturas
3045 2835 3306 2906 integras,
3338 2835 3449 2890 imo
3479 2851 3578 2890 sua
3616 2835 3855 2905 singulas

2273 2936 2457 2982 mente
2482 2927 2740 2997 praeditas
2779 2926 2855 2981 ita
2882 2926 3270 2991 defendebant,
3304 2935 3368 2982 ut
3402 2929 3566 2982 etiam
3597 2941 3718 2983 cum
3743 2926 3852 2981 Ne-

2274 3020 2446 3074 storio
2494 3019 2845 3090 aliquatenus
2893 3020 3132 3074 sensisse
3183 3035 3214 3074 a
3253 3005 3472 3075 'Joan'ne
3518 3026 3575 3074 et
3626 3018 3857 3072 Martino

581 3107 826 3177 loquitur
850 3123 865 3161 :
891 3123 1016 3162 cum
1045 3116 1224 3163 tamen
1253 3109 1532 3164 secundus
1559 3111 1806 3182 ejusdem
1835 3117 1960 3167 cuin
1991 3113 2170 3183 primo

2278 3109 2503 3163 summis
2551 3108 2932 3179 pontiﬁcibus,
2989 3108 3217 3179 ipsoque
3264 3108 3506 3163 Maximo
3552 3107 3854 3173 monacho.

582 3199 652 3254 sit
683 3200 947 3261 auctoris.
976 3209 1284 3271 quartoque
1325 3201 1626 3259 inclinante
1655 3204 1857 3260 saeculo
1886 3206 2051 3275 q'uam
2093 3206 2172 3261 ci-

582 3293 813 3357 tissime,
846 3293 930 3348 vel
967 3293 1161 3363 quinto
1204 3293 1442 3363 scriptus
1474 3294 1660 3359 fuerit,
1694 3296 1748 3350 id
1777 3303 1882 3362 est,
1915 3295 2170 3352 ducentis

579 3381 740 3438 annis
768 3392 824 3438 et
855 3382 1092 3452 amplius
1119 3391 1245 3438 ante
1276 3382 1492 3438 Maximi
1519 3383 1757 3439 obitum.
1783 3385 1840 3440 ld
1877 3396 2061 3442 autem
2093 3383 2168 3444 ita

578 3475 873 3531 coniicitur
906 3475 971 3529 ".

649 3567 715 3622 Il.
748 3567 958 3637 Dialogi
995 3567 1106 3622 duo
1143 3567 1360 3639 priores
1402 3581 1513 3621 non
1557 3567 1721 3640 longo
1756 3579 1880 3640 post
1919 3579 2166 3644 tempore

576 3658 866 3728 compositi
921 3667 1082 3723 sunt,
1131 3675 1295 3728 quam
1353 3660 1586 3730 quaestio
1646 3661 1714 3716 de
1770 3663 2050 3737 ἁγεννήτῳ
2109 3675 2166 3722 et

577 3747 820 3820 γεννητῷ
844 3755 1159 3804 moveretur
1203 3749 1271 3804 ab
1299 3751 1458 3805 Aetio
1486 3769 1498 3804 :
1529 3752 1801 3822 siquidem
1826 3755 2164 3813 orthodoxus

577 3840 758 3904 Aetio,
789 3840 1042 3910 querenti
1073 3857 1130 3895 se
1169 3857 1196 3896 a
1227 3842 1506 3898 Chronitis
1547 3845 1984 3914 persecutionem
2025 3849 2158 3918 pati,

572 3931 737 4004 432
777 3931 1075 4002 respondet
1118 3931 1174 3986 in
1212 3932 1328 3987 hac
1368 3933 1533 3988 verba
1571 3951 1584 3987 :
1629 3953 1646 3985 ι
1682 3934 1831 4002 Quos
1865 3935 2161 3994 Cbronitas

572 4024 752 4079 dicis?
780 4023 862 4078 An
893 4039 1011 4087 eos,
1044 4022 1137 4093 qui
1173 4023 1283 4093 jam
1327 4023 1452 4078 inde
1495 4040 1524 4078 a
1571 4025 1913 4095 temporibus
1941 4036 2161 4097 aposto-

573 4116 696 4171 licis
724 4115 792 4171 ad
821 4115 1150 4170 hodiernum
1192 4131 1363 4186 usque
1399 4115 1545 4171 diem
1579 4116 1804 4171 laudant
1832 4119 2072 4184 Patrem,
2102 4129 2158 4175 et

571 4207 797 4273 Filium,
830 4216 886 4263 et
915 4206 1179 4278 Spiritum
1211 4209 1501 4264 sanctum?
1525 4209 1606 4264 An
1637 4225 1753 4274 eos,
1785 4210 1878 4280 qui
1909 4211 2033 4280 χθὲς
2064 4212 2158 4266 καὶ

572 4301 836 4371 σήμερον,
867 4299 936 4354 ab
967 4315 1075 4355 uno
1103 4301 1347 4356 alterove
1377 4301 1486 4364 die,
1524 4310 1922 4371 apparuerunt,
1955 4311 2011 4357 et
2041 4303 2155 4358 ba:-

2272 3198 2612 3255 dicerentur.

2341 3289 2406 3344 γ.
2440 3289 2596 3356 Quod
2626 3290 2671 3345 si
2713 3290 2931 3345 Maximi
2973 3290 3337 3346 indubitatam
3385 3290 3690 3347 doctrinam
3725 3307 3853 3348 cum

2269 3381 2572 3451 dialogistae
2616 3381 2890 3437 sententia
2939 3381 3189 3437 conferre
3228 3381 3414 3447 libeat,
3453 3382 3507 3438 id
3547 3383 3692 3453 quod
3737 3384 3852 3455 agi-

2268 3487 2413 3536 mus,
2442 3471 2657 3526 facilius
2685 3471 3030 3527 conficietur.

2337 3561 2506 3617 Cavet
2551 3563 2859 3633 dialogista,
2903 3573 2966 3618 ut
3011 3565 3123 3635 jam
3166 3563 3302 3626 dixi,
3345 3564 3582 3629 curiose,
3627 3582 3698 3621 ne
3742 3582 3855 3636 qua

2267 3654 2473 3711 indicet
2508 3654 2774 3724 Spiritum
2832 3665 3081 3711 sanetum
3115 3673 3145 3711 a
3181 3656 3320 3711 Filio
3360 3657 3636 3712 ullatenus
3659 3673 3856 3727 proce-

2265 3746 2396 3800 dere
2429 3763 2442 3798 :
2476 3745 2528 3799 id
2555 3753 2741 3815 aperte
2769 3746 3039 3802 Maximus
3071 3747 3241 3802 tradit
3269 3748 3326 3802 in
3351 3748 3581 3819 epistola
3610 3749 3677 3803 ad
3704 3749 3856 3807 Mar-

2263 3837 2438 3892 tinum
2483 3837 2890 3910 presbyterum,
2927 3849 3094 3910 prout
3135 3841 3368 3896 ali'ertur
3405 3842 3460 3896 in
3500 3841 3857 3899 collectaneis

2262 3929 2556 3985 Anastasii.

2329 4020 2491 4094 5.33
2543 4018 2836 4091 Dialogista
2883 4022 3054 4080 refert
3095 4026 3159 4090 “,
3201 4040 3260 4080 se
3292 4025 3490 4097 legisse
3524 4025 3858 4096 Apollinarii

2259 4112 2680 4175 confessionem,
2711 4111 2767 4167 in
2806 4129 2914 4182 qua
2951 4129 3152 4186 corpus
3181 4116 3397 4172 Domini
3429 4118 3603 4172 nostri
3636 4117 3862 4174 diceret

2257 4204 2542 4272 ὁμοούσιον
2589 4203 2778 4258 Maria:
2818 4221 2836 4259 :
2877 4204 3144 4262 Maximus
3193 4208 3248 4262 in
3301 4207 3673 4279 disputatione
3720 4225 3861 4266 cum

2258 4296 2466 4366 Pyrrho
2486 4295 2886 4365 Apollinarium
2910 4299 2986 4352 ait
3006 4299 3238 4355 abusum
3259 4316 3395 4358 voce
3418 4304 3573 4357 anius
3592 4303 3851 4357 volunta-

571 4393 681 4447 resi
722 4393 1012 4447 laborant?
1053 4392 1147 4462 qui
1193 4403 1443 4448 sanctum
1488 4393 1666 4448 Patris
1693 4402 1750 4448 et
1782 4393 1906 4449 Filii
1953 4409 2152 4451 nomen

2283 4386 2360 4449 is,
2393 4394 2456 4440 ut
2493 4385 2811 4442 ostenderet
2856 4403 3076 4445 carnem
3129 4392 3344 4448 Domini
3387 4409 3508 4449 esse
3555 4394 3852 4464 ὁμοθύσιτιν

569 4484 1076 4553 praatermiserunt.
1135 4484 1296 4554 eique
1338 4500 1395 4539 se
1446 4485 1780 4554 prmferunt,
1827 4486 1920 4556 qui
1967 4486 2157 4542 docuit

569 4575 852 4646 baptizare
894 4577 950 4630 in
997 4576 1218 4630 nomine
1269 4575 1474 4640 Patris,
1517 4583 1574 4630 et
1620 4573 1773 4641 Filii,
1816 4588 1872 4632 et
1919 4577 2158 4648 Spiritus

565 4669 765 4734 sancti,
803 4677 969 4738 atque
1015 4669 1181 4723 etiam
1227 4669 1592 4738 sapientiores
1624 4686 1682 4725 se
1716 4679 1910 4741 putant
1938 4687 2024 4736 eo,
2059 4673 2154 4744 qui

569 4762 784 4816 Patrem
802 4761 1040 4823 Patrem,
1063 4775 1122 4815 se
1144 4759 1341 4813 Filium
1380 4775 1499 4815 esse
1534 4760 1777 4816 tradidit.
1817 4783 1835 4814 ι
1870 4762 1986 4830 Qua
2024 4782 2156 4822 vero

563 4852 692 4921 quis
737 4851 950 4905 ratione
997 4849 1064 4904 de
1119 4849 1435 4903 hominibus
1485 4860 1613 4905 ante
1661 4859 1935 4910 trecentos
1977 4871 2151 4912 annos

2261 4479 2444 4534 Verbo.

2326 4573 2622 4645 Dialogista
2663 4576 2917 4648 pluribus
2949 4592 3074 4632 cum
3117 4577 3383 4633 Anommo
3416 4578 3692 4649 disputat;
3733 4580 3859 4635 imo

2257 4665 2500 4738 dialogos
2526 4668 2664 4724 duos
2693 4669 2806 4725 fere
2837 4670 3101 4740 integros,
3142 4669 3382 4740 primum
3418 4679 3474 4724 et
3515 4671 3862 4735 secundum,

2257 4759 2526 4830 impendit
2565 4761 2620 4815 in
2655 4761 2936 4817 tractanda
2971 4763 3294 4832 quaestione,
3327 4770 3511 4817 utrum
3548 4762 3870 4830 ἀγέννητον

2256 4862 2311 4908 et
2340 4853 2598 4924 γεννητόν
2628 4855 2740 4909 sint
2778 4855 2956 4908 οὐσία.
3001 4854 3287 4919 Maximus,
3313 4855 3463 4910 velut
3493 4853 3547 4908 in
3589 4853 3871 4910 confesso

2257 4945 2400 5015 apud
2434 4961 2645 5010 omnes,
2677 4946 2866 5010 sumit,
2908 4945 3207 5017 Ingenitum
3237 4953 3288 5000 et
3317 4947 3559 5003 Genilum
3585 4962 3691 5000 non
3740 4962 3875 5001 esse

566 5035 884 5090 Maximuml
927 5034 1130 5089 dixerit
1162 5049 1278 5098 60$.
1315 5033 1441 5104 χθὲς
1481 5033 1574 5088 καὶ
1619 5034 1880 5107 σήμερον,
1921 5037 1989 5092 ab
2034 5055 2146 5096 uno
2253 5039 2602 5093 substantiam
2630 5037 2756 5104 Dei;
2787 5038 3046 5108 additque
3081 5057 3095 5092 :
3125 5037 3252 5105 Quis
3296 5041 3437 5092 enim
3468 5041 3561 5092 hoc
3587 5039 3740 5092 dicat
3776 5039 3877 5093 "2

565 5126 806 5180 alterove
839 5125 927 5181 die
956 5125 1265 5182 exstitisse?
2318 5131 2614 5201 Dialogista
2654 5131 2799 5186 inter
2832 5131 3219 5201 disputandum
3257 5147 3380 5187 cum
3411 5130 3871 5202 Apollinaristis,

636 5213 727 5268 ill.
768 5214 975 5271 Deinde
1008 5216 1135 5286 quis
1177 5215 1411 5288 singulis
1441 5215 1584 5273 Aetii
1629 5217 1880 5289 argutiis,
1912 5235 1981 5276 ne
2016 5219 2149 5292 ipsis
2249 5239 2427 5293 neque
2460 5222 2723 5294 Eutychis
2759 5223 3032 5287 meminit,
3065 5240 3244 5295 neque
3275 5225 3705 5294 Aeephalorum,
3753 5240 3881 5280 ne-

565 5301 890 5360 irretiantur
949 5305 1173 5372 ﬁdeles,
1231 5308 1676 5379 respondendum
1737 5311 1951 5367 curiose
2016 5322 2149 5369 tunc
2249 5331 2357 5386 que
2388 5313 2598 5380 Severi,
2634 5315 2976 5385 aliorumque
3021 5317 3324 5388 ejusmodi;
3375 5317 3484 5372 imo
3524 5331 3628 5372 nec
3667 5315 3882 5372 ullius

561 5403 740 5468 putet,
771 5411 896 5452 cum
930 5397 1160 5455 haeresis
1186 5400 1576 5456 Anomosorum
1613 5403 1882 5461 exstincta
1920 5406 2146 5461 omnino
2249 5406 2442 5479 synodi
2466 5416 2826 5479 praeterquam
2860 5408 3070 5478 primae,
3099 5424 3222 5480 quae
3255 5409 3472 5465 Nicena
3505 5418 3608 5465 est.
3636 5409 3886 5465 adver-

1910 5541 2233 5600 SCIIULZII
2270 5543 2501 5601 ΝΟΤᾸΕ.

617 5641 833 5735 ζίξιηξδξ
867 5646 1498 5735 argumentachicnm
1545 5656 1871 5714 auctoritate
1921 5657 2312 5729 infringuntur,
2366 5668 2425 5716 ut
2492 5659 2859 5720 Combefisius
2889 5664 3159 5735 probavit.

526 5715 711 5790 epist.
754 5716 823 5774 ad
865 5716 1162 5789 Georgium
1208 5715 1500 5790 abbatem.

562 4944 772 4998 exortis
807 4943 1042 5013 (tantum
1085 4941 1233 4996 enim
1284 4941 1549 5012 temporis
1589 4941 1747 4997 ﬂuxit
1779 4945 1849 4999 ab
1885 4946 2042 5003 Aetio
2079 4950 2146 5004 ad

3256 5663 3298 5696 “
3332 5663 3467 5719 Dial.
3498 5664 3548 5719 -i.
3631 5665 3678 5694 ¹³
3720 5663 3886 5720 ὶτῖιι.
