4078 6160
254 315 363 381 381

940 315 1042 375 DE
1078 313 1435 381 DIALOGIS
1470 314 1637 374 ADV.
1673 310 2025 387 ARIANOS,
2068 312 2680 388 MACEDONIANOS,
2720 315 2880 375 ETC.

2808 122 2837 131 η.

3447 315 3552 377 382

257 442 363 484 sus
404 425 618 489 Arium,
650 430 708 479 et
740 422 1017 488 secundm,
1058 438 1181 495 quae
1220 420 1824 493 Constantinopolitana
1845 462 1858 486 ,
1890 427 1937 482 Α
1966 430 2213 478 mentum
2244 432 2361 488 cst,
2407 423 2599 478 eadem
2645 422 2946 494 Scriptura:
2980 420 3291 479 testimonia
3312 462 3327 485 ,
3359 421 3550 478 eadem

256 518 535 575 adversus
554 514 935 571 Macedoniam
964 531 980 569 :
1009 514 1261 573 meminit
1284 513 1489 585 ubique
1522 514 1722 584 passim
1748 513 1857 567 Ma-

258 611 451 667 ximus
480 608 768 664 hominum
797 605 1095 676 ejusmodi,
1132 603 1603 677 synodorumque,
1634 604 1690 658 in
1728 603 1856 673 qui-

254 704 367 758 bus
401 698 708 771 proscripta
738 707 824 752 est
859 696 1131 767 Eutychis.
1158 696 1429 766 impietas.

327 790 633 861 Dialogista
680 789 870 859 jejune
925 787 1231 843 admodum
1274 787 1343 840 de
1390 774 1557 840 Maria
1611 784 1859 856 Θεοτὸκῳ

256 886 535 955 loquitur,
570 897 674 937 nec
716 880 843 936 aliis
882 880 996 935 fere
1042 879 1248 943 verbis,
1296 894 1459 948 quam
1495 876 1696 947 quibus
1741 876 1859 947 ipse

256 976 559 1034 Nestorius
609 990 719 1029 non
772 973 1029 1044 ingratiis
1072 980 1322 1027 uteretur
1368 989 1381 1024 :
1431 986 1557 1025 eum
1600 970 1748 1025 enim
1791 970 1860 1025 de

258 1080 428 1140 partu
462 1066 704 1138 Virginis
737 1065 989 1120 nonnihil
1035 1064 1284 1129 dixisset,
1329 1062 1625 1133 excipienti
1654 1062 1863 1133 Apolli-

193 1158 214 1179 ’
262 1162 513 1224 ιιπίειε,
543 1160 821 1216 Hominem
849 1161 1015 1230 igitur
1047 1157 1228 1212 Maria
1266 1158 1490 1229 genuit?
1521 1157 1815 1228 respondet
1844 1175 1857 1212 :

262 1254 337 1308 οὐ
362 1252 545 1322 ψιλὸν,
572 1251 706 1305 ἀλλὰ
748 1251 881 1305 Θεὸν
923 1249 1439 1321 ὲνανθρωπήσαντα.
1492 1249 1715 1321 Πρῶτον
1752 1249 1861 1321 γὰρ

261 1345 290 1395 ὀ
318 1341 537 1413 Κύριος
565 1343 684 1411 μετ’
706 1342 879 1411 αὐτῆς
906 1340 1128 1405 θεῖκῶς,
1164 1341 1259 1397 καὶ
1288 1340 1408 1394 τότε
1432 1339 1491 1404 ἐξ
1519 1341 1689 1411 αὐτῆς
1720 1343 1864 1394 οἰκο-

263 1434 513 1502 νομικῶς
543 1433 760 1487 παιδίον
782 1450 796 1463 ·
844 1432 927 1485 διὸ
958 1433 1054 1487 καὶ
1083 1432 1346 1497 Θεοτόκος
1375 1434 1407 1503 ὴ
1447 1433 1661 1501 Μαρία.
1693 1451 1711 1483 ι
1743 1432 1863 1487 Non

262 1524 517 1589 nudum,
567 1524 663 1579 sed
708 1524 883 1579 Deum
927 1523 1377 1579 inbumanatum,
1420 1522 1665 1577 Primum
1714 1522 1868 1577 enim

262 1631 393 1672 cum
419 1632 483 1670 ea
514 1615 780 1671 Dominus
804 1614 1013 1680 divine,
1048 1630 1116 1670 ex
1146 1615 1263 1684 ipsa
1290 1622 1485 1684 postea
1509 1614 1690 1669 infans
1712 1630 1863 1670 (eco-

263 1708 523 1773 nomice;
548 1707 786 1776 ideoque
816 1707 983 1761 Maria
1018 1706 1250 1776 Deipara
1274 1714 1378 1760 est.
1414 1724 1433 1757 ι
1469 1704 1672 1761 Contra
1692 1705 1862 1760 Maxi-

264 1815 413 1861 mus,
446 1814 578 1853 cum
614 1814 810 1868 passus
836 1809 985 1855 esset
1016 1797 1370 1863 calumniam,
1402 1797 1559 1868 quasi
1583 1798 1861 1871 Virginem

263 1907 377 1948 non
409 1891 627 1945 diceret
659 1890 973 1960 Deiparam,
1015 1909 1033 1942 σ
1079 1890 1247 1946 missa
1285 1898 1559 1946 metauma
1598 1891 1859 1955 surrexit,

262 1992 322 2037 et
334 1982 588 2038 extensis
606 1982 661 2036 in
686 1984 886 2038 coelum
904 1982 1181 2045 manibus,
1199 1998 1325 2037 cum
1348 1983 1610 2054 lacrymis
1636 1982 1813 2037 dixit:
1837 2003 1855 2035 ι

272 2096 295 2126 ι
329 2074 436 2142 Qui
479 2091 598 2132 non
623 2075 792 2141 dicit,
836 2076 1124 2130 Dominam
1159 2083 1405 2130 nostram
1449 2072 1866 2145 superlaudabi-

264 2169 401 2241 lem,
428 2168 835 2223 sanctissimam
857 2208 872 2230 ,
911 2168 1299 2222 intemeratam
1319 2208 1334 2232 ,
1374 2175 1432 2222 et
1471 2166 1624 2221 omni
1650 2174 1872 2222 natura:

266 2261 636 2316 iutellectuali
662 2259 1059 2325 venerandam,
1083 2258 1393 2314 naturalem
1431 2258 1701 2313 veraciter
1744 2273 1862 2312 ma-

265 2365 413 2411 tre
457 2353 564 2410 Dei
606 2353 882 2417 ell‘ectam,
925 2353 1019 2423 qui
1062 2352 1195 2408 feeit
1224 2352 1425 2408 colum
1457 2360 1515 2407 et
1545 2360 1771 2415 terram,
1808 2358 1865 2405 et

264 2462 444 2509 mare,
477 2453 537 2500 et
587 2445 777 2499 omnia
815 2459 943 2514 quae
968 2443 1025 2497 in
1066 2442 1148 2497 eis
1188 2450 1338 2506 sunt,
1372 2441 1445 2497 sit
1485 2442 1779 2496 anathema
1808 2450 1865 2495 et

267 2539 584 2593 catathema
614 2553 644 2591 a
684 2537 847 2592 Patre
881 2543 938 2591 et
966 2535 1106 2589 Filio
1134 2544 1190 2589 et
1231 2533 1435 2604 Spiritu
1474 2543 1687 2599 sancto,
1732 2549 1865 2589 con-

269 2629 627 2685 substantia“
656 2636 714 2683 et
754 2626 1275 2697 supersubstantiali
1300 2624 1593 2688 Trinitate,
1624 2639 1691 2679 ac
1712 2624 1862 2678 omni

271 2722 483 2778 celesti
514 2721 739 2785 virtute,
781 2731 944 2790 atque
980 2735 1011 2773 a
1041 2720 1213 2774 choro
1241 2727 1557 2773 sanctorum
1590 2716 1866 2785 apostolo-

271 2827 431 2874 rum,
486 2811 923 2882 prophetarum,
972 2818 1031 2865 et
1073 2809 1284 2863 infinita
1339 2809 1497 2878 plebe
1548 2814 1863 2862 sanctorum

270 2914 602 2975 martyrum,
634 2903 895 2971 omnique
925 2901 1122 2972 spiritu
1152 2902 1208 2955 in
1227 2901 1439 2971 iustitia
1457 2906 1860 2962 consummato,

270 3011 419 3052 nunc
441 3003 505 3050 et
532 3009 774 3065 semper,
805 3003 861 3048 et
890 2995 944 3048 in
978 2994 1175 3049 saecula
1211 2993 1565 3048 saeculorum.
1602 2990 1796 3046 Amen.
1836 3008 1856 3041 ι

345 3089 375 3158 §
412 3088 504 3143 VI.
549 3086 703 3153 Quod
736 3086 1081 3140 Theodoretus
1112 3086 1179 3138 sit
1211 3083 1545 3153 dialogorum
1586 3087 1794 3135 auctor.

1959 504 2402 569 testimoniorum
2419 514 2710 583 expositio,
2729 512 2920 569 eadem
2939 512 3216 569 rationum
3238 522 3513 567 momenta
3536 531 3549 567 :

1958 607 2164 677 quibus
2186 607 2537 679 subjungitur
2563 622 2729 663 causa
2757 617 2868 663 tam
2904 615 3201 662 contractio
3241 608 3551 677 argumenti

1959 698 2206 768 alioquin
2237 707 2348 753 tam
2374 698 2540 766 ampli
2578 696 2949 752 tractationis-
2970 698 3039 752 Et
3067 697 3120 751 in
3158 699 3403 754 secundo
3430 699 3555 768 qui-

1959 789 2087 847 dem
2118 791 2296 861 capite
2327 809 2340 845 :
2374 810 2393 843 ‹
2428 790 2534 846 Sed
2566 791 2633 845 de
2669 791 2757 845 his
2785 805 2888 845 nos
2914 790 2969 844 in
3013 791 3102 856 iis,
3132 807 3254 860 qua:
3286 791 3553 847 adversus

1959 883 2152 939 Arium
2193 892 2249 938 et
2288 883 2621 938 Eunomium
2653 884 2998 953 scripsimus,
3034 885 3257 953 copiose
3288 883 3555 940 disserui-

1961 991 2106 1031 mus.
2139 994 2157 1026 ι
2190 975 2251 1029 ln
2280 975 2443 1029 tertio
2470 983 2655 1028 autem
2684 992 2697 1026 :
2734 993 2751 1025 ‹
2783 974 2997 1028 Etenim
3028 974 3095 1028 de
3119 974 3329 1044 Spiritu
3360 983 3553 1029 sancto

1962 1067 2228 1124 adversus
2256 1066 2506 1137 ejusdem
2535 1069 2551 1087 ⁶
2580 1068 2756 1138 gratia
2786 1066 3084 1123 destitutos
3104 1067 3412 1130 haereticos,
3440 1076 3554 1122 tres

1962 1172 2183 1228 quoque
2224 1157 2403 1212 libros
2443 1156 2776 1227 conscripsi,
2825 1167 2882 1212 et
2928 1172 3396 1227 supervacaneum
3437 1158 3554 1212 exi-

1963 1247 2128 1303 stimo
2161 1262 2470 1303 sermonem
2504 1248 2612 1303 hoc
2644 1248 2768 1302 loco
2794 1247 3127 1316 producere.
3165 1265 3183 1297 ι
3218 1246 3339 1301 Non
3365 1246 3550 1310 video,

1964 1341 2099 1407 quid
2127 1340 2527 1396 consonantius
2559 1340 2667 1395 dici
2700 1347 2887 1409 queat,
2912 1337 3046 1409 quid
3080 1337 3319 1393 validius
3343 1338 3413 1393 ad
3435 1338 3555 1408 opi-

1967 1430 2187 1491 nionem
2224 1433 2547 1488 lirmandam
2592 1432 2814 1489 adduci.

2034 1527 2154 1583 Jom
2177 1542 2329 1591 vero,
2354 1542 2479 1581 cum
2508 1525 2710 1595 dialogi
2729 1525 2841 1579 duo
2866 1524 3131 1579 adversus
3152 1523 3553 1594 Apollinarium

1964 1619 2107 1674 nihil
2134 1618 2282 1673 aliud
2313 1618 2425 1673 sint
2454 1617 2683 1687 pariter,
2714 1631 2879 1685 quam
2902 1615 3105 1669 solutio
3128 1614 3551 1685 prmstigiarum.

1967 1712 2082 1767 sive
2128 1710 2551 1781 sophismatum,
2602 1708 2806 1779 quibus
2838 1707 3136 1763 haereticus
3168 1707 3260 1762 ille
3306 1705 3557 1761 tentabat

1967 1802 2367 1874 simpliciorum
2402 1802 2599 1856 animis
2628 1801 2860 1855 illudere
2907 1818 2920 1853 :
2962 1814 3199 1869 cumque
3239 1798 3558 1853 Theodore-

1967 1906 2058 1951 tus
2088 1902 2323 1949 testetur
2362 1909 2421 1949 se
2459 1892 2763 1964 praestigias
2791 1890 3112 1962 Apollinarii
3136 1891 3340 1961 scripto
3371 1890 3555 1959 aliquo

1966 1987 2218 2051 solvisse,
2243 1996 2301 2041 et
2327 1985 2572 2049 easdem,
2598 2001 2665 2040 ex
2697 1984 2894 2039 eodem
2927 1984 3071 2039 libro
3103 1982 3428 2038 nominatim
3458 1996 3557 2050 ap-

1965 2078 2197 2149 pellato,
2244 2078 2299 2131 in
2343 2077 2593 2131 Erauiste
2641 2076 2837 2141 solvat,
2873 2091 3012 2145 quas
3049 2075 3107 2128 in
3150 2073 3414 2144 dialogis,
3461 2072 3553 2127 ubi

1964 2171 2222 2226 eumdem
2258 2171 2463 2225 librum
2500 2170 2770 2233 nominat,
2797 2168 3161 2239 eamdemque
3198 2167 3256 2221 in
3299 2165 3553 2236 dialogis,

1964 2280 2133 2335 quam
2179 2264 2301 2318 aliis
2340 2264 2397 2317 in
2439 2264 2596 2328 locis,
2629 2261 2935 2317 doctrinam
2976 2261 3045 2315 de
3072 2259 3294 2316 Christo
3330 2258 3553 2313 tradat:

1967 2356 2329 2412 indubitabile
2387 2355 2630 2419 videtur,
2675 2370 2705 2409 a
2746 2354 3101 2408 Theodoreto
3143 2352 3390 2422 dialogos
3430 2350 3557 2405 illos

1966 2458 2159 2504 contra
2184 2446 2605 2518 Apollinarium,
2628 2455 2791 2515 atque
2817 2445 2955 2500 adeo
2978 2458 3172 2499 omnes
3198 2452 3407 2513 septem
3434 2456 3556 2496 esse

1966 2542 2322 2613 compositos,
2343 2539 2788 2611 quandoquidem
2808 2552 2953 2593 unus
2968 2546 3052 2593 est
3070 2534 3316 2592 omnium
3340 2542 3554 2596 auctor,

1966 2643 2027 2689 ut
2055 2642 2214 2690 antea
2239 2633 2551 2689 confectum
2579 2640 2683 2687 est.

2036 2726 2300 2780 Advertat
2328 2725 2537 2794 pariter
2570 2723 2637 2777 ad
2681 2721 3026 2785 methodum,
3068 2734 3192 2790 quae
3218 2716 3409 2773 eadem
3440 2730 3558 2770 scr-

1966 2815 2217 2892 vaturin
2250 2814 2484 2884 dialogis
2517 2813 2656 2877 istis,
2690 2827 2812 2881 quae
2847 2812 2903 2865 in
2934 2810 3168 2881 dialogis
3205 2808 3386 2863 tribus
3424 2806 3557 2860 Era-

1967 2908 2149 2962 nistze.
2178 2907 2311 2961 Nam
2358 2906 2549 2960 eadem
2597 2903 3045 2973 colloquentibus
3083 2899 3336 2971 personis
3384 2900 3557 2966 impo-

1966 3008 2176 3053 nuntur
2220 2997 2465 3060 nomina,
2498 2995 2792 3050 haereticus
2823 3006 3022 3061 nempe
3064 2990 3150 3046 sui
3197 2988 3470 3049 nominis,
3500 2992 3557 3039 et

1892 3105 1934 3164 ρ
1966 3085 2306 3140 orthodoxus
2335 3102 2348 3137 :
2384 3100 2503 3153 qua:
2524 3083 2819 3137 methodus
2837 3098 2947 3136 non
2975 3080 3195 3134 videtur
3223 3089 3349 3132 ante
3378 3075 3560 3130 Theo-

340 3180 423 3234 Ex
451 3179 563 3241 his,
596 3194 718 3248 qum
762 3178 1029 3231 hactenus
1075 3176 1223 3230 dicta
1268 3183 1418 3238 sunt,
1459 3173 1682 3227 videtur
1724 3170 1861 3225 mihi

1965 3179 2218 3235 doretum
2247 3187 2529 3249 usurpata.
2562 3175 2671 3232 Sed
2700 3177 2812 3247 jam
2840 3172 3179 3228 instituenda
3207 3168 3448 3226 collatio.

273 3288 417 3327 unus
450 3271 545 3326 ille
585 3278 778 3325 auctor
811 3270 1153 3340 dialogorum
1197 3267 1401 3322 sensim
1437 3266 1556 3320 sine
1597 3280 1761 3320 sensu
1804 3279 1865 3320 se

274 3364 541 3436 prodere,
594 3362 883 3433 patefactis
929 3361 1182 3423 indiciis,
1232 3359 1439 3429 quibus
1490 3357 1864 3428 dignoscatur.

269 3457 465 3527 Neque
498 3455 647 3509 enim
680 3453 933 3508 diversus
959 3460 1062 3516 est,
1094 3467 1215 3507 mea
1243 3450 1467 3521 quidem
1509 3449 1801 3511 sententia,
1834 3463 1865 3501 a

270 3545 653 3607 Il'heodoreto,
687 3542 834 3613 quod
865 3557 974 3596 non
1009 3543 1247 3596 obscure
1284 3540 1475 3595 videre
1508 3539 1740 3609 quisque
1771 3552 1868 3607 po-

271 3645 402 3701 test,
427 3637 478 3692 si
498 3635 666 3691 modo
686 3633 1036 3690 collationem
1061 3632 1408 3703 dialogistam
1441 3630 1585 3685 inter
1610 3637 1667 3683 et
1689 3628 1869 3682 Theo-

272 3728 558 3790 doretum,
590 3725 754 3797 535.
796 3724 977 3795 quoad
1008 3724 1315 3779 doctrinam
1348 3722 1562 3791 aliaque
1588 3720 1865 3791 adjuncta,

272 3822 533 3876 instituat
562 3837 576 3872 :
617 3819 870 3874 instituet
892 3833 1035 3873 vero
1058 3815 1343 3872 commode
1375 3821 1613 3884 quatuor
1644 3812 1823 3866 modis
1852 3828 1867 3864 :

272 3913 456 3982 primo
489 3910 547 3964 in
572 3909 874 3973 communi,
896 3917 952 3963 et
975 3906 1155 3978 quoad
1184 3919 1376 3961 omnes
1401 3903 1564 3958 simul
1583 3903 1830 3972 dialogos
1848 3918 1866 3955 τ

273 4003 503 4067 deinde,
533 4001 715 4072 quoad
746 4002 960 4072 priores
992 4000 1151 4060 duos,
1192 4013 1319 4052 cum
1348 3995 1569 4050 Arianis
1608 4012 1622 4048 :
1656 4002 1867 4065 postea,

274 4094 459 4166 quoad
484 4103 599 4149 tres
616 4093 775 4155 alios,
799 4108 925 4148 cum
950 4090 1341 4146 Macedoniano
1368 4106 1381 4141 :
1406 4087 1668 4158 denique,
1689 4085 1870 4157 quoad

276 4188 548 4258 reliquos,
574 4202 700 4241 cum
724 4182 1133 4255 Apollinarista.

344 4277 661 4344 Antequam
696 4275 870 4329 lector
903 4271 1127 4327 accedat
1152 4269 1220 4326 ad
1245 4269 1578 4326 laboriosam
1601 4267 1876 4340 ejusmodi

277 4367 631 4423 collationem
652 4407 668 4430 ,
705 4366 951 4420 facturus
974 4370 1089 4429 est,
1118 4364 1348 4435 Opinor,
1379 4378 1564 4432 operte
1599 4360 1837 4432 pretium
1856 4402 1871 4425 ,

2496 3354 2659 3428 435
2695 3368 2944 3410 counuo
2978 3369 3017 3407 ι.

1965 3491 2117 3547 Inter
2166 3489 2509 3562 diatogistam
2556 3496 2606 3562 et
2669 3485 3086 3562 Theodoretum,
3147 3484 3325 3555 quoad
3379 3499 3559 3539 omnes

2527 3557 2691 3613 simul
2730 3556 2992 3628 dialogos.

2039 3718 2080 3773 l.
2120 3716 2353 3787 Scripsit
2375 3713 2664 3785 dialogista
2698 3711 2965 3767 adversus
2990 3718 3103 3765 tres
3130 3709 3387 3771 luereses,
3421 3706 3557 3769 Arii,

1971 3807 2274 3863 Macedonii
2318 3816 2374 3862 et
2404 3804 2754 3876 Apollinarii.
2784 3803 3167 3858 Theodoretus
3194 3801 3233 3831 ”
3263 3818 3275 3853 :
3310 3819 3327 3851 ι
3356 3799 3563 3869 Scripsi

1975 3901 2244 3957 adversus
2277 3900 2512 3955 Arianos
2551 3912 2614 3953 ac
2643 3896 3086 3959 Macedonianos,
3110 3901 3167 3949 et
3187 3902 3376 3947 contra
3399 3891 3564 3961 Apol-

1971 3993 2163 4048 linaris
2190 3992 2515 4064 praestigias.
2561 4009 2579 4041 ι
2612 3989 2873 4052 Advorte,
2901 3988 3095 4050 lector,
3125 3983 3322 4039 eodem
3365 3983 3562 4038 ordine

1973 4086 2177 4156 scripta
2221 4099 2321 4139 sua
2354 4082 2766 4138 Thcodoretum
2812 4094 3123 4143 recensere,
3152 4092 3317 4148 quem
3360 4072 3561 4144 dialogi

1976 4178 2121 4232 inter
2152 4193 2211 4231 se
2240 4184 2483 4231 servant.

2045 4269 2109 4325 11,
2166 4268 2303 4323 Tres
2346 4276 2476 4322 sunt
2523 4264 2790 4320 adversus
2842 4259 3266 4316 Maccdonianos
3321 4255 3561 4326 dialogi,

1984 4361 2203 4424 tertius,
2242 4369 2430 4414 sextus
2469 4365 2525 4411 et
2560 4355 2845 4426 septimus.
2875 4351 3263 4406 Theodorctus
3296 4351 3338 4381 ¹⁸
3369 4367 3383 4402 :
3421 4366 3438 4398 α
3488 4346 3564 4401 De

279 4462 325 4516 si
353 4461 611 4515 advertat
647 4460 891 4513 animum
938 4457 1008 4512 ad
1068 4455 1594 4513 demonstrationem
1640 4453 1867 4509 manife~
1906 4462 1946 4517 ι)
1976 4451 2185 4523 Spiritu
2215 4458 2428 4513 sancto,
2463 4448 2729 4502 adversus
2770 4444 2945 4515 gratia
2976 4444 3094 4513 ejus
3128 4442 3421 4497 destitutos
3455 4438 3565 4491 ha:-

280 4560 419 4606 stam
449 4550 725 4614 veritatis,
750 4564 858 4618 qua
882 4547 950 4602 dc
984 4546 1253 4617 agitur“;
1293 4545 1585 4613 ipsumque
1620 4543 1873 4599 Theodo-

279 4652 464 4698 retum
489 4641 559 4697 de
590 4642 749 4697 libris
771 4657 801 4696 a
825 4656 884 4696 se
913 4640 1155 4710 scriptis,
1181 4637 1399 4694 duobus
1422 4636 1646 4706 quidem
1675 4636 1871 4690 adver-

281 4750 380 4790 sus
403 4734 631 4789 Aetium
662 4742 720 4788 et
750 4732 1104 4795 Eunomium,
1133 4729 1312 4785 tribus
1335 4743 1467 4782 vero
1489 4735 1677 4782 contra
1700 4726 1875 4781 Mace-

281 4826 603 4889 donianos,,
638 4833 830 4881 testem
863 4823 1070 4878 audiat.
1110 4821 1248 4877 Nam
1276 4827 1441 4889 caput
1470 4818 1773 4874 secundum
1819 4826 1875 4873 et

282 4918 514 4973 tertium
543 4916 672 4972 libri
698 4916 1010 4971 divinorum
1039 4914 1375 4985 dogmatum,
1401 4912 1495 4984 qui
1526 4911 1754 4981 quintus
1774 4909 1877 4965 Fa-

283 5010 537 5064 Manm
568 5010 955 5068 hareticarum.
980 5020 1216 5075 quorum
1242 5006 1477 5060 alterum
1501 5003 1569 5058 de
1598 5003 1734 5057 Filio
1759 5002 1879 5067 Dei,

286 5102 526 5156 alterum
565 5099 635 5154 de
667 5099 874 5170 Spiritu
906 5107 1119 5162 sancto,
1154 5097 1292 5152 nihil
1330 5097 1510 5167 reipsa
1542 5102 1670 5151 sunt
1706 5094 1877 5160 aliud,

285 5208 452 5261 quam
481 5190 876 5261 compendiosa
902 5190 1153 5260 quaedam
1187 5188 1492 5244 contractio
1519 5203 1734 5253 eorum,
1760 5204 1882 5258 qua:

286 5287 500 5356 prolixe
544 5284 604 5338 in
648 5283 881 5354 dialogis
918 5290 1246 5339 tractantur.
1278 5281 1430 5337 Idem
1473 5282 1677 5353 quippe
1721 5297 1885 5353 argu-

1978 4544 2199 4606 reticos,
2228 4551 2339 4596 tres
2366 4541 2539 4595 libros
2577 4536 2903 4606 conscripsi.
2940 4554 2958 4587 ι

2048 4635 2136 4690 111.
2178 4632 2470 4703 Dialogista
2523 4629 2687 4685 solvit
2732 4627 2892 4682 libris
2934 4642 3031 4680 seu
3074 4623 3306 4694 dialogis
3348 4620 3565 4675 duobus

1978 4727 2349 4800 syllogismos,
2398 4721 2601 4791 quibus
2653 4718 2810 4790 quasi
2869 4715 3162 4789 prmstigiis
3194 4711 3567 4783 Apollinarius

1979 4815 2324 4887 simplicibus
2356 4812 2641 4867 illudebat.
2688 4809 3074 4866 Theodorctus
3113 4806 3153 4835 "
3184 4821 3197 4857 :
3234 4822 3251 4854 ‹
3292 4800 3567 4856 Adversus

1979 4907 2300 4981 Apollinarii
2329 4905 2632 4977 praestigias
2660 4904 2829 4959 libros
2852 4898 3157 4971 composui.
3188 4917 3206 4950 ι

2048 5003 2135 5059 Ν.
2173 4999 2404 5071 Scripsit
2436 4998 2728 5069 dialogista
2768 5003 2893 5066 post
2940 4991 3237 5048 secundam
3270 4984 3563 5060 synodum,

1979 5113 2101 5168 quae
2129 5094 2315 5149 habita
2350 5107 2497 5148 anno
2526 5090 2652 5155 581,
2685 5096 2743 5144 et
2773 5096 2901 5142 ante
2938 5085 3177 5145 tertiam,
3211 5097 3333 5152 qua:
3368 5077 3569 5149 Ephesi

1979 5195 2168 5243 coacta
2196 5200 2342 5240 anno
2370 5183 2494 5237 451.
2532 5179 2917 5235 Theodoretus
2950 5176 2996 5207 ³ο
3039 5193 3053 5228 :
3084 5193 3101 5225 ι
3145 5174 3422 5243 [ntegrum
3449 5177 3568 5231 est,

1979 5280 2069 5335 cui
2103 5278 2324 5333 animus
2353 5274 2523 5330 fuerit
2549 5272 2776 5341 antiqua
2798 5283 2920 5323 mea
2943 5280 3112 5337 opera
3140 5265 3419 5327 evolvere,
3454 5269 3568 5315 tum

1636 5437 1955 5495 SCHULZII
1996 5435 2230 5492 ΝΟΤᾸΞ.

270 5500 294 5545 1

360 5623 404 5655 “
431 5623 547 5678 lloc
566 5629 961 5692 argumentum
1009 5621 1161 5692 nihil,
1198 5620 1405 5692 valere,
1457 5617 1854 5692 nisicodicum
1905 5632 2036 5671 mss.
2092 5611 2387 5692 accesserit
2422 5607 2756 5692 auctoritas,‘
2780 5605 2892 5675 jam
2930 5594 3573 5692 monuerup‘tt‘ﬁt‘litpies

295 5692 495 5749 Bened.
530 5690 672 5762 Opp.
704 5690 1010 5751 Athanasii,
1048 5699 1086 5762 t.
1119 5691 1183 5751 ll,

298 5762 522 5819 litudiue
550 5753 807 5833 petitum.
888 5764 927 5794 ⁸⁷
964 5761 1085 5816 Vid.
1111 5753 1270 5832 epist.
1305 5760 1391 5814 82.
1476 5759 1514 5790 ³⁸
1548 5758 1665 5813 Vid.
1698 5753 1860 5814 lib.'v
1899 5760 2044 5816 Har.
2078 5756 2233 5828 Fab.,
2260 5753 2380 5826 cap.
2413 5753 2465 5808 ⁸5.

1228 5706 1279 5760 p.
1312 5676 1437 5744 ΗΞ.
1476 5689 1684 5760 Ibidem
1718 5703 2042 5760 responsum
2070 5696 2157 5760 e_st
2186 5685 2252 5740 ad
2284 5686 2724 5760 argumentatus
2744 5676 2995 5760 locorum
3006 5688 3055 5760 sq

3062 5665 3389 5726 uorumdam
3419 5665 3576 5720 simi-

2542 5752 2583 5784 "
2622 5746 2744 5805 Vid.
2772 5746 2937 5818 epist.
2971 5735 3065 5796 cit".
3146 5742 3191 5772 ὀ
3222 5737 3367 5792 Loco
3418 5735 3517 5790 cit.
