4056 6174
535 334 642 398 383

1341 328 1720 392 GARNERII
1759 325 2388 390 DISSERTATIONIS
2430 329 2488 389 II
2531 325 2930 388 APPENDIX.

3689 323 3803 388 381

534 462 604 502 ea
631 459 751 516 qua
797 453 924 499 ante
966 441 1233 515 synodum
1282 440 1646 511 Ephesinam,
1691 450 1805 496 tum
1848 453 1971 510 qua
2002 445 2126 509 post

2298 438 2364 494 ll.
2391 438 2614 509 Dialogo
2645 453 2661 490 ι
2688 435 2885 507 ειιιωτὶι
2927 434 3248 493 Δηοιηωιιε,
3271 428 3365 484 ubi
3399 426 3662 516 scriptum
3686 430 3789 494 sit,

542 537 688 594 illam
737 548 954 590 rursum
999 541 1127 588 ante
1173 533 1462 588 duodecim
1507 548 1681 588 annos
1725 532 1940 602 scripsi.
1986 531 2118 598 Qua

539 625 690 681 enim
733 624 829 679 Dei
869 624 1041 694 gratia
1073 632 1178 687 est,
1209 632 1264 679 et
1293 622 1590 694 prophetas
1616 637 1809 677 omnes
1840 637 2120 678 commen-

543 715 697 770 tariis
727 713 972 782 exposui,
1003 723 1058 770 et
1085 714 1430 781 Psalterium,
1457 723 1513 770 et
1547 714 1900 784 Apostolum;
1941 724 1998 770 et
2023 713 2120 769 ad-

541 819 736 858 versus
767 804 998 858 Arianos
1037 819 1100 859 ac
1126 805 1563 870 Macedonianos,
1606 815 1662 860 et
1691 815 1882 860 contra
1915 805 2120 876 Apolli-

542 894 692 950 naris
722 895 1046 967 praestigias,
1087 897 1405 968 rabiemque
1443 898 1755 962 Marcionis,
1787 897 1958 953 libros
1985 898 2117 953 olim

540 986 848 1057 composui.
869 1006 886 1038 ο

612 1076 676 1131 V.
711 1077 1002 1149 Dialogista
1031 1087 1161 1135 tunc
1182 1081 1422 1152 scripsit,
1449 1097 1574 1137 cum
1601 1083 1836 1137 hereses
1854 1081 1960 1137 illae
1981 1092 2115 1147 tres,

538 1179 679 1236 quas
705 1165 850 1227 dixi,
892 1167 1161 1238 vigerent.
1209 1169 1590 1226 Theodoretus
1631 1185 1911 1240 exponens
1959 1185 2118 1241 argu-

539 1264 788 1311 mentum
820 1257 1157 1329 singulorum
1182 1258 1426 1330 quinque
1453 1261 1719 1314 librorum
1747 1259 1815 1316 de
1844 1260 2118 1316 hareticis

539 1345 740 1403 fabulis
765 1365 778 1401 :
813 1367 831 1398 ι
859 1348 918 1403 ln
941 1359 1141 1419 quarto
1168 1351 1504 1406 recentiores
1522 1350 1757 1406 haereses
1778 1351 2120 1406 demonstra-

541 1438 722 1493 bimus
751 1439 819 1504 ",
860 1439 999 1504 Arii,
1048 1441 1301 1511 inquam,
1331 1450 1389 1496 et
1431 1443 1720 1507 Eunomii,
1752 1452 1809 1498 et
1849 1453 2118 1514 quotquot

541 1535 666 1596 post
694 1527 818 1583 illos
839 1539 1188 1584 emerserunt
1213 1545 1385 1599 usque
1405 1529 1474 1584 ad
1500 1531 1746 1586 ultimam
1768 1531 1928 1596 hanc,
1952 1547 2114 1602 quam

543 1619 806 1674 Dominus
838 1620 1132 1690 derepente
1169 1620 1418 1674 funditus
1441 1620 1784 1691 exstirpavit.
1823 1642 1841 1673 ο
1879 1623 2016 1677 Tum
2061 1624 2117 1678 in

541 1709 749 1779 syllabo
767 1712 974 1775 Arium,
998 1711 1361 1766 Macedoniam
1385 1723 1432 1766 et
1455 1711 1820 1783 Apollinarem
1847 1725 2113 1780 recenset,

541 1816 666 1856 cum
701 1803 817 1856 suis
851 1803 1093 1873 singulos
1120 1803 1387 1858 sectariis.

614 1894 700 1947 Vl.
747 1894 824 1948 lta
867 1905 1072 1964 pugnat
1104 1894 1390 1966 dialogista
1430 1911 1555 1952 cum
1597 1897 1839 1963 Arianis,
1869 1907 1931 1953 ut
1968 1899 2118 1954 Ano-

540 1997 714 2038 mmos
745 1983 1087 2048 nominatim,
1122 1985 1623 2056 Anommorumque
1661 1996 1916 2057 parentes
1956 1989 2117 2053 duos,

539 2072 757 2127 Aetium
785 2082 842 2128 et
870 2073 1199 2130 Eunomium
1231 2084 1400 2144 petat.
1430 2075 1829 2141 Theodoretus,
1857 2077 1952 2131 ubi
1991 2090 2120 2133 suos

539 2163 711 2218 libros
739 2165 1004 2228 nominat,
1034 2165 1146 2218 imo
1180 2173 1239 2220 et
1275 2180 1400 2221 cum
1435 2165 1700 2235 disputat,
1727 2167 1946 2222 Aetium
1979 2168 2122 2224 solet

539 2269 665 2308 cum
711 2255 1002 2320 Ennomio,
1041 2255 1275 2312 Arianos
1319 2271 1444 2312 cum
1489 2258 1848 2314 Eunomianis
1885 2259 2118 2330 conjun-

537 2358 689 2413 gere.
717 2344 1008 2400 lnnumera
1031 2347 1280 2416 exempla
1303 2355 1625 2418 suppetunt.

611 2434 722 2490 Vll.
768 2435 910 2501 Quid
955 2437 1150 2506 plura?
1182 2437 1562 2492 Theodoretus
1597 2453 1656 2494 se
1697 2438 1832 2494 dicit
1859 2439 2119 2494 adversus

540 2527 829 2585 haereticos
847 2529 975 2584 illos
998 2529 1305 2599 scripsisse,
1336 2541 1529 2586 contra
1561 2547 1700 2601 quos
1734 2541 1863 2587 sunt
1891 2532 2116 2602 dialogi,

539 2624 598 2670 ct
630 2615 854 2672 totidem
882 2617 1052 2674 libros
1082 2620 1386 2689 scripsisse,
1418 2629 1555 2691 quot
1585 2621 1641 2677 in
1670 2622 1900 2694 dialogis
1924 2625 2117 2695 legun-

542 2718 652 2774 tur,
677 2719 735 2766 et
763 2712 973 2781 prolixe
1007 2721 1290 2780 tractasse,
1324 2730 1446 2785 qua:
1479 2715 1686 2786 prolixe
1728 2725 2032 2772 tractantur
2062 2718 2117 2774 in

539 2804 790 2876 dialogis.
823 2804 956 2873 Quae
997 2814 1228 2877 possunt
1268 2823 1390 2865 esse
1431 2817 1580 2865 certa
1622 2811 1952 2882 conjecturae
1997 2828 2116 2869 mo-

541 2905 746 2962 menta,
785 2899 892 2954 nisi
933 2899 1050 2954 haec
1080 2901 1246 2955 sunt?
1927 2885 1932 2890 ’

1151 3069 1402 3110 οοιιΑτιο
1448 3071 1506 3109 ll.

541 3159 689 3217 Inter
732 3162 1072 3234 dialogiatam
1109 3173 1159 3218 et
1201 3164 1609 3238 Theodoretum,
1661 3167 1839 3238 quoad
1881 3168 2118 3238 dialogos

1096 3243 1284 3288 contra
1316 3235 1565 3291 Arianae.

617 3343 1006 3440 lfDialogista,
1035 3371 1217 3424 statim
1245 3371 1404 3426 initio
1430 3369 1630 3444 dialogi
1659 3373 1820 3442 primi
1859 3373 2122 3429 adversus

542 3460 890 3523 Anomneum,
929 3460 1114 3513 renuit
1138 3459 1322 3515 dicere
1345 3471 1554 3530 aperte,
1579 3477 1920 3533 quaacunque
1950 3465 2120 3534 perti-

543 3558 678 3604 nent
708 3548 775 3603 ad
810 3551 1090 3620 mysteria,
1122 3548 1226 3603 nisi
1251 3550 1405 3618 prius
1435 3552 1673 3614 noverit,
1704 3553 1794 3606 cui
1821 3554 2076 3622 loquatur
2105 3572 2120 3609 :

551 3661 570 3690 ι
599 3640 824 3708 Aperire
871 3639 1036 3711 436
1099 3655 1268 3703 vero,
1300 3641 1432 3710 quid
1499 3641 1572 3695 sit
1628 3640 2083 3700 Christianismus
2107 3687 2121 3709 ,

544 3745 655 3783 non
684 3730 912 3799 perinde
948 3740 1125 3784 tutum
1152 3739 1257 3794 est,
1282 3731 1389 3788 nisi
1429 3732 1772 3799 intellexero,
1800 3734 1923 3804 quis
1949 3735 2123 3791 inter-

545 3827 719 3891 roget,
749 3837 818 3874 ne
851 3821 1039 3875 videar
1060 3821 1192 3876 dare
1226 3830 1412 3877 sancta
1442 3821 1693 3888 canibus,
1729 3833 1784 3879 et
1807 3827 2125 3896 margaritas

544 3920 672 3965 ante
707 3925 902 3980 porcos
939 3913 1231 3982 projicere.
1267 3912 1325 3967 Si
1368 3914 1516 3968 enim
1556 3927 1642 3969 me
1687 3915 2027 3987 interroges,
2069 3928 2126 3973 et

544 4002 709 4057 simul
740 4004 814 4058 sis
839 4019 982 4058 unus
1020 4005 1088 4060 de
1131 4002 1404 4068 fidelibus,
1434 4005 1670 4060 libenter
1691 4006 1838 4072 dico,
1866 4007 1986 4078 quis
2024 4025 2124 4080 ego

544 4093 669 4148 sim.
697 4093 837 4160 Quid
865 4111 998 4150 vero
1021 4096 1113 4160 sit,
1141 4094 1356 4151 ﬁdelem
1385 4112 1526 4162 esse,
1561 4113 1669 4152 non
1697 4097 1842 4162 dico,
1880 4115 1950 4155 ne
1985 4100 2124 4157 forte

544 4183 768 4240 Iudaeus
790 4185 866 4240 sis
887 4193 942 4239 tu
971 4186 1066 4255 qui
1087 4187 1510 4258 meintcrrogas.
1539 4207 1557 4240 ι
1594 4187 1649 4242 ld
1679 4189 1922 4246 solemne
1947 4191 2126 4247 Theo—

545 4273 740 4330 doreto
769 4276 823 4329 in
864 4277 1001 4330 Dial.
1039 4292 1075 4330 n
1117 4277 1398 4332 Eranistae.
1437 4277 1574 4333 Cum
1609 4295 1790 4335 sermo
1842 4282 2126 4338 incidisset

545 4365 615 4420 de
649 4366 1013 4431 Eucharistia,
1041 4368 1412 4439 interrogante
1439 4370 1690 4425 Eranista
1719 4373 1766 4404 η
1793 4389 1805 4425 :
1840 4391 1858 4423 ‹
1891 4373 1992 4439 Qui
2028 4390 2124 4445 ap-

543 4459 718 4529 pellas
747 4459 976 4524 donum,
1013 4461 1161 4530 quod
1189 4461 1439 4525 otl‘ertur,
1473 4471 1601 4517 ante
1631 4463 1930 4520 sacerdotis
1961 4467 2118 4522 invo-

543 4552 852 4606 cationem?
890 4571 907 4603 ι
942 4553 1238 4622 respondet
1263 4553 1616 4610 Orthodoxus
1655 4573 1669 4609 :
1721 4576 1739 4607 ι
1786 4557 1986 4628 Aperte
2031 4560 2118 4613 di-

543 4642 778 4696 cendum
806 4659 914 4698 non
937 4653 1054 4707 est;
1081 4645 1376 4699 verisimile
1404 4653 1488 4699 est
1523 4646 1668 4700 enim
1691 4647 1881 4703 adesse
1908 4649 2120 4718 aliquos

544 4733 820 4802 mysteriis
858 4749 966 4786 non
1000 4734 1261 4788 initiatos.
1292 4735 1358 4788 Et
1414 4735 1510 4790 lib.
1543 4753 1575 4790 v
1607 4737 1800 4791 Ha'ret.
1846 4740 1952 4808 fab.
1993 4756 2117 4794 cum

543 4831 731 4894 ageret
769 4823 838 4878 de
879 4823 1214 4893 baptismo”
1249 4841 1263 4876 :
1310 4843 1328 4874 ι
1357 4824 1482 4880 Hmc
1524 4841 1624 4880 nos
1667 4827 1734 4880 de
1771 4829 2118 4886 sanctissimo

545 4913 817 4984 baptismo
846 4913 1050 4969 sentire
1076 4912 1265 4988 docuit
1289 4912 1510 4968 divinus
1528 4913 1844 4983 Apostolus,
1879 4920 1897 4940 ⁶
1923 4917 2038 4974 fore
2058 4927 2119 4973 ut

547 5005 748 5075 sepulti
765 5021 890 5061 cum
906 5003 1128 5059 Christo
1144 5003 1572 5057 resurrectionis
1596 5003 1893 5073 participes
1913 5008 2115 5075 simus;

547 5110 738 5149 verum
771 5096 862 5151 hic
891 5095 1063 5165 magis
1093 5094 1324 5165 mystico
1351 5108 1606 5148 sermone
1646 5108 1786 5164 opus
1813 5104 1899 5150 est
1917 5135 1932 5159 ,
1957 5115 1976 5147 ι
2005 5106 2116 5154 etc.

547 5184 616 5238 Et
630 5185 685 5239 in
697 5187 996 5257 quaestione
1012 5185 1106 5240 XV
1126 5201 1293 5256 super
1303 5183 1631 5240 Numeros“
1653 5202 1666 5238 :
1693 5203 1713 5236 ‹
1734 5183 1978 5242 Obscure
1995 5203 2121 5258 pro-

546 5286 671 5347 pter
702 5295 809 5334 non
839 5281 1083 5336 initiatos
1129 5280 1456 5336 disserimus
1485 5279 1556 5336 de
1587 5279 1793 5335 divinis
1812 5283 2118 5352 mysteriis;

546 5366 634 5424 his
661 5385 793 5424 vero
819 5372 1044 5426 semotis
1093 5371 1336 5427 initiatos
1362 5379 1550 5443 aperte
1571 5371 1853 5427 docemus.
1883 5391 1901 5422 ι

2227 550 2246 584 ο
2267 529 2464 586 Filium
2482 543 2605 584 esse
2621 527 2851 598 ﬁguram
2868 521 3241 579 substantiam
3268 517 3581 590 Respondet
3595 515 3806 575 Ortho-

2218 622 2394 678 doxus
2413 639 2426 676 :
2453 619 2644 690 «Apud
2667 617 2976 689 apostolum
2994 607 3246 676 Paulum,
3265 613 3320 666 in
3341 611 3585 682 Epistola
3603 611 3668 666 ad
3689 613 3802 666 lle—

2217 713 2414 770 hraeos.
2436 733 2454 765 ι
2491 711 2712 782 Excipit
2726 710 3026 766 Anommus
3044 726 3058 761 :
3083 726 3101 758 σ
3118 707 3240 761 Non
3255 704 3525 774 recipitur
3539 704 3594 757 in
3607 703 3803 760 Eccle-

2218 806 2316 860 sia.
2331 804 2678 875 iExceptioni
2701 799 3232 858 refertOrthodoxus
3259 814 3273 852 :
3300 816 3316 847 ι
3339 798 3417 852 Ex
3449 811 3560 867 quo
3574 811 3800 851 annun-

2217 897 2410 952 tiatum
2441 905 2524 952 est
2541 895 2748 951 Christi
2778 892 3156 963 Evangelium,
3191 888 3399 944 credita
3420 895 3506 942 est
3538 888 3652 943 hac
3671 887 3804 957 epi-

2220 987 2360 1043 stola
2382 986 2535 1041 Pauli
2559 1000 2702 1050 esse,
2735 997 2910 1053 eaque
2938 988 3298 1035 annnmerata
3319 992 3512 1033 omnes
3539 977 3811 1047 Epistola

2218 1079 2372 1135 Pauli
2405 1089 2535 1133 sunt
2574 1089 2806 1131 numero
2837 1071 3279 1144 quatuorde‘cim.
3323 1067 3703 1123 Theodoretus
3739 1068 3807 1122 in

2217 1171 2535 1243 praefatione
2581 1165 2936 1238 expositionis
2971 1163 3227 1234 Epistolas
3273 1161 3341 1216 ad
3387 1160 3642 1216 Hebraeos
3686 1161 3734 1193 ⁸⁸
3786 1179 3803 1212 :

2225 1281 2244 1315 ε
2280 1262 2427 1316 Nihil
2457 1261 2664 1315 faciunt
2705 1256 3123 1319 admirandum,
3167 1253 3260 1324 qui
3305 1252 3499 1306 morbo
3536 1252 3803 1308 Arianico

2218 1353 2502 1417 laborant;
2525 1351 2571 1405 si
2593 1349 2884 1404 adversum
2909 1347 3118 1401 litteras
3138 1343 3467 1414 apostolicas
3491 1343 3797 1408 insaniant;

2217 1451 2274 1497 et
2323 1441 2624 1512 Epistolam
2693 1438 2762 1494 ad
2816 1437 3076 1493 Hebraeos
3133 1450 3163 1489 a
3226 1433 3458 1503 reliquis
3506 1441 3805 1502 separent,

2217 1549 2447 1605 eamque
2476 1531 2842 1588 adulterinam
2872 1529 3168 1600 appellent.
3212 1525 3316 1593 Qui
3348 1526 3496 1581 enim
3529 1525 3812 1580 adversus

2217 1627 2387 1681 Deum
2418 1635 2473 1680 et
2497 1625 2845 1679 Servatorem
2869 1629 3118 1676 nostrum
3146 1618 3362 1686 linguas
3389 1617 3804 1685 movent,‘quid

2218 1733 2326 1772 non
2363 1716 2599 1771 audeant
2637 1713 2900 1769 adversus
2941 1713 3063 1782 ejus
3095 1709 3389 1764 benevolos
3427 1715 3486 1762 et
3517 1707 3806 1778 grandilo-

2218 1822 2358 1877 quos
2381 1805 2626 1860 veritatis
2657 1802 3058 1874 pmonesl—
3076 1799 3372 1871 Oportebat
3400 1805 3581 1852 autem
3622 1797 3803 1866 ipsos,

2219 1896 2321 1952 ctsi
2349 1895 2485 1949 nihil
2517 1893 2687 1958 aliud,
2722 1891 2986 1961 temporis
3012 1897 3163 1944 certe
3188 1887 3606 1943 diuturnitatem
3640 1900 3808 1940 rere-

2219 1985 2350 2050 reri,
2380 2000 2492 2054 quo
2521 1984 2665 2038 hanc
2693 1980 2980 2052 epistolam
3031 1979 3090 2033 in
3133 1976 3384 2033 ecclesiis
3411 1983 3682 2045 perpetuo
3711 1975 3807 2028 le-

2219 2085 2417 2149 gerunt
2457 2075 2663 2130 alumni
2711 2073 2978 2128 veritatis.
3029 2072 3108 2126 Ex
3149 2085 3261 2140 quo
3294 2068 3441 2124 enim
3483 2069 3804 2123 litterarum

2218 2169 2637 2238 apostolicarum
2687 2165 2911 2220 fuerunt
2939 2162 3198 2218 Ecclesiae
3235 2161 3334 2216 Dei
3365 2159 3680 2230 participes,
3725 2173 3807 2213 ex

2217 2260 2311 2314 illo
2344 2259 2509 2315 etiam
2551 2257 2808 2328 Epistolas
2848 2255 2917 2310 ad
2966 2254 3236 2309 Hehrms
3267 2253 3558 2308 utilitatem
3611 2251 3804 2320 perci-

2218 2350 2394 2421 piunt.
2440 2369 2458 2402 ι
2508 2349 2628 2403 Non
2668 2346 2895 2402 memini
2945 2361 3032 2400 me
3080 2345 3262 2416 legere
3324 2345 3494 2398 alium
3538 2344 3708 2398 ullum
3765 2359 3804 2398 e

2217 2442 2520 2506 veteribus,
2567 2450 2766 2511 praeter
2811 2439 3179 2510 Epiphaniam
3227 2437 3423 2492 haeresi
3457 2436 3545 2500 69,
3581 2436 3674 2506 qui
3725 2435 3804 2490 de

2215 2532 2435 2587 Arianis
2479 2529 2626 2586 istud
2674 2529 2963 2584 tradiderit
2993 2545 3007 2581 :
3037 2540 3352 2597 quanquam
3400 2526 3587 2596 plures
3635 2533 3800 2589 sunt,

2216 2623 2311 2694 qui
2346 2622 2416 2678 de
2451 2620 2789 2677 Marcionitis
2824 2619 3056 2688 aliisque
3094 2616 3371 2672 haereticis
3413 2617 3488 2670 ita
3529 2614 3796 2670 sentiant.

2288 2712 2377 2768 Ill.
2412 2711 2706 2781 Dialogista
2739 2709 2927 2773 refert,
2969 2723 3081 2778 quo
3109 2713 3434 2776 argumento
3457 2703 3643 2760 Ariani
3673 2702 3804 2773 epi-

2217 2806 2414 2862 stolam
2438 2805 2581 2858 hanc
2609 2803 2920 2874 rejicerent,
2944 2801 3074 2871 quia
3096 2816 3206 2854 non
3242 2798 3468 2869 perinde
3493 2815 3558 2853 ac
3587 2799 3642 2852 in
3674 2797 3808 2852 aliis

2219 2899 2370 2955 Pauli
2392 2912 2590 2952 nomen
2618 2903 2766 2950 esset
2789 2894 3137 2964 inscriptum.
3163 2892 3256 2948 Sic
3279 2892 3427 2946 enim
3455 2891 3759 2946 Anommus
3785 2910 3804 2945 :

2229 3009 2247 3042 ‹
2282 2990 2400 3046 Non
2429 2988 2862 3044 animadvertisti
2909 2987 2963 3042 in
3005 2985 3220 3042 caeteris
3260 2984 3503 3056 praeferri
3552 2984 3808 3054 Apostoli

2147 3099 2190 3158 ο
2221 3095 2442 3144 nomen,
2477 3079 2532 3132 in
2575 3079 2677 3134 hac
2706 3093 2818 3133 non
2861 3078 3012 3134 item.
3048 3098 3066 3130 ι
3097 3079 3479 3133 Theodoretus
3505 3079 3550 3108 "
3576 3094 3589 3130 :
3619 3097 3636 3126 ι
3672 3075 3809 3130 Sua:

2221 3171 2556 3226 accusationi
2580 3171 2727 3224 hunc
2744 3176 3067 3239 praetextum
3092 3169 3351 3231 afferunt,
3369 3168 3511 3237 quod
3533 3166 3807 3236 apostoli-

2220 3277 2346 3318 cum
2375 3277 2576 3316 nomen
2598 3275 2706 3315 non
2729 3261 2802 3315 sit
2821 3260 3074 3315 similiter
3101 3261 3340 3331 positum
3361 3260 3414 3314 in
3435 3258 3722 3329 prommio.
3777 3278 3802 3309 ι

2290 3352 2377 3407 1V.
2408 3352 2465 3406 ln
2500 3352 2692 3406 eodem
2731 3352 2947 3422 dialogo
2979 3352 3280 3407 Anommus
3322 3351 3597 3416 inducitur
3629 3349 3812 3405 abro-

2221 3457 2354 3512 gans
2386 3443 2772 3497 auctoritatem
2797 3442 2958 3514 537
2991 3443 3247 3513 Epistolaa
3267 3443 3334 3497 ad
3363 3443 3638 3504 Hebraeos,
3669 3442 3813 3511 quia

2222 3546 2321 3601 pro
2347 3532 2633 3588 divinitate
2667 3532 2786 3587 Filii
2824 3543 3208 3604 argumentum
3235 3533 3362 3587 inde
3394 3531 3578 3588 etlicax
3610 3546 3809 3586 sume-

2225 3632 2410 3686 retur,
2467 3623 2614 3693 quod
2670 3623 2888 3678 dicatur
2943 3623 3228 3695 χαρακτὴρ
3277 3623 3379 3693 τῆς
3429 3623 3809 3686 ὑποστάσεως.

2224 3715 2606 3771 Theodoretus
2634 3715 2688 3768 in
2713 3715 3055 3784 expositione
3082 3715 3279 3785 capitis
3298 3715 3482 3784 primi,
3509 3723 3810 3784 postquam

2223 3804 2342 3860 haec
2394 3804 2513 3874 ipsa
2557 3802 2711 3858 Pauli
2762 3804 2930 3859 verba
2975 3804 3189 3859 erudite
3237 3805 3626 3873 interpretatus
3681 3811 3810 3867 est,

2232 3913 2250 3946 ι
2283 3895 2441 3960 Cum,
2477 3895 2676 3965 inquit,
2721 3895 2886 3966 hujus
2950 3896 3238 3964 theologia:
3298 3896 3504 3950 nullam
3539 3909 3658 3949 esse
3691 3893 3808 3948 du-

2225 3987 2545 4043 hitationem
2574 3988 2844 4052 viderent,
2870 3989 3108 4058 quicum
3137 3989 3266 4043 Ario
3287 3989 3552 4049 sentiunt,
3573 4003 3640 4042 ex
3668 4002 3818 4056 apo-

2223 4081 2431 4138 Stolicis
2483 4081 2756 4137 thesauris
2821 4081 2964 4136 hanc
3028 4080 3313 4151 epistolam
3368 4080 3566 4148 ejicere
3614 4079 3811 4133 conati

2225 4183 2371 4238 sunt,
2393 4173 2518 4228 ideo
2547 4187 2650 4227 nos
2672 4188 2792 4227 eam
2823 4172 3165 4227 ostendi-mus
3188 4171 3501 4227 consentire
3535 4169 3816 4224 doctrinas

2225 4261 2554 4332 evangelica:
2587 4262 2651 4315 ⁸⁷.
2693 4279 2710 4312 ι

2293 4372 2432 4428 Nota
2487 4389 2646 4437 vero,
2700 4373 3016 4442 ubicunque
3065 4373 3440 4428 Theodoretus
3482 4372 3587 4424 hoc
3628 4384 3814 4439 argn-

2225 4468 2411 4514 mento
2443 4461 2639 4524 utitur,
2671 4462 2847 4516 utitur
2888 4472 3068 4516 autem
3099 4478 3210 4518 non
3240 4461 3426 4523 semel,
3453 4459 3672 4530 adjungi
3710 4459 3812 4513 di-

2224 4557 2370 4604 ctum
2403 4550 2534 4604 illud
2558 4550 2786 4616 Christi,
2810 4551 3034 4606 Joannis
3061 4569 3170 4613 xw,
3191 4551 3225 4606 9
3250 4571 3262 4606 :
3298 4550 3401 4616 Qui
3428 4550 3562 4605 uidet
3593 4566 3695 4613 me,
3725 4551 3815 4603 ui-

2224 4642 2308 4695 det
2335 4649 2383 4695 et
2409 4641 2625 4695 Patrem
2649 4659 2839 4697 meum.
2862 4643 3018 4709 Quod
3043 4643 3173 4698 facit
3196 4642 3358 4698 etiam
3385 4641 3690 4711 dialogista.

2294 4733 2358 4788 γ.
2388 4733 2596 4788 Ibidem
2623 4733 2914 4804 dialogista
2937 4734 3060 4789 Filii
3081 4751 3111 4788 a
3131 4743 3384 4788 creatura
3405 4732 3808 4794 differentiam,

2223 4826 2503 4897 ipsiusque
2528 4842 2652 4880 cum
2682 4827 2842 4882 Patre
2878 4825 3501 4881 consubstantialitatem
3526 4839 3593 4878 ex
3614 4838 3685 4877 eo
3709 4839 3813 4878 οδ-

2223 4918 2419 4982 tendit,
2437 4917 2585 4988 quod
2603 4917 2774 4972 Filius
2793 4934 2858 4972 ex
2881 4927 3038 4972 utero
3059 4918 3274 4987 genitus
3292 4917 3509 4971 dicatur
3530 4915 3664 4985 psal.
3691 4931 3807 4977 cur,

2221 5017 2473 5064 creatura
2503 5009 2759 5064 mandato
2790 5009 2928 5064 facta
2967 5023 3061 5063 seu
3093 5009 3291 5064 Verbo.
3324 5007 3708 5063 Theodoretus
3745 5006 3812 5060 in

2221 5102 2561 5173 expositione
2601 5103 2795 5172 psalmi
2827 5117 2931 5163 crs,
2966 5101 3032 5155 ad
3067 5101 3184 5156 haec
3215 5099 3381 5154 verba
3409 5115 3422 5151 :
3457 5117 3475 5149 σ
3518 5096 3602 5151 Ex
3643 5106 3812 5150 utero

2224 5199 2348 5244 ante
2393 5190 2665 5261 luciferum
2711 5193 2866 5263 genui
2904 5200 2952 5244 te
2993 5207 3011 5245 :
3046 5190 3161 5245 Hoc
3208 5190 3263 5244 in
3308 5190 3428 5244 loco
3474 5205 3586 5243 sum
3629 5187 3809 5240 etiam

2221 5281 2526 5336 divinitatis
2590 5280 3045 5352 magniﬁcentiam
3099 5279 3316 5348 aperuit
3343 5281 3419 5340 υς
3481 5286 3536 5333 et
3596 5276 3690 5346 qui
3747 5278 3808 5332 ei

2225 5372 2489 5428 Dominus
2527 5372 2787 5443 ‘dixerat,
2831 5370 2963 5424 Sede
3021 5389 3052 5424 a
3109 5371 3307 5424 dea-tris
3372 5370 3518 5430 meis,
3556 5367 3804 5422 consub-

1883 5529 2199 5587 SCl‘lULle
2236 5528 2469 5585 ΝΟΤᾹῦ.

611 5688 652 5718 ³⁸
680 5687 802 5742 Vid.
836 5696 874 5740 t.
914 5686 998 5748 IV',
1063 5701 1116 5754 ι).
1140 5685 1263 5745 282.
1371 5687 1415 5716 "
1445 5687 1566 5741 Vid.
1599 5687 1754 5747 ibid..

1788 5703 1840 5757 p.
1877 5689 1995 5746 125.

543 5766 583 5814 t.
617 5757 700 5822 lli,
742 5774 794 5829 p.
825 5757 918 5811 Pili
964 5773 1079 5826 seq.

1156 5685 1263 5745 res,
1371 5687 1415 5716 η
1445 5687 1566 5741 Vid.
1599 5687 1754 5747 ibid.,
1788 5703 1840 5757 p.
1877 5689 1995 5746 ias.
2103 5689 2138 5719 ιι

1156 5757 1200 5786 η
1233 5755 1354 5812 Vid.
1391 5757 1426 5811 ι.
1468 5773 1538 5826 c.,
1576 5773 1628 5827 ρ.
1663 5758 1784 5812 5.12.
1862 5759 1904 5789 ιτ
1943 5756 2060 5814 \‘id.
2089 5765 2127 5812 t.

2228 5686 2300 5740 id.
2357 5685 2512 5745 ibid,
2551 5700 2604 5754 p.
2669 5685 2790 5737 sta.
2888 5685 2932 5713 ἰ
2962 5685 3084 5737 Vid.
3122 5693 3158 5738 t.
3203 5685 3242 5742 ι.
3283 5699 3304 5750 ιτ

2222 5756 2253 5822 I,
2289 5773 2342 5826 [ι.
2372 5757 2494 5811 sis.
2572 5755 2617 5786 ἰ
2647 5755 2764 5810 Vid.
2799 5763 2836 5809 t.
2872 5755 2911 5820 ι,
2940 5770 2993 5824 ιι.
3027 5754 3158 5811 ιδοι
3187 5768 3304 5822 seq.

2551 5700 2604 5754 p.
2669 5685 2790 5737 ita.
2888 5685 2932 5713 υ
2962 5683 3084 5737 Vid.
3122 5693 3158 5738 ι.
3203 5683 3242 5742 l.
3283 5699 3336 5750 ι).
3378 5679 3502 5735 250.
3599 5680 3642 5710 υ
3674 5678 3812 5734 V’id.
