4058 6174
256 215 369 277 385

945 223 1039 282 DE
1072 225 1424 287 DIALOGIS
1465 232 1627 291 ADV.
1666 232 2015 309 ARIANOS,
2052 238 2653 313 MACEDONIANOS,
2695 228 2851 301 ETC.

3424 241 3529 304 386

260 325 682 419 stantialitatem
718 329 950 395 fatetur,
999 342 1053 387 et
1097 334 1434 391 identitatem
1470 348 1677 394 naturae
1710 356 1847 409 prze-
1883 350 1922 404 Α
1954 346 2098 414 quod
2126 347 2194 401 ab
2223 349 2328 403 alio
2358 358 2460 413 est,
2506 364 2623 404 esse
2658 365 2723 402 eo
2754 349 3047 419 posterius,
3082 363 3111 402 a
3153 364 3262 418 quo
3302 359 3404 413 est,
3435 368 3524 405 os-

258 418 431 473 dicat.
461 421 599 473 Ante
660 421 937 491 luciferum
991 425 1160 488 enim,
1223 436 1350 482 ante
1391 438 1608 498 tempus
1640 439 1693 484 et
1722 438 1849 486 ante

257 511 461 564 saecula
527 510 705 580 ipsum
752 528 875 568 esse
927 514 1288 570 demonstrat.
1331 518 1412 570 Ea
1450 528 1599 571 utero
1641 527 1845 582 autem,

256 600 510 669 ejusdem
555 616 676 657 esse
704 604 1024 661 substantire
1063 608 1245 662 docet.
1291 609 1408 663 Non
1451 611 1597 664 enim
1626 611 1848 665 aliunde

259 692 360 751 ait.
390 693 488 747 sed
523 710 591 747 ex
622 710 741 749 mea
768 705 963 750 natura
991 698 1211 767 genitus
1248 714 1329 761 es,
1355 708 1547 753 ventre
1583 700 1845 753 nimirum

260 797 361 854 per
400 785 820 839 similitudinem
862 787 1162 842 intellecto.
1204 788 1275 844 Ut
1309 790 1455 844 enim
1480 806 1547 844 ex
1576 799 1735 845 utero
1763 792 1859 861 gi-w

261 884 441 947 guunt
464 877 738 940 homines,
762 887 819 931 et
846 894 969 947 qua:
990 879 1307 949 gignuntur,
1338 882 1587 935 eamdem
1618 881 1843 948 habent,

262 983 427 1036 quam
462 968 762 1036 genitores,
798 979 1083 1035 naturam;
1117 973 1196 1024 sic
1222 987 1289 1025 ex
1323 987 1409 1025 me
1436 972 1657 1042 genitus
1682 989 1762 1037 es,
1794 982 1849 1028 et

262 1059 530 1127 genitoris
560 1058 615 1112 in
645 1068 696 1113 te
725 1059 1087 1113 substantiam
1116 1061 1381 1115 ostendis.
1416 1080 1435 1112 ι

332 1149 422 1202 V’l.
452 1150 747 1219 Dialogista
792 1151 1043 1220 pluribus
1076 1152 1130 1205 in
1176 1152 1355 1221 primo
1384 1153 1599 1223 dialogo
1622 1154 1849 1224 exponit

266 1243 471 1297 dictum
504 1244 640 1297 illud
670 1244 941 1313 Apostoli,
972 1246 1080 1299 Hoc
1103 1250 1242 1300 enim
1267 1249 1454 1301 sentite
1488 1261 1535 1311 ιι,
1568 1258 1698 1315 ete.,
1734 1265 1847 1319 quo

264 1334 497 1388 Arianos
527 1335 835 1389 convincat.
868 1336 1248 1392 Theodoretus
1290 1338 1438 1393 hunc
1483 1340 1660 1409 ipsum
1698 1341 1845 1410 Apo-

265 1427 386 1480 stoli
418 1427 603 1479 locum
628 1427 683 1479 in
700 1426 1126 1483 Commentariis
1162 1430 1409 1484 eamdem
1431 1430 1485 1484 in
1516 1432 1842 1485 sententiam

264 1516 682 1586 interpretatur,
715 1518 1017 1589 Ariumque
1061 1529 1118 1575 et
1163 1521 1493 1575 Eunomium
1528 1523 1680 1592 argui
1724 1522 1844 1577 hla-

264 1607 527 1675 sphemiae
570 1608 642 1661 ab
692 1608 956 1678 Apostolo
1005 1610 1221 1664 refert:
1260 1613 1469 1681 totique
1518 1612 1844 1680 expositioni

1953 437 2140 492 tendat
2167 440 2363 493 Filium
2407 456 2527 494 esse
2555 442 2700 494 Patri
2733 450 3060 495 comtcmum
3085 448 3139 494 et
3163 442 3524 496 consubstan‘

1951 527 2156 593 tialem,
2202 531 2423 600 copiose
2467 531 2688 586 disserit
2719 532 2785 585 de
2829 532 2951 586 loco
2985 532 3137 585 Pauli
3179 532 3345 587 llebr.
3381 549 3419 595 l,
3469 533 3522 595 5,

1952 618 2043 672 ubi
2078 619 2249 675 Filius
2272 623 2476 676 dicitur
2499 623 2757 692 splendor
2786 623 2969 692 gloriae
2994 632 3050 676 et
3081 622 3248 693 figura
3273 624 3527 679 substan-

1948 709 2057 773 tiae,
2093 710 2327 785 indeque
2370 713 2669 777 concludit,
2720 732 2736 763 ‹
2782 714 2877 767 Dei
2913 713 3108 768 Filium
3137 730 3200 767 ex
3235 714 3347 769 Deo
3382 731 3523 779 esse,

1948 814 2058 853 non
2094 807 2274 855 tamen
2304 812 2427 872 post
2467 804 2659 867 Deum,
2693 819 2870 873 neque
2904 812 3057 857 extra
3099 805 3291 868 Deum,
3323 805 3417 859 sed
3449 806 3525 859 si-

1949 891 2063 944 mul
2095 899 2257 960 atque
2288 893 2453 956 Deus,
2490 894 2544 946 in
2585 895 2715 956 Deo,
2750 902 2805 948 et
2847 910 2970 948 cum
2999 894 3130 948 Deo.
3159 894 3525 960 Quemadmo-

1948 981 2076 1034 dum
2109 984 2371 1051 splendor
2403 1000 2467 1037 ex
2503 985 2616 1039 sole
2647 992 2760 1047 est,
2804 1001 2913 1038 non
2957 992 3135 1039 tamen
3170 994 3291 1054 post
3323 986 3522 1049 solem,

1948 1080 2044 1124 aut
2085 1082 2242 1126 extra
2287 1074 2457 1127 solem
2480 1115 2493 1138 ,
2527 1075 2621 1128 sed
2653 1075 2812 1128 simul
2845 1083 3004 1144 atque
3044 1076 3158 1140 sol,
3194 1076 3247 1128 in
3288 1077 3436 1138 sole,
3472 1085 3527 1129 et

1948 1175 2073 1215 cum
2098 1164 2229 1218 sole.
2261 1183 2278 1215 ι
2310 1165 2689 1219 Theodoretus
2710 1165 2775 1219 ad
2797 1166 3243 1233 locum‘Apostoli
3272 1184 3283 1218 :
3314 1184 3331 1216 ι
3365 1165 3524 1231 Quia,

1949 1250 2145 1305 Filium
2179 1253 2369 1307 dicens
2396 1255 2463 1319 ³³,
2496 1254 2673 1323 ipsum
2713 1255 3002 1323 appellavit
3030 1265 3315 1319 aeternum,
3346 1256 3525 1310 incre-

1949 1340 2118 1396 dibile
2151 1353 2332 1397 autem
2371 1346 2456 1408 iis,
2491 1346 2583 1414 qui
2627 1360 2737 1399 non
2768 1354 2895 1399 sunt
2937 1346 3137 1400 divinis
3180 1346 3399 1410 initiati,
3444 1356 3524 1409 ut,

1948 1434 2043 1503 qui
2089 1435 2159 1489 sit
2189 1436 2375 1500 Filius,
2422 1453 2531 1491 non
2568 1438 2640 1491 sit
2687 1447 2930 1508 tempore
2974 1440 3244 1508 posterior
3290 1455 3385 1502 eo,
3431 1441 3525 1508 qui

1949 1524 2103 1579 illum
2137 1529 2344 1596 genuit,
2390 1545 2457 1583 ex
2488 1528 2721 1597 quadam
2767 1529 2942 1583 oculis
2975 1530 3220 1599 subjecta
3267 1529 3526 1584 similitu-

1953 1614 2082 1670 dine
2110 1616 2411 1671 divinitatis
2480 1618 2762 1673 veritatem
2806 1619 3173 1696 demonstrat,
3193 1628 3247 1673 et
3279 1620 3375 1684 ait,
3427 1619 3529 1685 Qui

264 1700 549 1769 subjungit
592 1700 709 1754 haec
751 1701 917 1755 verba
957 1701 999 1733 ³³
1032 1719 1045 1753 :
1083 1721 1101 1753 ι
1138 1701 1243 1756 Sed
1291 1702 1357 1757 de
1390 1704 1477 1757 his
1515 1703 1680 1757 etiam
1717 1704 1846 1758 alibi
1882 1717 1921 1772 Β
1951 1723 2068 1760 cum
2091 1708 2159 1759 sit
2183 1706 2430 1776 splendor
2456 1706 2640 1777 gloria:
2675 1724 2693 1761 :
2721 1706 2982 1776 splendor
3033 1708 3179 1762 enim
3216 1716 3271 1763 et
3303 1724 3369 1763 ex
3404 1708 3526 1779 igne

264 1792 485 1860 capiose
506 1791 890 1845 disseruimus.
912 1811 929 1841 ι
956 1792 1244 1856 Πλείστους
1264 1793 1611 1861 διεξήλθομεν
1631 1793 1843 1861 λόγους,

270 1899 290 1931 ι
321 1882 529 1935 multos
555 1881 1005 1941 commiscuimus
1044 1898 1359 1949 sermones;
1393 1903 1410 1935 ι
1438 1885 1640 1953 quibus
1663 1884 1846 1939 verbis

263 1965 597 2035 signiﬁcavit
652 1967 1096 2034 dissertationes,
1144 1986 1266 2039 quae
1315 1973 1741 2041 interrogatione
1791 1981 1847 2026 et

265 2056 629 2127 responsione
672 2058 831 2112 tiunt.
883 2059 1289 2114 Theodoretum
1337 2077 1531 2130 porro,
1574 2078 1702 2118 cum
1742 2063 1845 2117 ista

264 2148 573 2213 scriberet,
626 2150 926 2204 intendisse
991 2151 1234 2205 animum
1304 2152 1358 2205 in
1406 2168 1535 2207 suos
1583 2153 1847 2209 adversus

264 2239 458 2293 Arium
503 2249 560 2295 et
599 2241 929 2295 Eunomium
972 2241 1179 2307 libros,
1225 2251 1477 2312 apertum
1514 2252 1599 2298 est
1641 2260 1709 2299 ex
1752 2260 1844 2300 ca-

264 2330 377 2399 pite
410 2330 465 2395 2,
508 2331 638 2385 libri
678 2349 709 2385 v
746 2332 1124 2386 (hereticorum
1168 2333 1494 2402 fabularum,
1556 2335 1671 2399 ubi,
1720 2351 1844 2390 cum

264 2422 332 2479 de
364 2422 508 2477 Filio
538 2422 633 2477 Dei
658 2423 1010 2494 disputasset,
1040 2424 1226 2479 subdit
1256 2442 1269 2479 :
1300 2424 1458 2478 Ἀλλὰ
1487 2426 1616 2493 περὶ
1641 2427 1846 2481 τούτων

269 2513 500 2577 πολλοὺς
548 2513 684 2585 πρὸς
740 2516 953 2586 Ἀρειον
1002 2516 1094 2569 καὶ
1142 2516 1425 2586 Εὐνόμιον,
1458 2517 1514 2568 ὲν
1554 2520 1666 2581 τοῖς
1710 2519 1847 2590 πρὸς

269 2604 531 2670 ἐκείνως,
572 2605 916 2677 διεξήλθομεν
949 2607 1159 2675 λόγως.
1193 2608 1451 2662 Nonnihil
1484 2610 1685 2678 opponi
1717 2624 1844 2678 pos-

268 2707 365 2760 set,
398 2697 551 2765 quod
582 2699 684 2752 sub
713 2699 875 2755 finem
906 2699 1217 2768 collationis
1243 2700 1505 2754 solvetur.

334 2789 449 2843 V’ll.
482 2790 798 2860 Dialogista,
830 2800 888 2845 ut
914 2791 1200 2854 Anomoeo,
1235 2791 1591 2864 interroganti
1618 2793 1685 2848 de
1725 2792 1847 2864 Spi-

266 2879 373 2933 ritu
407 2890 620 2940 sancto,
646 2881 842 2950 probet
872 2882 1045 2951 ipsius
1067 2882 1689 2940 consubstantialitatem
1719 2901 1841 2941 cum

266 2970 449 3034 Patre,
472 2971 898 3027 adhibetlocum
926 2974 1170 3043 Apostoli
1205 2976 1225 3029 1
1250 2974 1377 3030 Cor.
1407 2992 1466 3040 ιι,
1488 2978 1546 3030 il
1579 2995 1592 3031 :
1617 2976 1844 3049 Spiritus

266 3071 541 3115 scrutatur
569 3062 832 3133 profunda
857 3063 1023 3135 438
1047 3064 1174 3129 Dei;
1205 3074 1488 3137 totumque
1515 3068 1696 3123 locum
1706 3069 1851 3139 plu-
1874 3050 1913 3104 (ἶ

270 3155 427 3211 ribus
450 3153 727 3209 edisserit.
762 3154 1141 3210 Theodoretus
1176 3157 1230 3210 in
1263 3159 1694 3223 commentariis,
1721 3174 1847 3213 cum

269 3243 418 3299 hunc
436 3245 620 3301 locum
642 3248 1007 3317 exposuisset,
1030 3267 1047 3298 ι
1068 3247 1176 3302 Sed
1198 3248 1315 3303 hinc
1339 3249 1612 3318 pluribus,
1643 3250 1845 3320 inquit,

270 3336 399 3390 alibi
424 3337 781 3406 exposuimus
802 3338 842 3368 ⁸ο
863 3356 877 3403 ;
906 3356 926 3389 ι
947 3352 1180 3408 moxque
1198 3338 1477 3409 subjungit
1500 3354 1515 3391 :
1541 3357 1557 3388 ‹
1574 3338 1845 3403 Ostendit,

270 3423 539 3495 Spiritum
569 3436 820 3482 sanctum
848 3442 958 3482 non
990 3443 1111 3484 esse
1152 3444 1337 3483 rerum
1378 3437 1685 3484 creatarum
1718 3444 1846 3499 par-

268 3524 399 3579 tem,
436 3516 533 3569 sed
566 3532 719 3570 suam
747 3516 950 3573 habere
990 3534 1021 3572 a
1057 3519 1171 3573 Deo
1195 3519 1577 3577 substantiam.
1613 3538 1633 3572 ι

342 3607 479 3661 V'lll.
521 3608 777 3678 Dialogus
820 3610 1093 3664 secundus
1124 3618 1271 3665 totus
1312 3619 1397 3666 est
1438 3620 1629 3667 contra
1660 3612 1847 3668 Euno-

268 3700 463 3762 mium,
500 3700 728 3769 ejusque
757 3700 1075 3770 magistrum
1104 3702 1358 3767 Aetium;
1386 3714 1543 3772 urget
1571 3717 1703 3757 vero
1738 3708 1850 3757 sta-

269 3791 366 3843 tim
396 3790 555 3844 initio
581 3791 864 3861 dialogista
893 3793 1072 3847 locum
1116 3792 1264 3848 Isaiae
1295 3808 1439 3857 xxvr,
1473 3793 1559 3853 12,
1600 3793 1661 3846 15
1694 3793 1759 3857 ³⁸,
1787 3801 1848 3847 ut

268 3890 351 3934 est
382 3882 528 3950 apud
548 3887 561 3902 '
588 3880 749 3943 LXX,
769 3882 988 3937 Domine
1010 3882 1168 3947 Deus,
1190 3899 1371 3953 pacem
1399 3883 1467 3936 da
1496 3882 1663 3946 nobis,
1694 3891 1847 3937 extra

270 3982 319 4025 te
340 3972 511 4025 alium
548 3975 802 4027 nescimus
828 3990 975 4043 :quo
998 3972 1195 4043 probet
1226 3973 1423 4027 Filium
1460 3988 1581 4028 esse
1612 3972 1849 4027 consub-

270 4066 584 4119 stantialem
626 4065 770 4119 Patri
799 4083 812 4119 :
838 4067 964 4135 quia
996 4065 1165 4120 Filius
1193 4080 1296 4119 nec
1323 4074 1474 4119 extra
1504 4064 1720 4119 Patrem
1751 4078 1847 4117 co-

267 4158 590 4226 gnoscitur,
638 4156 731 4211 sed
776 4158 831 4211 in
874 4157 1062 4221 Patre,
1109 4164 1164 4212 et
1210 4171 1335 4210 cum
1377 4156 1566 4219 Patre,
1600 4163 1656 4209 et
1685 4153 1845 4208 simul

276 4255 441 4317 atque
484 4248 669 4313 Pater,
707 4256 813 4302 etc.
855 4246 1235 4302 Theodoretus
1263 4246 1411 4300 hunc
1444 4245 1621 4315 ipsum
1667 4244 1847 4298 locum

275 4352 561 4408 exponens
587 4340 653 4401 “,
686 4356 705 4390 ι
746 4338 937 4393 Pacem
984 4345 1153 4401 tuam,
1185 4336 1435 4399 Domine,
1476 4335 1711 4404 amplexi
1751 4350 1847 4389 su-
1879 4370 1923 4425 υ

272 4443 417 4493 us,
445 4446 474 4483 a
500 4428 844 4498 providentia
873 4437 964 4483 tua
1003 4443 1073 4482 ne
1108 4427 1423 4481 excidamus
1452 4443 1465 4479 :
1492 4426 1665 4480 Deum
1700 4425 1846 4479 enim

269 4517 439 4572 alium
475 4518 687 4572 nullum
720 4518 995 4572 novimus.
1034 4516 1159 4571 11ωο
1187 4514 1441 4570 Eunomii
1469 4513 1849 4584 stupiditatem

267 4611 934 4680 convincunt:quomodo
957 4611 1103 4665 enim
1137 4609 1319 4664 dicere
1352 4616 1601 4678 possunt,
1634 4625 1653 4658 ι
1685 4607 1852 4661 Extra

270 4709 326 4755 te
366 4702 536 4755 alium
565 4703 860 4765 nescimus,
907 4721 924 4753 ι
963 4701 1055 4770 qui
1093 4701 1264 4755 Deum
1298 4707 1545 4754 creatum
1576 4698 1851 4767 appellant

268 4791 513 4847 Filium?
535 4794 646 4847 Nos
671 4809 801 4849 vero
825 4808 988 4848 unam
1011 4790 1298 4845 Trinitatis
1327 4789 1686 4846 substantiam
1710 4804 1849 4858 prte-

266 4882 541 4947 dicantes,
569 4899 696 4939 vere
725 4883 1076 4947 atlirmamus,
1110 4897 1237 4938 cum
1265 4881 1521 4945 dicimus,
1554 4898 1573 4932 ι
1606 4879 1770 4933 Extra
1795 4886 1847 4933 te

265 4974 441 5029 alium
462 4975 766 5030 nescimus.

346 5065 438 5120 1x.
476 5067 769 5137 Dialogista
805 5066 1032 5132 ibidem,
1072 5074 1132 5121 ut
1171 5066 1459 5130 Anomceo,
1492 5063 1761 5129 causanti,
1792 5063 1849 5119 id

352 5233 377 5260 ⁸
402 5222 642 5293 Philipp.
673 5240 731 5288 ιι,
759 5224 812 5277 5.

1949 1807 2054 1861 est,
2082 1805 2138 1850 et
2171 1812 2293 1849 cum
2338 1796 2489 1864 igne;
2517 1805 2572 1849 et
2612 1811 2828 1850 causam
2863 1797 3083 1867 quidem
3116 1799 3280 1853 habet
3310 1798 3487 1869 ignem
3509 1839 3523 1861 ,

1948 1903 2055 1941 non
2086 1895 2265 1956 potest
2296 1896 2476 1941 autem
2510 1888 2578 1941 ab
2612 1887 2733 1956 igne
2763 1887 3025 1957 separari,
3060 1908 3076 1938 ι
3110 1896 3215 1942 etc.
3243 1889 3373 1955 Qua:
3402 1903 3524 1943 cum

1948 1978 2143 2033 iisdem
2170 1979 2282 2031 fere
2314 1978 2516 2042 verbis,
2557 1989 2719 2047 atque
2750 1978 3054 2049 dialogista,
3082 1980 3300 2049 copiose
3336 1995 3524 2049 prose-

1948 2078 2108 2123 cutus
2156 2079 2332 2133 esset,
2386 2070 2666 2140 subjungit
2715 2069 2881 2123 verba
2906 2071 3014 2139 jam
3059 2070 3206 2125 illata
3250 2088 3263 2123 :
3317 2090 3333 2122 ι
3387 2070 3523 2124 Cum

1948 2162 2112 2232 hujus
2158 2161 2445 2231 theologia:
2492 2161 2697 2214 nullam
2745 2176 2865 2214 esse
2924 2161 3322 2215 dubitationem
3371 2160 3525 2215 vidc-

1949 2263 2071 2308 rent
2104 2252 2171 2317 ⁸¹⁵,
2202 2253 2445 2322 quicum
2479 2253 2609 2306 Ario
2648 2252 2913 2316 sentiunt,
2954 2269 3017 2307 ex
3051 2253 3363 2323 apostolicis
3404 2253 3526 2308 the-

1947 2343 2125 2398 sauris
2154 2343 2296 2397 hanc
2324 2342 2609 2412 epistolam
2648 2343 2849 2413 ejicere
2881 2344 3059 2397 conati
3094 2352 3240 2398 sunt.
3279 2362 3296 2395 ι

2017 2433 2085 2488 Χ.
2104 2434 2401 2504 Dialogista
2423 2435 2686 2503 quaerenti
2702 2434 2987 2499 Anomceo,
3008 2451 3107 2489 cur
3127 2434 3390 2506 Spiritum
3404 2450 3530 2491 san-

1946 2531 2093 2579 ctum
2112 2524 2317 2579 bonum
2331 2523 2557 2589 diceret,
2574 2524 2808 2594 indeque
2820 2524 3055 2594 Spiritus
3067 2525 3384 2597 dignitatem
3402 2540 3524 2582 cum

1945 2616 2066 2671 aliis
2089 2615 2343 2685 personis
2363 2630 2707 2670 communem
2729 2616 3010 2687 probaret,
3045 2617 3337 2687 respondet
3362 2618 3527 2671 allato

1945 2707 2168 2764 Davidis
2198 2706 2535 2772 testimonio,
2569 2705 2797 2780 Spiritus
2823 2717 2946 2770 tuus
2982 2709 3141 2762 bonus
3183 2708 3395 2761 deducet
3426 2725 3522 2762 me.

1947 2800 2331 2857 Theodoretus
2380 2801 2435 2855 in
2485 2801 2632 2855 hunc
2679 2800 2857 2870 ipsum
2912 2816 3132 2854 versum
3159 2799 3458 2869 psal.cxt.n
3510 2817 3523 2852 :

1954 2912 1972 2945 ι
2005 2893 2145 2948 Hinc
2171 2892 2408 2963 Spiritus
2435 2892 2751 2962 dignitatem
2778 2890 3072 2945 didicimus
3098 2891 3141 2922 ³⁸
3170 2908 3181 2942 :
3209 2890 3351 2944 sicut
3377 2891 3524 2945 enim

1946 2983 2091 3037 Deus
2121 2983 2317 3045 bonus,
2364 2982 2443 3035 sic
2482 2980 2647 3035 etiam
2680 2978 2919 3047 Spiritus
2951 2979 3264 3032 nominatus
3307 2987 3391 3032 est
3424 2978 3523 3031 bo-

1948 3088 2052 3128 nus
2079 3091 2091 3126 :
2122 3081 2177 3126 et
2205 3069 2666 3142 quemadmodum
2691 3068 2863 3122 Deum
2890 3066 3216 3129 obsecravit,
3251 3074 3311 3119 ut
3347 3068 3523 3136 ipsum

1949 3163 2268 3227 deduceret,
2319 3162 2398 3216 sic
2442 3162 2604 3213 etiam
2649 3168 2928 3228 precatur,
2978 3158 3142 3230 439
3184 3166 3245 3212 ut
3289 3156 3527 3227 Spiritus

1948 3255 2120 3310 sancti
2151 3253 2373 3308 ductum
2404 3258 2793 3320 consequatur.
2834 3269 2852 3300 ι

2023 3343 2111 3398 Χί.
2154 3343 2234 3397 Ad
2267 3342 2508 3412 singulas
2532 3341 2673 3395 Aetii
2704 3342 2943 3411 argutias
2972 3338 3268 3410 respondet
3291 3340 3522 3413 dialogi-

1948 3444 2057 3499 sta,‘
2086 3434 2231 3504 quod
2261 3441 2387 3487 ante
2413 3432 2809 3503 quinquaginta
2846 3446 3019 3485 annos
3038 3431 3371 3500 praestiterat
3398 3431 3528 3501 Epi-

1947 3524 2185 3594 phanius
2217 3539 2230 3574 :
2265 3537 2455 3576 verum
2481 3537 2604 3576 cum
2630 3520 2921 3591 Epiphanii
2952 3535 3117 3589 opera
3144 3519 3527 3577 Theodoretus

1948 3616 2132 3671 forsan
2166 3622 2275 3668 nun
2304 3604 2521 3668 noverit
2549 3614 2614 3677 ⁸⁸,
2650 3613 2759 3666 imo
2788 3627 2889 3666 nec
2921 3611 3097 3681 ipsum
3130 3610 3519 3681 Epiphanium,

1949 3708 2150 3778 quippe
2175 3708 2329 3777 cujus
2358 3721 2628 3774 nusquam
2649 3704 2920 3765 meminit,
2945 3703 3111 3757 etiam
3138 3717 3260 3756 cum
3289 3704 3522 3757 maxime

1950 3799 2199 3861 deberet,
2234 3797 2375 3851 sicut
2406 3797 2458 3850 in
2494 3795 2847 3850 recensendis
2869 3793 3262 3863 Ilzereseologis
3292 3794 3359 3858 ³⁷,
3384 3803 3435 3848 et
3470 3793 3524 3848 in

1950 3888 2116 3958 gestis
2137 3903 2168 3941 a
2195 3886 2582 3957 Chrysostomo
2607 3883 2915 3947 narrandis,
2943 3882 3163 3936 videtur
3188 3881 3406 3936 easdem
3431 3897 3522 3935 ar-

1949 3978 2129 4049 gutias
2172 3977 2422 4031 refellere
2468 3975 2758 4039 debuisse,
2798 3973 2999 4048 quippe
3040 3987 3177 4041 quas
3212 3971 3326 4025 suis
3359 3971 3522 4025 etiam

1950 4069 2293 4140 temporibus
2336 4082 2535 4122 nocere
2585 4073 2857 4128 cerneret,
2902 4074 2963 4117 ut
3007 4079 3075 4117 ex
3113 4078 3180 4116 eo
3226 4062 3521 4133 colligitur,

1950 4161 2094 4230 quod
2120 4160 2325 4213 nullam
2356 4158 2470 4212 fere
2489 4156 2832 4210 occasionem
2858 4152 3240 4223 praetermittat
3264 4152 3520 4217 docendi,

1951 4251 2154 4319 quibus
2167 4249 2460 4318 Scriptum
2474 4246 2823 4309 testimoniis,
2838 4259 3012 4314 quave
3029 4244 3239 4298 ratione
3252 4244 3391 4298 Aetii
3420 4244 3525 4299 Eu-

1951 4340 2231 4409 nomiique
2245 4337 2505 4407 magistro
2521 4333 2869 4397 recentioris,
2895 4333 3148 4402 impietas
3165 4334 3519 4403 reprimatur.

2022 4431 2137 4486 Xll.
2171 4429 2571 4487 Theodoretus.
2597 4441 2722 4479 cum
2751 4426 2819 4479 de
2865 4425 3137 4494 baptismo
3166 4423 3282 4478 Arii
3315 4425 3526 4478 scribe-

1952 4529 2056 4583 ret,
2089 4520 2208 4574 htec
2242 4518 2410 4572 habet
2440 4534 2452 4569 :
2494 4534 2511 4565 ι
2542 4514 2691 4569 Idem
2721 4512 2907 4583 gloria:
2938 4512 3294 4566 decantandae
3313 4512 3527 4582 legibus

1951 4609 2160 4666 relictis
2189 4607 2256 4671 ⁸⁸,
2306 4621 2443 4676 quas
2472 4603 2831 4666 tradiderant,
2870 4602 2965 4671 qui
3008 4602 3078 4656 ab
3108 4601 3268 4655 initio
3308 4609 3523 4672 specta-

1956 4711 2103 4757 tores
2143 4707 2201 4754 et
2236 4697 2474 4752 ministri
2498 4694 2665 4750 Verbi
2700 4693 2948 4757 fuerant,
2982 4692 3143 4747 aliam
3171 4691 3404 4747 formam
3434 4693 3522 4747 in-

1954 4792 2219 4857 troduxit,
2243 4788 2571 4861 gloriﬁcare,
2594 4803 2733 4857 quos
2757 4786 3071 4856 deceperat,
3087 4785 3291 4841 docens
3305 4786 3522 4841 Patrem

1954 4900 2055 4954 per
2107 4882 2308 4938 Filium
2359 4881 2412 4935 in
2463 4888 2651 4935 sancto
2695 4878 2922 4949 Spiritu.
2964 4876 3031 4932 Et
3078 4876 3251 4934 divini
3300 4878 3523 4948 quidem

1955 4970 2306 5042 baptismatis
2335 4968 2592 5025 usitatam
2631 4968 3032 5023 invocationem
3063 4975 3276 5021 mutare
3301 4974 3526 5038 prepter

1958 5071 2205 5133 apertam
2236 5060 2726 5131 transgressionem
2754 5074 2924 5114 ausus
2953 5073 3063 5113 non
3092 5065 3172 5113 est
3193 5097 3208 5122 ,
3250 5057 3345 5112 sed
3370 5057 3523 5130 juxta

1509 5371 1519 5379 .
1618 5327 1936 5387 SCllULZII
1971 5324 2205 5383 NOTIE.

350 5490 395 5559 ξ’
422 5489 546 5544 Vid.
577 5500 618 5545 t.
653 5488 743 5553 ιιι,
776 5504 829 5559 p.
858 5489 980 5543 456.

277 5558 476 5631 μερίς,
497 5629 525 5631 η
556 5561 601 5592 ει
630 5556 849 5631 ι’ίςιςι.
878 5559 967 5622 ιιι,
986 5574 1039 5628 ιι.
1062 5558 1189 5631 διιςιἒ
1209 5626 1230 5631 Α
1261 5556 1304 5588 ιι
1333 5556 1492 5631 una.

1114 5488 1158 5520 '°
1192 5486 1311 5543 Vid.
1354 5495 1393 5540 t.
1450 5485 1540 5549 111,
1573 5500 1626 5553 p.
1658 5484 1776 5536 177.

1888 5483 1931 5515 ³¹
1963 5481 2112 5536 Edit.

1525 5551 1586 5623 p.‘
1605 5552 1848 5623 5,49,)“
1878 5551 1998 5623 για.
2048 5561 2087 5604 ι.
2110 5551 2149 5613 ι,

2169 5481 2323 5550 prior
2378 5479 2615 5550 habebat
2663 5479 2766 5534 lsa.
2801 5494 2943 5542 xxvr,
2981 5480 3033 5532 7.
3138 5479 3183 5550 "_
3211 5478 3330 5550 Vid.
3392 5487 3431 5533 t.
3460 5478 3538 5536 ll.

2212 5590 2224 5602 .
2262 5551 2415 5603 1551.
2494 5551 2538 5580 ³⁸
2568 5548 2766 5618 Forsan
2789 5565 2893 5603 non
2910 5556 3128 5604 noverit.
3151 5547 3305 5613 Quod
3338 5564 3524 5618 parum

283 5617 585 5699 probabile.
662 5629 785 5683 Vid.
823 5617 1008 5698 supra,
1041 5643 1096 5697 p.
1130 5626 1252 5682 596.
1332 5625 1375 5657 "
1410 5617 1716 5679 lnPrtnfat.
1744 5620 1841 5677 lib.
1880 5621 2126 5676 Htrretic.
2154 5617 2318 5689 fabul.
2397 5620 2440 5651 ³⁸
2468 5618 2588 5674 Lib.
2624 5634 2672 5673 tv
2718 5617 2915 5674 Horret.
2945 5617 3134 5688 (abut,
3158 5633 3275 5687 cap.
3312 5618 3365 5675 1.,
