4078 6160
487 183 591 250 387

1337 168 1715 234 GARNERH
1755 159 2386 232 DISSERTATIONIS
2423 158 2483 223 ῙῙ
2523 156 2925 227 APPENDIX.

3633 157 3740 226 388

491 287 842 349 Dominicum
868 290 1200 355 praeceptum
1230 277 1508 349 baptizare
1537 277 1726 332 docuit
1755 276 1811 330 iu
1841 273 2067 330 nomine
2098 278 2140 334 Α
2168 271 2332 336 Deus,
2364 282 2412 325 et
2447 287 2551 325 non
2587 278 2662 326 est
2695 279 2887 341 prtelcr
2923 286 3004 325 me
3030 266 3279 325 Salvator
3307 268 3371 334 b;
3407 279 3582 341 eaque
3608 287 3740 344 gra-
3811 289 3822 298 ο

492 381 704 446 Patris,
737 386 794 434 et
822 377 974 441 Filii,
1015 383 1072 429 et
1098 371 1335 442 Spiritus
1363 371 1537 424 sancti
1575 388 1587 422 :
1627 369 1935 439 gloriﬁcare
1970 382 2070 421 au-

495 484 606 528 tem
637 473 793 543 juxta
841 463 1188 537 baptismatis
1233 463 1406 532 legem
1434 461 1627 525 vetuit,
1667 461 1799 528 licet
1836 459 1983 513 Deus
2014 466 2072 513 et

496 565 746 622 Salvator
777 567 964 615 noster
989 571 1099 611 non
1123 553 1451 624 simpliciter
1471 551 1772 621 baptizare,
1797 549 1894 604 sed
1912 549 2073 618 prius

495 655 695 708 docere
747 645 1090 718 praeceperit.
1150 642 1348 697 Euntes
1397 641 1574 705 enim,
1629 639 1839 709 inquit,
1896 638 2073 692 docete

497 756 675 794 omnes
715 744 924 808 gentes,
971 734 1298 803 baptizantes
1323 747 1407 784 eos
1451 731 1506 784 in
1532 731 1740 783 nomine
1768 726 1974 792 Patris,
2023 733 2072 780 et

501 830 644 893 Filii,
689 837 738 883 et
771 827 1000 898 Spiritus
1023 825 1216 878 sancti.
1280 822 1364 877 Ex
1390 821 1493 877 hac
1513 830 1696 876 autem
1727 821 1866 892 lege,
1902 828 1960 874 et
1985 818 2073 874 di-

502 917 614 971 vini
646 914 916 986 Apostoli,
963 922 1014 968 et
1047 912 1141 982 qui
1171 926 1266 966 eos
1294 910 1470 965 secuti
1512 919 1642 966 sunt
1666 909 1926 965 Ecclesiae
1957 923 2075 963 ma-

502 1009 682 1080 gistri,
703 1008 902 1063 docent
929 1019 1044 1068 eos,
1068 1003 1161 1073 qui
1190 1001 1481 1066 accedunt,
1509 1000 1735 1056 credere
1766 1001 1822 1054 in
1851 999 2074 1055 nomine

499 1099 698 1165 Patris,
737 1107 794 1152 et
822 1095 981 1160 Filii,
1012 1101 1070 1148 et
1099 1092 1338 1163 Spiritus
1367 1091 1570 1156 sancti,
1604 1100 1662 1146 et
1698 1106 1837 1160 quos
1865 1091 2074 1146 docue-

501 1198 653 1256 runt,
692 1188 976 1258 baptizant
998 1184 1053 1239 in
1076 1183 1299 1239 nomine
1324 1182 1522 1248 Patris,
1554 1192 1612 1237 et
1639 1181 1782 1246 Filii,
1815 1190 1871 1236 et
1898 1179 2076 1250 Spiri-

501 1292 591 1338 tus
629 1279 824 1337 sancti.
876 1276 1144 1344 Quocirca
1173 1275 1267 1346 qui
1292 1273 1498 1330 donum
1537 1279 1892 1343 acceperunt,
1930 1272 2076 1328 sicut

501 1369 682 1426 edocti
705 1375 854 1432 sunt,
873 1375 930 1421 et
949 1365 1209 1436 baptizati
1235 1371 1384 1428 sunt,
1408 1363 1490 1417 sic
1508 1362 1812 1434 glorilicant
1833 1361 2074 1425 Patrem,

502 1469 559 1517 et
593 1460 814 1523 Filium,
865 1465 924 1513 et
977 1456 1246 1526 Spiritum
1295 1461 1566 1508 sanctum.
1619 1450 1935 1506 Absurdum
1993 1458 2079 1505 est

2167 362 2310 416 viter
2337 362 2748 430 interpretatur.
2770 360 3152 415 Theodoretus
3169 359 3234 414 ad
3261 359 3379 415 haec
3395 360 3510 430 ipsa
3533 361 3698 418 verba
3723 380 3738 419 :

2177 471 2196 505 ‹
2227 452 2337 507 Ista
2388 451 2578 506 itidem
2623 466 2790 505 unam
2832 450 3135 520 praedicant
3181 449 3444 506 deitatem
3475 452 3542 505 “.
3583 453 3738 520 Quod

2169 544 2316 600 enim
2336 543 2590 599 Christus
2613 542 2776 597 etiam
2800 541 3066 596 Dominus
3083 556 3114 596 a
3135 556 3292 597 sacra
3317 541 3597 612 Scriptura
3621 543 3739 601 Sal»

2168 646 2326 691 vator
2357 634 2694 698 nominetur,
2739 633 2855 687 Arii
2897 647 3117 702 quoque
3144 641 3203 688 et
3235 633 3491 688 Eunomii
3521 635 3740 692 confes-

2169 741 2330 781 suros
2349 725 2591 780 arbitror
2615 723 2934 793 discipulos.
2954 721 3110 789 Quod
3127 721 3174 778 si
3199 731 3401 792 praeter
3423 723 3610 794 ipsum
3631 740 3742 782 non

2173 826 2257 872 est
2278 816 2549 880 Salvator,
2577 825 2634 870 et
2650 815 2906 870 Salvator
2925 813 3092 873 etiam
3124 813 3388 868 Dominus
3411 816 3741 885 appellatur,

2167 923 2241 963 ex
2269 908 2362 962 illa
2397 906 2543 961 haud
2576 905 2745 960 dubie
2781 913 2976 960 natura
3014 911 3119 960 est.
3157 903 3220 958 'Si
3243 919 3380 959 vero
3401 921 3512 960 non
3541 915 3648 972 est,
3679 918 3748 964 ut

2174 999 2367 1054 dicunt
2404 997 2847 1067 blasphemantes
2879 1013 2896 1049 :
2928 1010 3059 1066 ergo
3096 1009 3201 1050 nec
3244 994 3495 1050 Salvator
3529 1008 3614 1052 est
3635 1038 3650 1061 ,
3685 1005 3750 1053 ut

2172 1091 2419 1161 loquitur
2456 1089 2765 1159 prophetia.
2825 1086 2884 1143 Si
2927 1095 3111 1142 autem
3154 1095 3240 1142 est
3281 1086 3550 1153 Salvator,
3595 1087 3750 1145 illius

2173 1180 2422 1254 ejusdem
2450 1191 2536 1235 est
2574 1188 2804 1243 natura,
2832 1180 2997 1250 cujus
3021 1185 3106 1234 est
3125 1179 3358 1234 salvam.
3391 1197 3410 1230 ι

2244 1273 2333 1328 III.
2373 1272 2692 1343 Dialogista,
2733 1287 2856 1326 cum
2889 1271 3033 1326 idem
3078 1279 3468 1342 argumentum
3516 1271 3625 1326 alio
3650 1271 3748 1327 Dei

2176 1363 2510 1427 testimonio,
2558 1362 2703 1432 apud
2756 1361 3012 1418 eumdem
3063 1363 3386 1432 prophetam
3438 1373 3486 1425 α,
3537 1372 3693 1433 urget
3733 1380 3748 1416 :

2177 1454 2292 1525 Ego
2331 1471 2449 1508 sum
2480 1454 2641 1519 Deus,
2685 1461 2736 1507 et
2767 1470 2873 1508 non
2918 1462 2995 1508 est
3040 1453 3220 1518 alius;
3263 1470 3361 1525 per
3391 1455 3751 1524 mancipum:

503 1553 654 1608 enim
687 1569 806 1618 eos,
841 1551 934 1622 qui
960 1547 1219 1619 baptismi
1262 1544 1468 1599 donum
1512 1559 1544 1599 a
1586 1550 1772 1598 sancta
1803 1541 2075 1597 Trinitato
2111 1619 2139 1622 _
2170 1547 2322 1618 jura,
2362 1562 2426 1600 ea:
2458 1561 2552 1600 ore
2581 1561 2696 1600 meo
2728 1546 3023 1617 egred'etur
3062 1541 3267 1609 iustitia
3306 1561 3326 1600 :
3362 1559 3624 1600 sermones
3652 1547 3754 1600 mei

505 1643 839 1714 acceperint,
859 1619 1037 1698 solam
1065 1637 1294 1710 gloriam
1322 1635 1473 1691 Patri
1503 1633 1724 1696 od‘erre,
1753 1643 1809 1690 et
1841 1633 2076 1688 inhono-
2110 1619 2153 1675 Β
2183 1654 2290 1692 non
2307 1637 2639 1702 delebantur,
2684 1637 2795 1706 fore
2831 1645 2890 1690 ut
2935 1637 3062 1691 mihi
3108 1639 3352 1708 ﬂectatur
3392 1652 3550 1690 omne
3595 1653 3749 1707 genu.

508 1743 687 1788 ratum
714 1731 911 1788 Filium
938 1745 1002 1785 ac
1033 1726 1301 1796 Spiritum
1329 1734 1580 1780 sanctum
1604 1722 1934 1791 relinquere.
1973 1719 2074 1775 Ve-

507 1844 628 1882 rum
661 1841 761 1880 nos
791 1826 892 1880 ista
923 1824 979 1878 in
1013 1821 1189 1886 libris,
1215 1834 1354 1890 quos
1373 1827 1562 1875 contra
1590 1815 1711 1871 illos
1735 1813 2078 1883 scripsimus,

507 1913 716 1983 prolixe
749 1911 1010 1966 diximus.
1045 1929 1062 1960 ι
1097 1907 1243 1962 Dixit
1275 1921 1406 1961 vero
1455 1905 1670 1975 dialogo
1698 1919 1776 1967 Ill,
1801 1901 1969 1957 semel
2001 1911 2082 1956 at-

505 2020 614 2074 que
657 2003 882 2065 iterum,
932 2009 988 2055 et
1040 1998 1256 2070 dialogo
1302 2013 1377 2061 vr,
1431 1994 1639 2066 pariter
1688 1991 1858 2048 semel
1913 2000 2077 2060 atque

472 2125 482 2133 -
509 2095 733 2149 iterum.

581 2181 718 2236 XIII.
761 2179 1057 2250 Dialogista
1090 2176 1280 2232 herba:
1308 2174 1529 2230 nomine
1555 2172 1831 2244 dogmata,
1874 2179 1932 2226 et
1965 2185 2085 2240 quae

509 2273 654 2328 Deus
677 2272 887 2336 docuit,
927 2269 1044 2340 agri
1092 2268 1389 2338 Scripturae
1416 2265 1624 2322 semina
1666 2263 1924 2332 appellat.
1961 2261 2086 2316 llaec

511 2362 773 2433 loquendi
813 2361 988 2416 forma
1027 2358 1363 2419 Theodoreti
1398 2355 1620 2428 prapria
1656 2356 1875 2410 videtur
1912 2355 1978 2419 ”,
2027 2362 2088 2407 ut

509 2453 606 2522 qui
637 2465 759 2506 eam
790 2447 992 2518 ubique
1026 2446 1140 2502 fere
1161 2447 1404 2510 aﬂ‘ectet,
1433 2454 1562 2516 puta
1587 2460 1711 2500 cum
1737 2443 2085 2499 Theodorum

514 2535 969 2610 Mopsuestenum
1025 2536 1102 2590 ait
1143 2536 1196 2590 in
1247 2533 1565 2605 episcopatu
1600 2550 1774 2590 annos
1809 2534 2087 2605 peregisse

512 2646 610 2685 sex
640 2638 696 2684 et
724 2628 946 2699 triginta
975 2634 1308 2698 pugnantem
1339 2637 1526 2682 contra
1562 2626 1678 2680 Arii
1732 2633 1787 2680 et
1831 2625 2085 2680 Eunomii

514 2725 740 2782 sectam,
763 2726 819 2771 et
848 2715 1172 2786 Apollinarii
1196 2714 1255 2767 τὺ
1287 2715 1573 2787 λῃστρικὸν
1596 2700 1992 2786 proﬂigantem,
2034 2722 2091 2769 et

513 2810 770 2880 optimam
796 2807 1010 2861 herbam
1040 2807 1227 2860 divinis
1251 2805 1428 2860 oribus
1453 2805 1914 2876 suppeditantem.
1947 2805 2088 2872 Quin

2182 1730 2489 1800 interrogat
2525 1728 2977 1784 Macedonianum
2998 1767 3014 1793 ,
3050 1729 3212 1798 cujus
3241 1728 3353 1782 sint
3395 1727 3513 1782 haec
3549 1728 3754 1782 verba?

2182 1820 2336 1885 Filii,
2377 1821 2454 1875 ait
2487 1819 2947 1886 Macedonianus;
2998 1819 3318 1889 dictumque
3361 1819 3558 1888 probat
3597 1819 3752 1874 testi-

2182 1913 2368 1968 monio
2393 1912 2678 1981 Apostoli:
2720 1911 2786 1965 In
2817 1913 3027 1966 nomine
3057 1910 3183 1965 Iesu
3215 1926 3368 1965 omne
3401 1927 3536 1980 genu
3568 1912 3752 1979 flecta-

2185 2013 2274 2057 tur
2302 2002 2354 2068 ιῙ,
2388 2010 2439 2056 et
2464 2005 2635 2056 omnis
2674 2001 2855 2073 lingua
2879 2001 3214 2070 conﬁteatur,
3235 2009 3344 2056 etc.
3373 2001 3442 2055 Et
3469 2000 3596 2056 inde
3625 2015 3756 2055 con-

2183 2095 2359 2150 cludit
2393 2093 2736 2149 orthodoxus
2771 2109 2784 2147 ε
2828 2112 2846 2144 ε
2881 2093 2998 2150 Una
3024 2102 3109 2148 est
3137 2093 3306 2164 igitur
3341 2092 3519 2148 Patris
3547 2097 3602 2146 et
3631 2091 3754 2146 Filii

2185 2188 2464 2244 divinitas.
2496 2206 2515 2240 ι
2539 2186 2924 2244 Theodoretus
2941 2185 3010 2241 ad
3048 2187 3230 2241 locum
3260 2185 3506 2255 Apostoli
3539 2203 3554 2239 :
3589 2204 3607 2237 ι
3627 2185 3756 2242 0m-

2186 2295 2314 2337 nem
2344 2287 2493 2336 certe
2525 2279 2762 2334 haeresin
2797 2279 2845 2312 "
2889 2294 2990 2349 per
3019 2293 3189 2349 pauca
3234 2278 3352 2334 haec
3382 2277 3552 2332 verba
3583 2293 3756 2348 expu-

2187 2372 2375 2443 gnavit
2402 2371 2625 2426 divinus
2649 2371 2945 2442 Apostolus
2965 2411 2980 2436 ,
3014 2379 3130 2426 tum
3157 2385 3254 2426 eos
3282 2369 3376 2442 qui
3414 2369 3757 2425 divinitatem

2187 2463 2466 2536 Unigeniti
2491 2464 2898 2533 blasphemant,
2939 2481 2956 2515 ι
2987 2469 3094 2518 etc.
3131 2462 3200 2517 Et
3243 2471 3475 2532 postea:
3512 2480 3530 2512 ‹
3565 2460 3758 2515 Arium

2189 2571 2320 2611 vero
2335 2565 2392 2610 et
2409 2555 2739 2610 Ennomium
2759 2555 3142 2624 blasphemare
3161 2553 3356 2608 iisdem
3374 2552 3562 2608 verbis
3579 2559 3764 2607 osten-

2191 2648 2290 2711 dit,
2328 2667 2345 2699 ι
2375 2657 2482 2703 etc.
2505 2646 2800 2702 Concludit
2819 2661 2952 2703 vero
2983 2664 2997 2700 :
3039 2665 3057 2698 α
3087 2645 3196 2702 Sed
3218 2645 3286 2702 de
3317 2645 3406 2699 his
3435 2645 3601 2700 etiam
3626 2642 3760 2698 alib’.

2191 2735 2410 2808 copiose
2437 2738 2819 2793 disseruimus.
2859 2756 2878 2790 ι

2261 2831 2347 2885 IV.
2382 2830 2679 2901 Dialogista
2735 2844 2954 2885 rursum
3007 2828 3352 2884 divinitatem
3400 2829 3527 2884 Filii
3577 2844 3643 2884 ex
3694 2843 3765 2882 eo

513 2899 682 2954 etiam
731 2895 1084 3004 Theodoreto
1127 2897 1396 3004 familiare
1440 2913 1505 3000 ac
1544 2912 1683 3004 pene
1729 2897 2089 3004 do.m.es‘ticum
2117 2947 2158 3004 Ο
2192 2922 2408 2993 probat,
2439 2895 2587 2992 (μιοῇ
2621 2921 2767 2992 apud
2807 2920 3070 2977 Duide
3113 2919 3261 2976 mus
3305 2921 3566 2992 populum
3600 2935 3762 2975 suum

514 2997 620 3054 est,
655 2990 1034 3059 metaphoram
1053 3003 1272 3044 sumere
1302 2989 1370 3043 ab
1393 2989 1748 3059 agricultura,
1777 2987 1941 3061 ω
1964 3002 2090 3044 cum

515 3079 586 3137 de
635 3080 899 3137 docendis
951 3079 1206 3136 ﬁdelibus
1255 3081 1394 3151 agit;
1451 3079 1533 3136 sic
1580 3079 1637 3136 in
1684 3079 2094 3134 commentariis

517 3171 774 3244 Epistola:
804 3169 871 3226 ad
908 3170 1184 3226 Romanos
1220 3189 1234 3226 :
1277 3190 1295 3223 ι
1330 3170 1412 3226 Ex
1448 3171 1515 3226 iis
1551 3170 1807 3242 gentibus
1839 3170 1975 3226 estis
2021 3170 2092 3235 δ’,

518 3273 754 3328 quarum
811 3257 1088 3312 culturam
1141 3258 1454 3330 (γεωργίαν)
1498 3258 1737 3328 suscepi,
1787 3274 1858 3315 ne
1906 3258 2095 3314 existi-

519 3350 680 3406 metis
700 3351 716 3369 ⁹
737 3364 824 3404 me
845 3365 1004 3420 agros
1026 3349 1150 3405 aliis
1164 3349 1466 3421 assignatus
1487 3349 1766 3405 invadere.
1793 3367 1814 3404 ο
1840 3350 1909 3406 Ει
1932 3349 2094 3421 paulo

519 3449 644 3512 post
676 3459 689 3495 :
730 3460 747 3494 ι
773 3441 1015 3496 Arbores
1041 3442 1154 3513 jam
1184 3441 1455 3511 plantatas
1483 3440 1709 3511 irrigare
1730 3440 1934 3496 volo“.
1974 3458 1992 3493 ι
2026 3441 2096 3496 Et

521 3541 730 3602 postea,
772 3547 898 3588 cum
929 3531 1275 3596 ostenderet,
1317 3540 1582 3600 quantum
1615 3526 1789 3586 fuerit
1824 3531 1879 3585 in
1925 3531 2094 3587 Paulo

522 3624 726 3678 laboris
758 3631 814 3677 et
847 3621 1146 3694 diligentiae
1183 3621 1428 3677 studium
1461 3638 1475 3675 :
1520 3639 1538 3673 ι
1576 3621 1822 3677 Inaratas
1858 3621 2008 3677 enim
2037 3632 2095 3679 et

523 3713 758 3768 incultas
797 3720 974 3768 terras
1025 3711 1309 3782 accipietis
1339 3713 1418 3778 “;
1456 3728 1566 3767 non
1606 3712 1712 3768 alia
1756 3712 1992 3768 faciebat
2037 3725 2095 3771 et

524 3804 850 3870 semiuabat,
881 3810 939 3859 et
973 3803 1171 3859 uberes
1196 3812 1408 3875 segetes
1437 3802 1784 3868 ostendebat,
1821 3822 1842 3856 ι
1877 3813 1985 3859 etc.

1145 3967 1395 4008 COLLATIO
1438 3967 1495 4007 ιι.

560 4063 707 4121 Inter
737 4061 1082 4140 dialogistam_
1103 4072 1151 4116 el
1183 4063 1578 4140 Theodoretum,
1623 4066 1798 4137 quoad
1825 4066 2060 4140 dialogos

876 4131 981 4187 tres
1013 4135 1261 4188 adversus
1292 4131 1715 4190 Macedonianos.

2193 3011 2279 3066 his
2311 3009 2468 3082 αι
2522 3009 2711 3065 verbis
2749 3008 3042 3079 compellat
3085 3024 3100 3060 :
3143 3007 3303 3071 Audi,
3347 3006 3537 3078 populo
3579 3005 3671 3070 mi,
3713 3012 3772 3058 et

2193 3102 2522 3156 contestabor
2552 3108 2620 3165 te,
2648 3099 2841 3166 Israel,
2876 3101 2924 3154 si
2955 3098 3190 3153 audieris
3219 3114 3322 3163 me,
3358 3114 3464 3152 non
3498 3099 3600 3152 erit
3625 3097 3681 3150 in
3715 3105 3770 3148 te

2192 3192 2334 3246 Deus
2373 3207 2558 3256 novus,
2605 3206 2771 3262 neque
2804 3189 3050 3244 adorabis
3100 3188 3268 3244 Deum
3303 3188 3536 3244 alienant
3576 3199 3622 3253 ⁸,
3652 3181 3784 3243 ειεέ

2198 3283 2502 3355 Interrogat
2537 3283 2686 3338 enim
2738 3281 3228 3347 Macedonianum,
3281 3282 3440 3354 cujus
3491 3283 3604 3336 sint
3649 3280 3773 3335 haec

2193 3375 2384 3440 verba,
2408 3374 2605 3439 Patris,
2623 3389 2693 3430 an
2723 3373 2865 3429 Filii.
2882 3372 3262 3429 Theodoretus
3285 3373 3353 3428 ad
3381 3373 3532 3427 hunc
3549 3372 3729 3427 locum
3747 3388 3770 3426 :

2201 3487 2219 3519 ι
2253 3465 2440 3530 lubet,
2467 3467 2515 3498 "
2545 3481 2615 3521 ne
2653 3465 2894 3520 alienum
2927 3473 2984 3520 et
3010 3479 3211 3520 novum
3240 3465 3411 3520 Deum
3442 3464 3643 3528 colant,
3671 3461 3773 3518 sed

2194 3575 2342 3624 eum,
2371 3559 2466 3629 qui
2496 3559 2809 3614 libertatem
2844 3557 2976 3628 ipsis
3002 3557 3234 3628 largitus
3258 3563 3363 3613 est.
3395 3556 3524 3612 Haec
3551 3571 3684 3611 vero
3710 3568 3775 3612 et

2194 3649 2311 3704 Arii
2332 3659 2389 3705 et
2416 3649 2671 3704 Eunomii
2699 3649 2993 3704 amentiam
3017 3649 3376 3719 redarguunt.
3401 3646 3461 3703 Si
3489 3649 3632 3702 enim
3655 3662 3775 3702 non

2195 3751 2279 3797 est
2311 3741 2796 3796 consubstantialis
2817 3739 3163 3810 Unigenitus,
3188 3741 3311 3811 jure
3341 3738 3554 3794 alienus
3582 3739 3774 3796 vocari

2197 3843 2396 3905 queat;
2430 3844 2506 3898 et,
2543 3834 2590 3888 si
2626 3833 2732 3888 fuit
2767 3841 2985 3903 tempus
3008 3833 3229 3904 quando
3259 3848 3370 3887 non
3399 3831 3538 3896 erat,
3573 3847 3778 3887 recens

2195 3933 2299 3990 cst,
2320 3933 2501 3980 etnon
2525 3933 2612 3979 est
2633 3923 3021 3994 sempiternus.
3043 3923 3326 3979 Manifeste
3343 3924 3512 3994 igitur
3526 3923 3776 3978 divinam

2196 4016 2370 4087 legero
2412 4013 2924 4086 transgrediuntur,
2968 4015 3210 4070 alienum
3256 4014 3428 4070 Deum
3462 4024 3518 4070 et
3563 4029 3775 4070 novum

2197 4107 2460 4162 colentes.
2490 4107 2694 4162 Verum
2729 4115 2943 4176 tempus
2973 4122 3084 4160 non
3123 4116 3228 4171 est,
3263 4116 3326 4162 ut
3351 4123 3541 4163 eorum
3577 4114 3778 4177 stupo-

2199 4212 2313 4252 rem
2342 4197 2739 4269 redarguamus
2771 4214 2783 4252 :
2824 4218 2842 4251 r
2872 4199 3077 4269 quippe
3115 4215 3279 4269 quem
3313 4208 3475 4254 antea
3517 4200 3650 4254 satis
3678 4215 3776 4255 re-

595 4284 638 4340 l.
671 4283 860 4350 Quoad
896 4282 1123 4339 tertium
1164 4283 1476 4340 collationis
1499 4292 1688 4355 caput,
1729 4293 2090 4357 praterquam
2125 4283 2172 4340 D
2199 4288 2429 4343 fellerat.

527 4375 675 4446 quod
715 4375 1101 4432 Theodoretus
1139 4375 1384 4447 scripsit,
1422 4385 1485 4432 ut
1529 4384 1692 4433 antea
1733 4377 1997 4445 diximus,
2039 4394 2098 4436 se

530 4467 794 4522 adversus
830 4467 1360 4523 Pneumatomachos
1394 4467 1622 4522 totidem
1664 4468 1838 4524 libros
1873 4483 2099 4540 compo-

530 4557 730 4624 suisse,
749 4566 886 4627 quot
910 4558 1178 4614 adversus
1214 4557 1437 4613 eosdem
1466 4557 1668 4629 dialogi
1711 4559 2005 4627 exsistunt,
2035 4576 2100 4616 ea

532 4655 682 4702 certe
709 4657 800 4702 est
821 4648 1124 4719 dialogistre
1157 4657 1214 4703 et
1247 4647 1579 4702 Theodoreti
1613 4646 1670 4702 in
1693 4647 1942 4704 doctrina
1971 4665 2104 4706 con-

535 4737 734 4801 sensio,
764 4753 888 4807 quae
915 4737 1324 4794 Theodoretum
1358 4753 1469 4792 non
1501 4738 1725 4808 quidem
1751 4740 2099 4805 nominatim,

535 4827 626 4883 sed
643 4827 965 4883 indubitatis
981 4827 1201 4882 indiciis
1215 4838 1496 4883 auctorem
1521 4829 1865 4901 dialogorum
1880 4831 2100 4901 prodat.

598 4919 666 4974 ll.
705 4919 1034 4988 Dialogista,
1079 4934 1206 4974 cum
1245 4920 1412 4974 vellet
1443 4919 1834 4976 Macedoniam
1875 4921 2104 4977 demon-

533 5017 726 5075 strare,
772 5009 1022 5064 eamdem
1058 5025 1181 5065 esse
1218 5009 1366 5075 Filii,
1401 5025 1524 5080 quin
1565 5012 1764 5076 Patris,
1817 5011 2101 5077 deitatem,

533 5099 759 5155 adhibet
799 5101 895 5156 Dei
933 5101 1100 5158 verba
1142 5103 1287 5174 apud
1335 5105 1657 5174 prophetam
1693 5104 1948 5168 dicentis,
1995 5104 2105 5174 Ego

2271 4378 2336 4432 ν.
2384 4377 2675 4449 Dialogista
2723 4377 2937 4434 inducit
2979 4379 3432 4436 Macedonianum
3479 4391 3777 4455 negantem

2202 4469 2345 4525 idem
2382 4483 2524 4533 esse,
2567 4484 2630 4522 ea:
2664 4469 2776 4539 ipso
2803 4478 2860 4524 et
2890 4485 2984 4539 per
3032 4472 3203 4540 ipsum
3253 4469 3313 4537 ἐξ
3361 4472 3526 4526 αὑτοῦ
3571 4474 3666 4527 καὶ
3703 4472 3779 4527 δι’

2202 4559 2389 4623 αὑτοῦ,
2419 4573 2530 4629 quo
2555 4558 2796 4614 declinet
2827 4569 3214 4631 argumentum
3247 4562 3536 4618 orthodoxi
3567 4563 3781 4620 utentis

2204 4650 2518 4706 testimonio
2567 4651 2723 4705 Pauli
2771 4649 2839 4706 ad
2891 4651 3229 4721 probandam
3274 4653 3398 4708 Filii
3446 4668 3570 4710 cum
3609 4656 3782 4711 Patre

2205 4741 2850 4804 consubstantialitatem,
2881 4751 2938 4798 et
2967 4742 3378 4813 interrogantis,
3405 4744 3473 4800 de
3500 4761 3609 4814 quo
3637 4745 3784 4800 Pau-

2204 4829 2290 4884 lus
2312 4831 2529 4885 locutus
2541 4830 2632 4895 sit,
2657 4838 2763 4886 etc.
2787 4831 3168 4889 Theodoretus
3190 4834 3257 4889 ad
3283 4836 3460 4890 locum
3484 4835 3730 4908 Apostoli
3765 4857 3782 4894 :

2214 4940 2231 4971 ‹
2267 4922 2370 4976 Per
2399 4921 2516 4976 haec
2545 4922 2787 4978 ostendit
2813 4923 3034 4980 divinus
3059 4927 3354 4995 Apostolus
3381 4928 3450 4993 “,
3479 4943 3536 4984 se
3565 4923 3787 4999 piaepo-

2206 5011 2424 5067 sitionis
2455 5028 2520 5067 ea:
2539 5029 2641 5083 quo
2655 5022 2712 5068 et
2728 5030 2822 5084 per
2847 5031 3023 5085 quem,
3049 5015 3418 5073 diderentiam
3448 5034 3557 5075 non
3582 5035 3786 5088 nosse;

2209 5120 2272 5158 ac
2301 5104 2448 5158 illam
2479 5103 2726 5174 quidem,
2763 5115 2826 5160 ut
2857 5121 2979 5175 qua
3023 5107 3231 5178 aliquid
3267 5110 3444 5181 majus
3486 5109 3789 5182 signiﬁcet,

605 5233 633 5272 ι’
657 5231 759 5290 lsa.
795 5251 942 5302 xun,
971 5237 1058 5294 l2.
1133 5249 1158 5279 ο
1187 5239 1322 5296 ibid.
1347 5239 1437 5294 2|.
1514 5239 1541 5279 ἀ
1570 5239 1785 5311 Ph-ilpp.
1818 5256 1876 5304 ιι,
1905 5239 1992 5296 1ο.
2072 5251 2096 5280 ε
2129 5240 2270 5295 Psal.
2294 5255 2450 5302 Lsxx,
2475 5239 2528 5292 9.
2571 5304 2580 5313 _
2608 5236 2629 5277 ί
2663 5239 2821 5295 Rom.
2858 5255 2929 5306 xx,
2963 5241 3050 5296 36.

1866 5372 2181 5434 SCHULZII
2217 5374 2447 5432 ΝΟΤΕ.

685 5527 788 5584 Vid
809 5525 974 5610 _l_li_st.
1008 5532 1292 5610 ecclvjib.
1316 5551 1387 5610 γρ.
1405 5551 1539 5610 cap.
1560 5538 1780 5610 ultimo.

607 5536 654 5560 "
689 5536 788 5584 Vid
835 5536 974 5584 Hist.
1008 5536 1292 5598 eccl.,lib.
1316 5551 1370 5599 ν.
1405 5551 1527 5610 cap.
1563 5538 1780 5594 ultimo.
1886 5538 1931 5572 “
1952 5537 2076 5594 Vid.

529 5599 571 5647 t.
610 5598 678 5656 ll.
719 5613 772 5665 p.
808 5599 932 5655 338.
1008 5599 1053 5633 “
1085 5602 1206 5660 \‘id.
1243 5611 1283 5657 t.
1316 5603 1406 5672 lll,
1429 5625 1491 5686 ρ.
1519 5609 1639 5664 455.
1739 5608 1926 5665 “Vid.
1965 5617 2006 5662 t.
2043 5608 2083 5673 l,

2197 5536 2287 5601 III,
2408 5536 2492 5592 l6.
2602 5536 2644 5568 δ’
2672 5536 2818 5592 Loco
2842 5539 2960 5605 cit.,
3001 5556 3056 5609 p.
3087 5541 3172 5597 l9.

2220 5605 2320 5661 ll8
2359 5646 2372 5661 .
2449 5606 2494 5637 “
2522 5605 2643 5660 Vid.
2679 5615 2719 5662 t.
2741 5607 2830 5674 III,
2863 5625 2917 5679 p.
2944 5610 3045 5665 127
3076 5625 3192 5681 seq.

2362 5536 2818 5614 .losz‘Loco
2842 5539 3172 5614 cit.,_p.l9.
3278 5543 3322 5572 η
3368 5539 3505 5598 Ibid.
3579 5537 3818 5614 “vim
