4056 6174
273 216 386 279 389

273 422 501 485 doceat,
534 420 675 475 Filio
715 436 729 472 :
762 419 953 474 ambas
980 419 1128 473 enim
1156 419 1212 473 in
1241 428 1475 488 utraque
1505 435 1739 488 persona
1764 435 1867 490 po-

272 514 394 568 suit
424 530 436 562 :
464 526 626 583 quam
660 509 775 564 sive
807 510 989 564 Patris
1018 525 1138 564 esse
1166 510 1429 574 dixerint,
1460 511 1553 580 qui
1584 526 1706 565 cum
1740 511 1870 564 Ario

272 611 334 658 et
362 602 639 657 Eunomio
660 600 928 664 sentiunt,
953 600 1236 654 invenient
1261 600 1634 670 praepositioni
1658 616 1721 653 ex
1744 617 1868 670 quo,

272 693 754 764 praepositionem,
808 708 904 762 per
936 707 1119 761 quem,
1167 708 1287 747 esse
1324 694 1709 764 conjunctam;
1754 692 1871 747 sive

275 786 423 840 Filio
443 784 845 855 adaptaverint,
866 784 1137 838 videbunt
1161 785 1554 853 praepositioni,
1580 803 1673 856 per
1692 803 1869 858 quem,

274 877 751 948 praepositionem,
780 892 843 928 ex
873 891 995 946 quo,
1025 891 1147 930 esse
1177 877 1562 946 conjunctam;
1607 878 1650 930 si
1686 886 1871 932 autem

276 968 625 1039 przepositio,
670 981 733 1019 e1;
782 983 907 1037 quo,
954 966 1165 1035 aliquid
1213 967 1391 1037 majus
1438 966 1731 1037 signiﬁcat,
1780 986 1875 1039 per

278 1076 437 1130 quem
462 1067 645 1113 autem
678 1058 881 1121 minus,
913 1067 970 1111 et
989 1057 1165 1111 amba:
1199 1057 1255 1110 in
1283 1073 1391 1111 una
1416 1074 1651 1128 persona
1682 1060 1874 1129 posita:

281 1160 437 1215 sunt,
469 1151 617 1204 idem
665 1165 865 1218 nempe
901 1148 1082 1218 seipso
1114 1148 1308 1218 major,
1347 1159 1573 1219 propter
1609 1150 1873 1220 praeposi-

283 1243 493 1295 tionem
531 1256 593 1292 ex
624 1256 747 1309 quo,
779 1246 836 1293 et
867 1253 1059 1292 rursus
1114 1238 1296 1291 minor
1328 1248 1555 1308 propter
1603 1241 1876 1309 praeposi-

283 1333 519 1395 tionem,
546 1348 640 1402 per
682 1347 859 1400 quem,
898 1329 1202 1384 existimari
1245 1330 1369 1399 jure
1391 1331 1614 1399 poterit.
1654 1350 1673 1381 ι
1707 1332 1774 1385 Et
1805 1330 1873 1385 ad

284 1430 457 1491 caput
497 1422 538 1483 l,
589 1421 900 1490 Epistolael
950 1420 1016 1474 ad
1059 1419 1375 1475 Corinthios
1413 1421 1479 1475 ⁵⁷.
1529 1440 1546 1471 ι
1583 1421 1876 1491 Apostolus

286 1510 779 1581 praepositionibus
820 1509 957 1564 citra
998 1509 1168 1564 ullum
1199 1509 1497 1565 discrimen
1527 1512 1703 1566 utitur
1737 1530 1750 1565 :
1786 1513 1877 1567 hic

286 1606 438 1657 enim
463 1602 929 1673 praepositionem,
952 1617 1045 1672 per
1069 1617 1245 1671 quem,
1273 1617 1437 1672 quam
1474 1603 1568 1672 qui
1600 1619 1724 1658 cum
1744 1606 1876 1659 Ario

926 215 1024 276 DE
1062 214 1415 276 DIALOGIS
1453 214 1618 275 ADV.
1660 213 2008 289 ARIANOS,
2050 212 2658 289 MACEDONIANOS,
2699 213 2859 276 ETC.

272 329 431 386 Patri
464 328 796 383 convenire:
835 326 980 381 hanc
1014 342 1166 391 vero,
1201 336 1260 381 ut
1289 342 1411 396 qua:
1446 326 1653 396 aliquid
1684 328 1868 402 minus
1901 335 1939 387 Α

3456 216 3565 280 390

2043 324 2180 379 Vlll.
2235 325 2531 396 Dialogista
2576 326 2680 381 sub
2716 326 2879 381 tinem
2917 325 3082 395 primi
3115 327 3315 397 dialogi
3357 342 3559 382 novum

1976 416 2241 486 quiddam
2276 418 2456 474 affert.
2498 417 2646 487 quod
2679 432 2792 471 non
2834 418 3108 473 immerito
3152 428 3375 489 propter
3410 420 3560 475 ineo»

1976 506 2202 561 lentiam
2232 506 2654 562 Macedonianus
2696 507 2949 569 miretur,
2984 523 3015 561 a
3042 509 3313 579 propheta
3348 509 3563 563 scilicet

1980 600 2189 652 tonitru
2248 600 2471 653 nomine
2513 600 2879 669 significatum
2926 616 3048 655 esse
3092 601 3425 669 baptismum
3474 601 3565 655 his

1977 689 2201 743 verbis:
2238 688 2368 742 Ecce
2408 706 2501 759 ego
2542 688 2791 759 Spiritus,
2822 691 2910 760 qui
2946 689 3166 757 obﬁrmo
3199 691 3417 750 tonitru,
3449 697 3557 744 etc.

1980 779 2362 835 Theodoretus
2385 781 2454 834 ad
2477 784 2592 835 haec
2614 782 2779 836 verba
2804 783 2997 851 psalmi
3024 798 3189 836 xxvut
3205 782 3248 813 ⁸⁸
3274 799 3286 833 :
3314 781 3417 834 Vox
3450 780 3558 834 Do-

1981 869 2111 921 mini
2128 885 2286 939 super
2313 886 2503 939 aquas,
2542 869 2682 923 Deus
2708 872 3001 941 majestatis
3022 872 3271 935 intonuit,
3300 870 3353 924 id
3381 870 3561 940 ipsum

1979 975 2090 1014 non
2116 960 2353 1013 obscure
2380 960 2579 1013 innuit.

2050 1052 2143 1106 1X.
2182 1052 2387 1106 Verum
2421 1052 2475 1105 in
2508 1052 2752 1107 secundo
2781 1051 3000 1122 dialogo
3032 1053 3213 1108 adhuc
3237 1068 3295 1108 se
3331 1054 3565 1111 manife-

1980 1143 2121 1197 stius
2146 1152 2342 1197 auctor
2364 1143 2645 1213 patefacit.
2682 1144 2817 1197 Nam
2847 1158 2972 1197 cum
3004 1144 3397 1200 Macedoniauo
3432 1161 3561 1216 per-

1980 1235 2214 1290 suadere
2246 1236 2431 1298 vellet,
2473 1236 2711 1290 Verbum
2745 1236 2912 1290 fuisse
2944 1236 3092 1291 Patri
3121 1238 3454 1307 subjectum,
3493 1254 3564 1294 ex

1981 1343 2092 1399 quo
2128 1336 2385 1383 naturam
2415 1328 2631 1393 induit;
2665 1328 2894 1382 adhibet
2932 1329 3311 1384 testimonium
3340 1329 3565 1384 Davidis

1982 1422 2118 1491 psal.
2134 1437 2244 1485 xxx,
2267 1422 2324 1475 Η
2359 1438 2371 1473 :
2395 1420 2470 1473 De
2499 1429 2677 1474 uentre
2698 1422 2883 1475 matris
2900 1436 3029 1474 mea:
3047 1420 3183 1474 Deus
3204 1437 3347 1474 meus
3380 1437 3434 1474 es
3469 1430 3525 1475 tu
3541 1441 3564 1487 ,-

1981 1513 2130 1579 quod
2158 1513 2227 1567 de
2260 1512 2487 1568 Christo
2517 1512 2933 1581 interpretatur.
2971 1512 3201 1582 Moxque
3231 1513 3515 1584 subiungit
3543 1529 3559 1566 :

1990 1622 2007 1655 ι
2036 1604 2113 1659 De
2134 1614 2326 1659 ventre
2356 1604 2545 1658 matris
2569 1619 2703 1658 vero
2728 1603 2968 1659 Verbum
2988 1606 3220 1670 exstitit,
3245 1621 3370 1660 cum
3393 1606 3565 1676 Virgo

288 1706 348 1750 et
400 1695 671 1748 Eunomio
716 1693 983 1757 sentiunt,
1030 1693 1169 1747 Filio
1220 1693 1550 1757 attribuunt,
1601 1694 1668 1748 de
1716 1696 1877 1751 Patre
1913 1704 1951 1762 Β
1981 1696 2235 1764 concepit
2261 1704 2318 1749 et
2339 1696 2553 1765 peperit
2574 1696 3006 1751 Emmanuelem.
3042 1698 3467 1752 ineodoretus
3493 1698 3562 1752 ad

288 1784 499 1852 posuit.
537 1783 651 1837 Hoc
696 1791 880 1837 autem
912 1798 1023 1837 non
1070 1783 1312 1849 fecisset,
1344 1784 1391 1838 si
1432 1787 1873 1854 pra-positionem

290 1892 388 1945 per
444 1891 597 1943 quem
651 1874 832 1929 minus
880 1875 1085 1944 aliquid
1127 1875 1438 1946 significare
1482 1877 1872 1945 existimasset,

289 1982 459 2036 quam
491 1982 553 2019 ea:
580 1982 702 2035 quo.
746 1985 763 2016 ι
802 1966 871 2020 Et
897 1965 1098 2019 iterum
1128 1967 1195 2019 ad
1257 1967 1373 2021 haec
1412 1967 1615 2032 verba,
1682 1968 1875 2025 Fidelis

291 2058 458 2122 Deus,
492 2074 584 2127 per
634 2074 785 2128 quem
847 2059 1018 2111 uocati
1079 2058 1230 2122 estis;
1258 2058 1510 2113 eamdem
1544 2062 1875 2115 sententiam

292 2151 497 2221 repetit
532 2150 576 2182 ⁸⁸
606 2168 619 2203 :
659 2170 675 2200 ι
712 2151 813 2205 llic
844 2149 1010 2204 etiam
1042 2165 1135 2219 per
1175 2166 1329 2220 quem
1362 2151 1431 2205 de
1459 2150 1622 2206 Patre
1667 2153 1872 2222 posuit,

292 2244 638 2313 impudentia
662 2242 1048 2297 haereticorum
1078 2256 1173 2296 ora
1202 2241 1522 2307 obstruens,
1553 2252 1611 2298 et
1644 2244 1872 2313 docens,

291 2336 441 2407 quod
472 2336 802 2404 parvitatem
832 2350 941 2387 non
973 2334 1262 2404 signiﬁcet.
1296 2354 1315 2385 ι

369 2427 454 2481 γι.
488 2427 781 2497 Dialogista
801 2425 1145 2480 divinitatem
1171 2426 1334 2480 Verbi
1357 2433 1414 2480 et
1438 2426 1675 2495 Spiritus
1700 2428 1874 2482 sancti

294 2520 424 2574 inde
456 2519 651 2588 probat
684 2518 829 2588 quod
866 2517 943 2571 ait
972 2517 1295 2572 Psalmista:
1336 2518 1496 2572 Verbo
1524 2517 1738 2571 Domini
1764 2518 1877 2572 caeli

296 2610 499 2677 firmati
519 2618 661 2671 sunt,
688 2620 736 2663 et
770 2608 970 2680 Spiritu
993 2611 1097 2663 oris
1119 2611 1232 2679 ejus
1253 2610 1420 2662 omnis
1440 2610 1605 2662 virtus
1623 2625 1803 2662 eorum
1828 2611 1872 2662 ⁸.

297 2703 469 2769 Quem
512 2703 695 2756 locum
727 2702 799 2755 ita
834 2710 1052 2765 tractat,
1098 2710 1158 2755 ut
1202 2689 1383 2755 Verbo
1417 2700 1564 2753 dicat
1602 2714 1711 2753 non
1742 2700 1758 2719 ⁶
1789 2714 1879 2753 so-

295 2791 405 2845 lam
447 2789 615 2843 tribui
644 2790 908 2843 caelorum
937 2788 1376 2849 fabricationem,
1415 2786 1643 2856 Spiritui
1686 2796 1878 2841 sancto

297 2884 461 2955 442
500 2884 768 2936 virtutum
802 2882 1149 2936 eﬂ‘ectionem
1202 2894 1297 2933 seu
1346 2879 1875 2945 sanctiﬁcationem;

300 2975 394 3028 sed
441 2984 742 3043 utrumque
796 2973 868 3026 ab
914 2980 1149 3041 utroque
1192 2971 1346 3025 oriri.
1394 2970 1779 3026 Theodoretus
1820 2971 1877 3024 in

1982 1786 2165 1841 locum
2198 1788 2422 1851 Psalmi,
2468 1804 2633 1856 quem
2668 1788 2735 1842 de
2774 1788 2996 1843 Christo
3037 1788 3456 1859 intelligendum
3504 1787 3564 1842 in

1982 1878 2303 1947 praefatione
2351 1880 2737 1935 demonstrat:
2768 1899 2785 1930 ι
2812 1880 2938 1935 Haac
2972 1881 3160 1945 etiam,
3206 1882 3316 1945 ait,
3368 1882 3564 1935 beatus

1989 1971 2156 2026 Isaias
2182 1972 2513 2027 vaticinatus
2542 1981 2627 2027 est
2652 1974 2717 2025 ⁸⁸.
2759 1972 2896 2027 Cum
2930 1974 3077 2026 enim
3120 1973 3390 2027 dixisset:
3428 1972 3561 2027 Ecce

1981 2064 2126 2133 uirgo
2169 2066 2421 2135 concipiet
2462 2067 2516 2117 in
2555 2074 2733 2128 utero,
2788 2071 2836 2117 et
2866 2064 3036 2133 pariet
3062 2063 3281 2128 Filium,
3333 2074 3381 2117 et
3402 2078 3559 2116 voca-

1983 2154 2111 2207 bunt
2144 2172 2331 2208 nomen
2357 2156 2470 2224 ejus
2502 2154 2855 2217 Emmanuel;
2891 2153 3197 2223 subjunxit,
3227 2162 3334 2208 etc.
3364 2154 3563 2208 Beatus

1984 2243 2152 2313 igitur
2172 2244 2341 2297 David
2373 2243 2579 2298 Christi
2610 2243 2826 2297 Domini
2856 2257 3051 2313 gerens
3077 2256 3366 2311 personam
3385 2281 3401 2305 ,
3434 2242 3511 2297 ait
3544 2259 3558 2294 :

1984 2335 2058 2389 Tu
2088 2335 2333 2404 formasti
2357 2351 2439 2388 me
2458 2338 2513 2388 in
2540 2345 2711 2398 utero,
2742 2352 2760 2385 ι
2790 2343 2899 2388 etc.

2052 2427 2121 2481 Χ.
2157 2428 2343 2497 Longe
2374 2426 2557 2480 adhuc
2588 2426 2791 2480 clarius
2823 2440 2939 2479 rem
2975 2433 3142 2479 tatam
3162 2422 3400 2478 ostendit
3431 2436 3561 2493 pro-

1984 2518 2247 2573 lixissima
2314 2517 2653 2573 concertatio
2700 2516 3000 2587 dialogistm
3050 2526 3107 2570 et
3162 2512 3560 2578 Macedoniam,

1983 2610 2408 2679 disceptantium
2426 2609 2495 2664 de
2518 2610 2753 2671 ratione,
2776 2624 2883 2677 qua
2905 2607 3075 2661 Filius
3089 2607 3238 2661 Patri
3258 2606 3560 2675 subjectus,

1987 2702 2152 2756 Pater
2186 2701 2327 2755 Filio
2361 2702 2536 2771 major
2569 2701 2787 2755 dicatur
2828 2701 2948 2754 sine
2984 2699 3321 2753 detrimento
3366 2699 3560 2765 ὁμοθυ-

1986 2792 2265 2860 σιότητοςε
2295 2791 2435 2844 duos
2462 2791 2607 2844 enim
2634 2790 2934 2859 Scriptum
2952 2789 3104 2844 locos
3123 2787 3364 2843 haeretici
3389 2786 3442 2841 in
3465 2802 3561 2842 ore

1984 2893 2204 2948 semper
2232 2878 2393 2950 M3
2420 2878 2696 2932 habebant
2720 2896 2733 2930 :
2760 2877 2923 2931 Filius
2954 2878 3215 2947 subjectus
3239 2877 3337 2929 erit
3370 2878 3434 2940 ei,
3471 2877 3562 2946 qui

1987 2971 2206 3040 subjecit
2228 2970 2326 3023 sibi
2358 2970 2537 3023 omnia
2562 2986 2580 3033 ;
2613 2977 2688 3030 et,
2712 2968 2878 3023 Pater
2902 2970 3078 3037 major
3101 2984 3180 3021 me
3203 2977 3299 3020 est.
3334 2966 3559 3021 Utrum-

298 3066 712 3121 commentariis
751 3063 818 3119 ad
858 3064 1027 3119 verba
1057 3062 1360 3118 Psalmistae
1393 3080 1406 3117 :
1444 3081 1462 3113 ι
1495 3063 1635 3117 Vera
1665 3063 1875 3117 theolo-
1904 3065 1944 3121 C
1976 3061 2797 3132 quedcmonstratOrthodoxus
2811 3060 3081 3129 pertinere
3097 3059 3162 3113 ad
3177 3057 3558 3122 oeconomiam,

298 3158 387 3226 gia
408 3157 451 3190 δ’
477 3158 650 3211 Deum
676 3156 919 3211 Verbum
941 3154 1100 3210 nobis
1128 3154 1373 3210 ostendit
1390 3169 1521 3209 cum
1543 3162 1737 3208 sancto
1759 3152 1882 3225 Spi-

303 3252 413 3305 ritu
443 3261 498 3306 et
527 3250 696 3306 C(BIOS
721 3256 778 3304 et
799 3249 1052 3304 caelestes
1080 3247 1314 3302 virtutes
1342 3246 1559 3308 fecisse.
1603 3245 1881 3316 evangeli-

302 3350 537 3409 eamque
552 3339 854 3394 doctrinam
871 3338 1159 3410 prophetia
1181 3338 1463 3407 anticipat.
1490 3336 1607 3391 Non
1632 3336 1883 3391 attribuit

297 3449 473 3503 porro
511 3432 621 3487 Deo
653 3432 876 3503 quidem
919 3431 1101 3487 Verbo
1138 3430 1553 3486 fabricationem
1594 3429 1880 3495 ccelorum,

299 3532 493 3579 sancto
528 3540 660 3579 vero
689 3524 923 3595 Spiritui
968 3524 1234 3578 virtutum
1278 3524 1650 3589 creationem;
1687 3538 1881 3578 verum

299 3616 497 3669 eadem
553 3616 668 3685 ipsa
698 3624 755 3670 et
782 3615 1024 3671 Verbum
1066 3623 1124 3669 et
1153 3612 1420 3684 Spiritum
1466 3622 1719 3669 sanctum
1750 3614 1883 3670 ede-

302 3706 444 3760 cisse
473 3707 572 3769 ait,
616 3726 635 3758 ›
665 3715 773 3761 etc.

378 3798 486 3853 VII.
520 3797 817 3867 Dialogista
850 3794 1195 3850 divinitatem
1231 3795 1354 3850 Filii
1385 3794 1773 3851 demonstrans
1797 3796 1879 3851 al-

303 3890 413 3943 lato
434 3890 587 3944 Isaiae
610 3905 752 3951 xuv,
792 3887 1140 3942 testimonio:
1169 3905 1186 3936 ι
1216 3886 1333 3942 Una
1358 3895 1443 3941 est
1470 3887 1658 3957 igitur,
1680 3887 1878 3957 inquit,

303 3980 566 4035 divinitas
598 3980 776 4034 Patris
799 3986 855 4033 et
883 3978 1005 4033 Filii
1039 3978 1127 4030 '°?
1157 3977 1365 4032 Maced.
1407 3977 1736 4044 Quomodo?
1776 3977 1881 4033 0r-

305 4071 460 4125 thod.
490 4070 634 4125 Dicit
662 4069 831 4132 enim,
861 4068 975 4138 Ego
1000 4084 1119 4122 sum
1148 4067 1308 4132 Deus,
1349 4075 1398 4121 et
1431 4084 1537 4121 non
1580 4068 1739 4122 alius.
1774 4066 1883 4121 Aut

302 4161 452 4214 enim
479 4159 708 4214 demens
734 4158 912 4213 factus
934 4158 1161 4228 negabis
1185 4156 1401 4212 Patrem
1420 4172 1543 4213 esse
1568 4159 1760 4223 Deum,
1788 4166 1885 4212 aut

303 4249 577 4304 confitens
604 4249 819 4303 Patrem
842 4263 963 4303 esse
982 4248 1177 4311 Deum,
1204 4246 1507 4318 itidemque
1533 4247 1731 4302 Filium
1759 4262 1882 4304 esse

304 4341 502 4405 Deum,
544 4349 600 4395 et
641 4356 769 4396 eum
804 4339 1036 4395 audiens
1070 4340 1345 4394 dicentem
1376 4358 1391 4393 :
1423 4334 1537 4411 Ego
1569 4356 1689 4394 sum
1720 4339 1878 4405 Deus,

307 4442 356 4485 et
389 4439 586 4501 praeter
608 4447 691 4485 me
718 4447 824 4484 non
854 4436 931 4483 est
964 4428 1145 4492 alius;
1176 4428 1394 4482 unicam
1418 4427 1764 4482 divinitatem
1799 4426 1880 4482 fa-

308 4524 532 4578 teberis.
552 4523 759 4579 Maced.
785 4523 959 4579 Unam
981 4521 1240 4576 deitatem
1270 4536 1380 4576 non
1404 4521 1549 4576 dico.
1584 4539 1602 4571 ι
1625 4520 1881 4575 Theodo-

307 4626 463 4672 retus
494 4616 562 4671 ad
600 4616 751 4671 hunc
782 4613 1148 4685 ipsumisaia:
1190 4614 1371 4667 locum
1407 4630 1420 4665 :
1462 4631 1480 4663 ‹
1516 4612 1574 4667 Si
1603 4619 1803 4682 praeter
1835 4611 1881 4643 “

302 4724 434 4763 eum
464 4725 574 4763 non
604 4716 688 4763 est
716 4709 878 4770 Deus,
904 4706 1077 4761 Filius
1104 4713 1288 4760 autem
1311 4721 1380 4759 ex
1404 4705 1521 4760 Arii
1542 4713 1599 4760 et
1624 4704 1884 4759 Eunomii

304 4798 644 4867 blasphemia
680 4813 790 4852 non
829 4804 915 4851 est
946 4794 1459 4858 consubstantialis;
1498 4792 1775 4863 quomodo
1812 4793 1881 4847 ab

306 4888 444 4955 ipsis
471 4888 618 4941 Deus
647 4885 986 4957 appellatur?
1011 4883 1167 4950 Quod
1189 4883 1235 4937 si
1265 4884 1410 4937 Deus
1431 4892 1536 4946 est,
1558 4890 1615 4937 et
1637 4898 1766 4937 vera
1800 4890 1885 4937 est

303 4977 488 5031 oratio
509 4978 853 5046 prophetica,
884 4990 1005 5045 qua:
1033 4983 1223 5044 aperte
1249 4973 1411 5028 docet
1435 4974 1669 5028 alterum
1710 4974 1882 5029 Deum

304 5082 417 5121 non
446 5082 602 5133 esse;
636 5083 744 5122 una
777 5066 1026 5137 profecto
1052 5073 1137 5121 est
1163 5065 1452 5121 Trinitatis
1476 5064 1671 5130 deitas,
1691 5073 1884 5121 tamet-

302 5158 351 5212 si
378 5159 577 5213 nolint.
619 5178 638 5210 ι
1854 5160 1869 5169 “

398 5320 427 5361 κ
450 5317 593 5372 Psal.
620 5333 785 5385 sxsu,
816 5318 868 5373 6.
960 5318 986 5357 δ
1016 5317 1184 5373 lCor.
1221 5333 1308 5382 xv,
1330 5317 1419 5372 28.

1984 3169 2097 3224 quo
2113 3153 2355 3210 Verbum
2381 3168 2511 3207 caro
2544 3152 2749 3206 factum
2779 3160 2884 3206 est.
2908 3150 3289 3205 Theodoretus
3316 3147 3370 3201 in
3400 3150 3564 3203 Com-

1982 3246 2270 3301 mentariis
2291 3245 2358 3299 ad
2375 3244 2617 3315 priorem
2634 3242 2856 3297 locumh
2882 3241 3093 3305 :Hunc,
3120 3241 3221 3305 ait,
3243 3239 3477 3295 locumii
3492 3240 3558 3304 “.

1984 3339 2223 3409 quicum
2246 3337 2379 3391 Ario
2406 3343 2463 3391 et
2481 3334 2755 3390 Eunomia
2767 3335 3037 3398 sentiunt,
3062 3332 3118 3388 in
3139 3332 3322 3402 lingua
3341 3331 3562 3386 assidue

1985 3428 2190 3484 habere
2211 3433 2641 3489 consueverunt,
2657 3423 3033 3479 existimantes
3051 3423 3153 3478 hac
3172 3423 3401 3485 ratione,
3416 3437 3475 3476 se
3492 3420 3562 3476 de

1984 3516 2261 3587 Unigeniti
2292 3514 2557 3585 dignitate
2577 3513 2890 3569 detrahere.
2929 3510 3229 3581 Oportebat
3260 3519 3442 3564 autem
3466 3523 3563 3564 eos

1982 3607 2446 3671 animadvertere,
2476 3606 2725 3660 divinum
2739 3602 3060 3674 Apostolum
3086 3602 3141 3655 in
3164 3603 3268 3655 hoc
3287 3601 3406 3655 loco
3424 3600 3561 3654 nihil

1983 3699 2270 3769 scripsisse
2294 3697 2362 3751 de
2385 3696 2674 3751 divinitate
2696 3693 2975 3765 Unigeniti
3011 3692 3243 3761 :jubeus
3270 3692 3417 3745 enim
3443 3706 3564 3746 cre-

1984 3788 2117 3843 dere
2141 3787 2324 3842 carnis
2350 3784 2835 3849 resurrectionem,
2863 3784 2983 3853 ejus
3014 3782 3472 3835 resurrectionem
3494 3796 3563 3835 ex

1984 3880 2201 3935 Domini
2260 3878 2671 3934 resurrectione
2714 3883 2945 3931 conatur
3000 3873 3310 3928 ostendere.
3340 3870 3563 3927 Clarum

1982 3982 2068 4028 est
2096 3980 2282 4027 autem
2308 4010 2323 4033 ,
2361 3969 2509 4041 quod
2550 3970 2730 4024 simile
2762 3967 2931 4023 simili
2978 3966 3353 4021 conﬁrmetur.
3394 3964 3565 4019 Paulo

1984 4073 2109 4132 post
2143 4081 2155 4117 :
2187 4062 2482 4118 Sciendum
2511 4071 2594 4117 est
2614 4077 2746 4132 ergo
2787 4062 2924 4115 duas
2967 4074 3087 4114 esse
3118 4056 3322 4113 Christi
3348 4055 3562 4111 Domini

1983 4164 2231 4220 naturas,
2271 4164 2329 4210 et
2355 4154 2504 4224 quod
2534 4152 2834 4222 aliquando
2865 4150 3088 4220 quidem
3123 4148 3407 4218 Scriptura
3434 4161 3563 4201 eum

1983 4245 2052 4298 ab
2080 4244 2316 4298 humana
2338 4253 2535 4297 natura
2561 4240 2830 4305 nominet,
2853 4238 3151 4307 aliquando
3171 4254 3203 4292 a
3223 4236 3427 4301 divina,
3453 4244 3562 4290 etc.

1986 4334 2177 4404 Inique
2205 4349 2338 4403 ergo
2367 4348 2426 4387 se
2455 4340 2657 4402 gerunt
2684 4332 2777 4399 qui
2807 4329 3207 4398 blasphemant,
3246 4337 3409 4397 atque
3436 4343 3565 4383 eum

1985 4426 2081 4496 qui
2115 4426 2446 4480 constitutos
2466 4422 2824 4492 subiectionis
2844 4420 3112 4475 terminos
3135 4418 3378 4473 nondum
3410 4433 3567 4472 acce-

1987 4518 2092 4588 pit,
2123 4516 2397 4586 subjicere
2438 4521 2729 4568 couantur.
2774 4512 3005 4580 Oportet
3039 4510 3186 4564 enim
3223 4514 3564 4576 exspectare,

1986 4618 2047 4664 et
2086 4604 2449 4677 subjectionis
2488 4603 2713 4658 modum
2760 4600 3088 4669 intelligere.
3126 4598 3327 4653 Verum
3374 4596 3442 4651 de
3478 4595 3568 4651 his

1987 4700 2209 4769 copiose
2233 4695 2596 4752 disseruimus
2621 4694 2676 4748 in
2705 4692 2910 4749 nostris
2933 4691 3196 4747 adversus
3219 4704 3316 4744 eos
3340 4701 3568 4743 concer-

1986 4788 2319 4846 tationibus:
2359 4806 2377 4840 s
2412 4788 2470 4840 ὲν
2495 4789 2608 4850 τοῖς
2634 4785 2770 4856 πρὸς
2796 4784 2995 4847 αὐτοὺς
3018 4782 3249 4851 ἀγῶσιν,
3281 4779 3335 4834 id
3366 4787 3468 4841 est,
3502 4777 3561 4831 in

1986 4881 2192 4936 nostris
2220 4879 2486 4934 adversus
2532 4893 2627 4932 eos
2666 4875 2918 4945 dialogis.
2950 4870 3363 4943 Disputationes
3394 4867 3566 4931 enim,

1986 4986 2109 5042 qua:
2127 4969 2451 5040 dialogismo
2473 4967 2630 5031 fiunt,
2648 4965 2869 5036 proprie
2889 4971 3018 5019 sunt
3039 4961 3269 5029 ἀγῶνες,
3288 4959 3343 5013 in
3365 4955 3569 5025 quibus

1988 5071 2192 5116 mutua:
2224 5060 2517 5131 petitiones
2544 5073 2609 5113 ac
2646 5055 3045 5112 declinationes
3074 5050 3233 5115 ﬁunt,
3263 5061 3439 5116 eoque
3465 5059 3568 5099 no-

1989 5154 2136 5209 mine
2175 5152 2244 5208 ab
2280 5152 2400 5222 ipso
2455 5147 2800 5204 Theodoreto
2838 5152 3103 5199 vocantur
3145 5140 3200 5194 in
3251 5135 3569 5209 praefatione

1656 5425 1973 5483 SCHULZII
2012 5424 2243 5481 NOTAE.

375 5550 423 5582 ιτ
451 5548 575 5605 vid.
638 5557 679 5604 t.
714 5546 804 5613 ιιι,
830 5563 885 5618 ρ.
920 5547 1043 5604 tes.
1099 5544 1207 5618 -ηιξ
1235 5544 1392 5618 ibid.,
1420 5559 1474 5614 p.
1506 5543 1627 5618 ιβέ

1716 5540 1775 5575 »ιι
1805 5540 1928 5596 Vid.
1989 5548 2031 5594 t.
2067 5539 2110 5603 ι,
2132 5554 2187 5609 ρ.
2222 5533 2345 5609 sos.

2448 5536 2494 5567 δυ
2524 5530 2662 5589 Dial.
2713 5534 2747 5587 δ
2880 5533 2921 5563 ιι
2971 5529 3071 5586 vid
3148 5535 3185 5582 ι.
3240 5524 3305 5590 ιι,
3350 5537 3398 5593 p.
3444 5516 3573 5573 sto.

306 5620 351 5653 ι·
380 5618 508 5676 Vid.
537 5627 579 5674 t.
629 5618 673 5684 ι,
724 5606 937 5687 p.'7'32.
1014 5617 1063 5651 ιι
1096 5613 1289 5672 Vid.t.
1332 5606 1389 5681 t,‘
1420 5606 1487 5684 'p.
1525 5614 1647 5668 737.
1726 5612 1774 5646 τε
1804 5606 2321 5679 γίά.ι.ιιι,’ρ.ειι
2354 5621 2469 5676 seq.
