4078 6160
510 151 612 215 391

1345 137 1723 200 GARNERII
1765 132 2398 195 DISSERTATIONIS
2437 131 2492 191 ΙΙ
2536 125 2934 190 ΑΡΡΕΝΒΙΧι

3666 121 3774 183 392

509 261 851 330 dialogorum
880 251 1164 324 Erapistzn.
1190 251 1483 318 Postquam
1513 247 1662 301 enim
1693 243 1946 314 exposuit
1973 243 2090 297 sin-
2122 287 2130 303 ι

2212 241 2354 304 Bthe,
2389 240 2488 293 οὐκ
2524 238 2588 291 ἂν
2630 233 2698 308 ἦν
2739 237 2900 306 μέσος
2940 230 3071 287 Θεοῦ
3112 232 3203 284 καὶ
3249 227 3574 300 ἀνθρώπων.
3621 229 3674 282 ὅ.
3715 231 3779 282 ει

512 352 766 422 gulorum
793 353 1200 417 argumentum,
1223 339 1547 411 subjungit:
1587 358 1605 389 ‹
1645 337 1797 390 Μετὰ
1842 335 1942 406 μὲν
1964 333 2092 396 τοὺς

511 443 662 512 τρεῖς
693 439 908 507 ἀγῶνας
937 430 1048 488 οἷον
1086 431 1516 500 ὲπαγωνίσματα
1536 428 1669 482 ἄλλα
1687 425 2091 497 προσθήσομεν.

515 534 614 590 “is
637 531 815 586 tribus
859 524 1258 582 certaminibus
1299 522 1404 576 alia
1439 520 1688 591 quaedam
1726 519 1875 572 velut
1912 523 2093 570 certa-

515 625 726 681 minum
758 619 1130 675 additamenta
1163 615 1507 686 adjiciemus.
1538 631 1556 663 ι

584 713 676 768 XI.
705 711 1020 781 Dialogista,
1060 722 1170 777 quo
1201 706 1398 776 probet
1425 703 1690 758 adversus
1719 696 2097 754 Macedoniam

517 806 753 876 Spiritus
794 801 968 857 sancti
1016 798 1380 860 divinitatem,
1429 795 1534 850 hoc
1582 791 1868 848 ratiocinio
1901 789 2097 844 utitur.

524 919 542 950 ι
571 896 818 952 Eliicitur
840 893 1089 950 eamdem
1107 907 1227 947 esse
1248 890 1344 944 Dei
1373 896 1428 942 et
1444 887 1683 956 Spiritus
1701 883 1874 938 sancti
1903 895 2099 950 opera-

520 991 744 1043 tionem.
791 988 1037 1053 Quorum
1079 997 1212 1038 vero
1247 980 1438 1035 eadem
1477 985 1562 1032 est
1595 975 1863 1047 operatio,
1907 985 2100 1027 eorum

519 1082 712 1136 eadem
733 1093 954 1149 quoque
989 1083 1076 1130 est
1100 1083 1316 1129 natura.
1356 1090 1373 1122 ι
1406 1071 1476 1125 Et
1502 1069 1667 1141 paulo
1701 1074 1824 1136 post
1862 1082 1876 1117 :
1925 1084 1943 1114 ι
1973 1062 2104 1118 Vult

519 1173 712 1229 eadem
741 1171 983 1240 Spiritus
1015 1174 1259 1228 sanctus,
1285 1178 1408 1233 qua:
1441 1163 1604 1216 Pater
1627 1167 1684 1213 et
1717 1158 1910 1219 Filius,
1939 1162 2103 1240 atque

523 1265 649 1318 ideo
664 1264 1000 1318 voluntatem
1016 1255 1265 1314 eamdem
1278 1249 1539 1309 dicimus:
1555 1263 1790 1320 quorum
1805 1255 1989 1302 autem
2008 1235 2106 1298 vo-

523 1357 706 1411 luntas
726 1353 916 1408 eadem
933 1359 1036 1414 est,
1053 1347 1356 1415 eademque
1375 1341 1645 1412 operatio,
1658 1347 1854 1392 natura
1875 1337 2003 1390 item
2021 1340 2106 1388 est

525 1450 738 1505 eadem.
760 1467 780 1499 ι
801 1439 1250 1500 Theodoretusin
1268 1433 1611 1504 expositione
1626 1429 1821 1500 psalmi
1840 1441 2071 1482 cxxxvm
2090 1441 2105 1478 :

533 1558 552 1591 ε
591 1536 905 1596 Notandum
936 1541 1020 1588 est
1058 1539 1244 1586 autem
1275 1528 1319 1559 "
1351 1523 1608 1578 docuisse
1661 1535 1812 1584 eum,
1854 1516 2104 1572 eamdem

526 1629 906 1701 operationem
947 1623 1150 1679 habere
1198 1619 1376 1674 Deum
1418 1623 1477 1672 et
1515 1613 1784 1684 Spiritum
1827 1618 2102 1665 sanctum.

526 1698 643 1788 Quo
670 1723 773 1782 ibo,
826 1719 924 1781 ait,
977 1733 1008 1769 a
1049 1713 1251 1784 Spiritu
1293 1721 1404 1772 tuo,
1458 1714 1638 1776 etquo
1674 1719 1707 1756 a
1738 1703 1870 1772 facie
1900 1709 1995 1753 tua
2020 1698 2106 1768 fu-

525 1812 719 1882 giam?
781 1809 922 1863 Sane
959 1819 1199 1876 quorum
1241 1809 1327 1856 est
1373 1814 1480 1853 una
1521 1794 1795 1867 operatio,
1842 1807 1948 1846 una
1985 1804 2107 1844 om-

529 1903 660 1956 nino
681 1910 765 1955 est
786 1898 1074 1970 potentia;
1100 1905 1156 1950 et
1179 1905 1415 1964 quorum
1447 1896 1532 1945 est
1558 1903 1667 1942 una
1700 1882 1967 1954 potentia,
1999 1894 2108 1934 una

529 1996 718 2064 utique
747 2001 833 2047 est
873 2001 1092 2045 natura.
1122 1989 1140 2007 ‘
1171 1987 1290 2043 Una
1328 1983 1497 2053 igitur
1533 1989 1619 2035 est
1646 1977 1742 2032 Dei
1775 1985 1834 2030 et
1869 1972 2111 2044 Spiritus

530 2086 710 2142 sancti
736 2091 958 2139 natura.
991 2100 1008 2133 ι

599 2177 715 2232 ΧΠ.
747 2174 1049 2243 Dialogista
1083 2166 1535 2226 Macedonianum
1577 2162 1792 2217 inducit
1818 2165 2110 2230 negantem

528 2285 653 2324 esse
687 2269 854 2331 idem,
879 2282 992 2338 per,
1023 2273 1082 2319 et
1103 2278 1186 2326 ex,
1213 2267 1516 2332 arguteque
1541 2266 1598 2312 et
1623 2253 1968 2311 contentiose
1995 2249 2112 2306 dis-

531 2367 841 2431 putantem,
872 2371 985 2411 non
1021 2370 1145 2410 esse
1185 2353 1348 2408 aliam
1397 2350 1454 2404 in
1491 2347 1794 2404 tractandis
1835 2342 2114 2417 mysteriis

530 2449 904 2506 adhibendam
945 2460 1159 2510 vocem,
1199 2458 1366 2514 quam
1395 2457 1504 2512 qua
1541 2440 1688 2495 Deus
1718 2439 1836 2509 ipse
1873 2437 1946 2492 sit
1981 2448 2114 2491 usus

533 2545 588 2599 in
617 2539 940 2612 Scripturis.
965 2539 1126 2594 Hune
1149 2536 1329 2590 locum
1353 2528 1878 2605 paucis'immutatis
1905 2528 1962 2583 in
1991 2527 2112 2581 dia-

534 2635 719 2706 logum
763 2631 988 2686 tertium
1019 2627 1309 2690 Eranistae,
1345 2623 1510 2696 ω
1543 2631 1606 2678 ut
1637 2638 1698 2677 se
1733 2621 1849 2690 ipse
1878 2618 2114 2689 prodere

535 2724 777 2780 voluisse
809 2722 1100 2789 utriusque
1117 2717 1310 2789 operis
1339 2723 1622 2785 parentem
1650 2711 1928 2766 videatur.

605 2818 722 2872 lloc
747 2830 858 2870 uno
889 2814 1012 2868 loco
1036 2826 1128 2866 res
1154 2809 1380 2865 omnino
1403 2807 1718 2870 conficitur,
1748 2801 2022 2873 siquidem
2057 2801 2114 2856 in

536 2910 754 2979 dialogo
781 2904 1030 2960 secundo
1055 2903 1323 2957 adversus
1354 2897 1780 2954 Macedonianos
1802 2895 1871 2950 de
1903 2893 1993 2948 his
2018 2907 2112 2948 co-

535 3001 692 3070 piose
727 2997 1052 3058 disseratur,
1093 3005 1216 3061 quae
1249 2988 1590 3045 contractius
1618 2986 1675 3040 in
1696 2983 2116 3041 commentariis

537 3087 786 3160 Apostoli
821 3084 1169 3155 attinguntur
1190 3120 1207 3145 ,
1247 3089 1306 3135 et
1336 3079 1560 3135 nomine
1589 3091 1806 3141 eorum,
1847 3074 1943 3146 qui
1985 3088 2115 3129 cum

537 3179 672 3234 Ario
695 3185 752 3232 et
772 3173 1046 3230 Eunomio
1074 3171 1344 3237 sentiunt,
1388 3165 1763 3224 Μαθθάοηὶοηὶ
1800 3162 2117 3237 signiﬁcen-

541 3276 635 3325 tur
671 3283 687 3322 :
719 3264 867 3337 quod
901 3278 1088 3328 nemo,
1117 3263 1213 3332 qui
1240 3258 1682 3318 Commentarios
1713 3255 1931 3328 legerit,
1971 3253 2115 3310 dial-

543 3361 693 3410 testu
701 3368 746 3407 Γ.

1140 3498 1391 3539 οοιιλτιο
1417 3498 1487 3538 ιν.

540 3603 690 3660 Inter
732 3601 1074 3671 dialogistam
1119 3607 1170 3671 et
1212 3598 1608 3671 Theodoretptm,
1640 3598 1836 3671 quoad
1882 3597 2117 3668 dialogos

905 3671 1035 3723 duos
1064 3668 1314 3723 adversus
1346 3667 1762 3738 Apollinarium.

607 3808 651 3864 1.
681 3807 801 3865 Jam
820 3821 954 3860 vero
973 3805 1120 3876 quod
1141 3805 1381 3875 pertinet
1405 3803 1474 3858 ad
1500 3803 1747 3874 dialogos
1766 3803 1905 3858 duos
1920 3804 2117 3859 adver-

541 3915 638 3958 sus
662 3898 1088 3970 Apollinarium,
1106 3897 1255 3968 quod
1276 3906 1399 3951 erat
1431 3895 1484 3950 in
1515 3895 1812 3966 partitione
1834 3903 2116 3966 quartum,

541 4001 903 4063 praeterquam
927 3988 1075 4060 quod
1103 3989 1160 4042 in
1188 3986 1496 4068 posteriore
1522 3985 1814 4041 solvuntur
1841 3987 2119 4058 sigillatim

538 4081 864 4155 Apollinarii
909 4078 1157 4151 argutiae,
1185 4093 1325 4149 quas
1370 4077 1752 4135 Tbeodoretus
1792 4094 1850 4134 se
1891 4078 2121 4135 solvisse

541 4166 755 4240 scribit,
784 4175 840 4228 in
876 4172 1061 4244 priore
1089 4170 1379 4242 dialogista
1429 4169 1606 4226 refert
1643 4185 1702 4225 se
1728 4169 1936 4226 vidisse
1956 4170 2121 4242 Apol-

2197 329 2359 402 μόνον
2428 326 2713 399 ἄνθρωπος
2774 326 2804 376 ὁ
2870 321 3126 394 Χριστὸς,
3183 322 3284 374 οὐκ
3333 319 3398 374 ἂν
3447 319 3647 384 ἔσωζεν
3685 320 3776 372 τὸν
3859 309 3865 314 ’

2196 418 2426 488 κόσμον’
2455 417 2547 470 καὶ
2570 417 2619 468 εξ
2655 416 2812 485 μόνον
2844 413 2998 476 Θεὸς,
3032 412 3132 464 οὐκ
3179 409 3244 464 ἂν
3271 408 3360 462 διὰ
3408 407 3614 471 πάθους
3641 408 3775 464 ἐσω-

2198 508 2290 572 ζεν
2311 526 2326 542 ·
2362 509 2599 578 ἑκάτερα
2627 506 2686 559 δὲ
2717 504 2970 575 Χριστὸς,
3008 503 3100 557 καὶ
3122 501 3253 566 Θεὸς
3285 502 3392 572 ἄρα
3419 501 3536 554 ἐστὶ
3564 502 3656 555 καὶ
3681 501 3777 554 ἄν-

2200 599 2438 672 θρωπος.
2476 600 2530 654 Δ.
2578 599 2640 652 Et
2710 599 2874 664 μόνον
2929 594 3214 665 ἄνθρωπος
3242 589 3310 664 ἦν
3337 594 3366 645 ὁ
3391 594 3645 662 Χριστὸς.
3679 593 3779 646 οὐκ

2201 691 2268 746 ἂν
2315 689 2596 754 simorum
2638 689 2764 753 τοὺς
2794 686 3038 758 νεκρούςο
3076 686 3170 740 καὶ
3205 687 3255 738 εἰ
3304 685 3465 755 μόνον
3494 684 3646 748 Θεὸς,
3679 685 3780 739 οὐκ

2203 781 2270 835 ἂν
2319 779 2423 852 ἰδίᾳ
2463 779 2612 850 παρὰ
2656 778 2747 832 τὸν
2795 777 3014 847 Πατέρα
3057 774 3336 842 ὲζωοποίει
3373 773 3525 838 τινὰς
3555 774 3662 826 τῶν
3691 792 3778 828 νε.-

2203 873 2372 945 κρῶν.
2427 873 2695 941 Ἐκάτερα
2725 869 2780 922 δὲ
2809 871 2836 922 ὁ
2866 866 3121 938 Χριστὸς,
3153 865 3282 930 Θεὸς
3311 865 3417 937 ἄρα
3454 865 3549 919 καὶ
3581 865 3782 936 ἄνθρω-

2203 981 2304 1027 πος
2339 965 2368 1016 ὁ
2395 963 2578 1024 αὐτὸς.
2615 962 2668 1016 5.
2706 962 2850 1032 Σὰρξ
2881 960 2938 1014 δὲ
2977 958 3114 1012 Θεοῦ
3157 957 3303 1028 ζωῆς
3331 957 3564 1028 ὄργανον
3610 958 3784 1028 ἁρμο-

2205 1055 2430 1125 ζόμενον
2487 1055 2598 1116 τοῖς
2652 1051 2850 1105 πάθεσι
2903 1049 3040 1121 πρὸς
3092 1049 3192 1132 ’ξὰς
3225 1048 3375 1112 θείας
3407 1048 3624 1118 βουλὰς,
3658 1047 3782 1102 οὔτε

2204 1146 2353 1214 λόγοι
2397 1144 2598 1216 σαρκὸς
2648 1143 2788 1205 ἴδιοι,
2823 1142 2944 1195 οὔτε
2978 1140 3204 1211 πράξεις
3252 1140 3346 1194 καὶ
3392 1142 3504 1203 τοῖς
3558 1137 3785 1194 πάθεσιν

2207 1235 2620 1306 ὑποϐαλλομένη
2652 1233 2794 1287 κατὰ
2833 1233 2892 1285 τὸ
2921 1234 3082 1302 σαρκὶ
3111 1231 3408 1301 προσῆκον,
3443 1231 3613 1300 ἰσχύει
3646 1230 3787 1285 κατὰ

2207 1315 2347 1380 τῶῖῗ
2367 1325 2575 1382 παθῶν.
2624 1323 2712 1377 διὰ
2750 1323 2811 1377 τὸ
2851 1317 2992 1376 εἶναι
3032 1321 3167 1375 Θεοῦ
3209 1321 3364 1386 σάρξ.
3407 1320 3786 1376 Theodoretus

2208 1417 2432 1474 eosdem
2462 1416 2807 1488 syllogismos
2835 1429 2901 1468 ex
2926 1413 3133 1484 scripto
3157 1410 3485 1483 Apollinarii
3523 1419 3783 1482 quodam,

2209 1508 2356 1578 quod
2374 1505 2858 1577 Compendiarium
2885 1513 3066 1568 vocat,
3091 1503 3318 1559 totidem
3343 1502 3574 1558 omnino
3601 1501 3786 1556 verbis

2139 1579 2181 1638 Β
2211 1600 2380 1660 refert
2413 1600 2478 1654 ".

2279 1691 2371 1748 lli.
2397 1690 2541 1758 Quid
2569 1690 2781 1746 multa?
2805 1688 3198 1752 Conferantur,
3229 1702 3353 1758 quin
3387 1695 3518 1742 sunt
3547 1686 3600 1740 in
3634 1692 3790 1742 utro-

2209 1799 2316 1854 que
2335 1783 2574 1855 dialogo,
2599 1799 2726 1838 cum
2747 1784 2837 1848 iis,
2859 1798 2980 1853 quae
3002 1781 3386 1837 Theodoretus
3408 1779 3463 1834 in
3487 1779 3786 1848 reprehen-

2211 1876 2367 1938 sione
2396 1877 2766 1946 capitulorum
2791 1875 2986 1949 Cyrilli
3019 1875 3337 1939 duodecim,
3370 1875 3427 1929 in
3451 1874 3666 1945 dialogo
3694 1890 3787 1930 se—

2211 1969 2395 2024 cundo
2434 1969 2734 2034 Eranistaz,
2777 1969 2873 2039 qui
2901 1966 3260 2033 Inconfusus;
3299 1967 3354 2021 in
3383 1967 3562 2036 capite
3594 1977 3791 2023 octavo

2213 2060 2344 2115 libri
2374 2077 2424 2116 IV
2455 2057 2838 2114 Haereticarum
2891 2057 3219 2128 fabularum,
3251 2063 3309 2111 et
3334 2056 3391 2112 in
3429 2056 3555 2110 libri
3594 2074 3648 2120 v,
3691 2073 3790 2111 ca-

2213 2154 2328 2224 pite
2353 2152 2570 2208 decimo
2591 2152 2754 2207 tertio
2779 2166 2905 2206 cum
2927 2148 3307 2220 sequentibus,
3331 2148 3599 2219 adversus
3614 2149 3789 2218 Apol-

2214 2243 2476 2300 linarium
2519 2251 2886 2313 sanctumque
2924 2239 3192 2313 Cyrillum
3224 2240 3556 2310 composuit,
3601 2239 3791 2296 statim

2216 2333 2508 2406 apparebit
2528 2343 2585 2388 et
2609 2333 2971 2389 consonantia
2992 2329 3264 2386 doctrinae
3289 2336 3346 2384 et
3367 2328 3599 2402 spiritus
3622 2329 3791 2393 idem,

2214 2424 2483 2481 eteadem
2511 2425 2957 2480 testimoniorum
2987 2419 3287 2488 Scriptura:
3309 2417 3712 2490 interpretatio,
3733 2431 3795 2477 et

2217 2534 2324 2572 una
2348 2533 2492 2588 saepe
2525 2516 2715 2572 dictio.

2288 2610 2376 2664 ιν.
2403 2609 2483 2664 Ex
2517 2608 2626 2673 his,
2665 2622 2788 2677 qua:
2819 2607 3092 2663 hactenus
3117 2608 3264 2665 dicta
3290 2618 3440 2672 sunt,
3477 2604 3797 2661 confectum

2214 2709 2320 2766 est,
2356 2701 2578 2771 opinor,
2624 2699 2774 2769 quod
2816 2698 2920 2754 fuit
2965 2701 3331 2770 propositum,
3380 2696 3798 2753 Theodoretunt

2217 2807 2417 2862 nempe
2468 2807 2593 2847 esse
2635 2799 2919 2846 auctorem
2961 2791 3306 2863 dialogorum
3346 2789 3510 2864 ω
3558 2797 3796 2860 septem,

2142 2939 2185 2994 Ο
2218 2885 2314 2955 qui
2344 2886 2400 2939 in
2431 2884 2581 2939 bunc
2617 2899 2791 2954 usque
2837 2882 2984 2940 diem
3025 2883 3222 2940 alienis
3269 2881 3630 2954 scriptoribus
3664 2896 3802 2950 sup-

2218 2978 2383 3049 positi
2409 2987 2560 3033 sunt.

2290 3068 2356 3123 V.
2385 3066 2504 3134 Quo
2533 3076 2781 3137 tempore
2826 3067 3115 3136 compositi
3150 3067 3297 3131 sint,
3342 3065 3470 3121 inde
3515 3064 3804 3128 aestiman-

2218 3159 2370 3216 dum.
2406 3158 2615 3214 Eorum
2642 3157 2896 3216 meminit
2933 3156 3318 3214 Theodoretus
3355 3157 3412 3212 in
3443 3155 3806 3213 Comnienta—

2219 3249 2320 3306 riis
2341 3249 2412 3304 ad
2432 3249 2708 3320 Epistolas
2729 3249 2907 3314 Pauli,
2959 3249 3126 3305 editis
3164 3265 3312 3305 anno
3342 3249 3466 3305 453.
3494 3248 3806 3320 Compositi

2217 3349 2350 3398 sunt
2377 3341 2547 3412 igitur
2567 3350 2695 3396 ante
2728 3357 2934 3398 annum
2967 3343 3091 3398 455.
3127 3342 3338 3400 Deinde
3364 3342 3516 3399 nulla
3552 3342 3611 3398 ﬁt
3650 3343 3705 3398 in
3731 3344 3810 3400 iis

2219 3433 2429 3488 mentio
2473 3433 2651 3489 tertia:
2692 3433 2913 3504 synodi,
2971 3449 3096 3490 cum
3130 3434 3226 3492 ﬁat
3284 3443 3470 3490 tamen
3506 3436 3695 3506 prima
3736 3451 3812 3492 ac

2217 3523 2496 3587 secundas,
2541 3537 2646 3578 nec
2673 3523 2858 3578 minus
2895 3530 3080 3578 tamen
3119 3523 3288 3581 fuerit
3323 3534 3666 3595 opportunus
3690 3525 3809 3580 bu-

2215 3613 2327 3684 jus,
2363 3628 2528 3682 quam
2562 3612 2780 3667 illarum
2809 3611 3073 3668 faciendas
3109 3615 3285 3680 locus,
3325 3631 3451 3670 cum
3479 3616 3547 3671 de
3588 3615 3812 3685 Apolli-

2219 3702 2380 3758 nario
2431 3711 2711 3772 ageretur,
2759 3718 2920 3773 quam
2952 3719 3076 3762 cum
3115 3705 3184 3760 de
3221 3706 3354 3761 Ario
3380 3716 3436 3762 et
3482 3707 3812 3764 Macedonio

2215 3810 2409 3859 sermo
2433 3806 2600 3850 esset.
2632 3796 2813 3862 Quare
2844 3797 3046 3869 opinor
3091 3798 3429 3869 compositos
3466 3799 3633 3854 tuisse
3671 3808 3810 3856 ante

2221 3896 2399 3942 motas
2437 3903 2470 3942 a
2516 3887 2773 3943 Nestorio
2809 3888 2996 3944 turbas
3022 3889 3089 3954 ⁸⁸,
3131 3900 3298 3960 atque
3360 3891 3434 3946 ita
3490 3892 3810 3948 censendos

2223 3979 2366 4035 inter
2389 3993 2580 4050 opera,
2607 3995 2729 4050 qua:
2750 3979 3132 4036 Theodoretus
3149 3981 3208 4036 in
3239 3981 3440 4037 litteris
3454 3980 3519 4036 ad
3541 3991 3806 4038 sanctum

2221 4071 2463 4128 Leonem
2513 4085 2660 4126 anno
2712 4071 2818 4127 449
2846 4071 3012 4138 datis,
3054 4072 3278 4143 scripsit
3308 4088 3341 4128 a
3376 4089 3436 4129 se
3464 4083 3588 4128 ante
3622 4089 3810 4131 annos

2221 4165 2418 4238 viginti
2437 4165 2607 4222 edita.
2641 4165 2799 4221 Tunc
2828 4165 2978 4220 enim
2997 4174 3119 4222 erat
3149 4166 3315 4236 hujus
3343 4166 3650 4236 argumenti
3683 4175 3811 4222 tra-

541 4267 727 4322 linarii
754 4264 942 4329 fidem,
973 4265 1030 4318 in
1064 4277 1174 4334 qua
1209 4277 1413 4333 corpus
1438 4261 1654 4318 Domini
1685 4264 1860 4338 nostri
1907 4262 2120 4318 diceret
2152 4272 2196 4328 υ
2223 4259 2410 4316 ctandi
2429 4260 2670 4324 occasio,
2696 4275 2824 4316 cum
2847 4275 3043 4330 nempe
3071 4259 3416 4316 incumberet
3444 4260 3811 4318 vehementer

540 4375 665 4415 esse
715 4356 1078 4414 coessentiale
1125 4355 1345 4425 corpori
1386 4354 1601 4421 Mariae;
1642 4353 1856 4409 inducit
1897 4369 2119 4426 quoque

539 4449 987 4524 Apollinaristam
1009 4446 1456 4520 fatentem,qu_od
1482 4461 1611 4501 caro
1629 4445 1838 4501 Christi
1861 4446 1933 4502 sit
1960 4446 2122 4502 nobis

539 4542 843 4614 ὁμοούσιος,
877 4539 1184 4610 fatentique
1215 4539 1532 4593 assentitur.
1571 4537 1723 4592 Hane
1752 4536 1925 4607 ipsam
1956 4536 2119 4592 fidem

543 4633 931 4688 Theodoretus
954 4630 1123 4686 tradit
1145 4645 1204 4685 se
1234 4629 1440 4683 vidisse
1463 4629 1531 4694 ⁸⁸,
1565 4643 1634 4685 ex
1655 4641 1830 4698 eaque
1865 4627 2119 4683 testimo-

540 4723 694 4778 nium
723 4721 951 4792 profert,
993 4719 1141 4774 unde
1173 4717 1374 4788 probet
1397 4715 1638 4772 Verbum
1671 4733 1736 4770 ex
1787 4723 1975 4772 sancta
2009 4714 2122 4771 Vir-

542 4812 663 4883 gine
693 4825 908 4864 carnem
937 4808 1306 4878 assumpsisse,
1337 4815 1446 4860 etc.

610 4902 677 4958 ll.
723 4900 1016 4970 Dialogista
1037 4899 1094 4953 in
1122 4897 1431 4969 posteriore
1464 4895 1684 4968 dialogo
1718 4897 2120 4969 Apollinarium

543 4992 758 5047 inducit
837 4991 927 5047 bis
982 4990 1318 5063 syllogismis
1381 4996 1644 5044 utentem.
1684 4991 1759 5044 ις
1805 4991 2123 5065 Ἀνθρώπου

542 5082 603 5134 τὸ
651 5082 950 5152 ἀναστῆναι
1007 5083 1072 5134 ὲκ
1121 5079 1352 5153 νεκρῶν,
1391 5077 1538 5133 -Θεοῦ
1584 5078 1643 5132 δὲ
1685 5079 1750 5132 τὸ
1785 5080 2119 5150 ἀναστῆσαι·

545 5171 780 5242 ἑκάτερα
837 5171 895 5226 δὲ
943 5171 1214 5245 Χρῐστὸς,
1272 5171 1406 5234 Θεὸς
1454 5170 1561 5243 ἄρα
1615 5170 1708 5224 κού⁵
1756 5169 2040 5244 ἄνθρωπος
2094 5174 2124 5227 ό

545 5261 727 5326 αὐτός.
801 5262 858 5316 2.
915 5263 980 5316 Ei
1040 5263 1200 5335 μόνον
1253 5258 1322 5336 ἦν
1379 5260 1702 5336 ἄνθρωπος,
1767 5263 1800 5335 ἢ
1859 5265 1909 5318 εἰ
1963 5264 2123 5336 μόνον

2225 4351 2283 4406 in
2307 4366 2520 4422 agrum,
2559 4357 2622 4404 ut
2655 4349 2922 4420 loquitur,
2953 4350 3057 4406 sibi
3085 4365 3116 4405 a
3142 4350 3254 4407 Deo
3297 4351 3560 4406 traditum
3598 4367 3807 4422 repur-

2224 4442 2462 4514 gandum
2497 4440 2568 4496 ab
2592 4440 2710 4495 Arii
2742 4449 2800 4496 et
2825 4440 3082 4496 Eunomii
3109 4441 3262 4496 lolio.

2297 4533 2382 4587 Vl.
2415 4531 2522 4588 Sed
2545 4531 2768 4604 quando
2789 4533 3029 4602 primum
3065 4531 3292 4588 subdici
3313 4532 3663 4589 Tbeodoreto
3682 4549 3808 4588 cm-

2225 4624 2429 4696 perint,
2455 4632 2512 4679 et
2537 4623 2698 4680 alteri
2732 4624 2990 4693 supponi,
3023 4622 3240 4679 difﬁcile
3259 4631 3346 4679 est
3372 4622 3623 4679 definire.
3651 4622 3812 4679 Solet

2222 4717 2372 4773 enim
2403 4714 2710 4787 suppositio
2744 4714 3014 4771 librorum
3046 4714 3165 4770 ﬁeri
3193 4716 3399 4770 sensim
3449 4715 3570 4771 sine
3608 4730 3808 4780 sensu,

2225 4807 2339 4863 imo
2365 4821 2497 4864 casu
2547 4815 2608 4861 ut
2639 4805 2938 4876 plurimum
2975 4823 2988 4859 :
3025 4813 3316 4876 postquam
3355 4806 3564 4862 scilicet
3593 4805 3814 4862 oblivio

2225 4896 2434 4953 delevit
2462 4895 2708 4952 auctoris
2741 4910 2964 4958 nomen.
2983 4904 3116 4952 tunc
3146 4895 3454 4966 ignorantia
3483 4895 3820 4952 describen-

2225 4991 2386 5053 tium,
2427 4989 2669 5044 alienum
2714 4997 2922 5043 temere
2957 4988 3268 5053 substituit,
3310 4999 3537 5060 propter
3560 4989 3818 5058 aliquam

2227 5079 2536 5151 argumenti
2563 5079 2944 5150 cognationem
2975 5093 3100 5134 cum
3126 5090 3473 5151 argumento,
3490 5079 3638 5150 quod
3671 5081 3819 5137 olim

2226 5171 2311 5226 vir
2335 5169 2533 5240 aliquis
2582 5169 2762 5240 magni
2800 5167 3040 5224 nominis
3076 5177 3381 5226 tractasset.
3433 5169 3552 5226 Non
3593 5169 3822 5242 impro-

2231 5261 2415 5317 babile
2477 5266 2656 5314 tamen
2707 5259 2842 5312 mihi
2887 5259 3124 5323 videtur,
3186 5259 3242 5313 id
3294 5259 3589 5330 contigisse
3639 5261 3827 5330 paulo

1906 5403 2220 5461 SCHULZII
2262 5399 2498 5457 NOT/E.

607 5511 809 5585 ”_Vid.
864 5522 903 5566 ι.
936 5514 977 5579 l,
1004 5529 1124 5584 pag.
1165 5514 1326 5574 l553,
1393 5519 1440 5550 ⁵⁸
1475 5517 1611 5571 Dial.
1668 5519 1690 5571 1
1741 5519 2023 5575 Eranistze.
2103 5521 2122 5550 '

2212 5518 2300 5572 Γὶά.
2359 5525 2490 5568 tom.
2542 5512 2640 5575 IV,
2674 5527 2789 5580 pag.
2831 5510 2956 5566 236.
3034 5513 3078 5543 ³⁸
3100 5512 3220 5566 γῑιι.
3278 5525 3612 5585 supra,pag.
3664 5513 3839 5584 ,ᾖξεν

529 5580 710 5638 schol.
749 5583 798 5638 i.
