4078 6160
336 261 448 323 393

1539 257 1637 315 DE
1676 256 1854 315 FIDE
1887 250 2396 312 THEODORETI.

3488 253 3596 318 391.

328 381 462 444 post
492 387 524 422 ν
551 368 846 441 synodum,
895 382 1018 422 cum
1065 366 1207 437 apud
1262 366 1529 436 plurimos
1586 364 1921 422 Theodoreti
1950 370 1995 426 Α
2023 361 2206 414 ουσίου
2238 360 2581 417 nobilissimo
2610 362 2884 429 defensori
2913 363 3426 423 tr‘ibuercturTunc
3448 379 3595 423 certe

328 479 540 519 nomen
572 462 851 525 laboraret
884 458 1110 524 invidia,
1147 467 1201 513 et
1246 457 1516 528 quidquid
1554 457 1621 515 de
1647 457 1914 513 Trinitate

322 556 723 617 elucubratum
755 560 1092 617 occurreret,
1125 549 1425 609 Athanasio
1457 550 1744 605 Trinitatis
1787 553 1915 619 ὁμου

340 753 723 769 .————-—-—

2024 462 2254 533 Vigilius
2290 476 2429 531 opus
2489 476 2650 519 suum
2697 461 2765 522 de
2806 461 3077 525 Trinitate
3119 464 3417 531 Athanasio
3441 463 3593 523 aliin-

2023 553 2124 619 xit,
2150 562 2257 608 etc.

1352 906 2315 1045 DIS‘SEBTATIO
2396 917 2603 1031 lll.

1145 1144 1244 1203 DE
1284 1143 1460 1202 FIDE
1499 1140 1990 1202 THEODORETI
2027 1143 2393 1207 CYRENSIS
2431 1146 2790 1212 EPISCOPI.

1917 1306 1991 1320 α..-

399 1430 667 1505 mDe
701 1429 806 1493 fide
852 1427 1194 1487 Theodoreti
1236 1444 1348 1483 non
1388 1430 1544 1499 prius
1576 1430 1807 1500 quaestio
1836 1429 1919 1485 in-

324 1525 489 1578 stitui
521 1522 735 1587 debuit,
767 1536 932 1593 quam
964 1520 1031 1575 de
1079 1520 1278 1579 vitaet
1316 1519 1383 1575 de
1430 1519 1588 1576 libris
1614 1523 1807 1585 actnm'
1832 1538 1919 1577 es-

324 1622 415 1667 set
456 1613 629 1667 :vita:
686 1611 830 1667 enim
877 1609 1142 1672 narratio,
1202 1624 1324 1663 cum
1378 1616 1457 1664 tot
1497 1610 1719 1679 tamque
1747 1606 1918 1671 variis

322 1705 555 1759 casibus
585 1704 845 1757 distincta
887 1702 982 1765 sit,
1011 1699 1366 1771 cupiditatem
1406 1696 1659 1759 accendit
1682 1698 1914 1765 sciendi,

324 1812 455 1866 quae
488 1794 706 1850 tandem
733 1803 879 1847 esset
904 1792 1079 1861 reipsa
1102 1790 1236 1845 fides
1273 1790 1512 1847 hominis
1533 1799 1683 1851 tanta
1703 1791 1916 1861 experti

323 1886 618 1959 religionis
677 1884 731 1939 in
786 1900 971 1939 causa.
1034 1882 1189 1937 Facit
1247 1881 1521 1937 librorum
1568 1897 1822 1947 censura,
1859 1890 1921 1938 ut

319 1980 601 2052 judicium
646 1978 714 2033 de
762 1977 869 2032 fide
921 1992 989 2031 ex
1037 1975 1251 2031 idoneis
1282 1974 1547 2030 duntaxat
1587 1975 1920 2030 testimoniis

322 2080 658 2127 exerceatur
693 2085 859 2124 :nam
910 2067 1157 2133 interest,
1199 2082 1267 2121 ex
1300 2067 1501 2138 quibus
1527 2067 1683 2122 libris
1726 2075 1782 2122 et
1810 2083 1920 2138 quo

328 2173 586 2236 tempore
625 2162 953 2233 conscriptis
979 2161 1290 2233 testimonia
1318 2160 1671 2231 proferantur
1700 2178 1714 2227 ;
1749 2160 1920 2231 siqui-

326 2259 459 2313 dem
507 2258 615 2312 alia
654 2256 858 2311 dicitur
906 2254 1078 2310 fuisse
1125 2253 1248 2313 aliis
1292 2252 1653 2324 temporibus,
1704 2252 1918 2323 aliaque

325 2351 459 2405 aliis
492 2349 758 2419 operibus
783 2347 1031 2418 exposita
1066 2343 1403 2400 Theodoreti
1429 2343 1723 2399 sententia.

401 2442 542 2499 Cum
596 2442 713 2497 haec
741 2456 911 2513 porro
963 2438 1192 2510 quiestio
1230 2446 1550 2501 exercetur,
1596 2435 1917 2507 deponenda

328 2542 464 2589 sunt
498 2534 557 2587 in
594 2534 915 2588 alterutram
958 2540 1170 2603 partem
1210 2529 1534 2604 praejudicia
1560 2569 1573 2594 ,
1601 2544 1772 2597 eaque
1801 2542 1917 2582 ser-

330 2623 509 2678 vanda
537 2624 649 2688 lex,
696 2636 860 2693 quam
896 2606 1193 2693 Gregorius
1225 2619 1448 2691 Magnus
1476 2617 1777 2690 prudenter
1810 2622 1919 2672 sta-

331 2718 436 2772 tuit
469 2718 509 2783 ',
549 2735 570 2768 ‹
601 2726 665 2771 ut
692 2711 1081 2771 Theodoretus
1122 2713 1422 2784 recipiatur
1456 2719 1604 2766 recta
1630 2709 1914 2782 proﬁtens,

331 2810 633 2865 damnetur
656 2807 834 2863 aliena
877 2806 1138 2861 sentiens.
1172 2790 1193 2857 “›
1240 2803 1520 2875 Fugienda
1552 2803 1814 2861 nimirum
1834 2811 1920 2857 est

326 2909 583 2955 extrema
619 2898 752 2953 hinc
793 2906 849 2953 et
877 2896 1006 2951 inde
1039 2895 1333 2960 sententia,
1387 2893 1501 2950 sive
1550 2894 1915 2948 recentiorum

327 2993 577 3063 plurium
606 2989 946 3054 Graecorum,
988 2988 1083 3060 qui
1109 2985 1446 3042 Theodoreti
1475 2978 1782 3041 doctrinam
1815 3000 1918 3038 no-

330 3100 573 3156 menque
604 3084 951 3139 detestantur
980 3098 995 3147 ;
1026 3080 1140 3135 sive
1171 3077 1515 3134 eruditorum
1554 3074 1919 3147 quorumdam

329 3178 541 3232 Latina:
578 3176 775 3248 gentis,
805 3174 899 3246 qui
932 3189 1029 3228 sua
1055 3171 1139 3227 vel
1170 3169 1498 3226 auctoritate
1517 3168 1605 3223 vel
1634 3167 1837 3239 ingenii
1865 3166 1918 3221 vi

334 3269 645 3325 abutuntur
689 3266 756 3322 ad
807 3262 1183 3336 repellendam
1233 3276 1457 3317 omnem
1509 3275 1538 3314 a
1581 3260 1917 3316 Theodoreti

332 3361 517 3431 capite
550 3358 976 3415 accusationem.

398 3452 797 3524 lnquirendum
856 3449 1043 3520 igitur,
1095 3447 1228 3519 quid
1279 3454 1428 3501 recte
1471 3444 1737 3511 senserit,
1785 3444 1917 3516 quid

274 3562 277 3567 ί
330 3560 497 3602 secus
570 3560 674 3599 non
718 3544 787 3600 dc
828 3541 996 3597 Verbi
1035 3549 1246 3597 tantum
1308 3538 1718 3603 incarnatione,
1770 3538 1917 3610 quod

332 3644 521 3692 tamen
550 3650 724 3689 unum
769 3633 935 3705 vulgo
971 3631 1145 3696 solet;
1200 3628 1295 3684 sed
1332 3629 1399 3683 de
1425 3629 1550 3684 aliis
1586 3630 1750 3684 etiam
1791 3627 1918 3685 fidei

280 3712 287 3717 ’
332 3727 636 3797 capitibus,
678 3734 904 3796 propter
930 3722 1338 3780 controversias
1364 3721 1765 3792 posterioribus
1784 3728 1920 3777 tem-

331 3818 566 3889 poribus
599 3823 779 3872 motas
816 3833 831 3869 :
866 3813 1092 3889 fuerunt
1131 3812 1279 3869 enim
1328 3811 1480 3876 olim,
1513 3811 1609 3881 qui
1640 3828 1793 3868 reum
1836 3811 1920 3866 fa-

331 3918 528 3965 cerent
553 3908 761 3963 erroris
794 3908 861 3963 de
888 3905 1111 3963 Christo
1136 3921 1151 3972 ;
1179 3910 1309 3958 sunt
1332 3901 1762 3981 etiamnum,qui
1786 3905 1922 3963 alio-

334 4018 457 4057 rum
480 4001 726 4073 plurium
758 4007 1039 4074 accusent.

402 4095 465 4149 In
506 4094 613 4147 hac
660 4107 826 4163 porro
868 4109 1034 4149 causa
1084 4110 1230 4151 unus
1268 4095 1403 4152 mihi
1456 4094 1569 4152 fere
1614 4091 1921 4171 audiendus

333 4180 559 4238 videtur
588 4195 738 4244 reus,
770 4180 865 4250 qui
902 4180 991 4241 de
1038 4183 1342 4259 quastione
1369 4183 1471 4239 sibi
1501 4189 1647 4238 mota
1674 4181 1923 4245 testimo-

337 4275 491 4328 nium
526 4273 696 4338 dicat,
732 4272 882 4328 unde
923 4274 991 4328 ad
1021 4274 1248 4331 lectoris
1299 4275 1590 4345 arbitrium
1624 4274 1709 4329 vel
1738 4271 1920 4328 absol-

339 4377 500 4421 vatur
556 4366 645 4420 vel
714 4366 1139 4437 condemnetur.
1192 4367 1333 4431 Nam
1384 4375 1614 4422 -certum
1660 4365 1795 4421 mihi
1828 4372 1923 4420 est

338 4460 483 4513 bona
517 4458 631 4515 ﬁde.
648 4465 926 4514 momenta
962 4474 1139 4515 causae
1181 4458 1478 4525 adducere,
1514 4466 1567 4513 et
1593 4457 1921 4513 sententiam

2024 1431 2274 1507 Ecclesia
2302 1434 2369 1490 de
2401 1449 2519 1500 uno
2554 1443 2765 1509 tantum
2791 1437 2979 1509 capite
3022 1440 3348 1505 sententiam
3378 1445 3561 1502 tulerit
3582 1481 3600 1507 ,

2025 1540 2129 1580 nec
2159 1525 2226 1580 de
2259 1526 2352 1582 illo
2379 1535 2563 1595 tamen
2614 1518 2806 1589 omnes
2849 1520 2955 1600 ipsi
3002 1534 3351 1594 consentiant
3382 1553 3394 1589 :
3424 1523 3602 1608 ncq'uc

2024 1618 2272 1689 profecto
2299 1628 2478 1674 actum
2510 1620 2712 1692 agitur,
2745 1621 2818 1693 si,
2851 1638 2971 1694 quae
3008 1610 3229 1683 narrata
3264 1636 3414 1693 sunt,
3436 1608 3605 1684 testi-

2023 1709 2222 1766 moniis
2278 1710 2596 1781 firmentur;
2655 1706 2835 1785 neque
2883 1713 3247 1787 irreligiosum
3300 1698 3598 1788 quidquam

2022 1803 2409 1868 committitur,
2457 1805 2503 1861 si
2552 1806 2810 1867 Ecclesiae
2844 1798 3117 1891 judicium
3160 1798 3601 1879 defendituriad-

2000 1912 2217 1960 ,versus
2243 1896 2657 1965 criminantium
2695 1902 3021 1979 audaciam;
3071 1919 3253 1978 neque
3294 1904 3599 1983 superﬂnps

2022 1988 2180 2044 labor
2224 1990 2544 2062 suscipitur,
2583 1992 2627 2061 si
2665 1991 2731 2049 de
2774 1986 3012 2075 reliquis
3050 1996 3503 2075 ,ﬁdei'capi‘tibus,
3520 1998 3603 2074 in-

2024 2079 2300 2149 quiratur.
2898 2078 2901 2083 λ

2093 2171 2374 2237 Catholica
2438 2174 2593 2240 ﬁdes,
2657 2176 2701 2231 si
2740 2192 2865 2232 .non
2910 2185 3042 2242 tota,
3087 2180 3280 2235 saltem
3308 2198 3502 2255 magna
3535 2199 3603 2253 ex

2025 2271 2205 2333 parte,
2234 2265 2630 2335 quaestionibus
2676 2276 2799 2322 octo
2827 2268 3163 2327 continetur.
3204 2272 3368 2328 Λαυρ
3399 2276 3603 2332 divinis

2000 2355 2292 2433 personis,
2326 2357 2601 2427 quomodo
2630 2358 2733 2412 alia
2759 2376 2824 2413 cx
2846 2360 2950 2414 alia
2976 2361 3046 2415 sit
3069 2371 3193 2432 apta
3219 2340 3599 2438 conuentaque.

2023 2445 2080 2498 2°
2110 2447 2185 2500 De
2212 2446 2454 2513 Christo,
2492 2464 2601 2519 quo
2623 2465 2765 2504 nexu
2804 2459 3015 2509 naturte
3045 2452 3100 2511 in
3131 2454 3250 2524 ipso
3300 2455 3423 2512 duae
3473 2473 3605 2513 con-

2019 2538 2340 2609 junganmr.
2382 2540 2439 2594 5°
2469 2541 2543 2596 De
2594 2557 2758 2597 carne
2791 2542 2994 2598 Christi
3043 2544 3283 2610 vivitica,
3324 2550 3601 2623 quomodo

2024 2631 2097 2685 sit
2128 2631 2182 2685 in
2209 2631 2574 2707 Eucharistia.
2611 2634 2664 2688 4ο
2689 2635 2764 2689 De
2793 2635 3067 2705 baptismo
3098 2639 3476 2707 parvulorum,
3504 2655 3603 2695 cur

2023 2723 2106 2779 eis
2134 2724 2202 2778 sit
2232 2725 2597 2781 necessarius.
2632 2726 2683 2779 5“
2704 2727 2778 2781 De
2803 2728 3008 2783 auxilio
3038 2729 3239 2785 divinae
3265 2731 3473 2802 gratiae,
3492 2747 3599 2802 quo

2026 2815 2095 2870 sit
2122 2831 2261 2886 opus
2289 2816 2355 2871 ad
2382 2817 2669 2872 victoriam
2694 2820 3079 2885 tentationum,
3103 2828 3159 2874 et
3190 2822 3600 2891 praestationem

2024 2921 2273 2977 cperum.
2307 2907 2361 2962 6°
2384 2906 2517 2973 Quis
2547 2909 2618 2964 sit
2647 2909 2786 2980 ignis
2817 2910 3188 2981 purgatorius.
3217 2912 3358 2968 7°De
3376 2913 3601 2982 praemio

2025 2998 2150 3052 vitae
2174 2998 2313 3053 bene
2346 3007 2499 3065 actae,
2522 3016 2591 3053 an
2617 3001 2687 3055 sit
2711 3001 2824 3071 ipsa
2859 3002 3061 3057 divina:
3086 3002 3407 3058 substantiae
3440 3003 3599 3070 visio,

2024 3105 2094 3144 an
2138 3090 2431 3162 ignobilius
2462 3091 2746 3163 quiddam.
2778 3093 2833 3147 8°
2862 3095 2938 3148 De
2980 3093 3329 3150 invocatione
3354 3110 3418 3150 ac
3450 3095 3599 3153 cultu

1948 3197 1990 3255 ε
2024 3191 2361 3246 sanctorum,
2386 3183 2687 3253 praesertim
2713 3184 3054 3255 angelorum.

2096 3272 2141 3325 Α
2173 3271 2306 3325 viris
2331 3270 2625 3327 admodum
2648 3272 2882 3327 eruditis
2906 3272 3287 3330 Theodoretus
3317 3273 3520 3329 dicitur
3546 3274 3601 3330 in

2023 3362 2113 3417 his
2144 3361 2449 3417 tractandis
2489 3361 2565 3416 ita
2592 3371 2880 3427 versatus,
2931 3370 2992 3416 ut
3039 3362 3126 3418 vel
3182 3362 3488 3430 convictus,
3514 3365 3602 3420 vel

2026 3451 2219 3505 saltem
2244 3460 2534 3522 suspectus
2566 3451 2770 3506 erroris
2808 3450 2985 3507 videri
3025 3460 3210 3522 queat.

2095 3544 2114 3563 ‘
2134 3543 2406 3599 Accusant
2432 3541 2797 3599 Bellarminus
2827 3542 3050 3613 quidem
3067 3550 3124 3599 et
3144 3542 3419 3609 Petavius,
3446 3542 3593 3614 quod

2025 3635 2092 3691 dc
2145 3634 2349 3691 divinis
2394 3634 2647 3706 personis
2722 3634 2980 3689 hzeretice
3044 3636 3298 3690 senserit.
3364 3634 3605 3707 Cyrillus

2026 3739 2183 3789 vero,
2208 3726 2354 3796 quod
2381 3725 2450 3781 de
2483 3724 2861 3780 incarnatione
2884 3724 3050 3781 Verbi
3091 3734 3148 3780 et
3185 3741 3347 3787 carne
3397 3724 3602 3782 Christi

2025 3813 2266 3880 vivifica,
2315 3815 2429 3871 sive
2483 3816 2870 3883 Eucharistia,
2898 3831 3033 3891 non
3079 3815 3348 3873 catholice
3386 3816 3605 3873 locutus

2027 3904 2118 3961 sit.
2156 3905 2286 3970 Alii,
2329 3904 2474 3977 quod
2516 3904 2584 3960 de
2615 3906 2740 3973 aliis
2769 3907 3168 3979 qumstionibus
3207 3906 3262 3981 in
3297 3908 3505 3964 alienas
3535 3906 3606 3963 ab

2014 3990 2270 4071 Ecclesia
2320 3986 2611 4066 Opiniones
2654 3996 2876 4055 abierit.
2911 3997 3105 4071 Operae
3133 3998 3375 4070 pretium
3413 3998 3607 4055 estvi-

2018 4072 2183 4153 ‘dere,
2215 4088 2395 4159 qualis
2421 4088 2491 4145 sit
2516 4088 2815 4154 accusatio,
2854 4088 2909 4143 id
2938 4096 3043 4154 est,
3084 4096 3342 4145 excutere
3385 4104 3604 4159 causam

2026 4179 2131 4234 viri
2160 4187 2277 4259 tam.
2298 4179 2563 4237 nominati
2588 4197 2603 4247 ;
2633 4188 2715 4246 ut,
2764 4179 2809 4233 si
2845 4195 3020 4251 purus
3055 4179 3127 4235 sit
3159 4179 3426 4247 criminis,
3463 4180 3605 4236 fama

2029 4291 2127 4330 sua
2175 4275 2386 4348 integra
2424 4276 2673 4342 fruatur;
2737 4274 2823 4330 sin
2868 4290 3002 4331 reus
3033 4282 3307 4342 teneatur,
3349 4290 3463 4332 non
3487 4276 3606 4331 sine

2028 4358 2285 4424 cautione
2330 4366 2637 4423 adducatur
2684 4366 2740 4422 in
2781 4374 2999 4433 testem,
3033 4366 3079 4421 si
3122 4364 3343 4438 quando
3377 4364 3444 4419 ad
3471 4364 3606 4420 diri-

2030 4462 2285 4531 mendam
2319 4461 2386 4515 de
2415 4460 2521 4516 ﬁde
2547 4459 2989 4519 controversiam,
3001 4466 3251 4513 veterum
3279 4454 3607 4512 testimoniis

340 4550 989 4633 sustinendo,xrelatoris
1009 4552 1192 4621 potius
1227 4566 1517 4622 personam
1544 4566 1726 4624 agere,
1760 4566 1925 4624 quam
1957 4538 2171 4624 D’opus
2206 4550 2393 4631 fuerit.

337 4644 565 4712 iudicis,
608 4644 719 4699 imo
740 4653 796 4699 et
825 4644 1181 4699 accusatoris.

409 4733 745 4805 Opinabitur
772 4734 1001 4790 fortasse
1036 4736 1329 4807 quispiam,
1376 4752 1488 4793 non
1536 4737 1702 4794 modo
1727 4753 1920 4810 super-

337 4824 519 4878 ﬂuum
581 4839 699 4879 esse
738 4832 862 4894 post
919 4825 1087 4880 vitam
1137 4825 1470 4881 Theodoreti
1497 4826 1779 4897 scriptam,
1826 4828 1921 4887 sed

337 4916 512 4970 etiam
542 4917 895 4971 temerarium
925 4916 1529 4988 etpericulosnm,post
1560 4920 1766 4988 quinta:
1795 4934 1922 4991 syn-

339 5004 438 5060 odi
482 5005 774 5075 judicium,
818 5007 886 5063 de
929 5007 1035 5063 fide
1078 5008 1410 5066 Theodoreti
1438 5011 1797 5082 quaestionem
1824 5011 1925 5067 ha-

340 5098 578 5152 bere.]d
605 5099 749 5155 enim
774 5101 946 5157 videri
970 5110 1170 5173 potest,
1190 5103 1274 5157 vel
1306 5101 1927 5176 actumM7agere,vel

344 5188 521 5243 totius
542 5189 802 5245 Ecclesia:
841 5192 1069 5261 Deique,
1100 5193 1259 5264 cujus
1291 5192 1519 5246 numine
1556 5193 1802 5249 Ecclesia
1839 5211 1929 5251 re-
2028 5199 2294 5254 adversus
2348 5195 2647 5253 Sabellium
2705 5210 2718 5246 :

344 5278 522 5348 gitur,
549 5281 875 5336 sententiam
899 5292 1223 5338 retractare.

382 5371 591 5427 Verum
615 5389 742 5429 cum
790 5375 1211 5430 narrationibus
1252 5375 1377 5431 Vita
1407 5377 1923 5451 contineatur,;dis-

2563 4662 2783 4722 CAPUT
2819 4656 3108 4737 PRIMUM.

2210 4756 2285 4814 De
2320 4756 2425 4826 ﬁde
2486 4755 2787 4812 Theodoreti
2835 4755 2975 4809 circa
3009 4755 3366 4826 ,quazstionem
3406 4752 3471 4806 de

2589 4826 2776 4881 divinis
2806 4825 3063 4896 personis.

2103 4921 2145 4977 l.
2171 4921 2247 4977 De
2287 4917 2492 4974 divinis
2520 4918 2772 4990 personis
2797 4916 3043 4973 Ecclesia
3090 4924 3282 4973 contra
3326 4913 3611 4969 haereticos

2038 5014 2211 5070 multa
2239 5011 2463 5084 quidem
2491 5009 2759 5074 defendit,
2807 5007 2904 5063 sed
2954 5007 3061 5062 tria
3091 5005 3460 5078 potissimum.
3487 5002 3608 5057 Pri—

2038 5123 2181 5163 mum
2212 5113 2297 5163 est
2324 5120 2455 5160 vera
2489 5115 2850 5174 personarum
2896 5095 3115 5154 trinitas
3168 5114 3267 5153 seu
3306 5095 3606 5157 distinctio,

2783 5191 3013 5247 alterum
3031 5231 3044 5256 ,
3092 5204 3224 5244 vera
3291 5188 3609 5244 earumdem

2028 5289 2332 5362 aequalitas,
2368 5288 2477 5353 vel,
2516 5296 2580 5342 ut
2630 5286 2822 5341 Patres
2866 5283 3161 5353 loquuntur
3189 5321 3202 5346 ,
3247 5278 3610 5347 consubstan-

2030 5382 2257 5447 tialitas,
2301 5379 2566 5437 adversus
2614 5377 2832 5441 Arium,
2887 5373 3269 5432 Macedonium
3311 5381 3370 5427 et
3421 5370 3606 5426 alios:

346 5464 580 5531 sertatio
606 5464 961 5525 testimoniis
1026 5475 1191 5538 atque
1244 5468 1624 5538 argumentis;
1693 5484 1930 5542 cumque
2031 5480 2374 5543 postremum,
2406 5484 2543 5529 vera
2563 5468 2805 5542 Spiritus
2829 5466 3010 5525 sancti
3044 5464 3249 5524 aiFilio
3276 5463 3362 5523 vel
3384 5476 3484 5534 per
3506 5461 3612 5516 -Fi-

1714 5604 2028 5663 SCllULle
2068 5606 2301 5665 ΝΟΤΛΕ.
3460 5642 3490 5660 μ

427 5684 445 5715 ⁸
479 5685 657 5757 Epist.
688 5688 867 5761 Pelag.
902 5688 947 5746 ll
974 5690 1040 5747 ad
1068 5691 1355 5762 episcopos
1380 5694 1573 5750 Istriac.

691 5790 955 5845 PATROI..
999 5788 1117 5847 Gn.
1160 5782 1473 5849 LXXXIV.

3216 5777 3290 5839 i3

3602 4806 3646 4830 ο
