4078 6160
536 194 644 256 395

1619 151 2014 246 GARNERII'
2035 182 2530 248 DISSERTATIO
2573 190 2682 250 ιιι.

3667 177 3783 254 ’396

542 308 675 363 tium
700 305 1001 376 processio,
1037 319 1158 374 quae
1185 311 1320 373 quot
1342 303 1576 367 sacculis,
1624 309 1936 371 quantaque
1981 313 2078 368 par

2209 301 2276 354 ἐκ
2308 302 2414 355 τοῦ
2446 303 2676 370 Πατρός
2717 304 3116 371 ἐκπορεύεται,
3170 305 3263 358 καὶ
3308 303 3386 374 τῷ
3437 304 3695 375 θειοτάτῳ
3723 306 3780 361 δὲ

542 397 698 462 tium,
739 395 958 452 Graecos
999 396 1143 450 inter
1179 402 1237 448 et
1267 392 1510 459 Latinos,
1537 392 1889 448 contentione
1919 387 2107 459 dispu-

541 496 651 543 tata
677 489 958 551 sit.'nemo
987 485 1241 541 eruditus
1273 486 1471 540 nescit.

612 577 676 632 lI.
706 578 782 631 De
810 578 981 648 primo
1002 591 1066 632 ac
1093 578 1322 631 secundo
1357 585 1569 632 tantum
1601 576 1790 642 abest,
1825 583 1887 630 ιιι
1923 572 2105 628 Theo-

539 667 764 723 doretus
787 667 1025 724 Sabellio
1053 668 1294 739 Arioque
1315 676 1412 724 aut
1440 669 1761 724 Macedonio
1789 666 2102 730 adhsserit,

535 757 700 829 448
726 768 787 813 ιιι
818 773 913 814 eos
945 760 1210 816 acerrime
1227 759 1526 815 insectatus
1556 759 1645 814 sit.
1669 759 1727 814 Id
1756 764 1967 813 constat
1981 770 2106 810 cum

534 865 601 902 ex
640 849 764 904 aliis
811 849 1014 920 passim
1060 851 1252 918 libris,
1300 859 1414 906 tum
1475 850 1711 905 maxime
1759 865 1827 904 ex
1877 843 2108 916 dialogis

534 947 774 1009 quatuor
822 941 1131 1011 prioribus,
1191 957 1332 1012 quos
1386 941 1684 996 Athanasio
1763 937 2106 1006 Maximoque

533 1040 666 1086 artas
688 1032 870 1102 prisca
901 1033 1261 1103 supposuit‘,
1303 1047 1406 1088 nos
1443 1031 1657 1086 auctori
1686 1046 1788 1086 suo
1833 1025 2105 1100 repetenti

532 1125 1136 1180 tandemrestituimus.

601 1216 630 1271 J
635 1232 731 1270 ure
755 1216 921 1287 igitur
941 1216 1318 1273 Theodoretus
1333 1218 1545 1272 Renato
1572 1213 1830 1272 Ecclesia:
1845 1216 2104 1274 Romanae

533 1306 859 1378 presbytero
902 1307 1190 1378 scripsit’,
1241 1326 1260 1360 ‹
1308 1323 1368 1363 se
1400 1307 1573 1362 libros
1606 1307 1841 1377 amplius
1881 1308 2106 1380 triginta

529 1395 774 1452 edidisse
805 1397 1071 1452 adversus
1115 1398 1309 1452 Arium
1339 1405 1397 1453 et
1436 1395 1800 1465 Eunomium,
1839 1398 2104 1456 adversus

525 1485 880 1554 Mareionem,
929 1489 1194 1544 adversus
1233 1487 1637 1554 Macedonium,
1673 1487 1938 1545 adversus
1965 1505 2101 1562 gen-

525 1578 650 1636 tiles
673 1620 688 1646 ,
726 1579 996 1636 adversus
1022 1580 1264 1647 Iudaeos,
1296 1589 1406 1636 etc.
1442 1598 1462 1633 ι

2213 391 2410 462 Παύλῳ
2441 393 2640 462 ὁμοίως
2684 394 2971 462 φάσκοντι·
3015 395 3204 463 Ἡμεῖς
3238 395 3306 447 δὲ
3347 397 3418 449 οὐ
3449 395 3516 449 τὸ
3547 397 3780 468 πνεῦμα

2205 481 2319 535 τοῦ
2352 483 2584 552 κόσμου
2611 483 2923 554 ἐλάϐομεν,
2948 485 3110 539 ἀλλὰ
3134 487 3200 538 τὸ
3225 485 3462 555 Πνεῦμα
3493 486 3561 540 τὸ
3585 487 3654 541 ἐκ
3676 488 3780 543 τοῦ

2209 573 2442 642 Πατρός
2463 575 2637 630 Θεοῦ.
2679 574 2770 631 Sic
2800 575 2970 630 vertit
3000 575 3070 630 Μ.
3100 575 3367 632 Mercator
3393 595 3406 630 :
3438 595 3459 630 ε
3489 578 3780 649 Proprium

2208 663 2374 738 449
2395 681 2528 722 vero
2553 666 2822 738 Spiritum
2854 667 3000 732 Filii,
3038 667 3083 722 si
3115 669 3244 737 quia
3287 668 3529 739 ejusdem
3571 679 3782 728 natura

2209 756 2300 822 sit,
2331 765 2387 812 et
2415 772 2482 812 ex
2536 757 2693 812 Patre
2736 764 2916 822 exeat,
2965 757 3125 824 dixit,
3159 758 3588 824 consentiemus,
3631 769 3782 817 etut

2207 847 2354 918 piam
2380 863 2572 903 vocem
2604 847 2942 918 accipiemus
2969 867 2981 903 :
3018 849 3104 904 sin
3139 857 3320 904 autem
3341 889 3356 916 ,
3387 849 3516 918 quia
3545 866 3612 907 ex
3639 851 3778 907 Filio

2208 938 2294 993 vel
2340 954 2439 1009 per
2476 939 2673 994 Filium
2707 937 2906 993 habeat
2930 939 3330 1004 exsistentiam,
3356 938 3411 993 id
3436 949 3496 994 ut
3520 918 3782 1011 blasphe-

2201 1030 2373 1085 miam
2403 1039 2460 1085 et
2493 1031 2836 1100 impietatem
2872 1031 3274 1102 .projiciemus:
3307 1031 3596 1086 credemus
3626 1032 3776 1086 enim

2205 1118 2440 1178 Domino
2481 1119 2711 1188 dicenti,
2766 1119 2993 1185 Spiritus
3040 1124 3130 1194 qui
3161 1139 3226 1178 ea;
3258 1122 3424 1178 Patre
3457 1125 3564 1176 exit
3597 1135 3654 1190 ll;
3685 1123 3774 1178 di-

2205 1212 2337 1268 vino
2374 1212 2544 1269 Paulo
2567 1214 2700 1270 item
2725 1214 2953 1284 dicenti,
3005 1214 3112 1270 Nos
3157 1225 3333 1270 autem
3375 1232 3480 1270 non
3530 1215 3773 1286 spiritum

2204 1303 2386 1358 mundi
2415 1305 2728 1374 accepimus,
2756 1303 2847 1358 sed
2880 1301 3135 1375 Spiritum
3172 1305 3263 1375 qui
3298 1319 3361 1357 ea:
3383 1302 3546 1358 Patre
3565 1311 3640 1357 est
3670 1303 3717 1358 ιι.
3740 1321 3763 1356 ι

2273 1393 2386 1450 VII.
2418 1395 2665 1450 Alterum
2684 1395 2873 1451 iocum
2905 1396 3132 1452 adducit
3162 1395 3318 1467 Hugo
3343 1389 3675 1451 Etherianus
3699 1413 3767 1456 ex

2203 1485 2434 1558 epistola
2479 1484 2546 1543 ad
2591 1488 2958 1555 monasteria,
3001 1487 3098 1544 ubi
3144 1480 3524 1544 Theodoretus
3575 1484 3766 1543 iisdem

2201 1578 2317 1636 fere
2349 1577 2533 1635 verbis
2553 1573 2615 1636 in
2649 1577 2838 1652 Cyrilli
2879 1579 3058 1651 capita
3094 1580 3411 1635 invehitur:
3448 1599 3467 1631 ι
3507 1578 3764 1649 Blasphe-

595 1669 686 1726 III.
718 1672 795 1727 De
825 1673 980 1726 tertio
1021 1671 1174 1726 litem
1227 1670 1522 1727 intendunt
1565 1670 1672 1726 viri
1703 1671 1886 1743 magni
1913 1673 2094 1729 nomi-
2127 1648 2171 1705 Β
2197 1677 2312 1725 mat
2338 1667 2382 1738 ⁷,
2417 1668 2618 1742 inquit,
2643 1648 2710 1726 et
2728 1671 2784 1726 in
2805 1648 3071 1742 Spiritum
3111 1679 3382 1734 sanctum,
3413 1668 3542 1724 dum
3564 1648 3672 1724 non
3696 1685 3766 1725 ex

529 1760 808 1834 nis,Hugo
830 1761 1185 1829 Etherianus,
1201 1762 1418 1818 Manuel
1441 1761 1684 1830 Calecas,
1706 1763 2093 1831 Bellarminus,

523 1851 782 1909 Petavius
813 1861 869 1908 et
893 1853 1148 1920 Allatius,
1193 1852 1591 1925 proferuntque
1619 1868 1791 1908 unum
1819 1853 1957 1920 fere,
2000 1865 2098 1912 aut

523 1944 758 2000 alterum
789 1944 1162 2001 testimonium
1181 1984 1196 2012 ,
1224 1943 1320 2000 sed
1348 1959 1456 2014 quo
1487 1943 1724 2000 credunt
1745 1953 1936 2016 aperte
1960 1961 2093 2001 con-

523 2035 635 2104 ﬁci,
670 2037 1076 2094 Theodoretum
1120 2037 1178 2092 in
1217 2051 1281 2091 ea
1309 2036 1479 2092 fuisse
1508 2036 1736 2102 hatresi,
1767 2053 1890 2108 quae
1917 2023 2094 2109 Spiri-

526 2137 640 2184 tum
674 2138 923 2185 sanctnm
949 2144 980 2182 a
1001 2128 1161 2184 Patre
1189 2128 1307 2184 solo
1337 2128 1635 2199 procedere
1666 2128 1900 2185 aﬂlrmat
1919 2129 1959 2188 ⁸.

591 2219 758 2275 Addit
798 2221 1198 2288 Bellarminus,
1255 2235 1367 2276 non
1411 2221 1580 2278 fuisse
1631 2229 1843 2278 tantum
1887 2223 2095 2279 erroris

521 2313 688 2384 hujus
709 2320 1058 2379 sectatorem,
1087 2313 1182 2368 sed
1205 2313 1372 2368 etiam
1395 2323 1698 2380 auctorem,
1725 2315 1784 2370 in
1809 2329 1919 2385 quo
1942 2315 2094 2370 vide-

519 2411 608 2460 tur
641 2403 944 2460 Manuelem
967 2403 1216 2460 Calecam
1237 2404 1414 2476 sequi.

591 2492 680 2548 IV.
713 2493 832 2548 Duo
861 2493 1031 2563 igitur
1064 2493 1120 2548 in
1156 2496 1584 2551 controversiam
1619 2507 1886 2554 vocantur
1910 2517 1923 2553 :
1944 2499 2088 2554 alte-

519 2599 664 2649 rum,
698 2600 767 2639 an
814 2583 1196 2640 Theodoretus
1246 2595 1438 2642 contra
1471 2588 1794 2643 catholicam
1837 2589 1996 2646 fidem
2019 2589 2088 2645 de

517 2675 868 2746 processione
893 2675 1132 2746 Spiritus
1165 2678 1338 2732 sancti
1372 2694 1440 2734 ex
1466 2679 1605 2734 Filio
1635 2682 1905 2749 senserit;
1947 2682 2087 2738 aite-

516 2782 660 2832 rum,
692 2783 760 2822 an
783 2767 986 2822 erroris
1016 2777 1209 2823 auctor
1232 2769 1523 2827 exstiterit.

588 2859 652 2913 V.
677 2858 758 2913 Ad
791 2859 1029 2929 primum
1062 2861 1484 2929 conficiendum,
1528 2865 1807 2934 profertur
1835 2883 2085 2924 commu-

2196 1759 2357 1818 Patre
2381 1762 2403 1794 ⁸
2431 1762 2550 1818 solo
2591 1759 2747 1816 illum
2781 1760 2981 1817 asserit
3023 1761 3326 1832 procedere
3355 1762 3508 1833 juxta
3549 1762 3762 1817 Domini

2195 1867 2410 1920 vocem,
2445 1853 2542 1908 sed
2579 1867 2646 1907 ex
2670 1851 2808 1907 Filio
2843 1849 3098 1908 eumdem
3117 1850 3320 1908 habere
3363 1852 3763 1908 exsistentiam.

2195 1943 2262 1999 Hi
2296 1953 2426 1999 sunt
2451 1940 2692 2015 Egyptii
2723 1952 2933 2014 partus,
2970 1951 3027 2000 et
3091 1943 3236 1998 malo
3283 1952 3437 2014 patre
3485 1939 3762 1999 deteriora

2192 2039 2456 2109 germina.
2490 2057 2508 2090 ι

2267 2129 2401 2185 VIII.
2431 2129 2557 2185 Haec
2597 2128 2712 2185 fere
2770 2135 2923 2196 sunt,
2973 2143 3096 2200 quat
3117 2126 3352 2200 proferri
3385 2129 3562 2184 solent
3607 2145 3620 2181 :
3661 2125 3756 2184 sed

2191 2221 2284 2276 alii
2315 2222 2481 2277 etiam
2506 2222 2746 2295 insignes
2775 2222 2882 2278 loci
2911 2230 3231 2294 suppetunt,
3258 2221 3410 2276 velut
3440 2223 3495 2276 in
3528 2222 3758 2293 epistola

2191 2313 2260 2369 ad
2289 2313 2554 2370 Joannem
2581 2314 3005 2379 Antiochenum,
3032 2329 3138 2384 qua
3161 2328 3313 2368 suam
3339 2313 3406 2367 de
3441 2311 3546 2367 fide
3571 2310 3755 2385 Cyriiti

2193 2404 2248 2458 in
2282 2409 2299 2425 ⁶
2326 2404 2607 2460 Orientem
2637 2405 2827 2469 missa,
2882 2419 3007 2462 cum
3047 2403 3114 2459 de
3162 2419 3294 2474 pace
3326 2413 3599 2474 ageretur,
3626 2418 3754 2458 sen~

2192 2496 2418 2552 tentiam
2443 2495 2597 2560 dicit,
2631 2497 2816 2567 aitque
2834 2503 2928 2552 aut
2957 2503 3276 2550 retractatas
3305 2503 3400 2550 aut
3439 2509 3758 2564 suppressus

2189 2587 2246 2642 in
2277 2603 2341 2643 ea
2371 2587 2772 2660 propositiones
2823 2586 2878 2643 in
2932 2585 3404 2643 anathematismis
3448 2597 3753 2654 contentas,

2183 2681 2456 2751 istamque
2511 2680 2854 2746 nominatim,
2907 2695 3030 2750 quae
3080 2678 3148 2733 ad
3207 2678 3477 2749 Spiritum
3503 2687 3755 2733 sanetum

2181 2773 2426 2844 pertinet
2458 2790 2470 2826 :
2512 2771 2751 2842 Spiritus
2779 2780 3017 2837 sanctus,
3064 2785 3176 2824 non
3209 2784 3273 2824 cx
3309 2766 3467 2833 Filio,
3517 2777 3604 2823 aut
3655 2785 3755 2840 per

2186 2865 2384 2920 Filium
2399 2864 2774 2921 exsistentiam
2803 2863 3032 2929 habens,
3056 2863 3149 2918 sed
3177 2877 3206 2916 a
3231 2862 3389 2916 Patre
3417 2861 3752 2930 procedens;

514 2951 660 3005 niter
691 2949 760 3004 ab
789 2951 1044 3007 omnibus
1089 2953 1320 3024 insignis
1359 2955 1514 3010 locus
1553 2971 1620 3011 ex
1654 2958 2082 3027 reprehensione
2108 2985 2150 3042 ο
2184 2958 2443 3029 proprius
2486 2965 2670 3013 autem
2723 2955 2847 3013 Filii
2899 2957 3234 3021 nominatus,
3278 2962 3340 3008 ut
3389 2953 3752 3010 consubstan-

515 3042 646 3098 noni
699 3041 1158 3099 anathematismi.
1213 3044 1371 3102 Hunc
1425 3061 1549 3104 cum
1600 3047 1838 3119 Cyrillus
1869 3049 1927 3106 in
1966 3052 2084 3110 haec

512 3133 679 3189 verba
717 3132 1114 3204 composuisset
1142 3133 1162 3164 '
1190 3153 1202 3188 :
1231 3134 1301 3188 El’
1331 3136 1413 3200 τίς
1447 3153 1579 3209 φησι
1607 3139 1698 3191 τὸν
1736 3139 1831 3193 ἕνα
1887 3140 2083 3212 Κύριον

517 3227 726 3297 Ἰησοῦν
756 3227 988 3300 Χριστὸν
1012 3229 1327 3296 δοξάζεσθαι
1352 3231 1502 3303 παρὰ
1536 3232 1628 3288 τοῦ
1643 3234 1977 3306 Πνεύματος,
2007 3244 2083 3300 ὡς

515 3321 772 3393 ἀλλοτρίᾳ
817 3322 1064 3393 δυνάμει,
1096 3322 1156 3376 οὐ
1186 3325 1252 3393 τῇ
1301 3323 1406 3394 ἰδίᾳ
1444 3324 1608 3378 αὑτοῦ
1651 3325 1959 3397 χρώμενον,
1990 3328 2085 3381 καὶ

514 3413 644 3484 παρ’
665 3411 829 3466 αὑτοῦ
852 3411 1086 3468 λαϐόντα.
1115 3413 1174 3467 τὸ
1203 3416 1443 3486 ἐνεργεῖν
1472 3415 1726 3470 δύνασθαι
1757 3417 1894 3472 κατὰ
1925 3436 2085 3471 πνευ-

516 3505 700 3574 μάτων
730 3505 1079 3578 ἁκαθάρτων,
1113 3506 1210 3561 καὶ
1259 3507 1319 3560 τὸ
1368 3507 1608 3578 πληροῦν
1641 3511 1719 3572 εἰς
1769 3509 2082 3580 ἀνθρώπους

511 3596 610 3660 τὰς
627 3596 972 3666 Θεοσημεῖας,
995 3598 1088 3650 καὶ
1107 3596 1226 3668 οὐχὶ
1255 3597 1452 3668 μᾶλλον
1483 3597 1614 3652 ἴδιον
1637 3598 1800 3654 αὑτοῦ
1828 3603 1889 3653 τὸ
1915 3601 2083 3654 Πνεῦ-

511 3688 586 3758 μὰ
609 3704 736 3757 φησι
753 3728 767 3754 ,
804 3688 866 3743 δι’
893 3683 953 3744 οὗ
973 3689 1067 3742 καὶ
1093 3690 1358 3761 ἐνήργησε
1383 3690 1481 3754 τὰς
1508 3689 1852 3762 Θεοσημείας,
1890 3691 2082 3747 ἀνάθε-

508 3798 584 3851 μα
615 3780 772 3835 ἔστω.
796 3779 926 3847 Quae
953 3781 1032 3836 sic
1063 3781 1461 3852 interpretatur
1495 3781 1564 3837 M.
1601 3781 1870 3837 Mercator
1914 3800 1927 3837 :
1965 3802 1984 3834 ‹
2022 3782 2080 3838 Si

506 3871 628 3941 quis
680 3871 826 3927 dicat
874 3888 1042 3927 unum
1095 3872 1386 3928 Dominum
1427 3873 1612 3930 Jesum
1665 3872 1944 3930 Christum
1966 3875 2082 3947 glo-

505 3961 772 4017 riﬁcatum
797 3979 827 4017 a
850 3962 1074 4032 Spiritu,
1105 3963 1308 4019 virtute
1339 3963 1535 4034 ipsius,
1560 3963 1717 4034 quasi
1740 3965 1938 4033 aliena,
1975 3967 2076 4034 uti,

503 4066 559 4112 et
594 4055 662 4110 ab
696 4056 835 4126 ipso,
865 4057 1116 4128 accipere
1145 4065 1206 4112 ut
1240 4057 1412 4128 possit
1439 4057 1658 4127 Operari
1690 4057 1956 4114 adversus
1978 4059 2080 4113 im-

509 4149 742 4204 mundos
777 4149 1025 4220 spiritus,
1050 4156 1107 4204 et
1144 4149 1371 4219 implere
1398 4149 1550 4223 signa
1597 4149 1824 4217 divina;
1862 4167 1926 4206 ac
1965 4167 2077 4207 non

503 4240 674 4312 magis
716 4239 886 4310 ipsius
943 4256 1064 4296 csse
1121 4240 1404 4312 proprium
1445 4239 1730 4311 Spiritum,
1765 4257 1862 4310 per
1906 4256 2070 4314 quem

503 4342 761 4403 operatus
787 4341 868 4387 est
893 4332 1045 4403 signa
1080 4332 1286 4396 divina,
1307 4332 1600 4387 anathema
1627 4332 1717 4386 sit.
1753 4351 1770 4384 ι

564 4423 652 4480 VI.
677 4423 815 4481 Cum
839 4424 897 4479 in
926 4424 1060 4489 haec,
1097 4423 1344 4494 inquam,
1381 4423 1550 4478 verba
1575 4422 1814 4496 Cyrillus
1839 4426 2070 4481 anathe-

499 4515 810 4572 matismum
869 4515 1300 4586 composuisset,
1352 4524 1629 4586 postrema
1685 4514 2069 4572 Theodoretus

497 4607 694 4664 acerbe
723 4607 904 4679 arguit
927 4608 948 4639 ⁸
983 4625 996 4661 :
1034 4608 1192 4662 Ἵδιον
1235 4607 1291 4659 δὲ
1327 4607 1390 4660 τὸ
1433 4606 1655 4678 Πνεῦμα
1683 4605 1778 4661 τοῦ
1825 4607 1978 4674 Υἱοῦ,
2017 4608 2066 4660 ei

502 4698 601 4768 μὲν
637 4696 711 4762 ὡς
735 4697 991 4768 ὁμοφυὲς,
1015 4699 1109 4750 καὶ
1137 4698 1201 4749 ὲκ
1231 4695 1444 4767 Πατρδς
1479 4697 1909 4768 ἐκπορευόμενον
1937 4696 2066 4768 ἔφη,

499 4788 1021 4859 συνομολογήσομεν,
1055 4787 1148 4840 καὶ
1186 4787 1262 4850 ὡς
1308 4785 1506 4855 εὐσεϐῆ
1537 4785 1802 4856 δεξόμεθα
1836 4788 2021 4857 φωνήν
2046 4805 2060 4819 ο

497 4879 546 4931 εἰ
592 4877 647 4931 δὲ
689 4877 764 4942 ὡς
810 4877 870 4943 ἐξ
907 4876 1058 4942 Υἱοῦ,
1091 4875 1212 4947 nec
1235 4873 1368 4928 Υἱοῦ
1399 4873 1497 4946 τὴν
1547 4873 1780 4946 ὓπαρξιν
1817 4876 1958 4946 ἔχον,
1989 4875 2065 4940 ὡς

497 4968 816 5040 βλάσφημον
865 4967 1044 5034 τοῦτο,
1093 4967 1188 5021 καὶ
1234 4966 1310 5030 ὡς
1370 4965 1629 5030 δυσσεϐὲς
1667 4967 2062 5039 ἀπορρίψομεν.

497 5059 862 5131 Πιστεύσομεν
901 5060 1008 5130 γὰρ
1031 5058 1109 5131 τῷ
1138 5059 1328 5130 Κυρίῳ
1356 5056 1587 5126 λέγοντι,
1619 5055 1692 5112 Τὸ
1730 5058 1993 5130 Πνεῦμα,
2032 5059 2064 5113 ὃ

564 5225 589 5254 ι
621 5214 776 5271 Joan.
806 5231 896 5281 xv,
928 5214 1018 5270 26.
1099 5215 1127 5256 δ
1159 5213 1332 5270 ICor.
1360 5229 1420 5281 ιι,
1455 5215 1542 5270 12.

2185 3048 2353 3104 tialis.

2253 3141 2345 3197 IX.
2378 3141 2438 3196 In
2458 3140 2800 3212 expositione
2823 3139 3080 3209 Epistolre
3121 3138 3187 3195 ad
3218 3139 3510 3201 Romanos,
3535 3153 3583 3191 c.
3622 3153 3710 3192 vni
3736 3177 3754 3201 ,

2182 3247 2335 3286 num.
2374 3233 2432 3287 il
2472 3232 2538 3286 ad
2567 3231 2681 3286 lucc
2719 3230 2886 3285 verba
2922 3248 2934 3283 :
2973 3229 3168 3295 Quodsi
3219 3229 3443 3301 Spiritus
3487 3229 3618 3300 ejus,
3662 3230 3757 3299 qui

2181 3325 2448 3380 suscitavit
2474 3324 2653 3379 Iesum
2679 3342 2710 3378 a
2745 3324 2986 3387 mortuis,
3023 3323 3225 3376 habitat
3259 3323 3312 3376 in
3329 3323 3640 3386 uobis,ctc.,
3670 3321 3756 3376 sic

2182 3425 2580 3472 commentatur
2613 3415 2991 3472 Theodoretus
3033 3433 3046 3468 :
3097 3435 3116 3467 ι
3177 3415 3416 3472 Docuit’
3443 3430 3542 3468 nos
3585 3413 3637 3468 in
3664 3412 3756 3468 his

2181 3507 2364 3562 verbis
2397 3524 2562 3563 unam
2613 3507 2915 3562 divinitatis
2966 3515 3216 3562 naturam
3251 3524 3264 3560 :
3313 3517 3562 3562 sanctum
3600 3504 3752 3560 cnim

2183 3597 2468 3670 Spiritum,
2496 3609 2550 3656 et
2570 3599 2664 3656 Dei
2691 3600 2984 3671 appellavit
3011 3611 3066 3656 et
3091 3597 3292 3654 Christi
3315 3616 3329 3666 ;
3355 3614 3465 3654 non
3488 3597 3654 3668 quod,
3688 3607 3758 3652 ut

2180 3688 2373 3744 volunt
2397 3689 2640 3744 hmrctici
2668 3690 3008 3755 exsecrandi,
3029 3705 3095 3744 ex
3116 3689 3228 3744 Deo
3252 3705 3350 3758 per
3369 3686 3566 3743 Filium
3596 3702 3756 3741 crea-

2181 3789 2272 3835 tus
2305 3780 2379 3834 sit
2399 3796 2417 3847 3
2449 3779 2545 3834 sed
2574 3781 2702 3852 quia
2744 3790 2829 3836 est
2863 3781 3107 3852 ejusdem
3138 3795 3264 3835 cum
3306 3780 3467 3836 Patre
3514 3787 3570 3834 et
3608 3777 3754 3834 Filio

2181 3870 2538 3937 substantiae;
2589 3879 2645 3926 et
2694 3887 2762 3926 ex
2815 3871 2973 3927 Patre
3015 3871 3237 3941 quidem
3276 3870 3550 3942 procedit,
3590 3872 3754 3941 juxta

2178 3960 2600 4031 Evangeliorum
2637 3961 2985 4029 doctrinam;
3041 3963 3160 4033 ejus
3201 3970 3384 4017 autem
3436 3961 3607 4031 gratia
3635 3960 3750 4032 .iis,

2179 4050 2270 4120 qui
2305 4049 2454 4120 digni
2480 4057 2628 4116 sunt,
2655 4066 2752 4121 per
2781 4047 3061 4106 Christum
3091 4051 3488 4122 suppeditatur.
3531 4070 3548 4101 ι

2253 4140 2320 4196 X.
2369 4142 2431 4196 In
2477 4145 2818 4214 expositione
2841 4162 2963 4216 cap.
3017 4162 3080 4210 ιι,
3118 4146 3141 4202 Ι
3177 4145 3329 4211 Cor.,
3376 4161 3529 4200 num.
3559 4144 3647 4210 12,
3676 4143 3751 4224 ad

2177 4233 2292 4288 haec
2333 4235 2499 4290 verba
2549 4253 2562 4288 :
2625 4235 2744 4290 Non
2780 4239 3029 4308 spiritum
3073 4237 3258 4292 mundi
3303 4237 3626 4306 accepimus;
3655 4235 3754 4288 sed

2095 4318 2429 4397 DSpiritum
2459 4328 2549 4398 qui
2579 4345 2644 4382 ex
2683 4327 2791 4383 Deo
2827 4337 2902 4385 est
2927 4372 2940 4397 ,
2976 4330 3056 4385 sic
3103 4329 3270 4385 habet
3301 4346 3315 4383 :
3350 4349 3368 4382 ‹
3410 4329 3506 4384 Dei
3543 4343 3751 4382 nomen

2177 4416 2232 4471 in
2281 4431 2487 4472 nomen
2535 4417 2714 4473 Patris
2785 4428 3086 4475 commutat
3105 4421 3174 4487 υ,
3219 4419 3288 4474 ad
3351 4417 3750 4475 excludendam

2175 4509 2581 4578 processionem
2625 4525 2656 4564 a
2704 4508 2860 4575 Filio,
2890 4510 2985 4565 sed
3028 4511 3164 4582 ipse,
3194 4510 3289 4582 qui
3318 4527 3347 4566 a
3373 4510 3529 4565 Patre
3553 4523 3753 4580 proce-

2175 4598 2276 4664 dit,
2301 4598 2540 4670 Spiritus
2561 4600 2778 4655 occulta
2802 4601 3060 4672 mysteria
3081 4617 3181 4655 nos
3205 4600 3409 4656 docuit.

2241 4689 2332 4745 XI.
2362 4691 2646 4747 Manifesta
2669 4692 2948 4759 videntur,
2976 4709 3096 4763 qua:
3137 4693 3370 4748 adducta
3398 4701 3542 4756 sunt,
3589 4699 3644 4745 et
3677 4706 3750 4747 eo

2173 4782 2396 4853 quidem
2446 4781 2714 4850 ﬁrmiora,
2750 4784 2816 4839 ad
2867 4786 3206 4855 propositam
3251 4784 3319 4840 de
3347 4785 3451 4840 ﬁde
3492 4785 3751 4854 quaestio-

2169 4891 2318 4942 nem,
2343 4875 2494 4947 quod
2525 4875 2635 4948 ipsi
2671 4877 2836 4932 etiam
2868 4877 3202 4933 recentiores
3233 4877 3427 4943 Graeci,
3471 4877 3564 4948 qui
3600 4877 3750 4932 schi-

2171 4977 2345 5024 smate
2377 4967 2540 5024 divisi
2578 4977 2706 5024 sunt
2746 4967 2816 5024 ab
2855 4969 3378 5038 EcclesiaRomana,
3411 4967 3750 5024 Theodoreti

2169 5058 2341 5116 verba
2369 5058 2426 5114 in
2454 5073 2610 5115 suam
2627 5066 2841 5130 partem
2874 5057 3312 5130 interpretantur
3344 5075 3358 5114 :
3399 5074 3502 5114 nec
3524 5057 3579 5113 id
3608 5072 3754 5114 sane

2014 5309 2145 5366 1.le
2182 5309 2404 5371 NOTE.

1914 5309 2085 5366 HULZ

564 5407 590 5439 ⁸
617 5403 742 5477 Yid:
777 5419 962 5477 supra,
989 5420 1044 5474 p.
1075 5405 1198 5477 420,
1253 5405 1307 5438 ’³
1339 5403 1664 5477 Epist,H6.
1730 5407 1752 5438 ⁸
1774 5309 2085 5463 Τιῗὲοάοι-υι

2187 5307 2606 5477 ῗὲρξιὲἐιοηυιιι
2623 5403 2693 5477 in
2712 5405 2799 5477 his
2835 5403 3030 5460 ducem
3072 5404 3329 5477 habuisse
3355 5401 3579 5477 dicitur.
3611 5401 3751 5477 vid.

489 5473 671 5548 ᾼῃειιίι
703 5473 1582 5548 GrgeiamA’orthodoxamfetEj.
1619 5476 1900 5548 Yiudicias
1945 5475 2139 5548 synodi
2183 5473 2494 5546 Ephesium.

2585 5473 2758 5546 _‘Vid.
2796 5488 2985 5546 supra,
3043 5490 3098 5546 p.
3127 5475 3216 5546 44.
3262 5475 3314 5546 _'
3362 5472 3524 5534 Ibid.,
3556 5486 3611 5546 p‘.
3647 5470 3751 5529 ιτ.

495 5540 660 5614 (Viti.
693 5551 729 5596 t.
768 5542 1130 5614 1v,p._1293.
1206 5539 1400 5614 [δοιά.
1438 5539 1564 5602 Haeé
1625 5545 1880 5602 limitatio
1929 5539 2087 5601 abest
2135 5539 2250 5600 ιωιὶ
2298 5561 2328 5599 a
2359 5551 2508 5600 textu
2555 5539 2744 5601 Graeco
2799 5543 2837 5600 l.
2866 5539 2942 5614 'c.,
2973 5539 3092 5612 tuin
3138 5544 3210 5602 ab
3259 5539 3752 5614 interpretatione.

477 5610 499 5643 ⁸
525 5609 651 5673 Vid.
681 5618 718 5666 t.
749 5613 838 5677 ιιι,
864 5609 918 5683 p.
951 5611 1040 5669 84.
1119 5615 1162 5648 ¹⁰
1183 5612 1359 5674 Aliter
1387 5617 1598 5689 legitur
1647 5615 1749 5674 iste
1793 5617 2013 5674 locust.
2041 5615 2129 5684 IV,
2160 5630 2216 5687 p.
2247 5615 2368 5672 I78.
