4058 6174
290 285 405 351 397

1534 285 1631 345 DE
1662 285 1841 345 FIDE
1876 244 2387 348 mnooonmi.

3450 304 3557 367 ϐω

292 394 587 455 immerito
619 411 634 447 :
668 391 833 465 ‘50
860 406 990 481 nam
1022 392 1354 450 sententiam
1382 394 1423 426 “
1455 410 1597 466 saepe
1624 396 1720 452 ille
1748 394 1885 451 dicit
1913 399 1958 457 Α
1990 395 2101 459 tia;
2137 403 2193 453 et
2236 389 2418 469 neque
2450 398 2652 457 Filium
2692 410 2969 472 putamus,
3003 421 3183 479 neque
3227 425 3329 481 per
3363 413 3561 473 ﬁlium

278 486 658 552 exdusivam,
682 500 715 537 a
743 481 855 537 solo
885 480 1071 552 Patre,
1096 483 1184 540 vel
1207 483 1375 540 etiam
1421 499 1678 556 expresse
1716 501 1883 557 nega-

278 579 482 644 tivam,
510 592 616 631 non
651 592 686 629 a
708 572 863 629 Filio.

362 670 486 727 XII.
517 666 727 737 Quodsi
771 668 959 724 minus
989 669 1282 726 manifeste
1339 678 1584 727 mentem
1614 671 1875 742 aperiret,

270 772 436 820 esset
484 762 674 817 forsan
723 759 1011 831 probabile
1037 799 1054 827 ,
1106 760 1257 832 quod
1306 761 1587 818 nonnullis
1615 763 1769 818 venit
1821 762 1876 817 in

270 861 560 918 mentem,
590 850 788 908 eodem
815 850 1023 920 ubique
1063 865 1231 907 sensu
1266 851 1515 907 locutum
1561 851 1877 907 Theodore-

270 956 403 1001 tum
430 946 498 1010 “,
524 959 637 1015 quo
662 958 791 999 cum
812 950 1119 1014 exponeret
1139 942 1440 1013 Epistolam
1462 943 1531 998 ad
1561 944 1871 1009 Romanos;

267 1038 552 1092 nimirum
605 1034 874 1090 adversus
933 1032 1318 1089 Macedoniam
1382 1050 1652 1107 negasse,
1724 1034 1872 1106 quod

268 1129 519 1201 Spiritus
557 1136 772 1186 sanctus
804 1143 869 1182 ea:
895 1126 1006 1182 Deo
1038 1144 1133 1198 per
1166 1126 1361 1182 Filium
1393 1137 1599 1185 creatus
1640 1130 1744 1194 sit;
1793 1129 1874 1185 lo-

268 1231 589 1293 cutumque
617 1236 730 1292 quo
758 1234 913 1275 more
943 1219 1179 1290 quisque
1214 1219 1374 1285 solet,
1402 1236 1528 1276 cum
1552 1221 1870 1293 vigenthae—

269 1329 454 1380 reses,
494 1312 700 1383 quibus
750 1309 857 1366 etsi
888 1310 1290 1366 contradicitur
1320 1310 1506 1366 verbis
1544 1311 1600 1367 in
1631 1311 1870 1382 speciem

265 1405 571 1478 amplioris
594 1402 1022 1476 signiﬁcationis
1062 1403 1377 1475 capacibus,
1411 1418 1517 1459 usu
1552 1414 1735 1460 tamen
1784 1404 1865 1473 ﬁt,

270 1507 336 1554 ut
372 1497 707 1570 signiﬁcatio
757 1496 1122 1553 contrahatur
1152 1511 1254 1567 pro
1300 1504 1550 1569 tempore
1592 1515 1606 1552 :
1662 1497 1870 1554 habent

266 1589 425 1645 enim
457 1604 647 1654 voces,
677 1596 741 1642 ut
765 1588 1001 1655 nummi,
1032 1603 1195 1644 suum
1219 1603 1288 1644 ex
1317 1604 1422 1645 usu
1455 1590 1721 1646 valorem.

1984 491 2262 560 accepisse
2295 491 2679 548 substantiam.
2704 511 2723 547 ι
2762 494 2962 552 Dioens
2986 512 3141 570 ergo,
3173 516 3238 556 ea:
3257 501 3358 558 Dei
3385 521 3563 562 essea-

1981 580 2058 632 tia
2092 596 2219 647 esse,
2250 590 2301 636 et
2328 598 2497 654 neque
2522 582 2718 639 Filium
2743 592 3010 657 putamus,
3041 588 3271 663 intelligi
3303 592 3417 661 dat,
3434 596 3565 667 quia

1982 669 2247 741 Spiritum
2292 674 2442 731 hunc
2468 683 2525 730 et
2568 690 2637 731 ex
2668 677 2783 733 Deo
2804 692 2947 746 esse,
2979 689 3037 736 et
3065 696 3135 737 ex
3173 684 3295 754 ejus
3323 688 3564 745 essentia

1980 763 2177 819 credit.
2209 764 2366 832 Quod
2402 777 2591 824 autem
2630 785 2737 825 non
2780 773 3060 828 creationis
3092 791 3254 829 causa
3302 776 3458 844 dicit,
3505 787 3565 836 et

1978 856 2131 912 addit
2157 874 2322 929 neque
2341 876 2435 931 per
2453 860 2647 917 Filium
2676 863 3031 920 substantiam
3060 871 3341 939 accepisse,
3370 887 3565 930 rursus

1978 948 2393 1021 intelligendum
2416 953 2591 1021 dedit,
2606 956 2735 1025 quia
2754 971 2867 1012 non
2886 957 3030 1013 sicut
3054 969 3183 1015 sunt
3204 972 3474 1019 creaturae
3493 980 3562 1021 ex

1976 1041 2089 1097 Deo
2113 1058 2214 1113 per
2245 1042 2467 1111 Filium,
2497 1045 2571 1100 ita
2595 1055 2651 1101 et
2675 1045 2914 1117 Spiritus
2936 1058 3161 1107 sanctus
3207 1066 3277 1107 ex
3315 1054 3428 1109 Deo
3461 1070 3562 1125 per

1975 1132 2175 1189 Filium
2208 1134 2376 1192 habet
2420 1153 2433 1189 :
2473 1137 2579 1192 hoc
2611 1146 2796 1193 autem
2830 1155 3025 1195 verum
3066 1150 3170 1207 est,
3204 1152 3261 1198 et
3299 1144 3463 1201 simul
3504 1146 3560 1202 id

1974 1233 2209 1292 constat,
2240 1227 2369 1297 quia
2400 1226 2470 1283 de
2503 1243 2571 1283 eo
2599 1230 2746 1299 quod
2780 1246 2890 1286 non
2932 1231 3005 1289 sit
3032 1248 3101 1290 ex
3126 1235 3267 1292 Filio
3296 1237 3557 1309 Spiritus,

1975 1315 2113 1371 nihil
2141 1316 2232 1372 hic
2261 1318 2422 1373 dixit.

2040 1408 2201 1466 XVII.
2241 1409 2450 1477 Perdit,
2479 1407 2725 1484 inquam,
2763 1428 2987 1487 cperam
3012 1434 3026 1473 :
3052 1434 3182 1476 nam
3196 1434 3394 1478 auctor
3416 1440 3565 1498 sym-

1969 1498 2080 1556 boli
2130 1501 2268 1558 duas
2288 1502 2420 1560 fecit
2452 1506 2742 1563 sententia
2765 1524 2880 1565 suae
2901 1519 3085 1581 partes
3118 1529 3133 1567 :
3166 1529 3334 1570 unam
3362 1518 3559 1574 catho-

1967 1589 2131 1647 licam
2167 1592 2434 1649 adversus
2456 1594 2859 1665 Macedoniam,
2889 1599 3038 1669 quod
3062 1599 3302 1672 Spiritus
3330 1616 3558 1663 sanctus

361 1680 507 1736 XIII.
530 1680 651 1737 1am
682 1696 816 1737 vero
858 1682 927 1737 de
970 1682 1143 1738 altero
1181 1682 1504 1753 quaestionis
1544 1683 1747 1754 capite,
1794 1699 1865 1739 an
1901 1758 1937 1764 _
1970 1698 2041 1738 ex
2068 1682 2166 1739 Dei
2206 1684 2280 1741 sit
2308 1687 2571 1753 essentia,
2605 1696 2661 1744 et
2692 1702 2807 1745 non
2845 1691 3077 1761 perinde
3097 1708 3163 1751 ac
3185 1705 3459 1764 creatura,
3487 1714 3558 1755 ex

268 1771 670 1828 Theodoretus
720 1782 915 1830 auctor
967 1773 1156 1841 fuerit,
1204 1782 1301 1830 aut
1361 1783 1602 1830 sectator
1659 1783 1872 1832 tantum
1901 1758 2139 1840 θυεμ
2194 1774 2426 1831 alteram
2480 1778 2741 1834 Patribus
2793 1758 3161 1850 contrariam,
3214 1800 3324 1857 qua
3370 1758 3553 1858 negat,

266 1863 554 1935 dogmatis
576 1864 726 1935 quod
747 1864 925 1921 θεαὶ
949 1881 1099 1921 nunc
1127 1874 1374 1934 tuentur,
1408 1875 1523 1924 tres
1561 1867 1619 1923 in
1655 1868 1872 1939 opinio-

266 1971 397 2021 nes,
430 1964 563 2011 ante
614 1965 859 2013 nostram
889 1966 985 2013 aut
1014 1965 1308 2028 parentum
1356 1968 1604 2025 aetatem,
1656 1960 1868 2015 abitum

266 2056 382 2103 est.
409 2046 565 2103 Istud
595 2048 745 2103 enim
773 2048 972 2118 dogma
1012 2047 1108 2102 alii
1138 2046 1433 2104 Theodoro
1459 2049 1865 2121 Mopsuesteno,

270 2141 374 2196 alii
392 2140 680 2208 Nestorio,
708 2141 804 2197 alii
832 2139 1186 2197 Theodoreto
1208 2141 1564 2210 tribuerunt;
1594 2142 1690 2199 sed
1714 2144 1865 2214 prio-

270 2235 354 2291 ris
378 2236 673 2307 utriusque
695 2234 976 2307 opinionis
1002 2250 1296 2291 commune
1323 2234 1427 2292 fuit
1455 2246 1861 2309 argumentum,

268 2328 426 2398 quod
476 2328 712 2400 symboli
755 2327 812 2382 in
855 2327 1066 2400 synodo
1106 2343 1166 2383 ut
1214 2327 1460 2383 damnati
1494 2338 1691 2385 auctor
1726 2330 1863 2402 dog-

270 2419 409 2474 mati
480 2419 699 2475 dederit
752 2419 1063 2491 originem;
1117 2420 1351 2492 symboli
1395 2435 1529 2476 vero
1576 2431 1863 2491 parentem

272 2509 503 2580 quidam
549 2509 903 2565 Theodorum
927 2510 1201 2577 fecerint,
1248 2511 1479 2583 quidam
1518 2513 1859 2569 Nestorium.

342 2598 485 2657 XIV.
535 2602 877 2658 Postremam
919 2602 1095 2658 secuti
1152 2611 1282 2660 sunt
1341 2602 1515 2660 Graeci
1568 2605 1863 2661 schismate

275 2694 567 2765 implicati,
607 2702 904 2765 propterea
941 2694 1090 2766 quod
1115 2694 1528 2764 erubescerent,
1577 2708 1860 2768 parentem

273 2787 611 2842 alterutrum
644 2795 726 2843 tot
757 2797 813 2843 et
836 2787 1002 2842 tantis
1040 2786 1179 2842 diris
1219 2787 1289 2843 ab
1320 2788 1567 2846 Ecclesia
1602 2791 1860 2847 devotum

274 2895 598 2951 agnoscere,
617 2894 720 2935 nec
746 2890 927 2937 tamen
948 2883 1318 2953 antiquiorem
1338 2883 1531 2948 ullum,
1548 2884 1645 2953 qui
1672 2894 1860 2954 aperte

276 2972 614 3043 scripsisset,
647 2988 751 3044 pro
773 2989 870 3029 sua
905 2990 1069 3031 causa
1117 2983 1315 3031 testem
1365 2976 1673 3047 producere
1707 2977 1859 3032 vale-

276 3073 397 3117 rent
428 3082 440 3117 :
469 3080 644 3134 quare
681 3063 1017 3121 Theodoreti
1075 3067 1249 3122 solius
1286 3067 1674 3134 meminerunt,
1717 3083 1858 3139 quo-

278 3154 381 3209 ties
423 3156 509 3209 sui
558 3156 832 3223 dogmatis
871 3165 1065 3212 auctor
1105 3156 1464 3215 adducendus
1503 3159 1608 3214 fuit
1655 3178 1667 3214 :
1720 3160 1859 3216 alios

279 3246 423 3300 enim
456 3246 766 3317 superioris
796 3249 895 3304 aevi
917 3249 1108 3305 Patres
1129 3251 1244 3306 sola
1278 3250 1514 3306 rationis
1552 3250 1607 3306 vi
1632 3251 1854 3308 trahere

276 3346 573 3394 conantur.

347 3429 468 3484 XV.
493 3428 643 3496 Quod
669 3430 980 3503 symbolum
1006 3433 1079 3489 sit
1107 3432 1415 3499 Theodori,
1456 3433 1859 3491 demonstravi-

269 3536 399 3576 mus
429 3521 491 3575 in
519 3523 760 3578 secunda
788 3533 943 3593 parte
969 3524 1209 3594 Operum
1234 3526 1306 3581 Μ.
1325 3526 1664 3583 Mercatoris.
1699 3526 1857 3594 Quod

271 3613 327 3667 in
357 3614 482 3684 ipso
507 3614 857 3671 contineatur
884 3615 1078 3687 dogma
1112 3618 1464 3675 Theodoreto
1489 3635 1713 3676 versum
1742 3621 1854 3676 cri-

271 3705 430 3770 mini,
454 3700 523 3761 ei
549 3705 689 3776 ipsis
717 3708 902 3764 verbis
922 3708 1097 3781 liquet
1122 3726 1137 3776 ;
1162 3724 1291 3764 nam
1320 3710 1389 3766 de
1424 3710 1637 3781 Spiritu
1662 3723 1853 3771 sancto

268 3798 519 3869 legitur:
565 3798 704 3853 Οὔτε
734 3800 780 3833 ⁸³
829 3799 959 3853 Υἰὸν
1012 3801 1304 3873 νομιζομεν
1340 3842 1355 3869 ,
1422 3803 1545 3857 οὔτε
1589 3804 1678 3859 διὰ
1722 3805 1852 3860 Υἱοῦ

268 3892 364 3962 τὴν
398 3890 636 3961 ὕπαρξιν
681 3893 919 3965 εἰληφός.
970 3893 1153 3967 Neque
1181 3895 1396 3963 Filium,
1443 3913 1611 3969 neque
1639 3914 1734 3970 per
1767 3896 1855 3953 Fi-

272 3983 402 4038 lium
430 3986 794 4040 assistentium
831 3989 1086 4059 accepisse
1105 3994 1373 4059 putamus.
1396 3987 1528 4057 Qua
1559 3997 1689 4046 sunt
1733 3991 1851 4061 ipsa

267 4074 607 4132 Theodoreti
674 4092 883 4133 nouum
954 4079 1473 4137 anathematismum
1552 4082 1854 4153 reprehen-

264 4166 452 4225 dentis
484 4168 698 4225 verba:
734 4170 847 4225 Οὐκ
877 4169 936 4238 ἐξ
973 4170 1103 4225 Υῐοῦ
1154 4171 1251 4227 καὶ
1311 4172 1378 4227 δι’
1431 4171 1563 4226 Υιοῢ
1618 4172 1853 4247 ὕπαρξιν

264 4261 414 4333 ἔχον.

335 4371 482 4429 XVI.
543 4374 873 4432 Theodorus
924 4376 1093 4449 igitur
1145 4378 1417 4451 dogmatis
1475 4390 1670 4435 auctor
1717 4387 1846 4445 est,

1971 1865 2229 1921 eumdem
2253 1867 2525 1939 Spiritum
2552 1869 2825 1930 ullatenus
2851 1887 2918 1928 ex
2940 1872 3101 1941 Filio,
3122 1875 3210 1931 vel
3231 1892 3333 1947 per
3352 1877 3553 1935 Filium

1969 1958 2287 2026 procedere.

2040 2048 2225 2106 XVIII.
2280 2052 2462 2109 Purus
2507 2068 2659 2127 ergo,
2706 2056 2946 2128 inquies,
3000 2059 3230 2134 hujusce
3272 2065 3289 2086 ‘
3344 2064 3553 2121 erroris

1966 2137 2300 2195 Nestorius?
2346 2142 2406 2197 Id
2462 2159 2564 2215 ego
2608 2153 2760 2203 certe
2786 2163 2900 2203 non
2924 2150 3085 2207 valde
3135 2152 3436 2223 aﬁlrmem;
3476 2156 3552 2211 si-

1967 2230 2188 2301 quidem
2213 2247 2375 2289 careo
2406 2236 2737 2294 testimoniis
2760 2240 3062 2309 aientibus,
3094 2245 3301 2315 quibus
3324 2246 3381 2301 id
3416 2263 3551 2303 con-

1966 2319 2189 2376 ﬁciam:
2231 2324 2475 2393 suppetit
2508 2334 2688 2383 tamen
2729 2329 2936 2399 negans
2992 2332 3151 2398 illud,
3204 2336 3353 2404 quod
3412 2352 3553 2392 non-

1967 2413 2174 2468 nullam
2213 2414 2379 2471 t‘sciat
2426 2419 2747 2488 opinionem
2793 2422 2985 2478 saltem
3031 2424 3230 2480 levem.
3259 2427 3394 2482 Nam
3422 2442 3550 2483 cum

1964 2504 2202 2577 Cyrillus
2238 2517 2353 2563 tum
2387 2510 2444 2564 in
2486 2511 2716 2583 epistola
2755 2514 2940 2581 tertia,
2977 2524 3092 2571 tum
3122 2517 3180 2573 in
3202 2533 3371 2585 nono,
3400 2519 3549 2590 quod
3622 2512 3629 2515 Α

1963 2598 2211 2668 epistolae
2245 2600 2550 2671 subiunxit,
2595 2604 2858 2674 capitulo,
2907 2615 3098 2676 aperte
3148 2608 3281 2664 satis
3330 2624 3552 2680 proces-

1964 2688 2177 2745 sionem
2221 2690 2463 2762 Spiritus
2499 2695 2677 2751 sancti
2718 2712 2751 2752 a
2782 2696 2923 2753 Filio
2967 2699 3315 2767 asseruisset,
3353 2701 3550 2757 Nesto—

1962 2782 2083 2837 rius
2120 2791 2311 2841 contra
2338 2785 2478 2843 nihil
2506 2788 2808 2859 quidquam
2836 2788 2897 2845 in
2930 2791 3408 2849 anathematismis
3430 2795 3548 2851 suis

1962 2874 2206 2944 objecit:
2239 2877 2433 2933 solitus
2461 2887 2644 2935 tamen
2685 2880 2897 2936 minuta
2957 2898 3210 2953 quaeque,
3263 2884 3309 2939 si
3356 2885 3549 2956 displi-

1961 2974 2108 3032 cent,
2170 2968 2586 3040 perstringere;
2638 2971 2751 3026 imo
2793 2972 3116 3042 perplexum
3158 2973 3420 3043 quiddam
3477 2977 3547 3033 de

1886 3104 1933 3169 c
1969 3059 2217 3131 μεσιτείᾳ
2248 3061 2484 3130 quadam
2513 3061 2753 3133 Spiritus
2780 3064 2977 3129 sancti,
3003 3080 3124 3134 quae
3161 3065 3235 3120 sit
3267 3067 3335 3121 ad
3370 3068 3546 3124 Deum

1964 3149 2226 3216 Verbum,
2266 3150 2511 3221 loquitur
2538 3170 2550 3206 :
2573 3152 2719 3224 quod
2756 3152 2977 3209 trahere
3015 3164 3204 3225 posset
3236 3157 3435 3229 aliquis
3474 3161 3544 3217 ad

1960 3240 2289 3296 sententiam
2310 3242 2537 3298 Patrum
2558 3244 2929 3300 asserentium
2955 3261 2986 3300 a
3010 3245 3174 3301 Patre
3202 3264 3302 3318 per
3318 3248 3542 3317 Filium,

1958 3333 2114 3403 quasi
2146 3348 2247 3404 per
2279 3333 2546 3399 medium,
2595 3334 2864 3403 Spiritum
2920 3342 3173 3391 sanctum
3217 3337 3539 3407 procedere.

1958 3426 2096 3482 Vide
2141 3427 2428 3483 Petavium
2472 3420 2607 3484 toni.
2656 3427 2699 3483 Il
2738 3428 3063 3501 Dogmata»:
3112 3430 3212 3486 lib.
3244 3446 3349 3499 vn,
3389 3446 3440 3487 c.
3473 3432 3542 3499 6,

1960 3532 2118 3572 num.
2164 3516 2219 3572 5.

2027 3610 2171 3666 XIX.
2203 3609 2514 3681 Antequam
2544 3612 2861 3684 imponatur
2891 3612 3018 3670 ﬁnis
3045 3614 3179 3671 huic
3196 3614 3386 3686 capiti,
3416 3630 3541 3671 mo-

1956 3700 2173 3759 nendus
2209 3710 2295 3758 est
2338 3703 2593 3759 curiosus
2624 3719 2813 3759 rerum
2853 3705 3356 3763 ecclesiasticarum
3386 3721 3540 3763 scru-

1957 3801 2104 3849 tator
2131 3793 2201 3848 de
2226 3792 2315 3849 his
2349 3802 2588 3864 quatuor
2608 3795 2877 3851 attentius
2905 3796 3287 3854 observandis.

2027 3885 2149 3941 XX.
2182 3884 2428 3941 Primum
2484 3894 2590 3953 est,
2641 3902 2673 3941 a
2734 3886 3106 3955 Theodoreto,
3140 3890 3210 3949 ,si
3259 3891 3542 3949 credimas

1956 3979 2215 4035 Liberato
2233 3978 2396 4034 simul
2427 3986 2484 4033 et
2513 3979 2917 4037 recentioribus
2944 3980 3170 4048 Graecis,
3202 3992 3379 4041 sectas
3402 3985 3542 4042 duas

1955 4073 2227 4145 originem
2269 4071 2537 4127 duxisse:
2580 4072 2813 4128 alteram
2861 4072 3268 4143 Acephalorum
3321 4075 3386 4143 “,
3427 4092 3542 4134 non

1955 4165 2525 4224 nominatissimorum
2582 4164 2809 4235 quidem
2867 4165 3112 4232 illorum,
3175 4168 3272 4240 qui
3332 4169 3541 4241 passim

1956 4266 2357 4323 memorantur,
2410 4256 2509 4311 sed
2550 4271 2788 4327 quorum
2817 4255 3110 4314 Liberatus
3148 4260 3404 4318 meminit
3453 4262 3537 4328 "5;

1956 4352 2186 4408 alteram
2223 4350 2537 4406 Graecorum
2594 4347 2665 4403 de
2711 4348 3067 4418 processione
3096 4348 3339 4421 Spiritus
3364 4355 3540 4409 sancti

261 4464 654 4522 Theodoretus
688 4437 974 4524 defensor:
1010 4470 1201 4527 Perdit
1221 4437 1390 4528 "enim
1425 4487 1649 4543 operam
1688 4437 1846 4529 Cale;

1964 4461 2068 4500 non
2084 4441 2405 4499 orthodoxe
2444 4437 2826 4497 sentientium.

259 4570 377 4621 cas,
429 4571 556 4611 cum
604 4557 790 4628 impiis
835 4560 1066 4631 symboli
1106 4561 1298 4617 verbis
1341 4560 1597 4633 aiiingere
1650 4561 1850 4616 nititur

258 4645 599 4701 catholicum
659 4661 883 4703 sensum
926 4657 1267 4720 :postquam
1315 4649 1466 4705 enim
1540 4649 1853 4721 scripsisset

256 4735 408 4790 hanc
430 4735 770 4807 opinionem,
803 4739 943 4811 quod
972 4738 1201 4812 Spiritus
1221 4758 1254 4795 a
1278 4740 1414 4795 Filio
1440 4758 1543 4796 non
1575 4742 1845 4813 procedat,

254 4828 505 4884 Nestorii
527 4844 671 4898 esse,
704 4831 871 4903 idque
914 4848 982 4888 ex
1038 4832 1324 4889 veteribus
1368 4833 1605 4904 liquere,
1648 4833 1848 4905 quibus

257 4936 397 4976 cura
419 4920 549 4986 fuit,
577 4923 901 4980 istalitteris
930 4924 1166 4992 tradere;
1188 4926 1367 4997 pergit
1398 4926 1454 4980 in
1487 4926 1604 4981 haac
1634 4926 1802 4982 verba
1829 4944 1843 4980 :

264 5031 284 5064 ‹
319 5013 460 5068 Nam
486 5028 555 5068 ex
583 5013 709 5069 ﬁdei
764 5030 875 5071 suae
925 5016 1172 5088 symbolo
1226 5018 1318 5071 vix
1361 5024 1596 5082 constet,
1634 5016 1681 5072 si
1722 5016 1847 5089 quis

255 5105 419 5177 451
457 5105 664 5177 pietate
696 5116 1010 5175 contentus,
1051 5125 1173 5180 qua:
1216 5109 1309 5164 ille
1354 5108 1528 5175 dixit,
1573 5109 1663 5181 pie
1711 5111 1847 5165 velit

257 5198 557 5267 accipere;
619 5198 697 5254 ait
718 5200 942 5288 \cnim:
995 5200 1262 5272 Spiritum
1305 5207 1552 5257 sanctum
1615 5216 1679 5257 ex
1732 5201 1846 5258 Deo

256 5294 540 5357 putamus,
565 5304 675 5346 non
698 5291 993 5347 creatioms
1011 5308 1195 5359 causa,
1227 5291 1322 5349 sed
1357 5308 1425 5347 ex
1448 5291 1634 5347 divina
1657 5306 1844 5349 essen-

2021 4552 2165 4611 XXI.
2223 4550 2542 4616 Secundum,
2594 4549 2652 4605 id
2693 4563 2987 4605 commune
3019 4550 3188 4608 fuisse
3219 4553 3320 4609 toti
3353 4553 3538 4610 Theo-

1951 4649 2072 4705 dori
2118 4645 2485 4718 Mopsuesteni
2530 4642 2749 4709 scholae,
2782 4651 2845 4699 ut
2863 4659 3057 4715 parum
3076 4654 3237 4702 acute
3259 4646 3538 4704 discreve-

1951 4743 2063 4799 rint
2100 4738 2471 4796 diﬁerentiam
2519 4734 2777 4794 catholici
2823 4736 3094 4809 dogmatis
3132 4737 3202 4794 ab
3230 4738 3537 4807 heretico;

1952 4833 1996 4889 si
2042 4830 2285 4905 quando,
2313 4837 2376 4885 nt
2400 4829 2483 4897 ﬁt,
2507 4845 2619 4885 non
2649 4844 2709 4884 re
2737 4828 2984 4900 quidem,
3012 4830 3108 4886 sed
3133 4830 3380 4897 vocibus,
3404 4848 3535 4905 par-

1950 4940 2079 4981 vum
2114 4922 2413 4979 discrimen
2450 4921 2680 4978 exstitit.

2020 5015 2080 5074 Id
2128 5032 2230 5089 ego
2268 5015 2471 5072 factum
2519 5030 2647 5070 reor
2686 5029 2800 5085 prae
2825 5014 3103 5085 superbia,
3130 5015 3225 5085 qui
3249 5015 3536 5074 character

1951 5108 2181 5183 hujusce
2221 5109 2421 5166 scholae
2452 5125 2463 5160 :
2504 5121 2629 5161 nam
2656 5113 2712 5161 et
2747 5104 2925 5161 videri
2952 5104 3211 5187 volebant
3230 5119 3344 5175 prae
3364 5113 3529 5161 cate-

1950 5200 2030 5257 ris
2060 5216 2277 5272 sapere,
2315 5206 2371 5254 et
2408 5204 2659 5252 veterum
2698 5194 2872 5251 libros
2901 5190 3351 5262 contemnebant,
3381 5193 3527 5267 quod

1951 5291 2019 5347 de
2046 5289 2299 5347 Nestorio
2332 5286 2587 5343 Socrates
2621 5285 2859 5357 scripsit.

1598 5449 1912 5507 SCHULZII
1949 5448 2183 5506 ΝΟΤΕ.

328 5593 372 5627 ¹¹
409 5594 517 5652 Sed
542 5596 784 5654 dubitari
816 5606 1005 5670 posset
1032 5599 1100 5656 de
1131 5597 1364 5655 veritate
1393 5592 1649 5651 lectionis
1687 5590 1746 5646 in
1775 5586 1915 5672 locis
1961 5587 2090 5651 illis,
2144 5585 2272 5668 ubi.
2304 5584 2393 5641 vel
2446 5581 2725 5667 exclusive
2774 5580 2860 5638 vel
2915 5581 3167 5707 mauu
3195 5580 3532 5643 informatur

328 5664 436 5707 ιιιῑη
476 5666 801 5707 nummum
840 5669 1093 5707 dadimna
1124 5667 1189 5707 σηι
1217 5667 1244 5707 s
1274 5671 1306 5707 ’1
1407 5667 1449 5698 η
1473 5665 1735 5707 mmmam
1775 5674 1919 5707 Vlam
1953 5656 2203 5707 nonnulli
2258 5670 2492 5707 inurens:
2540 5660 2689 5707 sunt.
2734 5658 2795 5707 ut
2837 5652 2919 5707 Th
3030 5667 3193 5707 orum
3222 5651 3526 5707 Monsuest.

258 5664 455 5739 oratio.
475 5666 801 5739 Exemplum
820 5664 1192 5739 'dedimusad
1217 5667 1244 5739 §
1274 5671 1326 5739 7.

260 5726 669 5813 ﬂefeqdejjent.’
705 5739 749 5773 “
774 5738 898 5797 Vid.
937 5749 977 5797 t.
1007 5740 1053 5798 lI
1080 5726 1243 5813 Opp."
1276 5736 1433 5795 Marii
1462 5734 1712 5800 Mercat.,
1763 5745 1815 5802 ιιι
1848 5727 1990 5797 251»
2038 5726 2173 5786 edi!-
2211 5726 2378 5785 Catil.

260 5801 545 5868 Breviarii.

1407 5667 1449 5698 ”
1473 5665 1735 5723 Eamdem
1775 5660 1919 5729 viam
1953 5654 2514 5729 nonnulli‘ingressi‘
2540 5660 2689 5729 sunt,
2734 5658 2795 5709 ut
2837 5652 2919 5708 Th

3030 5667 3193 5723 orum
3222 5651 3526 5723 Mogsuest.

2479 5723 2522 5757 “
2551 5722 2676 5781 Vid.
2728 5737 2915 5796 supra,
2952 5738 3006 5793 p.
3057 5720 3177 5781 169,
3257 5720 3464 5793 η’(ἷιιρ.
3496 5726 3531 5776 9
