4056 6174
370 256 474 323 401

1564 262 1662 321 DE
1703 260 1877 322 FIDE
1915 258 2435 321 THEODORETI.

3535 262 3643 326 402

367 385 435 427 ea
488 370 656 440 quod,
692 385 816 425 cum
843 370 1217 426 defensionem
1266 369 1454 443 Cyrilli
1512 386 1614 442 pro
1653 372 1951 429 Orientali-
1983 376 2029 435 Λ
2057 370 2227 426 ralem
2264 371 2436 433 solam
2463 370 2804 453 adinlttentis
2835 393 2849 442 ;
2900 389 2971 433 an
2998 390 3120 448 qua;
3148 372 3405 443 Ecclesiae
3455 375 3641 431 catho-

368 463 477 516 bus
498 479 606 517 non
631 463 960 532 reciperent,
985 477 1165 533 neque
1185 461 1449 535 Cyrillum
1470 463 1952 532 habebantcaput,

365 569 551 624 neque
576 554 844 613 JOannem
870 555 1309 621 Antiochenum;
1338 555 1430 624 qui
1457 555 1568 609 duo
1592 564 1773 609 tamen
1799 565 1955 609 erant

366 646 822 701 contendentium
852 648 1093 717 partium
1118 648 1418 718 principes,
1458 666 1477 699 ι
1513 656 1618 702 etc.

440 737 606 792 Visus
638 751 757 790 sum
810 738 943 793 mihi
971 738 1290 808 opinionem
1337 736 1607 792 conficere
1646 737 1753 791 hoc
1794 737 1955 807 syllo-

362 828 546 899 gismo
583 845 689 883 non
728 829 966 884 certiore
1012 846 1176 899 quam
1214 824 1555 889 evidentiore
1587 847 1599 883 :
1630 827 1954 896 Quicunque

366 919 597 973 minime
636 928 967 989 receperunt
995 921 1258 990 scriptam
1289 936 1319 979 a
1342 919 1547 991 Cyrillo
1573 918 1951 985 defensionem

364 1010 720 1065 orientalium
745 1004 1153 1080 episcoporum,
1194 1027 1293 1082 pro
1316 1012 1532 1066 duabus
1562 1010 1727 1081 unius
1747 1008 1951 1065 Christi

365 1103 604 1167 naturis,
631 1102 731 1156 hos
753 1102 1046 1157 Liberatus
1063 1112 1219 1173 putat
1244 1104 1645 1173 Acephalorum
1675 1112 1947 1167 auctores,

362 1201 474 1248 etc.
510 1193 674 1262 Atqui
695 1193 1078 1249 Theodoretus
1100 1188 1325 1248 minime
1348 1194 1559 1263 recepit
1577 1193 1950 1251 defensionem

362 1302 390 1339 a
414 1284 625 1357 Cyrillo
658 1287 937 1355 scriptam,
967 1294 1073 1340 etc.
1097 1286 1257 1342 Hunc
1281 1286 1448 1357 igitur
1474 1286 1766 1341 Liberatus
1794 1294 1951 1356 putat

360 1378 769 1447 Acephalorum
799 1387 1100 1433 auctorem.
1128 1378 1437 1448 Propositio
1474 1379 1789 1433 continetur
1816 1378 1950 1448 ipsis

362 1465 607 1520 Liberati
662 1467 865 1521 verbis.
922 1468 1237 1536 Assumptio
1295 1467 1706 1529 demonstratur
1763 1483 1832 1522 ex
1882 1484 1948 1522 eo

2058 461 2197 527 licet,
2251 464 2654 527 substantivam
2707 466 3099 523 defendentis?
3132 460 3293 525 Sunt
3346 466 3494 522 enim
3530 466 3640 538 “qui

2057 550 2397 621 Nestoriana:
2419 553 2646 621 haeresis
2682 564 2964 621 accusent,
3016 563 3146 611 sunt
3176 555 3270 625 qui
3319 541 3639 637 defendant,

2056 654 2114 701 et
2143 647 2403 716 utrinque
2432 662 2598 707 causa
2622 663 2762 717 saepe
2794 647 2995 719 agitur,
3021 664 3130 703 non
3156 647 3475 723 praejudicio
3523 657 3642 702 tan-

2059 744 2197 801 tum,
2230 738 2332 793 sed
2353 739 2519 795 etiam
2556 741 2929 797 contentionis
2954 741 3177 808 studio;
3213 749 3268 795 et
3303 742 3488 809 plures
3518 757 3639 795 eam

2055 827 2243 896 potius
2293 829 2348 884 in
2380 838 2589 899 partem
2618 831 2845 897 abeunt,
2868 847 3032 902 quam
3063 838 3273 905 optant,
3314 847 3477 901 quam
3500 842 3557 885 ut
3590 834 3640 884 vi

2056 929 2506 988 argumentorum
2539 920 2913 990 impellantur.
3416 908 3419 911 ’
3444 906 3448 910 ’
3586 969 3594 975 .

2125 1009 2214 1063 ιγ.
2244 1008 2313 1065 Ut
2370 1011 2600 1079 quaestio
2643 1012 2882 1081 agitetur
2924 1025 3025 1085 pro
3069 1013 3286 1077 merito,
3340 1011 3640 1067 videndum

2054 1100 2244 1170 primo,
2277 1101 2505 1170 quinam
2530 1101 2939 1171 Theodoretum
2968 1112 3249 1177 accusent,
3272 1113 3327 1173 et
3351 1104 3481 1175 quid
3509 1104 3642 1158 alle-

2053 1198 2172 1245 rant
2207 1208 2220 1244 :
2264 1191 2470 1256 deinde,
2518 1192 2653 1261 quid
2694 1192 2961 1257 adversus
3006 1194 3410 1269 accusationem
3450 1193 3640 1249 defen-

2053 1294 2208 1335 sores
2260 1282 2580 1351 excipiant:
2637 1286 2811 1349 tertio,
2866 1284 3000 1359 quid
3053 1284 3271 1356 ipsimct
3322 1285 3642 1349 defensores

2050 1370 2326 1427 adducant
2381 1391 2393 1426 :
2458 1383 2672 1445 quarto,
2709 1376 2843 1446 quid
2886 1376 3154 1447 adversus
3203 1362 3523 1435 defensores
3570 1380 3640 1433 ab

2049 1464 2464 1520 accusatoribus
2508 1458 2856 1537 excipiatur:
2908 1468 3109 1541 quinto,
3150 1468 3297 1548 quod
3351 1467 3640 1537 ferendum

360 1557 544 1621 facile,
580 1558 727 1627 quod
753 1557 1021 1622 defensio,
1061 1559 1219 1628 cujus
1251 1558 1311 1612 fit
1341 1559 1570 1625 mentio,
1612 1559 1761 1614 aliud
1806 1559 1945 1615 nihil
2042 1550 2332 1621 iudieitlm.

360 1649 454 1711 sit,
502 1665 667 1719 quam
699 1652 875 1704 oratio
916 1650 1103 1722 Cyrilli
1134 1650 1431 1706 discrimen
1454 1652 1778 1721 exponentis
1802 1652 1947 1719 inter

360 1739 531 1795 ﬁdem
583 1741 811 1797 Joannis
860 1743 1214 1808 Antiocheni,
1266 1743 1382 1797 sive
1432 1743 1785 1797 orientalium
1830 1744 1946 1814 cpi-
1980 1730 2023 1783 Β

357 1846 677 1901 scaporum,
713 1842 768 1886 et
798 1833 1103 1888 doctrinam
1131 1834 1391 1888 Nestorii.
1418 1833 1643 1889 Nullum
1665 1850 1800 1890 vero
1825 1851 1947 1892 esse

358 1923 651 1977 contendit
681 1923 1082 1988 Theodoretus,
1102 1924 1340 1994 ideoque
1361 1924 1500 1979 dixit
1532 1925 1833 1981 «Joannem
1860 1928 1946 1982 id-

361 2014 545 2084 ipsum
571 2016 777 2070 sentire
810 2014 957 2085 quod
981 2014 1269 2069 Nestorius
1294 2032 1306 2067 :
1340 2032 1357 2065 i
1391 2020 1449 2068 et
1473 2013 1739 2085 Cyrillum
1763 2017 1949 2073 crimi-

360 2115 526 2161 natus
551 2114 655 2172 cst,
682 2107 828 2177 quod
861 2112 1079 2175 recepta
1106 2103 1469 2160 Orientalium
1497 2105 1624 2171 fide,
1670 2126 1688 2159 ι
1715 2107 1945 2163 Nestoris"

357 2199 668 2252 assertione
701 2214 832 2252 usus
869 2198 960 2261 sit,
1001 2216 1019 2247 ι
1059 2196 1318 2266 quodque
1359 2216 1376 2248 ι
1405 2197 1461 2251 in
1486 2198 1687 2254 litteris
1713 2202 1945 2255 rectitu-

358 2288 548 2344 dinem
578 2288 860 2358 scripserit
888 2304 918 2343 e
944 2287 1214 2343 diametro
1244 2288 1577 2344 contrariam
1624 2292 1738 2362 jam
1790 2293 1945 2361 prius

356 2384 604 2452 scriptis.
642 2404 659 2434 ι
712 2382 976 2437 Videndaa
1026 2380 1359 2437 Theodoreti
1392 2384 1642 2454 epistolae
1678 2384 1746 2439 ad
1776 2385 1944 2441 Joan-

356 2496 483 2535 nem
513 2480 941 2542 Antioclienum,
977 2478 1252 2533 Andream
1273 2478 1943 2551 Constantinopolitanum

358 2573 712 2636 monachum,
743 2571 1014 2625 Andream
1050 2570 1487 2637 Samosatenum,
1529 2580 1584 2627 et
1636 2572 1944 2631 llimerium

355 2661 853 2718 Nicomediensem.
887 2660 1146 2735 Videnda:
1171 2662 1400 2730 pariter,
1432 2678 1571 2731 quas
1599 2664 1821 2734 scripsit
1842 2665 1946 2738 Cy-

354 2754 515 2809 rillus
553 2753 619 2808 ad
664 2753 921 2808 Acacium
950 2753 1375 2817 Melitinensem,
1416 2754 1712 2810 Maximum
1753 2757 1942 2813 diaco-

351 2859 510 2909 num,
542 2852 598 2897 et
622 2843 887 2897 Joannem
912 2842 1335 2907 Antiochenum,
1358 2842 1503 2913 apud
1526 2860 1690 2914 quem
1715 2861 1942 2916 expres-

352 2937 432 2991 sis
464 2935 653 2990 verbis
686 2934 753 2989 de
793 2933 1145 2989 Theodoreto
1169 2935 1443 3005 queritur.

422 3025 638 3081 XXVII.
673 3025 800 3081 Scio
830 3025 1086 3095 equidem
1118 3026 1289 3080 verba
1317 3026 1559 3082 Liberati
1588 3043 1754 3097 posse
1778 3044 1942 3084 eous-

353 3139 461 3194 que
487 3123 753 3193 torqueri,
784 3130 845 3175 ut
876 3121 1284 3175 Theodoretum
1311 3132 1557 3191 spectare
1579 3137 1688 3177 non
1719 3123 1943 3179 videan-

356 3225 466 3281 tur,
494 3215 591 3269 sed
619 3230 734 3279 eos,
762 3214 853 3283 qui
876 3212 1101 3285 Cyrillo,
1124 3212 1262 3267 duas
1283 3220 1506 3267 naturas
1525 3213 1797 3280 confesso,
1819 3230 1944 3271 suc-

354 3307 675 3381 censebant,
701 3293 857 3377 quasi
885 3322 947 3360 ea
978 3321 1036 3361 re
1064 3305 1372 3367 transiisset
1398 3305 1451 3359 in
1477 3305 1715 3361 Nestorii
1742 3306 1940 3362 Orien-

354 3399 658 3468 taliumque
708 3396 927 3473 partes,
964 3412 1101 3466 quas
1141 3412 1282 3451 unas
1321 3396 1591 3467 putabant
1623 3413 1638 3450 :
1674 3397 1753 3451 illi
1790 3400 1940 3454 enim

352 3490 615 3545 videntur
645 3474 813 3544 fuisse
843 3499 1097 3545 auctores
1145 3488 1309 3560 primi
1359 3489 1782 3559 Acepbalorum.
1834 3492 1938 3548 Ve-

354 3596 477 3645 rum
499 3579 617 3645 haec
645 3580 1029 3653 interpretatio
1056 3595 1167 3634 non
1192 3587 1405 3634 tantum
1435 3580 1676 3635 violenta
1702 3589 1806 3645 est,
1842 3583 1935 3653 sed

353 3668 520 3720 etiam
571 3660 815 3733 historire
856 3668 1259 3747 Acephalorum
1310 3683 1505 3738 parum
1546 3679 1934 3739 consentanea,

352 3767 718 3831 praeterquam
770 3759 914 3829 quod
967 3759 1172 3813 sanctis
1230 3759 1341 3813 illis
1367 3759 1503 3814 viris
1532 3759 1795 3831 injuriosa
1830 3772 1933 3829 est,

351 3850 445 3919 qui
474 3848 736 3921 Cyrillum
770 3840 951 3904 studio
982 3849 1107 3905 fidei
1152 3858 1207 3905 et
1244 3851 1530 3905 charitatis
1572 3852 1772 3907 atleetu
1819 3869 1936 3909 mo-

352 3950 615 4017 nuerunt.
657 3941 818 4007 Quasi
873 3957 1006 3996 vero
1057 3942 1289 3998 Aeacius
1331 3944 1724 4010 Melitinensis,
1779 3946 1938 4002 Vale-

351 4034 544 4103 rianus
598 4034 918 4099 lconiensis,
968 4034 1209 4090 Donatus
1258 4036 1693 4106 Nicopolitanus,
1738 4047 1795 4093 et
1827 4038 1934 4092 Eu-

351 4126 552 4197 logius,
586 4131 679 4196 qui
708 4136 933 4185 strenue
972 4143 1071 4197 pro
1114 4129 1381 4183 catholica
1437 4129 1543 4184 ﬁde
1600 4142 1931 4201 pugnarunt,

352 4218 534 4288 impiae
563 4208 958 4287 Acephalorum
996 4219 1220 4274 liceresis
1260 4221 1644 4291 progenitores
1689 4222 1929 4277 fuerint!

976 4355 1205 4411 CAPUT
1237 4356 1301 4411 ll.

353 4466 431 4523 De
458 4467 562 4538 ﬁde
596 4467 901 4523 Theodoreti
931 4470 1443 4593 circavqubtnstionem
1470 4469 1535 4531 de
1566 4469 1932 4525 incarnatione

1084 4557 1157 4593 'er
1192 4558 1228 4593 ι.

1084 4557 1228 4594 ’81⁸01.

422 4674 467 4727 1.
524 4673 599 4727 De
648 4673 871 4729 Christo
923 4672 1032 4727 tria
1078 4672 1314 4727 maxime
1368 4671 1614 4727 defendit
1662 4673 1930 4737 Ecclesia,

349 4776 619 4836 quantum
656 4766 897 4836 pertinet
926 4765 992 4819 ad
1037 4779 1280 4835 prmsens
1323 4763 1625 4833 negotium.
1682 4764 1733 4816 1.
1776 4762 1931 4828 Quod

349 4856 631 4927 perfectus
678 4860 695 4878 °
752 4856 822 4911 sit
869 4857 1037 4921 Deus,
1072 4854 1555 4911 consubstantialis
1577 4853 1737 4925 455
1759 4854 1929 4908 Patri.

348 4947 405 5001 2.
438 4944 594 5012 Quod
646 4946 924 5017 perfectus
972 4948 1159 5010 homo,
1210 4945 1697 5001 consubstantialis
1747 4944 1929 4998 matri.

349 5039 403 5092 ὅ.
446 5038 601 5113 Quod
631 5046 840 5113 natum
890 5037 946 5091 in
987 5037 1103 5107 ipso
1137 5038 1258 5093 duae
1305 5038 1609 5108 conjunctae
1659 5035 1769 5089 sint
1813 5035 1931 5089 καθ’

351 5128 671 5192 exesum,
696 5138 750 5184 et
778 5132 980 5186 unione
1011 5130 1379 5186 substantiali.

422 5220 488 5273 ll.
530 5221 607 5274 De
636 5222 924 5278 divinitate
948 5223 1112 5279 Verbi
1152 5232 1297 5278 recte
1327 5223 1501 5278 sensit
1528 5223 1928 5289 Theodoretus,

348 5317 412 5362 ut
432 5319 648 5364 constat
681 5327 748 5365 ex
777 5312 936 5367 libris
991 5313 1254 5368 adversus
1304 5313 1537 5367 Arianos
1574 5332 1585 5367 :
1639 5325 1787 5370 recte
1832 5332 1921 5385 pa-

348 5402 489 5453 riter
519 5400 586 5455 de
613 5402 957 5475 humanitate
983 5403 1210 5469 Christi,
1241 5405 1385 5473 quod
1408 5406 1704 5460 ostendunt
1737 5407 1928 5476 dispu-

347 5493 589 5547 tationes
617 5510 740 5548 cum
776 5496 995 5551 Arianis
1018 5506 1073 5551 et
1104 5482 1546 5567 Apollinarianis.

419 5580 509 5633 Ill.
558 5581 858 5651 Quatritur,
885 5601 1048 5654 quam
1083 5587 1410 5641 sententiam
1448 5587 1514 5642 de
1543 5589 1927 5659 conjunctione

347 5682 675 5727 naturarum
710 5688 934 5731 secutus
956 5678 1026 5732 sit
1052 5695 1064 5731 :
1091 5693 1160 5732 an
1187 5694 1307 5748 quae
1349 5679 1585 5736 Nestorii
1638 5681 1758 5747 fuit,
1814 5698 1930 5737 mo-

2046 1646 2350 1713 Anrtcuws
2401 1649 2774 1723 L—Quinam
2828 1651 3207 1723 Theodoretum
3262 1664 3530 1718 accusent,
3589 1665 3638 1707 et

2631 1722 2757 1793 quid
2800 1722 3046 1797 afferant.
3080 1724 3083 1727 λ

2127 1807 2168 1861 1.
2198 1807 2505 1876 Nestorius,
2531 1811 2633 1866 etsi
2658 1810 2828 1877 verbo
2855 1812 3109 1885 negabat,
3147 1814 3284 1869 duas
3316 1815 3369 1868 in
3415 1813 3637 1870 Christo

2048 1913 2170 1954 esse
2218 1916 2503 1969 personas,
2530 1903 2864 1973 prazdicabat
2892 1913 3073 1977 tamen
3101 1919 3289 1959 revera
3316 1924 3327 1957 :
3361 1906 3465 1960 hoc
3486 1906 3635 1961 enim

2048 1998 2154 2054 est,
2210 2006 2314 2045 nec
2367 1993 2518 2048 aliud
2574 1994 2898 2065 quidquam,
2953 1996 3399 2068 conjunctionetr
3462 1998 3633 2055 solam

2049 2082 2311 2137 moralem
2347 2095 2670 2139 naturarum
2695 2085 2964 2157 proﬁteri.

2120 2171 2185 2226 ll.
2238 2173 2496 2243 Ejusdem
2549 2176 2921 2247 blasphemiae,
2951 2184 3114 2247 atque
3143 2178 3280 2234 adeo
3311 2182 3631 2238 consensio-

2047 2260 2134 2316 nis
2163 2277 2289 2316 cum
2319 2262 2594 2330 Nestorio,
2629 2264 3040 2340 Theodoretum
3062 2278 3392 2343 accusarunt
3411 2277 3634 2325 sanctus

2045 2351 2301 2423 Cyrillus,
2330 2353 2534 2421 Marius
2576 2355 2866 2420 Mercator,
2906 2355 3137 2427 Vigilius
3196 2358 3362 2428 Papa,
3391 2359 3632 2432 synodus

2046 2444 2238 2512 quinta
2284 2461 2409 2499 cum
2464 2455 2615 2510 sexta
2660 2454 2716 2501 ct
2759 2445 3013 2517 septima,
3064 2448 3315 2519 Pelagius
3367 2450 3434 2516 Il,
3491 2451 3630 2507 Gre-

2046 2528 2235 2604 gorius
2284 2536 2531 2607 Magnus,
2580 2537 2915 2609 posteriores
2962 2522 3117 2594 sexta
3176 2541 3385 2612 synodo
3430 2545 3629 2599 summi

2046 2622 2333 2697 pontifices
2354 2626 2603 2697 plurimi,
2629 2627 2861 2705 ipsemet
2881 2628 3282 2697 Theodoretus,
3308 2630 3411 2702 ipsi
3439 2628 3628 2699 etiam,

2046 2730 2076 2779 a
2106 2718 2310 2785 quibus
2362 2720 2599 2773 maxime
2641 2719 2861 2777 defendi
2898 2721 3241 2792 laudarique,
3292 2734 3388 2780 aut
3435 2712 3630 2785 saltem

2044 2810 2294 2863 excusari
2327 2810 2595 2876 creditur,
2631 2810 2743 2865 Leo
2780 2812 2876 2877 M.,
2919 2811 3186 2873 Maximus
3229 2814 3628 2883 Antiochenus,

2045 2906 2242 2967 quarta
2289 2902 2551 2969 synodus,
2612 2900 2922 2967 Liberatus,
2970 2902 3219 2969 Photius,
3249 2886 3486 2961 Ieannes
3514 2906 3628 2960 Eu-

2048 2986 2250 3057 cliaita,
2299 2988 2640 3057 Agobardus.
2694 2998 2749 3044 et
2809 2990 3095 3045 Baronius.
3132 2991 3290 3046 Tanti
3336 3007 3504 3062 porro
3530 3009 3630 3049 no-

1970 3061 2012 3120 C
2048 3079 2212 3133 minis
2234 3081 2647 3136 accusatoribus
2672 3082 2876 3152 urgeri,
2906 3099 3008 3138 nec
3027 3083 3133 3139 nisi
3159 3093 3255 3157 aut
3276 3085 3628 3142 excusatione

2049 3170 2290 3245 defendi,
2346 3181 2442 3225 aut
2470 3171 2816 3227 confessione
2866 3172 3192 3243 ignorantiae
3247 3190 3313 3231 ac
3365 3176 3627 3243 caecitatis

2046 3263 2262 3318 veniam
2310 3262 2617 3332 deprecari,
2670 3264 2714 3317 si
2773 3279 2883 3335 non
2940 3266 3164 3321 omnino
3215 3276 3300 3321 est
3349 3266 3624 3334 convinci,

2046 3363 2194 3408 certe
2225 3370 2417 3424 parum
2454 3355 2633 3410 abest.

2113 3443 2205 3509 lli.
2255 3443 2374 3498 Non
2426 3444 2610 3498 omnia
2653 3453 3039 3508 accusatorum
3095 3444 3241 3502 dicta
3275 3446 3623 3517 producam:

2043 3534 2231 3605 quanti
2271 3535 2417 3589 enim
2474 3545 2621 3601 esset
2670 3537 2899 3609 cperis?
2945 3537 3041 3591 sed
3097 3552 3161 3592 ea
3209 3544 3443 3604 tantum,
3502 3553 3626 3607 qua:

2042 3636 2268 3697 pmpter
2292 3626 2625 3699 evidentiam
2651 3628 2834 3699 minus
2857 3628 3149 3683 calumnia:
3176 3628 3624 3700 cavillationique

2041 3719 2275 3783 obnoxia
2300 3728 2446 3773 Sunt.
2473 3719 2617 3775 Gens
2638 3721 2785 3776 enim
2810 3720 3059 3791 quietiam
3084 3704 3355 3795 laudatrix
3388 3735 3453 3775 ac
3479 3735 3622 3791 pene

2040 3810 2318 3864 adoratrix
2373 3809 2726 3876 Theodoreti,
2772 3808 2903 3883 quid
2950 3826 3059 3865 non
3104 3816 3299 3875 tentat,
3350 3816 3447 3865 aut
3487 3811 3623 3881 quid

2040 3905 2255 3958 causari
2281 3920 2388 3957 non
2415 3903 2554 3957 solet
2575 3902 2836 3958 adversus
2861 3903 3038 3973 ipsum
3066 3903 3326 3958 Ecclesiae
3350 3901 3623 3959 universae

2036 3994 2348 4065 judicium?

2642 4106 2697 4163 S.
2739 4106 3015 4171 Crntttcs.

2111 4219 2197 4275 IV.
2237 4218 2628 4295 Sanctissimus
2662 4218 2752 4273 ille
2787 4215 3248 4293 doctissimusquc
3268 4216 3400 4297 fidei
3425 4216 3618 4279 defen-

2038 4328 2151 4376 sor,
2211 4312 2298 4368 cui
2346 4311 2565 4381 vidi?er
2592 4311 2738 4373 Deus
2763 4309 3083 4379 mysterium
3111 4302 3527 4387 incarnationis,
3559 4317 3620 4389 ut

1966 4414 2010 4466 1)
2040 4402 2340 4462 Athanasio
2387 4401 2692 4466 Trinitatis,
2744 4401 3050 4475 Augustino
3092 4402 3304 4477 gratiae,
3336 4418 3618 4479 exponen-

2038 4491 2170 4547 dum
2221 4490 2541 4553 credidisse,
2592 4489 3001 4561 Theodoretum
3058 4488 3438 4544 consensionis
3491 4504 3616 4543 cum

2036 4581 2291 4641 Nestorio
2326 4597 2481 4635 reum
2515 4580 2681 4645 fecit;
2719 4578 2883 4648 idque
2914 4593 3022 4652 non
3048 4585 3263 4657 tantum
3313 4587 3438 4657 ante
3480 4596 3615 4635 con-

2036 4674 2224 4747 cilium
2256 4672 2616 4747 Ephesinum,
2647 4686 2770 4739 cum
2818 4685 2947 4725 suos
2988 4653 3473 4747 anathematismos
3521 4671 3617 4728 de-

2034 4744 2287 4818 fenderet
2312 4742 2520 4833 {456
2551 4760 2647 4826 sed
2674 4759 2837 4833 etiam
2870 4742 3056 4835 statim
3080 4742 3213 4837 pace
3240 4758 3613 4837 Ecclesiarum

2035 4854 2267 4919 sancita,
2321 4870 2446 4915 cum
2502 4854 2629 4917 facti
2678 4853 2949 4921 rationem
2995 4850 3189 4929 amicis
3237 4850 3613 4921 qurerentibus

2035 4946 2330 5014 redderet;
2355 4946 2465 5007 imo
2492 4954 2613 5016 post
2638 4945 2882 5016 quinque
2917 4951 3013 5000 aut
3060 4959 3157 4999 sex
3186 4957 3359 4999 annos
3402 4959 3432 4998 a
3468 4958 3613 5013 pace

2035 5037 2192 5103 inita,
2224 5053 2350 5093 eum
2390 5037 2727 5108 gravissimis
2758 5036 2945 5105 verbis
2973 5034 3042 5105 ad
3091 5034 3358 5111 Joannem
3414 5035 3611 5115 Antio-

2033 5129 2269 5185 chenum
2293 5129 2360 5183 de
2391 5129 2740 5183 Theodoreto
2765 5128 3053 5185 scriberet.

2104 5220 2240 5275 Cum
2291 5220 2457 5290 igitur
2502 5226 2630 5274 ante
2667 5209 2963 5274 concilium
2996 5218 3335 5288 Ephesmum
3357 5234 3487 5274 suos
3509 5219 3607 5291 ad-

2034 5325 2224 5363 versus
2254 5308 2733 5377 reprehensionem
2768 5308 3098 5365 Theodoreti
3121 5296 3610 5373 anathematismos

2032 5409 2424 5471 propugnaret,
2452 5401 2506 5453 in
2531 5400 2851 5455 defensione
2875 5401 3039 5470 primi
3090 5400 3373 5471 tertiique,
3425 5386 3605 5472 quarti

2031 5503 2088 5547 et
2111 5494 2238 5547 noni
2267 5492 2456 5562 objicit
2500 5492 2923 5561 reprehendenti
2957 5494 3276 5549 societatem
3326 5509 3452 5549 cum
3496 5495 3607 5550 Ne-

2032 5583 2221 5645 storio,
2268 5583 2454 5652 idque,
2505 5597 2653 5637 nunc
2690 5582 3000 5649 obscurius,
3037 5600 3184 5638 nunc
3211 5584 3475 5653 apertius,
3511 5584 3609 5640 sed

2036 5689 2152 5735 tum
2178 5677 2398 5732 demum
2434 5676 2760 5743 clarissime,
2790 5691 2915 5732 cum
2964 5676 3406 5735 anathematismi
3450 5693 3520 5745 ιν
3554 5678 3617 5732 iu
