4056 6174
364 258 476 328 405

361 470 435 527 ad
484 469 643 524 Marii
687 468 1010 523 Mercatoris
1062 469 1449 525 auctoritatem
1508 473 1881 526 momentum,
1910 474 1941 515 a

360 559 628 629 Gregorio
668 558 760 623 M.,
787 573 911 613 cum
949 558 1152 628 Pelagii
1173 558 1220 613 Il
1272 558 1494 612 nomine
1542 555 1611 610 ad
1653 554 1942 623 episcopos

360 651 539 706 lstria:
572 649 866 715 scriberet,
907 648 1197 719 fragmenti
1238 649 1403 719 hujus
1436 655 1766 718 postremam
1820 656 1945 711 par-

364 750 473 797 tem
518 741 745 797 totidem
802 742 986 796 verbis
1036 741 1363 811 cxscriptam
1396 755 1538 801 esse,
1568 738 1943 802 insertamque

359 832 627 903 epistolas,
673 848 779 901 qua
807 847 935 887 rcus
974 833 1287 887 Nestoriani
1331 829 1537 893 erroris
1562 826 1943 882 Theodoretus

357 926 774 981 ostendebatur.
823 926 882 981 2°
934 925 1214 997 Synodum
1266 941 1299 979 v
1377 919 1773 979 oecumenieam
1827 916 1944 969 haec

357 1016 555 1071 eadem
618 1016 787 1071 verba
852 1016 1144 1070 Theodoro
1204 1016 1592 1084 M0psuesteno
1647 1007 1938 1070 tribuisse,

359 1108 600 1176 indeque
618 1108 797 1176 ipsum
811 1106 1151 1161 Nestorianre
1174 1104 1526 1175 blasphemiae
1546 1116 1701 1155 reum
1724 1100 1938 1153 fecisse.

358 1200 415 1253 5°
446 1198 595 1253 Nihil
638 1213 800 1267 posse
831 1197 940 1252 dici
973 1213 1072 1267 pro
1112 1197 1438 1252 Nestoriana
1469 1191 1664 1248 haeresi
1696 1189 1901 1246 clarius
1923 1228 1936 1253 ,

358 1305 524 1359 quam
553 1287 701 1358 quod
746 1306 764 1339 ‹
797 1287 917 1342 sine
946 1278 1046 1342 sua
1073 1301 1309 1357 persona
1337 1283 1491 1340 nefas
1523 1283 1593 1338 sit
1624 1291 1942 1337 asseverare

358 1378 744 1433 substantiam.
800 1396 818 1428 ι
857 1378 914 1431 4⁸
946 1377 1335 1446 Fragmentum
1391 1374 1496 1428 hoc
1559 1386 1681 1427 esse
1726 1375 1941 1423 tantum

360 1470 689 1540 particulam
710 1468 860 1533 libri,
884 1484 995 1538 quo
1026 1467 1228 1523 Marius
1248 1466 1514 1521 Mercator
1529 1461 1941 1517 Theodoretum

358 1569 583 1617 accusat
622 1560 935 1617 Nestoriani
967 1559 1175 1614 erroris
1198 1599 1212 1623 ,
1262 1572 1500 1627 eumque
1533 1554 1606 1610 ait
1666 1573 1684 1605 ε
1721 1551 1942 1606 diabolo

360 1654 657 1723 instigante
679 1651 1073 1721 conscripsisse
1100 1650 1272 1705 libros
1299 1648 1564 1703 adversus
1597 1644 1654 1701 S.
1673 1642 1939 1715 Cyrillum

358 1752 682 1800 etsanctum
715 1743 1007 1799 concilium
1034 1740 1395 1810 Ephesinum.
1428 1758 1445 1791 ι

422 1836 688 1893 Producit
744 1835 890 1891 idem
942 1841 1229 1889 accusator
1262 1833 1496 1895 litteras,
1526 1830 1727 1901 quibus
1752 1828 1935 1882 Theo-

356 1931 589 1985 doretus
616 1926 846 1981 afﬁrmat
877 1924 1189 1980 Nestorium
1229 1943 1247 1974 (
1275 1922 1415 1977 nihil
1448 1921 1554 1976 nisi
1587 1935 1774 1975 sanam
1811 1918 1940 1972 doc-

363 2023 571 2076 trinam
621 2019 858 2083 novisse,
896 2018 922 2068 ⁷»
988 2025 1047 2071 ut
1093 2016 1146 2070 in
1181 2015 1342 2082 epist.
1394 2013 1429 2066 2
1484 2011 1553 2066 ad
1601 2010 1933 2074 llimerium;

365 2134 383 2165 ι
406 2114 604 2182 dogma
626 2108 868 2167 Nestorii
898 2122 1017 2163 esse
1044 2108 1214 2177 ipsam
1244 2106 1525 2176 pietatem,
1560 2121 1579 2155 ι
1610 2110 1667 2157 ut
1694 2102 1751 2156 in
1773 2100 1934 2171 epist.

358 2206 427 2261 ad
451 2204 727 2260 Andream
755 2202 1191 2263 Samosatenum,
1225 2217 1243 2249 (
1270 2214 1327 2252 se
1357 2212 1468 2252 non
1502 2209 1661 2266 posse
1689 2206 1937 2247 commu-

359 2298 585 2352 nionem
605 2294 808 2349 habere
832 2306 957 2346 eum
983 2291 1070 2351 iis,
1105 2289 1199 2360 qui
1224 2288 1419 2357 dogma
1448 2283 1687 2342 Nestorii
1715 2282 1938 2338 damna-

359 2389 561 2453 verint,
591 2405 610 2439 ι
642 2386 768 2441 utin
790 2384 949 2454 epist.
975 2383 998 2435 i
1032 2381 1098 2436 ad
1130 2379 1454 2435 llimerium.

936 2475 951 2495 ⁹
973 2487 1199 2528 vmiuus
1232 2486 1378 2525 eam.

431 2569 522 2626 Vl.
556 2569 686 2623 Post
707 2565 1018 2629 Iudicatum
1048 2563 1370 2632 abrogatum
1398 2600 1412 2626 ,
1458 2573 1583 2615 cum
1610 2557 1789 2612 adhuc
1817 2571 1939 2610 ver-

358 2669 582 2732 saretur
604 2655 1106 2725 Constantinopoli,
1147 2653 1449 2722 quintaque
1486 2649 1727 2720 synodus
1772 2646 1941 2701 habe-

359 2764 538 2817 retur,
580 2752 649 2806 ab
693 2752 1020 2820 imperatore
1065 2744 1376 2801 Iustiniano
1414 2742 1787 2810 interrogatus
1830 2747 1936 2801 est,

1594 258 1690 319 DE
1730 256 1908 317 FIDE
1942 254 2432 316 THEODORETI

438 376 520 434 Ad
544 376 691 430 hunc
712 374 894 431 locum
923 376 1153 432 observa
1178 391 1192 428 :
1219 375 1273 430 l°
1304 374 1462 442 Quod
1502 386 1759 445 magnum
1789 367 1941 424 addit
1970 372 2015 428 Α
2044 382 2169 424 cum
2198 375 2478 439 assumpta
2499 380 2665 422 carne
2709 380 2818 421 una
2848 361 3235 437 permanserit,
3274 374 3622 433 permaneat-

2050 475 2154 529 que
2177 458 2531 514 subsistentia
2569 458 2690 513 sine
2726 472 2999 529 persona;
3036 454 3330 510 anathema
3356 454 3446 509 sit.

2118 551 2173 606 5.
2218 550 2274 606 Si
2296 551 2421 621 quis
2444 565 2607 607 voces
2632 549 2974 621 evangelicas
2995 556 3054 602 et
3080 547 3409 618 apostolicas
3437 548 3492 606 in
3515 564 3627 605 uno

2048 643 2272 699 Christo
2297 644 2372 698 ita
2399 642 2628 708 dividat,
2657 654 2719 697 ut
2742 642 2907 697 etiam
2932 648 3250 695 naturarum
3276 638 3331 692 in
3354 638 3473 709 ipso
3500 641 3624 695 uni.

2049 745 2229 791 tarum
2261 735 2588 791 divisionem
2618 734 2964 797 introducat;
2994 731 3289 790 anathema
3318 730 3411 785 sit.

2117 828 2169 881 4.
2203 825 2260 881 Si
2297 827 2421 896 quis
2460 842 2632 881 unum
2660 826 2847 882 Iesum
2888 823 3169 879 Christum
3195 837 3387 877 verum
3416 821 3535 887 Dei,
3570 830 3620 876 et

2048 918 2303 973 eumdem
2334 918 2511 987 ipsum
2538 932 2733 972 verum
2766 914 3008 969 hominis
3038 914 3261 977 Filium,
3310 911 3623 968 futurorum

2051 1009 2435 1080 ignorantiam,
2456 1017 2551 1063 aut
2580 1008 2687 1062 diei
2716 1006 2896 1060 ultimi
2920 1004 3115 1075 judicii
3154 1004 3414 1058 habuisse
3456 1003 3623 1068 dicat,

2049 1109 2105 1156 et
2143 1108 2289 1155 tanta
2313 1100 2453 1156 seire
2474 1100 2738 1169 potuisse,
2765 1104 2968 1167 quanta
2986 1098 3038 1151 ei
3067 1095 3251 1151 Deitas
3284 1097 3442 1166 quasi
3465 1096 3621 1150 alteri

2050 1189 2265 1245 cuidam
2291 1190 2624 1254 inhabitans,
2650 1188 2956 1253 revelabat;
2986 1187 3276 1241 anathema
3297 1185 3368 1239 sit

2119 1282 2172 1337 5.
2205 1281 2262 1336 Si
2286 1281 2409 1351 quis
2447 1280 2583 1335 illud
2608 1279 2876 1349 Apostoli,
2905 1278 3053 1348 quod
3080 1287 3164 1333 est
3185 1278 3245 1331 in
3278 1277 3525 1347 Epistola
3549 1276 3617 1330 ad

2049 1369 2305 1424 Hebraeos
2336 1409 2351 1435 ,
2401 1368 2630 1433 dictum,
2677 1366 2828 1432 Quod
2856 1366 3212 1437 experimento
3244 1367 3481 1437 cognovit
3508 1365 3625 1420 obe-

2048 1458 2323 1523 dientiam,
2355 1467 2538 1511 etcum
2566 1455 2799 1510 clamore
2821 1456 2945 1526 forti
2966 1462 3013 1509 et
3040 1454 3285 1526 lacrymis
3308 1469 3481 1524 preces
3500 1469 3626 1523 sup-

2048 1549 2461 1620 plicationesque
2506 1547 2694 1601 obtulit
2743 1548 2812 1601 ad
2849 1547 3040 1611 Deum,
3078 1547 3169 1617 qui
3216 1544 3422 1599 salvum
3455 1551 3623 1614 posset

2048 1658 2164 1696 eum
2197 1660 2229 1696 a
2260 1650 2425 1696 morte
2456 1642 2627 1711 facere
2652 1639 2702 1706 ἀ,
2726 1645 2986 1709 tanquam
3014 1638 3163 1693 nudo
3188 1636 3390 1691 deitate
3405 1635 3624 1691 Christo

1976 1723 2019 1783 Β
2047 1735 2336 1805 deputans,
2363 1734 2456 1804 qui
2476 1732 2760 1789 laboribus
2789 1731 3012 1786 virtutis
3037 1728 3314 1801 perfectus
3343 1728 3433 1792 sit,
3469 1733 3530 1781 ut
3556 1742 3623 1784 ex

2042 1828 2147 1882 hoc
2167 1826 2307 1882 duos
2334 1826 2685 1881 introducere
2718 1823 2995 1888 Christos,
3025 1823 3111 1877 vel
3162 1822 3301 1877 duos
3341 1820 3510 1876 Filios
3538 1818 3623 1873 vi-

2040 1919 2255 1984 deatur,
2286 1927 2343 1973 et
2377 1933 2485 1973 non
2508 1932 2678 1971 unum
2706 1916 3072 1983 eumdemque
3110 1898 3286 1968 credit
3315 1911 3413 1967 Dei
3434 1918 3490 1966 et
3519 1910 3622 1965 ho-

2040 2011 2205 2064 minis
2234 2009 2455 2075 Filium,
2474 2024 2542 2064 ex
2572 2007 2788 2063 duabus
2819 2014 2876 2062 et
2914 2006 2971 2060 in
3000 2003 3216 2059 duabus
3237 2002 3452 2058 naturis
3478 2001 3623 2059 inse-

2040 2103 2378 2173 parabilibus
2413 2100 2777 2170 indivisisque
2806 2096 3180 2155 conﬁtendum
3204 2105 3366 2166 atque
3389 2093 3622 2151 adoran-

2040 2195 2169 2250 dum
2192 2193 2518 2259 ;anathema
2542 2192 2631 2246 sit.
2680 2209 2700 2243 ›
3168 2200 3185 2207 '

2108 2284 2518 2341 Observandum
2563 2284 2605 2347 l,
2632 2282 2914 2352 Vigilium,
2967 2293 3244 2335 summum
3276 2276 3619 2348 pontiﬁcem,

2026 2384 2105 2433 ‘ex
2133 2392 2200 2433 eo
2263 2376 2410 2447 quod
2470 2376 2594 2445 quis
2646 2374 2912 2428 unionem
2955 2380 3281 2425 naturarum
3316 2366 3621 2425 secundum

2040 2468 2476 2532 subsistentiam,
2502 2466 2624 2520 καθ’
2664 2464 2981 2527 ὑπόστασιν,
3007 2471 3190 2532 neget,
3224 2468 3371 2515 recte
3389 2458 3619 2525 inferre,

2040 2563 2109 2618 ab
2154 2578 2221 2618 eo
2254 2560 2405 2616 credi
2442 2577 2455 2613 :
2490 2559 2545 2612 1ο
2575 2558 2805 2613 Beatam
2858 2552 3139 2624 Virginem
3185 2566 3299 2606 non
3328 2565 3479 2615 vere,
3525 2546 3623 2604 sed

2038 2670 2173 2711 voce
2201 2664 2359 2709 tenus
2380 2649 2645 2721 appellari
2676 2646 2775 2702 Dei
2819 2645 3179 2701 Genitricem.
3213 2643 3270 2697 2°
3294 2641 3537 2698 Verbum
3566 2638 3623 2695 in

2040 2747 2259 2804 Christo
2282 2760 2395 2800 non
2435 2740 2747 2797 inhabitare
2801 2738 2984 2803 aliter,
3022 2750 3186 2806 quam
3228 2733 3382 2788 velut
3419 2730 3478 2786 in
3511 2743 3624 2785 uno

358 2847 494 2919 quid
534 2844 765 2899 SCDlil‘Cl
810 2841 875 2896 de
910 2837 1259 2893 Τιιροόοτοιο
1280 2877 1294 2900 ,
1325 2842 1381 2890 et
1413 2833 1633 2903 SCl‘ipliS
1661 2833 1729 2886 ab
1754 2845 1820 2886 CO
1846 2830 1941 2883 ad-
2036 2841 2333 2911 justol-um’
2361 2845 2524 2906 atque
2544 2834 2682 2888 adeo
2708 2846 2819 2886 non
2843 2845 2966 2885 esse
2995 2842 3156 2883 unam
3190 2840 3317 2881 cum
3333 2838 3499 2879 came
3526 2835 3625 2877 sua

360 2918 559 2994 versus
592 2933 830 3004 capitula
858 2928 1049 3002 Cyrilli
1082 2927 1246 2982 editis
1266 2968 1279 2990 ,
1338 2922 1643 2994 respondit,
1685 2921 1814 2975 dato
1871 2918 1940 2973 ad

2040 2929 2474 2986 subsistentiam.
2502 2927 2558 2980 5°
2586 2923 2886 2979 Fatendum
2913 2920 3243 2975 divisionem
3275 2924 3621 2978 naturarum,

359 3032 751 3101 imperatorem
770 3022 1102 3084 Constituto,
1133 3019 1335 3088 scripta
1364 3015 1585 3087 quidem
1627 3028 1749 3068 esse
1790 3011 1940 3066 dam-

2042 3021 2259 3092 partitis
2286 3019 2515 3075 vocibus
2542 3013 2897 3085 evangelicis.
2933 3012 2989 3066 ιο
3021 3010 3263 3066 Verbum
3287 3006 3505 3063 Christo
3531 3019 3623 3060 re-

361 3123 577 3184 nanda,
630 3119 758 3189 quia
799 3115 1128 3171 videbantur
1190 3127 1310 3166 esse
1360 3116 1549 3165 contra
1580 3107 1775 3172 ﬁdem;
1806 3120 1933 3174 per-

364 3230 552 3277 sonam
598 3225 733 3265 vero
768 3207 917 3263 nulla
949 3211 1079 3260 nota
1113 3202 1474 3265 aﬁiciendam,
1520 3208 1747 3269 propter
1780 3211 1938 3251 reve-

364 3305 598 3360 rentiam
646 3316 753 3355 non
810 3306 1021 3352 tantum
1060 3293 1252 3367 synodi
1287 3288 1774 3351 Chalcedonensis,
1813 3301 1935 3356 quae

369 3395 681 3465 depositum
713 3406 744 3445 a
774 3390 1038 3445 Dioscoro
1089 3391 1395 3454 receperat,
1433 3381 1528 3437 sed
1562 3381 1730 3436 etiam
1755 3378 1941 3433 Eccle-

364 3490 463 3546 sia:
493 3487 777 3549 universae,
812 3483 867 3537 in
917 3481 1074 3551 cujus
1106 3493 1235 3550 pace
1277 3477 1425 3531 diem
1453 3483 1756 3530 extremum
1788 3471 1939 3526 clau-

362 3587 534 3636 serat.
566 3576 764 3644 Quare,
799 3574 1018 3629 laudata
1042 3585 1296 3642 persona,
1327 3568 1419 3622 illa
1441 3566 1685 3636 quinque
1713 3563 1931 3641 damna-

364 3671 447 3727 vit
467 3671 537 3737 ”,
562 3684 681 3740 qua:
705 3665 913 3737 synodo
930 3664 1111 3718 oblata
1131 3678 1197 3717 ex
1212 3657 1732 3730 reprehensionibus
1755 3655 1939 3725 primi,

364 3758 619 3823 secundi,
647 3756 851 3828 quarti,
882 3752 1193 3821 decimique
1218 3747 1504 3821 Cyrilliani
1525 3746 1724 3818 capitis
1748 3761 1941 3801 excer-

364 3862 456 3924 pta
489 3850 709 3906 fuerant
737 3867 751 3902 ε
780 3845 1095 3903 damnavit.
1121 3844 1344 3912 inquam
1364 3880 1377 3905 ,
1430 3843 1505 3895 ita
1542 3848 1605 3895 ut
1625 3855 1733 3893 non
1772 3839 1942 3894 solam

367 3940 701 3997 Theodoreti
724 3934 1072 3999 sententiam,
1102 3931 1197 3988 sed
1216 3931 1448 4002 ipsamct
1462 3928 1759 4003 aliquando
1773 3929 1943 3984 verba

367 4033 591 4090 referat.

434 4124 487 4178 1.
526 4142 544 4175 ι
581 4121 640 4176 Si
666 4119 811 4190 quis,
836 4125 1051 4174 servata
1077 4113 1600 4172 inconvertibilitatc
1625 4119 1835 4166 naturae
1858 4124 1944 4164 ui-

368 4215 531 4277 vinm,
559 4227 671 4267 non
697 4210 993 4266 conﬁtetur
1038 4209 1277 4264 Verbum
1296 4219 1517 4261 carnem
1552 4203 1773 4265 factum,
1796 4208 1850 4255 et
1878 4215 1944 4255 ex

368 4305 486 4374 ipsa
506 4301 868 4370 conceptione
894 4298 961 4353 de
980 4307 1137 4352 utero
1160 4294 1433 4366 Virginis,
1481 4292 1647 4365 459
1692 4291 1943 4345 humanae

2043 3115 2247 3178 velare,
2303 3126 2425 3181 quae
2456 3110 2595 3174 vult,
2654 3115 2913 3174 tanquam
2966 3101 3126 3156 alteri
3157 3098 3399 3162 cuidam,
3431 3096 3487 3151 in
3514 3111 3625 3167 quo

2040 3205 2271 3260 habitet.
2307 3203 2361 3257 5°
2402 3202 2549 3256 Duos
2585 3198 2767 3268 reipsa
2789 3210 2912 3251 esse
2949 3192 3220 3257 Christos,
3252 3190 3501 3259 duosque
3529 3186 3623 3244 Fi-

2038 3297 2163 3361 lios,
2220 3310 2346 3351 cum
2386 3293 2525 3349 alter
2549 3289 2909 3360 supplicasse,
2946 3286 3087 3341 alter
3121 3283 3361 3339 salvasse
3398 3279 3622 3336 dicitur.

2039 3389 2165 3445 Haec
2189 3388 2339 3444 enim
2382 3402 2451 3441 ex
2478 3382 2768 3454 negatione
2795 3378 3018 3435 unionis
3051 3376 3171 3433 καθ’
3200 3375 3498 3430 ὑπόστασιν
3531 3387 3623 3428 se-

2040 3477 2157 3552 qui,
2187 3492 2352 3534 nemo
2376 3474 2700 3532 Catholicus
2729 3486 2843 3527 non
2867 3469 3041 3526 videt.

2110 3567 2527 3627 Observandum
2558 3565 2625 3629 ll,
2663 3563 3074 3619 Theodoretum
3119 3556 3464 3631 apertissime
3497 3554 3626 3627 reji-

2041 3677 2168 3719 cere
2192 3662 2452 3716 unionem
2476 3652 2874 3728 hypostatieam
2902 3670 2915 3708 :
2942 3654 3053 3724 Τὴν
3079 3651 3138 3705 δὲ
3176 3649 3298 3705 καθ’
3327 3648 3624 3701 ὑπόστασιν

2041 3754 2232 3808 ἕνωσιν
2246 3750 2585 3805 παντάπασιν
2604 3744 2798 3810 ἁγνοοῦ
2807 3761 2927 3815 μεν,
2946 3742 3020 3807 ὡς
3043 3740 3198 3811 ξένην
3219 3740 3314 3794 καὶ
3328 3737 3623 3807 ἀλλόφυλον

2042 3844 2149 3898 τῶν
2206 3840 2366 3895 Θεὶων
2417 3836 2673 3909 Γραφῶν,
2707 3834 2801 3889 καὶ
2830 3832 2939 3886 τῶν
2972 3830 3174 3894 ταύτας
3196 3827 3622 3901 ἡρμηνευκότων

2044 3934 2321 4006 Πατέρων.
2361 3931 2432 3986 Et
2465 3936 2656 4001 postea
2692 3942 2706 3980 :
2738 3923 2972 3998 Περιττὴ
3009 3922 3191 3976 τοίνυν
3216 3924 3249 3990 ἡ
3305 3920 3426 3975 καθ’
3462 3917 3618 4006 ὑπό-

2045 4005 2233 4081 στασιν
2285 4023 2500 4086 ἓνωσις,
2536 4021 2601 4091 ἣν
2630 4016 2752 4072 dmi.
2794 4014 3043 4087 κράσεως
3073 4014 3203 4085 ἡμῖν
3228 4052 3245 4076 ,
3297 4010 3373 4075 ὡς
3431 4005 3583 4082 οἶμαι
3606 4045 3624 4074 ,

2047 4114 2463 4188 προϐάλλονται,
2493 4121 2603 4166 etc.
2637 4110 2707 4164 ⁸⁷.

2112 4203 2529 4263 Observandum
2558 4201 2648 4265 Ill,
2679 4198 2899 4269 quoties
2924 4196 3100 4252 fervet
3126 4195 3311 4265 aliqua
3358 4192 3620 4264 quaestio,

2046 4298 2216 4369 ﬁtque
2238 4310 2405 4365 super
2431 4309 2496 4348 ea
2525 4290 2791 4347 discessio
2824 4289 2884 4344 in
2925 4296 3131 4359 partes,
3171 4302 3275 4343 nec
3328 4284 3435 4339 nisi
3461 4283 3624 4338 unica

368 4406 579 4450 natura:
602 4392 703 4447 sibi
731 4389 1036 4447 secundum
1067 4386 1479 4443 subsistentiam
1512 4384 1752 4439 univisse
1786 4382 1941 4453 prin-
1971 4400 2013 4459 (ζ
2046 4388 2282 4445 formula
2308 4392 2490 4457 potest
2517 4384 2643 4453 quis
2675 4381 3039 4439 indubitatam
3064 4379 3252 4434 dicere
3278 4392 3379 4446 pro
3393 4374 3626 4431 veritate

372 4485 545 4554 cipia;
611 4481 705 4537 sed
740 4490 998 4550 tanquam
1046 4494 1171 4534 cum
1209 4479 1508 4533 exsistente
1550 4476 1665 4546 jam
1720 4473 1945 4527 homine

373 4577 541 4631 fuerit
567 4576 712 4629 Deus
746 4573 1021 4637 Verbum;
1050 4579 1111 4624 ut
1137 4585 1237 4640 per
1264 4570 1370 4623 hoc
1419 4574 1607 4622 saneta
1642 4564 1805 4635 Virgo
1836 4578 1945 4618 non

371 4682 502 4722 vere
527 4665 626 4720 Dei
650 4664 888 4737 genitrix
917 4676 1038 4717 esse
1062 4658 1449 4725 credatur,sed
1475 4658 1642 4712 verbo
1670 4664 1832 4710 tenus
1853 4669 1947 4723 ap-

374 4759 640 4827 pelletur;
669 4757 960 4812 anathema
986 4755 1077 4809 sit.

436 4850 493 4903 Ξ.
520 4848 576 4903 Si
607 4849 731 4919 quis
762 4846 1064 4902 secundum
1108 4843 1517 4900 subsistentiam
1548 4840 1813 4895 unitatem
1847 4852 1949 4892 na-

374 4948 627 4995 turarum
670 4939 725 4994 in
773 4938 993 4995 Christo
1019 4938 1218 4994 factam
1261 4937 1527 5005 denegat;
1555 4934 1650 4987 sed
1700 4947 1949 4987 seorsum

374 5030 905 5096 essistemihomini,
925 5039 1183 5101 tanquam
1213 5028 1307 5083 uni
1338 5028 1606 5097 iustorum
1644 5024 1949 5079 inhabitare

374 5119 551 5174 Dwm
584 5119 845 5184 Verbum,
890 5129 947 5175 et
990 5136 1102 5175 non
1151 5121 1225 5175 ita
1272 5118 1598 5174 conﬁteatur
1626 5127 1950 5172 naturarum

376 5211 644 5267 unitatem
673 5213 974 5268 secundum
998 5212 1429 5277 subsistentiam,
1462 5218 1523 5265 ut
1550 5211 1695 5265 Deus
1708 5210 1951 5265 Verbum

446 5366 473 5408 δ
513 5368 679 5424 Hebr.
716 5386 768 5436 v,
812 5372 862 5424 7.

2048 4479 2397 4540 sententiam,
2432 4475 2595 4546 560
2626 4488 2753 4528 eum
2772 4474 2971 4529 merito
2996 4468 3263 4531 accusari,
3298 4466 3446 4535 quod
3479 4463 3627 4519 veri-

2052 4572 2151 4627 tati
2207 4566 2519 4630 dissentiat,
2548 4565 2641 4635 qui
2675 4563 2915 4617 noluerit
2970 4566 3193 4625 recepta
3246 4555 3481 4610 formula
3519 4553 3620 4608 uti.

2051 4661 2215 4732 Atqui
2241 4657 2551 4715 Catholicos
2586 4656 2730 4709 inter
2762 4660 2819 4708 et
2839 4648 3194 4706 Nestorianos
3227 4653 3373 4700 mota
3396 4645 3627 4716 quazstio

2052 4761 2173 4811 erat
2199 4753 2267 4807 de
2302 4750 2506 4804 unione
2530 4754 2849 4802 naturarum
2879 4743 2932 4798 in
2974 4740 3195 4797 Christo
3219 4756 3232 4793 :
3259 4753 3421 4793 nemo
3448 4736 3628 4807 potuit

2053 4862 2112 4901 se
2137 4842 2445 4898 indubitato
2478 4838 2586 4893 alio
2625 4842 2950 4908 argumento
2978 4830 3326 4888 Catholieum
3361 4828 3625 4899 probare,

2048 4950 2212 5007 quam
2281 4930 2623 4987 confessione
2678 4926 2901 4982 unionis
2966 4922 3087 4977 καθ’
3155 4920 3489 4983 ὑπόστασιν,
3530 4932 3628 4972 seu

2053 5030 2306 5098 φυσικῆς,
2360 5024 2503 5079 inter
2537 5022 2674 5075 duas
2706 5020 2945 5088 integras
2993 5023 3220 5070 naturas
3261 5030 3275 5065 :
3324 5011 3446 5067 aliae
3477 5009 3626 5064 enim

2051 5133 2245 5173 omnes
2271 5114 2519 5170 formula:
2547 5109 2687 5165 trahi
2726 5113 2956 5179 possunt
2998 5106 3054 5159 in
3087 5101 3475 5158 Nestorianum
3499 5114 3628 5155 sen-

2054 5223 2197 5262 sum.
2253 5202 2642 5260 Ncstorianum
2691 5197 2855 5267 igitur
2906 5210 2963 5249 sc
3007 5192 3320 5263 proﬁtetur,
3377 5188 3629 5261 quisquis

3106 5300 3141 5330 α

1725 5463 2042 5520 δωιυιλιι
2082 5460 2307 5517 NOTAE.

454 5625 502 5655 ⁸⁸
538 5627 656 5681 Vid.
685 5645 869 5699 supra.
901 5644 954 5698 ιι.
984 5627 1107 5681 2H.
1185 5623 1227 5654 ⁸⁷
1263 5620 1503 5690 Uterque
1529 5618 1679 5671 locus
1722 5621 1891 5668 exstat
1925 5611 1977 5667 in
2026 5609 2465 5679 chrchcnsione
2504 5605 2795 5662 Anathem.
2871 5605 2923 5660 2.
2994 5604 3113 5663 Vid.
3169 5618 3356 5675 supra,
3412 5617 3531 5676 pag.
3567 5600 3633 5658 t0

383 5709 505 5765 seq.
