4078 6160
441 159 550 252 έοτ

1555 167 1934 243 GARNERH
1973 165 2469 242 DISSERTATIO
2507 182 2618 242 111.

3596 172 3703 239 ωδ

443 290 705 363 unionem
740 287 862 356 ἐᾶθ’
889 287 1184 354 ﬁndat-mia:
1229 289 1482 352 confiteri
1505 293 1791 360 abnuerit;
1825 291 2017 349 abnuit
2045 302 2092 357 Α
2120 295 2607 365 reprehensionem
2659 292 2950 348 duodecim
2985 290 3365 360 Capitulorum
3400 289 3459 345 S.
3487 289 3698 360 Cyrilli,

447 413 576 454 vero
606 393 810 466 apertis
836 378 1220 461 διέργεςείὲᾷυὲ
1243 378 1430 444 verbis
1459 368 1857 438 Theoderetus.

796 513 988 587 autem
1003 533 1230 576 smonus
1253 515 1596 574 uacuus-stes.

514 660 623 714 vn.
659 652 948 712 Conciliiv'
972 632 1183 718 Pati-es",
1221 656 1346 722 post
1396 651 1566 706 multa
1602 645 1719 704 tum
1748 645 1814 704 ex
1840 646 2019 712 libris,

448 760 561 804 tum
592 757 659 803 ex
673 743 923 817 epistolis
945 737 1278 816 Theodoreti
1313 739 1570 806 adducta,
1600 735 1764 811 atque
1785 737 1856 793 ad
1890 739 2021 793 exa-

449 845 574 895 men
610 821 830 901 vo‘cat'a;
860 833 976 891 haec
1003 819 1120 905 ipsa
1146 834 1367 889 tandem
1400 843 1609 888 canone
1635 845 1728 886 χιιι
1760 828 2022 884 condem-

449 925 727 986 narunt“
747 969 759 982 .
796 945 813 979 ι
837 925 894 982 Si
918 927 1043 996 quis
1069 915 1317 980 defendit
1340 915 1507 994 impia
1534 921 1869 978 Theodoreti
1893 935 2025 976 con-

450 1023 674 1092 scripta,
698 1036 820 1090 qua:
845 1028 1038 1074 contra
1060 1013 1222 1072 iidem
1252 1023 1458 1072 rectam
1488 1024 1546 1071 et
1572 1022 1765 1070 contra
1790 1013 2026 1084 primam

451 1101 782 1182 Ephesiuam
808 1115 1050 1164 sanctam
1074 1095 1362 1178 synodum,
1380 1111 1436 1160 et
1469 1113 1720 1160 sanctum
1735 1102 2023 1174 Cyrillum,

451 1213 507 1258 ct
530 1201 820 1257 duodecim
852 1200 972 1271 ejus
1010 1186 1249 1269 capitula
1292 1193 1566 1267 e'Xposuit,
1596 1204 1652 1250 et
1689 1191 1874 1249 omnia
1906 1191 2028 1261 quae

455 1287 779 1362 conscripsit
818 1283 916 1362 pro
945 1288 1240 1370 Theodoro
1264 1293 1321 1343 et
1342 1277 1594 1342 Nestorio
1619 1277 1823 1354 impiis,
1847 1292 1904 1338 et
1926 1279 2029 1354 prd

454 1384 596 1449 aliis,
632 1377 726 1454 qui
766 1379 959 1437 eadem
998 1364 1274 1452 p‘rmd'i’ctis
1302 1376 1594 1433 Theodoro
1633 1379 1650 1396 ‘
1681 1384 1737 1431 et
1775 1373 2029 1430 Nestorio

456 1470 777 1546 sapuerunt,
821 1469 1120 1530 defendens
1155 1477 1252 1528 eos
1288 1479 1342 1525 et
1374 1463 1948 1539 eorumim'pietatem,
1973 1474 2032 1522 et

455 1558 679 1642 propter
702 1565 809 1621 hoc
853 1563 1049 1634 impios
1076 1561 1278 1616 vo‘cans
1321 1554 1576 1615 doctores
1606 1558 1886 1621 Recleslae,
1933 1555 2029 1626 qui

2121 386 2423 456 apoIOgiam
2480 401 2582 456 pro
2625 381 2866 440 Diodoro
2913 392 2971 439 et
3018 382 3339 452 Theodoro,
3380 382 3699 436 concionem

2120 475 2622 532 Chalcedonensem
2642 486 2697 531 et
2717 473 3011 546 epistolas:
3041 473 3184 529 unde
3207 486 3466 544 magnum
3488 471 3700 542 pondus

2123 569 2468 626 auctoritatis
2493 569 2714 626 additur
2741 567 3012 638 excerptis
3040 565 3192 622 Marii
3218 564 3556 627 Mercatoris,
3592 579 3702 633 quo

2123 659 2362 733 primum
2398 662 2678 718 indicante
2705 702 2720 727 ,
2778 659 3171 715 nonnullorum
3215 656 3487 730 ejusmodi
3533 656 3705 710 libro--

2125 773 2268 822 rum,
2293 764 2385 812 aut
2413 754 2665 810 notitiam
2687 752 2975 816 habemus,
3011 757 3105 805 aut
3129 748 3449 819 fragmenta.

2175 852 2228 906 4.
2247 851 2408 913 Eum,
2425 846 2517 918 qui
2536 843 2957 914 defenditimpia
2973 841 3305 898 Theodoreti
3321 841 3548 910 scripta,
3569 849 3698 904 etc.,

2125 937 2470 998 anathemate
2494 952 2526 992 a
2551 945 2663 992 tota
2692 935 2936 990 Ecclesia
2967 932 3197 1004 percelli
3229 949 3242 987 :
3269 929 3403 1001 quid
3427 931 3576 986 enim
3618 938 3704 985 cst

2125 1030 2393 1102 synodum
2431 1026 2700 1096 recipere,
2755 1023 2902 1094 quod
2939 1023 3069 1079 fecit
3107 1022 3353 1077 Ecclesia
3390 1021 3696 1083 catholica,

2127 1121 2233 1176 nisi
2256 1119 2328 1184 ei,
2364 1133 2490 1174 cum
2521 1117 2576 1171 in
2599 1114 2915 1186 rejiciendis
2937 1129 3002 1168 ac
3021 1109 3474 1173 condemnandis,
3503 1118 3618 1164 tum
3646 1109 3700 1163 in

2129 1211 2460 1282 recipiendis
2491 1208 2810 1265 hominibus
2837 1213 3138 1274 eorumque
3167 1203 3328 1258 libris
3353 1202 3703 1257 consentire?

2129 1297 2383 1359 Defendit
2417 1303 2598 1356 autem
2624 1301 2825 1370 scripta
2852 1299 2966 1353 haec
2992 1296 3176 1366 impia,
3205 1293 3460 1364 quisquis
3478 1301 3705 1347 conten-

2129 1393 2211 1448 dit
2264 1389 2401 1446 nihil
2451 1406 2481 1445 a
2539 1389 2887 1444 Theodereto
2939 1395 3130 1442 contra
3170 1382 3332 1438 ﬁdem
3380 1380 3705 1437 catholicam

2130 1491 2250 1540 esse
2299 1482 2585 1552 scriptum.
2619 1479 2761 1546 Quid
2814 1487 2947 1548 ergo
2984 1461 3079 1532 ﬁet
3105 1472 3438 1530 Theodoreti
3472 1471 3703 1541 quibus-

2132 1577 2258 1632 dam
2282 1576 2438 1646 quasi
2455 1571 2798 1628 idololatris'!
2825 1565 2957 1640 quid
2989 1567 3198 1638 nupero
3245 1563 3488 1619 historia:
3529 1561 3705 1618 eccle-

457 1641 720 1715 anitatem
739 1651 1040 1712 secundum
1066 1651 1498 1714 Subsistcntiam,
1526 1649 1721 1703 ἕνωσιν
1747 1647 1869 1701 καθ’
1895 1648 2030 1700 ὑπό·
2062 1641 2105 1698 Β
2132 1641 2365 1725 δίθειίέω
2383 1663 2669 1734 interpreti
2693 1661 2937 1718 Gallico?
2960 1659 3148 1728 Neque
3171 1657 3318 1712 enim
3341 1666 3522 1711 causa
3547 1652 3706 1723 quid-

457 1753 665 1811 άταάιν,
699 1744 797 1822 Dei
822 1743 986 1812 Verbi
1036 1743 1105 1798 ad
1153 1754 1376 1797 carnem
1435 1733 1791 1803 conﬁtentur,
1832 1745 2029 1792 etnon

453 1829 878 1892 anathematiiat
904 1837 989 1899 ea,
1022 1837 1079 1888 et
1105 1843 1201 1888 eos
1234 1831 1329 1902 qui
1380 1830 1582 1885 similia
1620 1829 1702 1883 eis
1728 1832 2030 1897 sapuerunt

455 1927 539 1984 vel
571 1924 828 2000 sapiunt;
864 1925 1089 1998 insuper
1125 1931 1310 1979 autem
1354 1931 1410 1978 et
1435 1915 1628 1976 omnes
1667 1918 1762 1990 qui
1794 1919 2030 1988 scripse-

457 2014 585 2072 runt
642 2017 832 2072 contra
868 2014 1064 2079 tidem,
1114 2021 1170 2068 et
1203 2018 1451 2067 sanctum
1497 2009 1784 2082 Cyrillum,
1813 2013 1870 2062 et
1896 2006 2034 2061 duo-

455 2110 635 2164 decim
669 2109 789 2179 ejus
828 2106 1089 2177 capitula,
1123 2113 1180 2160 et
1235 2117 1406 2172 usque
1444 2097 1512 2156 ad
1562 2109 1797 2156 mortem
1838 2100 1894 2154 in
1935 2098 2028 2154 tali

456 2195 734 2269 impietate
759 2200 1210 2268 permanserunt;
1260 2187 1382 2248 talis
1422 2192 1712 2246 anathema
1741 2190 1833 2245 sit.
1867 2208 1884 2241 1

522 2287 589 2345 Ut
621 2288 964 2359 expendatur
989 2285 1228 2358 gravitas
1249 2283 1477 2355 hujusce
1502 2280 1825 2344 testimonii,
1852 2294 2033 2348 operae

455 2378 692 2452 pretium
717 2385 800 2434 est
829 2359 1124 2434 obs'er‘Vare
1159 2396 1172 2432 :

529 2467 578 2527 Ι.
609 2471 864 2538 Quintam
910 2469 1175 2542 synodum
1210 2477 1362 2523 tanto
1403 2465 1656 2522 certioris
1691 2479 1810 2520 esse
1839 2471 2032 2518 aucto-

457 2559 654 2629 ritatis,
684 2567 891 2633 quanto
920 2560 1226 2616 consultius
1270 2553 1339 2614 ab
1367 2555 1613 2615 Ecclesia
1643 2555 1916 2612 catholica
1943 2569 2033 2611 re-

457 2651 613 2726 beptd
637 2647 740 2710 est.
777 2654 912 2709 Nam
946 2661 1071 2723 post
1111 2651 1591 2707 Scliismaticorum
1625 2649 1945 2704 diuturnam
1978 2655 2034 2703 et

457 2741 789 2804 dbstinatam
844 2744 1303 2816 repugnantiam,
1361 2740 1688 2798 examinatis
1742 2741 2034 2812 diligenter

457 2835 714 2894 timnibits
764 2839 885 2908 qua:
935 2821 1330 2908 obiicerentur,
1390 2835 1770 2890 annitentibus
1803 2834 2035 2889 summis

456 2919 830 3002 poniilicibus,
854 2929 1080 3000 ipseque
1121 2935 1231 3000 pra:
1259 2928 1472 2986 caeteris
1489 2929 1872 2984 vehementius
1895 2927 2030 2983 Gre-

455 3017 611 3092 gorio
651 3021 744 3084 M.,
779 3020 982 3089 ubique
1014 3030 1284 3074 terrarum
1329 3019 1628 3088 approbata
1655 3027 1758 3095 est,
1805 3025 1970 3088 atque
2004 3034 2034 3073 a

458 3102 926 3180 consequentibus
977 3110 1155 3165 tribus
1193 3107 1549 3165 acumenicis
1579 3109 1826 3165 conciliis
1860 3108 2035 3178 pluri-

459 3195 673 3270 misque
696 3199 1018 3254 nominatim
1051 3199 1403 3270 pontiﬁcibus
1422 3208 1697 3269 suscepta.

527 3292 583 3345 2.
631 3285 912 3347 Canonem
965 3305 1058 3346 x111
1106 3306 1286 3362 neque
1331 3291 1639 3347 adulatorie
1683 3290 2037 3362 desumptum

460 3399 586 3444 esse.
620 3399 688 3440 ex
739 3384 1036 3440 Iustiniani
1066 3379 1275 3453 scripto
1316 3383 1580 3437 adversus
1635 3383 1740 3437 tria
1773 3382 2036 3453 capitula,

461 3477 606 3547 quod
646 3490 756 3532 non
793 3476 954 3530 nemo
982 3489 1149 3530 ausus
1192 3472 1279 3530 est
1333 3473 1578 3540 causari;
1613 3483 1794 3542 neque
1831 3481 2036 3528 temere

461 3557 768 3632 conditum,
802 3559 967 3622 causa
1003 3567 1280 3623 incuriose
1317 3564 1567 3635 cognita,
1608 3564 1756 3634 quod
1782 3564 1928 3618 idem
1952 3571 2037 3618 te-

463 3673 613 3712 mere
645 3657 897 3726 pretulit.
927 3655 1066 3710 Nam
1091 3656 1148 3710 in
1181 3654 1498 3724 praefatione
1523 3658 1795 3708 canonum
1825 3653 2035 3718 Patres,

471 3763 489 3797 ι
529 3747 608 3800 Ex
648 3746 752 3811 his,
793 3744 1070 3814 inquitint,
1107 3760 1229 3815 qua:
1266 3744 1431 3814 impie
1455 3745 1486 3798 a
1521 3743 1869 3798 Theodoreto
1903 3757 2034 3797 con-

459 3849 546 3893 tra
573 3825 780 3892 rectam
817 3829 1000 3901 iidem,
1033 3845 1089 3890 et
1118 3836 1409 3892 duodecim
1458 3835 1696 3905 capitula
1722 3833 1776 3889 S.
1813 3834 2032 3906 Cy‘rilii,

453 3932 518 3985 et
560 3933 752 3985 eontra
797 3923 1128 3999 Ephesinam
1164 3923 1395 3999 primam
1443 3926 1741 3998 synodum,
1779 3933 1884 3981 nec
1925 3942 2035 3982 non

461 4022 710 4091 quaedam
743 4021 812 4076 ad
863 4019 1239 4074 defensionem
1271 4017 1547 4073 Theodori
1576 4026 1633 4072 et
1671 4016 1910 4072 Nestorii
1938 4017 2037 4070 im-

457 4113 682 4192 piorum
709 4111 778 4166 ab
807 4117 874 4166 eo
927 4109 1235 4180 censeripta
1269 4109 1338 4163 ad
1387 4109 1814 4164 satisfactionem
1849 4109 2036 4179 legen-

457 4203 599 4258 tium
627 4204 682 4257 in
708 4203 875 4274 gestis
907 4201 1053 4273 apud
1105 4217 1205 4257 nos
1240 4197 1506 4257 confectis
1537 4201 1757 4256 recitari
1783 4209 1842 4256 et
1869 4201 2036 4256 inseri

2129 1764 2292 1833 quam
2323 1767 2426 1823 est,
2471 1773 2571 1814 cur
2606 1772 2665 1812 se
2710 1753 3071 1812 eruditissimi
3127 1748 3405 1806 Sirmondi
3452 1746 3704 1817 exemplo

2132 1857 2390 1907 tueantur
2421 1867 2434 1903 :
2467 1849 2669 1904 fatetur
2694 1847 2842 1902 enim
2869 1846 2960 1899 ille
2988 1850 3177 1914 aperte
3219 1855 3380 1912 opus,
3398 1853 3508 1909 quo
3529 1837 3709 1891 Theo-

2130 1934 2359 2003 doretus
2397 1943 2455 1999 S.
2489 1941 2678 2013 Cyrilli
2720 1938 2969 2008 Capitula
3011 1933 3388 2006 reprehendit,
3435 1929 3707 2002 ejusmodi

2130 2048 2274 2102 esse,
2308 2055 2325 2088 ι
2359 2044 2420 2089 ut
2449 2031 2593 2104 apud
2633 2027 2754 2085 illos
2785 2031 2948 2084 etiam
3006 2027 3102 2097 qui
3129 2033 3329 2080 cetera
3360 2023 3663 2093 probarent
3687 2057 3705 2082 ,

2131 2123 2437 2184 censoriam
2475 2132 2663 2179 notam
2691 2121 3009 2176 Sustineret.
3049 2137 3067 2169 1
3107 2117 3226 2183 Quo
3257 2115 3428 2179 dicto,
3461 2111 3708 2168 ostendit

2132 2219 2215 2275 yir
2278 2215 2695 2272 cordatissimus
2737 2227 2816 2277 se,
2854 2211 2900 2266 si
2935 2219 3058 2280 quae
3104 2208 3290 2278 priora
3322 2204 3506 2259 isthoc
3539 2214 3708 2271 opere

2132 2318 2320 2381 postea
2350 2309 2497 2363 edita
2526 2314 2674 2369 sunt,
2698 2303 2946 2366 vidisset,
2988 2315 3052 2355 ea
3089 2297 3322 2369 perinde
3358 2295 3706 2366 improbatu-

2134 2417 2278 2465 rum,
2311 2415 2374 2454 ac
2413 2396 2900 2468 reprehensionem
2943 2391 3329 2462 capitulorum,
3361 2402 3523 2456 quam
3553 2383 3707 2438 velut

2134 2485 2562 2545 erubescendam
2587 2483 2877 2556 quamdam
2910 2477 3245 2536 luxuriantis
3285 2476 3494 2547 ingenii
3543 2474 3705 2529 abor-

2133 2581 2337 2637 tionem
2369 2578 2424 2633 in
2450 2575 2804 2648 appendicem
2829 2567 3036 2645 rejecit.

2433 2724 2680 2765 PELAGIUS
2709 2723 2744 2762 ll
2769 2722 2832 2760 ET
2857 2717 3146 2760 GREGONISS
3177 2715 3399 2755 MAGNUS.

2200 2843 2334 2900 Vill.
2386 2841 2556 2897 [striae
2601 2837 2840 2909 episc0pi
2891 2842 3234 2893 recesserant
3267 2849 3298 2886 a
3324 2829 3708 2887 communione

2137 2932 2396 2989 Ecclesiae
2426 2929 2727 2994 catholicae,
2753 2929 2824 2983 ob
2856 2927 3194 2998 pertinacem
3242 2923 3408 2978 trium
3437 2920 3708 2992 capitulo-

2138 3041 2260 3080 rum
2293 3024 2346 3079 in
2379 3025 2571 3094 quinta
2617 3020 2826 3092 synodo
2870 3019 3254 3073 damnatorum
3308 3013 3706 3069 defensionem.

2137 3118 2245 3172 Eos
2275 3131 2399 3171 cum
2432 3115 2597 3169 vellet
2620 3113 2870 3183 Pelagius
2888 3109 3132 3181 pontifex
3155 3107 3222 3163 ad
3252 3107 3517 3162 unitatem
3549 3117 3708 3157 revo-

2138 3219 2284 3272 care,
2304 3205 2563 3262 convenit
2582 3202 2834 3275 cpistola,
2867 3217 2976 3272 qua
3008 3210 3066 3257 et
3088 3201 3279 3270 quinta
3308 3197 3546 3269 synodus
3566 3209 3710 3266 pura

2135 3298 2418 3372 injustitiaa
2450 3297 2945 3359 demonstraretur,
2977 3303 3033 3348 et
3068 3290 3405 3347 Theodoreti
3448 3289 3712 3343 aliorum-

2138 3405 2244 3461 que
2271 3389 2510 3453 duorum,
2535 3403 2698 3443 causa
2720 3387 3041 3458 agitaretur.

2211 3482 2512 3552 Epistulam
2555 3479 2776 3536 nomine
2826 3476 3104 3548 pontificis
3156 3473 3378 3544 scripsit
3417 3469 3715 3542 Gregorius

2138 3566 2208 3629 Μ.
2243 3582 2374 3628 tunc
2401 3572 2624 3643 quidem
2651 3570 2938 3636 diaconus,
2967 3569 3066 3624 sed
3099 3567 3269 3622 totius
3306 3575 3490 3621 tamen
3517 3563 3713 3617 Eccle-

2137 3668 2234 3722 siae
2264 3666 2635 3722 doctissimus.
2673 3662 2734 3718 ln
2760 3663 2864 3718 hac
2897 3677 3030 3716 vero
3076 3667 3366 3730 postquam
3394 3653 3716 3712 adduxisset

2137 3757 2411 3812 Verbatim
2431 3764 2689 3823 excerpta
2717 3752 2874 3807 Marii
2900 3749 3218 3806 Mercatoris
3237 3747 3507 3802 adversus
3534 3743 3716 3798 Theo—

2137 3839 2411 3909 doretutn,
2444 3841 2761 3914 subjungit:
2801 3861 2819 3893 ι
2837 3839 2972 3907 Quis
2997 3839 3136 3902 hac,
3158 3837 3355 3892 fratres
3379 3831 3712 3896 charissimi,

2139 3939 2299 4010 plena
2336 3936 2485 3992 omni
2516 3935 2794 4005 impietate
2824 3949 2937 3988 non
2972 3930 3192 3987 videat?
3227 3945 3257 3982 a
3285 3926 3486 3998 quibus
3528 3933 3714 3978 tamen

2133 4035 2353 4084 constat
2402 4026 2551 4098 quod
2589 4041 2647 4080 se
2680 4023 3028 4095 postmodum
3065 4021 3181 4092 ipse
3222 4017 3482 4082 correxit,
3529 4015 3624 4083 qui
3656 4013 3716 4066 in

2137 4128 2326 4177 Sancta
2341 4118 2774 4176 Calchedonensi
2810 4115 3019 4188 synodo
3057 4111 3371 4169 Nestorium
3398 4109 3718 4165 anathema-

2141 4213 2310 4268 tizare
2365 4203 2660 4265 Consensit.
2689 4206 2825 4274 Quis
2865 4222 2978 4261 non
3005 4205 3210 4270 videat,
3245 4210 3451 4274 quanta
3486 4199 3715 4256 temeri-

461 4295 842 4365 pcrspe'ximus
879 4311 898 4347 τ
928 4299 990 4348 nt
1017 4295 1193 4348 sciant
1234 4304 1446 4358 omnes,
1477 4292 1623 4362 quod
1644 4292 1789 4363 juste
1814 4291 1905 4347 isti
1935 4292 2032 4364 eji-

2143 4310 2254 4357 tate
2288 4301 2511 4371 plenum
2545 4299 2641 4365 sit,
2693 4296 3028 4352 Theodoreti
3085 4295 3288 4365 scripta
3338 4289 3716 4363 superbiendo

460 4385 687 4440 ciuntur
729 4391 785 4440 et
822 4385 1376 4444 anathematizantur.
1415 4402 1433 4434 1
1474 4383 1543 4440 Et
1587 4398 1721 4438 vero
1769 4384 1952 4439 collat.
1980 4383 2033 4449 5,

461 4477 749 4547 postquam
803 4464 944 4532 lecta
997 4483 1129 4530 sunt
1180 4475 1488 4545 conscripta
1527 4474 1629 4529 ista
1683 4475 2034 4540 Theodoreti,

471 4587 490 4646 ι
524 4577 712 4624 sancta
753 4568 995 4640 synodus
1035 4568 1211 4622 dixit:
1244 4567 1321 4621 Ex
1358 4567 1465 4632 his,
1506 4582 1634 4637 qum
1653 4566 1818 4636 impie
1853 4568 2035 4622 Theo-

462 4657 688 4714 doretus
717 4658 874 4730 ἀεὶ
910 4655 1254 4726 conscripsit,
1284 4656 1533 4710 miranda
1569 4664 1652 4711 est
1683 4658 1960 4713 subtilitas
1990 4657 2035 4690 ’³

463 4751 636 4806 sancti
673 4749 1138 4806 Chalcedonensis
1176 4747 1416 4804 concilii.
1470 4748 1668 4805 Sciens
1724 4752 1871 4806 enim
1921 4753 2039 4824 ejus

463 4839 853 4912 blasphemias,
893 4841 1050 4912 prius
1077 4840 1299 4912 quidem
1345 4841 1533 4896 multis
1559 4842 1760 4913 smpius
1804 4859 1903 4898 usa
1951 4855 2039 4900 est

463 4932 656 4988 contra
693 4934 819 4987 eum
843 4930 1366 4997 exclamationibus;
1397 4939 1588 5001 postea
1629 4948 1760 4988 vero
1791 4949 1904 4989 non
1931 4935 2034 4988 ali-

463 5029 552 5101 ter
599 5025 728 5080 eum
782 5023 1133 5095 ’suscepisset,
1166 5023 1276 5078 nisi
1324 5023 1480 5093 prius
1516 5024 2037 5082 anathematizasset

463 5110 801 5180 Nestorium,
830 5117 1058 5186 ejusque
1081 5112 1471 5183 blasphemias,
1507 5128 1606 5183 pro
1637 5115 1839 5184 quibus
1876 5124 2042 5171 antea-

464 5205 710 5276 scripsit,
737 5206 1040 5263 defendens
1071 5221 1185 5263 eas.
1203 5224 1220 5256 1

529 5296 583 5351 3.
615 5297 831 5361 Libros,
861 5297 954 5365 qui
998 5297 1354 5352 nominantur
1381 5293 1448 5358 ",
1492 5310 1611 5350 esse
1634 5297 2034 5369 Pentalogium,

2145 4393 2462 4455 defendere,
2514 4406 2636 4460 quae
2678 4389 2934 4445 eumdem
2969 4390 3149 4460 ipsum
3173 4393 3389 4443 constat
3420 4393 3565 4440 recta
3590 4392 3720 4454 post

2145 4480 2453 4553 profitendo
2479 4480 2769 4535 damnasse
2801 4479 2844 4510 ³ο
2870 4478 2893 4532 ?

2142 4617 2304 4688 462
2336 4632 2388 4670 γι
2418 4629 2664 4678 SYNODITS,
2691 4630 2755 4668 nr
2777 4627 3175 4674 consaquamns
3205 4621 3365 4667 suum
3393 4620 3718 4664 rormnccs.

2216 4750 2306 4805 ιχ.
2364 4749 2526 4805 Sexta
2589 4750 2830 4821 synodus
2874 4747 3083 4818 recepit
3119 4745 3326 4817 quinta:
3363 4756 3622 4806 canones,
3659 4749 3720 4796 et

2144 4841 2702 4912 scripta'_Theodoreti
2727 4841 2992 4896 adversus
3037 4839 3094 4894 S.
3135 4837 3320 4910 Cyriiii
3349 4833 3597 4905 Capitula
3620 4848 3720 4886 ex-

2141 4947 2332 5005 presse
2358 4934 2567 5004 rejecit.
2604 4933 2734 4987 lude
2777 4939 2896 4988 orta
2953 4939 3040 4987 est
3087 4929 3305 4985 occasio
3345 4923 3719 4996 componendi

2141 5023 2514 5094 professiones
2554 5023 2676 5077 illas
2735 5022 2880 5086 lidei,
2926 5023 3068 5077 libro
3103 5020 3306 5075 diurno
3338 5019 3722 5074 Romanorum

2143 5114 2465 5186 pontiﬁcum
2505 5122 2810 5178 contentas,
2859 5129 2996 5183 quas
3037 5111 3385 5182 postmodum
3439 5110 3456 5129 θ
3511 5108 3727 5163 sumini

2145 5206 2433 5278 pontiﬁces
2457 5207 2510 5260 in
2541 5207 2886 5260 ordinatione
2924 5222 3019 5260 sua
3043 5205 3377 5259 emitterent.
3403 5201 3462 5255 ln
3496 5199 3584 5254 his
3616 5214 3726 5253 au-

2148 5309 2256 5354 tem
2282 5298 2763 5366 damnantur,qua-.
2785 5297 3162 5350 Theodoretus
3192 5294 3456 5349 adversus
3477 5291 3639 5346 fidem
3662 5301 3728 5346 et

1790 5448 2105 5507 SCllULle
2144 5449 2352 5505 ΝΟΤᾸῦ

521 5601 588 5632 *τ’
625 5597 750 5654 Viti.
773 5619 957 5674 supra,
993 5620 1044 5673 p.
1071 5605 1192 5659 255.
1274 5606 1316 5635 η
1347 5608 1628 5682 ἀκρίϐεια.

1707 5609 1748 5639 ’θ
1783 5607 1902 5661 V'id.
1934 5622 2117 5675 supra,
2152 5622 2205 5677 p.
2237 5606 2359 5660 Qiii.

2450 5609 2489 5635 ³ο
2516 5606 2739 5674 Reliqua
2774 5607 2891 5661 wide
2933 5622 3115 5676 supra,
3147 5622 3199 5675 ιι.
3233 5605 3355 5658 246.
