4078 6160
291 239 404 305 409

1499 237 1598 295 DE
1632 234 1809 295 FIDE
1843 233 2334 300 THEODORETI
2343 290 2356 302 .

3449 251 3556 315 410

285 355 624 428 Ephesiorum
658 353 930 449 synodum
976 354 1352 424 tio-utriusque
1394 350 1743 408 defensorem
1771 350 1876 423 Cy—
1902 355 1946 413 A
1978 353 2236 428 ipsosque
2275 368 2336 414 ut
2395 363 2705 433 magistros,
2767 365 2884 419 imo
2921 371 2990 418 ut
3044 372 3302 438 parentes
3331 363 3503 434 coluit
3533 383 3550 420 :

283 449 473 502 tilium
500 446 697 502 edidit.

1976 446 2328 505 Theodorum
2349 462 2502 508 certe
2526 455 2684 510 velut
2727 455 2990 511 Ecclesiae
3038 458 3384 527 magistrum,
3431 472 3551 513 om-

353 539 674 594 Em‘iserunt
703 553 871 609 porro
892 539 1267 610 professiones
1300 539 1402 593 has
1429 535 1630 592 summi
1653 535 1874 606 pomili-
1974 539 2239 610 niumque
2266 542 2563 600 haeresemn
2593 546 3024 613 dominatorem,
3050 557 3107 604 et
3129 560 3405 619 pastorem
3431 551 3554 605 lau-

280 641 410 695 ces,
442 641 586 700 quos
628 630 853 700 quidem
904 632 1165 695 sciamus,
1202 631 1319 686 fere
1355 631 1664 702 octoginta,
1733 645 1874 699 quos
1973 631 2124 687 darit
2157 633 2220 698 “,
2237 635 2330 704 qui
2352 637 2571 692 nonnisi
2611 637 2807 693 bonam
2847 640 3078 695 herbam
3101 641 3300 696 ovibus
3344 641 3547 697 Christi

279 720 518 775 totidem
581 721 916 777 Theodoreti
978 721 1342 777 damnatores
1395 735 1625 777 censere
1672 735 1869 790 possu-

278 823 414 865 mus
443 812 518 877 ⁸¹;
545 822 606 866 et
634 825 733 868 eos
777 813 1008 884 quidem
1036 821 1190 868 tanto
1231 813 1459 884 majoris
1497 811 1866 876 auctoritatis,

276 915 497 974 quanto
522 896 844 970 solemnius,
881 919 1068 960 coram
1102 906 1370 970 Ecclesia,
1405 905 1592 977 iurati,
1631 903 1870 973 ﬁdeique

274 1014 398 1054 suae
429 997 699 1052 rationem
742 996 1055 1060 reddentes,
1085 998 1503 1068 proﬁterentur,
1535 1005 1710 1064 eaque
1743 1009 1874 1064 pro-

271 1090 548 1153 fessione,
595 1087 776 1144 secuti
802 1089 1066 1166 .Pe'trum,
1145 1089 1213 1143 ad
1261 1089 1446 1144 sedem
1512 1086 1866 1158 apostolicam

269 1177 670 1234 escenderent.

588 1301 856 1346 AUCTORES
885 1299 1277 1355 CONSEQUENTIS
1293 1304 1413 1356 1E",
1445 1301 1552 1347 εις.

335 1380 415 1453 Χ.
467 1391 674 1454 Omitto
722 1402 1180 1470 consequentium
1228 1409 1541 1471 temporum
1585 1409 1863 1465 auctores,

267 1504 517 1560 quorum
540 1490 634 1544 alii
670 1485 1080 1546 Theodoretum
1099 1503 1287 1562 aperte
1320 1493 1602 1558 damnant,
1637 1493 1729 1548 alii
1754 1509 1864 1548 non

270 1579 509 1636 meliore
541 1583 890 1638 excusatione
929 1582 1006 1637 uti
1041 1583 1146 1638 sibi
1174 1579 1344 1639 licere
1376 1594 1662 1653 putarunt,
1696 1600 1862 1654 quam

269 1673 355 1726 vel
407 1672 753 1742 ignorantiae,
790 1689 912 1728 cum
961 1675 1250 1730 veritatem
1290 1691 1386 1731 ore
1411 1675 1596 1747 Cyriili
1638 1675 1867 1745 loquen-
1899 1699 1938 1753 Β

269 1771 384 1818 tem
446 1764 826 1834 impugnaret,
891 1765 976 1820 vel
1019 1765 1376 1835 pmuitentiaa,
1445 1783 1570 1822 cum
1612 1765 1862 1822 eamdem

265 1855 568 1908 vexatione
595 1855 930 1910 intellectum
954 1856 1118 1912 dante
1151 1857 1392 1928 agnovit.

334 1944 489 2010 Quid
513 1947 536 1999 ?
585 1947 734 2016 quod
781 1947 1097 2002 eli‘usissimi
1123 1948 1233 2003 duo
1261 1947 1592 2004 Theodoreti
1621 1949 1864 2006 laudato-

269 2051 388 2102 res,
426 2036 656 2092 Pbotius
695 2047 751 2092 et
784 2039 1073 2104 Euchaita,
1122 2042 1396 2111 prmconia
1432 2057 1531 2096 sua
1563 2050 1656 2096 aut
1697 2058 1862 2097 accu-

267 2125 493 2180 satione
525 2127 784 2182 nonnulla
812 2129 1022 2184 erroris
1042 2137 1234 2184 contra
1258 2129 1420 2186 ﬁdem
1446 2133 1860 2200 incarnationis,

270 2227 326 2271 ut
376 2215 620 2271 Pbotius
652 2235 668 2284 ;
710 2227 806 2273 aut
850 2221 1204 2275 excusatione
1243 2221 1638 2278 imbecillitatis
1667 2225 1862 2280 imma-

267 2323 379 2373 ηε,
412 2318 474 2364 ut
516 2305 803 2375 Eucbaita,
841 2318 1240 2404 tﬂnperarunt.

339 2403 468 2472 Ipse
519 2403 682 2457 etiam
739 2401 1008 2458 Baronius
1038 2445 1052 2467 ,
1110 2407 1461 2476 quantumvis
1509 2405 1739 2464 conatus
1790 2407 1862 2464 sit

269 2476 499 2546 omnem
529 2509 560 2546 a
590 2488 937 2548 Theodoreto
971 2493 1196 2549 haeresis
1229 2503 1412 2550 notam
1453 2497 1688 2562 amoliri,
1717 2498 1862 2553 veri-

273 2591 381 2637 tate
412 2592 596 2637 tamen
621 2592 870 2654 cogente,
898 2581 1078 2639 fassus
1101 2593 1203 2649 est,
1252 2585 1430 2655 ipsum
1457 2578 1512 2642 in
1553 2597 1736 2657 partes
1755 2588 1862 2644 Ne-

271 2675 429 2729 storii
460 2675 905 2746 sententiamque
933 2674 1314 2746 propendisse,
1349 2687 1514 2749 atque
1545 2678 1710 2734 etiam
1733 2695 1861 2735 con-

271 2765 532 2829 cessisse,
580 2780 647 2819 eo
693 2766 885 2821 saltem
913 2769 1178 2836 tempore,
1215 2783 1325 2838 quo
1355 2769 1649 2824 concilium
1679 2769 1860 2840 Ephe-

272 2859 455 2914 sinum
489 2859 829 2915 celebratum
863 2870 948 2916 est
977 2861 1047 2916 δ’.

788 2989 1160 3030 τηῑουοιιετυδ
1200 2991 1334 3031 IPSE.

344 3085 439 3142 χι.
466 3087 612 3154 Quin
652 3095 708 3142 et
749 3087 865 3157 ipse
892 3088 1285 3144 Theodoretus
1310 3091 1538 3160 perinde
1588 3103 1646 3145 se
1669 3090 1855 3161 gessit,

276 3194 341 3232 ac
389 3181 434 3233 si
487 3180 654 3234 vellet
680 3179 887 3233 nemini
934 3179 1247 3250 relinquere
1287 3182 1457 3235 ullum
1504 3181 1572 3235 dc
1601 3197 1697 3235 sua
1731 3197 1858 3235 cum

274 3273 532 3327 Nestorio
561 3272 922 3327 consensione
960 3272 1248 3327 dubitandi
1276 3274 1480 3328 locum.
1531 3273 1666 3328 Nam
1692 3275 1863 3344 primo

271 3367 618 3436 oppugnavit
642 3365 881 3434 capitula
914 3365 1062 3419 velut
1098 3365 1375 3432 haeretica,
1398 3381 1520 3436 qua:
1553 3373 1732 3430 nemo,
1765 3367 1860 3436 qui

270 3457 410 3511 ﬁdei
438 3457 629 3527 dogma
652 3457 871 3511 noverit
895 3457 964 3511 ab
981 3470 1168 3513 errore
1193 3457 1529 3524 discernere,
1550 3457 1862 3514 nescitesse

267 3549 570 3604 catholica.
611 3549 768 3615 Quod
804 3558 989 3617 autem
1037 3562 1103 3604 ea
1142 3551 1330 3605 Patres
1363 3551 1626 3622 Ephesini
1662 3552 1861 3622 exponi

269 3641 650 3711 postularunt,
683 3641 739 3694 id
779 3642 924 3712 vulgi
965 3641 1300 3698 clamoribus
1331 3643 1520 3698 datum
1547 3651 1654 3709 est,
1696 3653 1861 3714 atque

270 3730 792 3800 importunitatibus
819 3731 1252 3800 adversantium,
1285 3734 1381 3806 qui
1431 3735 1862 3806 simplicioribus

266 3819 597 3878 illuderent.

341 3913 554 3966 Deinde
602 3913 856 3983 capitulis
905 3915 1258 3985 reprehensis
1288 3930 1400 3970 non
1435 3915 1668 3982 destitit,
1697 3918 1861 3972 etiam

266 4009 411 4072 post
429 4003 641 4056 tertiam
669 3991 856 4076 Cyriili
884 4003 1306 4074 expositionem,
1343 4008 1508 4062 etiam
1540 4017 1663 4078 post
1689 4023 1864 4065 annos

265 4093 694 4165 septemdecim,
733 4097 977 4166 qunndiu
1009 4097 1100 4151 vix
1148 4097 1311 4153 daret
1342 4099 1447 4152 viri
1503 4100 1864 4170 intelligentia

264 4184 1071 4255 praditissimihallucinatio,
1106 4189 1214 4244 nisi
1255 4189 1495 4245 evaserit
1537 4190 1591 4244 in
1615 4191 1866 4246 obstina-

266 4289 398 4332 tam
431 4279 624 4332 mentis
653 4279 1000 4335 sententiam.

339 4366 522 4436 $63
553 4365 736 4421 Postea
773 4367 1014 4422 Nestorii
1057 4368 1366 4425 doctrinam
1411 4381 1631 4425 omnem
1671 4381 1859 4424 sanam
1893 4383 1936 4437 ι)
1967 4376 2134 4430 Maria
2187 4389 2406 4442 semper
2456 4371 2672 4442 virgine
2741 4372 3104 4440 praedicabant
3128 4411 3142 4436 ,
3173 4376 3191 4391 ⁹

261 4473 417 4514 esse
440 4459 734 4522 contendit,
759 4468 816 4514 et
849 4461 1002 4515 velut
1025 4461 1284 4531 pietatem
1305 4462 1500 4532 ipsam,
1533 4463 1585 4518 id
1618 4470 1725 4527 est,
1770 4476 1861 4517 re-

260 4560 440 4607 ctam
465 4545 642 4616 (idem,
673 4552 915 4607 laudavit
944 4571 956 4607 :
991 4553 1119 4623 quis
1154 4555 1304 4609 enim
1347 4555 1456 4609 nisi
1512 4556 1865 4627 impudenter

260 4640 594 4712 improbus,
650 4643 706 4697 in
755 4657 824 4699 ea
878 4653 1036 4715 parte
1096 4661 1208 4701 non
1243 4647 1340 4712 sit,
1370 4650 1426 4702 in
1457 4662 1564 4719 qua
1598 4648 1862 4718 pietatem

255 4746 419 4789 esse
458 4731 700 4799 iudicet?

341 4822 587 4889 Quarto,
611 4819 1154 4902 calli‘daversutaque
1179 4839 1296 4888 arte
1318 4832 1585 4887 Eranistae
1621 4831 1866 4902 dialogos

254 4918 356 4972 sic
383 4919 697 4985 mposait
713 4920 778 4985 ³³,
809 4929 870 4974 ut
895 4932 1052 4976 suam
1069 4921 1174 4977 m‘bi
1203 4923 1272 4979 de
1292 4923 1499 4977 unione
1519 4929 1861 4987 nautrarum,

256 5009 641 5076 inseparabiii
676 5012 929 5082 quidem,
951 5012 1055 5069 sed
1096 5028 1234 5086 pure
1266 5017 1514 5086 σχετικῇ,
1548 5013 1863 5084 opinionem

256 5104 696 5159 dmonstrasse
719 5104 1023 5161 videretur.

347 5191 580 5261 Quinto,
629 5195 911 5254 lmreticis
943 5200 1187 5265 Mus,
1242 5201 1481 5257 Diodoro
1513 5203 1770 5263 Tarsensi
1808 5215 1869 5263 et

257 5285 586 5342 Theodoro
638 5284 1048 5360 "apum,
1097 5293 1413 5349 consentire
1445 5309 1504 5349 se
1531 5295 1711 5353 fassus
1758 5308 1867 5365 est,

1972 726 2306 793 porrexerit.

2040 813 2220 880 Sexto,
2243 817 2560 887 opinionem
2601 837 2755 876 suam
2796 823 2864 878 de
2889 812 3268 878 incarnatione
3298 840 3400 878 nec
3426 825 3550 880 aliis

1969 906 2156 962 verbis
2213 911 2488 978 exposuit,
2553 927 2658 967 nec
2708 913 2838 968 aliis
2867 914 3169 985 Scriptura:
3220 917 3550 971 testimoniis

1971 999 2256 1065 stabilivit,
2291 1017 2394 1056 nec
2423 1003 2547 1058 aliis
2567 1006 2987 1074 exceptionibus
3023 1008 3410 1076 propugnavit,
3445 1023 3548 1061 nec

1969 1089 2092 1144 aliis
2121 1099 2438 1145 naturarum
2459 1094 2908 1162 eonjunctionem
2931 1095 3246 1149 nominibus
3302 1095 3547 1164 appella-

1969 1181 2067 1244 vit,
2099 1197 2266 1251 quam
2326 1184 2527 1252 quibus
2587 1184 2897 1247 Nestorius,
2957 1186 3251 1255 ἐνοίκησιν,
3311 1186 3546 1248 ἔνδυσιν,

1970 1273 2260 1344 ἀνάληψιν,
2293 1275 2728 1346 ἐναινομῦπησιν,
2763 1279 3076 1345 cavare/stati,
3102 1284 3208 1330 etc.

2042 1362 2264 1427 Verum,
2294 1363 2533 1432 excipiet
2562 1364 2781 1433 aliquis,
2807 1366 2946 1420 dixit
2985 1364 3266 1420 Christum
3290 1378 3399 1418 non
3423 1378 3545 1419 esse

1968 1466 2167 1520 purum
2184 1448 2487 1515 hominem,
2505 1453 2599 1506 sed
2633 1453 2802 1507 Deum
2821 1453 2986 1508 simul
3013 1462 3067 1507 et
3085 1453 3385 1508 hominem.
3404 1453 3543 1507 illud

1970 1542 2146 1611 ipsum
2198 1542 2338 1596 dixit
2388 1543 2678 1598 Nestorius
2723 1543 2902 1598 Serm.
2953 1561 3023 1598 vn
3075 1563 3086 1598 :
3137 1563 3156 1596 ι
3193 1543 3312 1598 Non
3362 1544 3545 1599 nudus

1969 1633 2136 1688 homo
2159 1632 2433 1700 Christus,
2461 1647 2492 1688 ο
2515 1633 2895 1701 calumniator,
2943 1637 3040 1691 sed
3090 1637 3256 1690 homo
3286 1636 3448 1691 simul
3487 1643 3542 1690 et

1966 1725 2133 1780 Deus.
2175 1745 2193 1777 ι
2717 1711 2720 1715 ’

2035 1820 2181 1873 Dixit
2210 1835 2374 1876 unam
2425 1835 2548 1876 esse
2571 1819 2780 1876 Christi
2798 1837 3109 1890 personam,
3136 1829 3362 1874 naturas
3381 1821 3540 1875 duas.

1964 1911 2112 1966 Dixit
2152 1912 2360 1982 pariter
2384 1911 2672 1966 Nestorius
2708 1912 2762 1965 in
2793 1912 2954 1980 epist.
2996 1913 3048 1978 4,
3076 1911 3142 1965 ad
3169 1919 3419 1965 sanctum
3442 1912 3545 1984 Cy-

1963 2005 2190 2059 rillum:
2235 2024 2253 2055 r
2288 2003 2536 2075 Utraque
2573 2013 2772 2058 natura
2807 2014 3032 2075 propter
3092 2004 3541 2074 coniunctionem

1963 2107 2256 2157 summam,
2287 2101 2344 2147 et
2366 2092 2805 2147 inconfusionem
2836 2092 2894 2145 in
2918 2107 3025 2146 una
3077 2107 3314 2161 persona
3346 2093 3543 2162 unige-

1962 2181 2065 2236 niti
2105 2181 2227 2237 Filii
2255 2181 2536 2237 aduratur.
2565 2200 2585 2232 ι
2613 2182 2682 2236 Ει
2705 2180 2866 2251 epist.
2896 2181 2950 2245 2,
2989 2180 3056 2234 ad
3086 2189 3335 2235 sanctum
3368 2179 3547 2251 Cyril—

1964 2275 2116 2329 lum:
2153 2293 2171 2324 ι
2202 2273 2393 2327 Laudo
2418 2280 2740 2327 naturarum
2780 2271 2979 2326 factam
3009 2271 3424 2334 discretionem,
3453 2285 3544 2327 se-

1963 2365 2206 2420 cundum
2230 2364 2538 2419 divinitatis
2565 2373 2622 2418 et
2649 2364 3012 2418 humanitatis
3037 2362 3330 2426 rationem,
3369 2371 3426 2416 et
3448 2376 3547 2416 ea-

1964 2473 2085 2511 rum
2116 2457 2172 2511 in
2219 2473 2327 2510 una
2358 2471 2594 2527 persona
2647 2457 3116 2525 conjunctionem.
3183 2473 3200 2506 ι
3269 2454 3338 2509 Et
3395 2454 3541 2523 apud

1961 2549 2225 2620 Cyrillum
2262 2549 2359 2604 lib.
2419 2547 2486 2602 de
2522 2557 2674 2603 recta
2713 2546 2821 2601 ﬁde
2851 2545 2919 2600 ad
2957 2546 3213 2617 reginas:
3263 2564 3282 2598 ‹
3333 2545 3544 2606 Nomen

1963 2640 2088 2703 hoc,
2141 2638 2402 2704 Christus,
2453 2639 2566 2693 Deo
2613 2643 2665 2693 et
2714 2637 2927 2692 homini
2983 2636 3263 2702 convenit,
3325 2636 3539 2690 ratione

1962 2730 2370 2802 conjunctionis
2423 2731 2478 2786 in
2527 2745 2693 2785 unam
2747 2729 2871 2785 illos
2926 2744 3219 2801 personam
3287 2729 3543 2800 colligen-

1965 2823 2054 2876 lis.
2103 2839 2122 2873 ι

2034 2911 2200 2974 Dixit,
2232 2910 2512 2965 Christum
2537 2926 2644 2964 non
2679 2909 2850 2964 dividi
2881 2909 2936 2962 in
2963 2908 3102 2963 duos
3126 2908 3292 2962 Filios
3322 2914 3417 2961 aut
3437 2907 3546 2960 Do-

1885 3029 1928 3086 ρ
1964 3003 2165 3068 minos,
2193 3009 2530 3071 questusque
2569 3008 2655 3055 est
2679 2999 3013 3056 calumniam
3054 2999 3158 3054 sibi
3208 2998 3357 3060 fieri,
3399 2997 3545 3066 quod

1963 3093 2252 3147 divideret.
2276 3093 2514 3162 ldipsum
2537 3091 2675 3145 dixit
2701 3090 2991 3146 Nestorius
3009 3088 3187 3144 Serm.
3217 3088 3279 3140 12
3301 3106 3313 3141 :
3353 3106 3372 3138 ‹
3394 3088 3548 3143 Unus

1964 3185 2154 3248 Filius,
2218 3183 2367 3254 quod
2426 3177 2646 3238 visibile
2705 3191 2761 3238 et
2816 3181 2963 3252 quod
3022 3179 3341 3241 invisibile;
3402 3193 3548 3234 unus

1961 3277 2236 3342 Christus,
2301 3285 2359 3333 et
2414 3277 2516 3331 iste
2570 3275 2665 3346 qui
2711 3276 2907 3340 utitur,
2961 3284 3015 3329 et
3057 3273 3111 3327 id
3162 3288 3273 3342 quo
3302 3273 3476 3326 utitur
3529 3288 3544 3324 :

1963 3376 2173 3423 naturae
2205 3367 2484 3438 duplices,
2519 3366 2614 3420 sed
2665 3365 2836 3420 Filius
2883 3362 3195 3433 singularis.
3246 3361 3388 3428 Quid
3431 3377 3550 3416 scr-

1964 3477 2181 3515 monem
2210 3460 2266 3514 in
2283 3458 2612 3514 calumniam
2632 3457 2836 3512 vocas?
2873 3474 2892 3508 ι

2033 3551 2328 3607 Confessus
2367 3559 2452 3605 est
2480 3549 2765 3620 Virginem
2797 3557 3041 3602 sanctam
3064 3561 3186 3602 esse
3231 3546 3546 3616 Deiparam.

1963 3643 2261 3700 Confessus
2306 3657 2526 3714 quoque
2578 3641 2872 3698 Nestorius
2905 3639 3086 3694 Serm.
3125 3634 3159 3693 ϐ
3195 3657 3208 3694 :
3251 3659 3268 3690 ι
3299 3637 3547 3708 Dixijam

1965 3737 2183 3808 szepius,
2241 3736 2296 3792 Si
2372 3735 2498 3805 quis
2560 3734 2705 3788 inter
2730 3748 2832 3788 vos
2879 3733 3204 3803 sunplicior,
3242 3731 3355 3786 sive
3405 3731 3552 3784 inter

1965 3841 2324 3900 quoscunque
2347 3821 2505 3891 alios,
2530 3840 2666 3882 voce
2697 3827 2803 3880 hac
2829 3825 3096 3881 Gsmdxo:
3147 3823 3368 3895 gaudet,
3401 3822 3549 3892 apud

1968 3933 2053 3976 me’
2077 3919 2228 3975 nulla
2249 3919 2420 3975 estde
2449 3933 2585 3973 voce
2618 3913 2844 3980 invidia,
2869 3916 3034 3971 modo
3055 3930 3125 3970 ne
3161 3916 3439 3986 Virginem
3474 3915 3552 3968 i‘a-

1966 4015 2073 4070 ciat
2101 4015 2291 4067 Deum.
2327 4029 2344 4062 ›
2380 4012 2556 4066 Serm.
2577 4011 2642 4064 l2
2668 4025 2680 4062 :
2715 4028 2731 4059 ι
2760 4009 2931 4063 Filius
2965 4009 3061 4063 Dei
3092 4015 3254 4062 natus
3280 4013 3386 4069 est,
3406 4008 3554 4061 Deus

1967 4107 2208 4161 Verbum
2233 4113 2289 4158 et
2325 4104 2492 4157 homo
2517 4121 2530 4156 :
2557 4117 2688 4173 ergo
2717 4116 2840 4171 quae
2865 4101 3083 4171 peperit
3128 4109 3356 4170 propter
3388 4099 3552 4152 unio-

1967 4207 2114 4261 nem,
2140 4197 2358 4250 dicatur
2383 4194 2674 4258 Θεοτὸκος,
2711 4213 2728 4243 ι
2765 4201 2870 4247 etc.
2911 4193 3092 4247 Serm.
3136 4193 3240 4245 l5:
3288 4212 3305 4242 ‹
3346 4191 3556 4244 Eadem

1967 4288 2132 4342 modo
2159 4285 2502 4346 definitione,
2539 4300 2646 4353 qua
2671 4283 2826 4353 prius
2863 4282 3111 4337 breviter
3140 4283 3208 4337 de
3269 4281 3360 4335 illa
3385 4281 3555 4335 beata.

3245 4370 3556 4424 etiamnum.

1962 4465 2307 4522 evidentiore
2342 4477 2616 4523 sermone,
2653 4477 2866 4515 summa
2907 4477 3038 4516 voce
3070 4462 3373 4531 proclamo,
3413 4475 3552 4530 quo»

1964 4559 2110 4613 niam
2140 4555 2304 4629 ἂ,θᾷ
2325 4563 2511 4610 sancta
2540 4555 2704 4624 Virgo
2732 4563 2790 4609 et
2816 4554 2910 4607 Dei
2933 4562 3096 4608 estet
3123 4551 3364 4608 hominis
3387 4552 3552 4608 Geni-

1968 4652 2097 4708 trix.
2145 4669 2163 4701 ›
2227 4647 2354 4702 Han:
2377 4647 2686 4702 Nestorius.
3201 4647 3206 4652 ’

2039 4742 2146 4798 Sed
2177 4737 2576 4804 Theodoretus,
2609 4738 2754 4809 quod
2791 4753 2900 4793 non
2935 4739 3067 4795 fecit
3096 4731 3403 4802 Nestorius,
3452 4752 3559 4796 exs

1969 4832 2178 4905 pressis
2196 4831 2384 4885 verbis
2416 4831 2675 4885 unionem
2720 4830 3119 4902 hypostaticam
3154 4828 3368 4899 rejecit,
3401 4828 3552 4882 velut

1969 4938 2168 4982 novam
2205 4933 2263 4979 et
2285 4923 2520 4978 alienam
2557 4939 2586 4977 a
2609 4922 2818 4978 divinis
2847 4921 3148 4992 Scripteris
3176 4935 3239 4974 ac
3273 4919 3550 4984 Patribus,

1969 5020 2064 5091 qui
2114 5033 2211 5074 eas
2251 5015 2602 5087 interpretati
2639 5021 2767 5070 stant
2797 5032 2810 5068 :
2847 5013 2960 5085 Τὴν
2994 5014 3050 5067 δὲ
3085 5012 3208 5067 καθ’
3251 5011 3555 5065 ὑπόστασιν

1968 5115 2164 5169 ἕνωσιν
2190 5109 2534 5165 παντάπασιν
2564 5107 2892 5178 ἀγνοοῦμεν,
2924 5107 2999 5170 ὡς
3027 5106 3182 5176 ξένην
3247 5103 3344 5158 καὶ
3399 5101 3563 5158 ἁλλό-

1971 5207 2134 5276 (palm
2173 5203 2280 5256 τῶν
2319 5199 2479 5254 Oetam
2507 5200 2759 5272 Γρπφῶν,
2791 5199 2885 5252 καὶ
2909 5197 3018 5252 τῶν
3046 5197 3254 5260 ταύτας
3276 5198 3547 5268 ἡρμηνευο

1973 5299 2147 5355 rerum
2177 5295 2441 5366 Πατέρων
2465 5293 2532 5346 ³⁵.

1621 5412 1942 5470 SCHULZII
1971 5405 2197 5470 NOTAE.

350 5493 524 5580 ’γνοῖ
577 5493 987 5556 accusatoribus
1014 5495 1142 5580 sane
1169 5515 1278 5580 non
1306 5519 1444 5573 opus
1478 5506 1651 5580 est‘ad
1684 5506 2050 5580 dirimendam
2101 5507 2275 5580 litem,
2300 5521 2462 5580 quam
2510 5505 2625 5580 ipse
2664 5503 3227 5580 'l‘iieodoretus__post
3263 5498 3559 5580 conrilium

261 5563 751 5649 Chalcedonensis
774 5573 1147 5649 composuisse
1173 5563 1413 5627 videtur.
1462 5579 1533 5649 _”
1553 5574 1788 5632 Omnino
1818 5563 2084 5649 temporis
2106 5563 2359 5633 habenda
2381 5563 2652 5649 estratio.
2680 5575 2800 5629 Non
2841 5581 2929 5630 est
2977 5563 3173 5649 moli-or
3216 5585 3286 5624 ex
3327 5567 3565 5649 diﬂiguio

266 5635 536 5715 tati‘hush
556 5653 694 5705 quas
713 5635 1013 5715 Carnerius
1042 5653 1243 5711 praeter
1265 5645 1645 5699 necessitatem
1703 5648 1874 5715 auxit,
1924 5635 2181 5704 elabendi
2229 5648 2338 5701 via.

267 5704 447 5772 eccl,
479 5704 582 5760 lib.
621 5723 672 5761 v.
752 5710 796 5739 ³⁵
833 5710 954 5765 Vid.
977 5704 1162 5783 supra,
1197 5728 1250 5782 ρ.
1279 5715 1363 5779 10,
1391 5724 1445 5767 et.
1470 5731 1524 5786 p.
1559 5716 1685 5771 459.

2443 5648 2487 5679 ³³
2513 5645 2647 5700 Vide
2682 5662 2874 5715 supra,
2929 5659 2982 5713 ι).
3012 5643 3116 5696 ’58Ἱ
3146 5655 3267 5710 seq.
3346 5641 3390 5672 3"
3418 5638 3568 5696 Hist.
