4058 6174
438 299 537 364 Ml

1564 290 1916 356 GARNERII
1983 291 2479 354 DISSERTATIO
2513 297 2579 352 ιη
2627 341 2641 353 .

3586 297 3696 362 ll!

510 413 692 482 Quid?
723 413 872 484 quod
902 409 1260 484 pertinaciter
1285 403 1504 477 negavit
1531 419 1770 476 semper,
1801 405 2019 460 licitum
2046 411 2091 468 Α
2120 421 2248 461 reus
2277 421 2309 461 ει
2337 421 2398 462 se
2429 415 2668 476 scriptos
2690 403 3316 472 fateretur,.exercitum
3341 405 3453 474 sit;
3484 415 3546 463 ut
3604 409 3696 466 de»

436 519 561 560 esse
594 503 778 574 dicere
838 502 1012 556 Deum
1037 512 1292 569 passum,
1338 505 1470 563 etc.,
1522 495 1739 566 aliaque
1777 496 2017 552 hominis

441 595 645 665 φυσικὰ
683 591 949 661 ἰδιώματα
1000 589 1175 645 tribui
1214 604 1378 660 posse
1410 588 1595 646 Verbo
1653 587 2015 660 ἐνανθρωπή-

443 705 506 740 σα
519 705 612 745 ντι.
648 685 706 739 Id
728 693 910 738 autem
937 681 1412 737 evidentissimum
1442 687 1528 735 est
1585 679 1826 734 hominis
1854 679 2015 734 unio-

442 785 566 836 nem
583 777 816 846 φυσικὴν
841 783 896 828 et
923 773 1044 827 καθ’
1067 774 1363 826 ὑπόστασιν
1380 772 1698 842 recipientis
1719 771 2012 826 indicium:

439 881 565 922 nam
595 863 996 936 ejusdemmodi
1029 865 1339 934 ἰδιωμάτων
1383 863 1443 917 fit
1476 863 1901 918 communicatio
1931 879 2018 919 re-

439 968 678 1022 ciproca,
709 951 846 1007 duas
881 945 1027 1006 inter
1053 961 1280 1007 naturas
1306 953 1652 1022 conjunctas,
1707 952 2016 1023 cuiusmodi

440 1045 570 1097 unio
601 1051 704 1097 est.
733 1042 1232 1098 Communicantur.
1265 1045 1479 1099 scilicet
1509 1045 1752 1117 physica,
1789 1054 1851 1100 ut
1879 1045 2013 1115 pati,

440 1131 611 1196 nasci,
639 1132 913 1198 laborare,
939 1134 1102 1198 mori,
1149 1143 1280 1199 etc.,
1311 1134 1355 1187 si
1388 1135 1610 1206 physica
1641 1134 1807 1189 fuerit
1838 1135 1969 1189 unio
1997 1153 2013 1189 :

435 1222 552 1277 sola
584 1223 912 1278 tribuuntur
940 1225 1190 1291 moralia,
1223 1235 1284 1279 ut
1313 1226 1439 1291 coli,
1467 1226 1762 1291 dominari,
1793 1227 1884 1297 jus
1916 1226 2016 1280 ha-

436 1315 590 1379 bere,
626 1315 820 1380 etc.,si
843 1316 1069 1370 moralis
1099 1316 1364 1371 duntaxat
1401 1319 1534 1372 unio
1560 1318 1854 1373 exstiterit.
1892 1319 2018 1374 Haec

438 1423 570 1462 vero
598 1409 917 1472 ἀντιδόσεως
965 1409 1072 1475 lex,
1106 1425 1228 1479 quae
1265 1426 1297 1464 a
1322 1411 1542 1465 nemine
1583 1411 1837 1482 theologo
1865 1411 2018 1481 igno—

440 1507 613 1566 ratur,
651 1500 697 1553 si
732 1499 1143 1554 Theodoretum
1183 1500 1342 1571 fugit,
1370 1517 1478 1569 qua
1509 1502 1725 1572 ratione
1778 1501 2017 1557 Orientis

437 1589 790 1645 doctissimus
813 1589 1072 1645 dicatur?
1097 1590 1141 1642 si
1165 1605 1275 1644 non
1302 1590 1462 1660 fugit,
1510 1591 1788 1660 quomodo
1824 1601 2017 1661 aperte

436 1681 932 1736 Nestorianismum
960 1682 1288 1751 praedicasse
1322 1684 1593 1754 negetur?
1617 1685 1825 1740 Viderit
1855 1700 1920 1741 ea
1946 1684 2018 1740 de

436 1787 496 1828 re
527 1772 800 1842 interpres
828 1772 918 1826 ille
955 1786 1118 1840 quem
1144 1771 1280 1827 dixi.

612 1904 772 1960 ΛΒΤ.
804 1905 870 1960 ll.
893 1935 965 1946 —-—
989 1903 1119 1971 Quae
1149 1923 1245 1978 pro
1268 1907 1585 1964 Theodoreto
1618 1910 1838 1980 faciant.

505 2034 622 2091 Xll.
649 2035 780 2102 Quae
823 2037 1092 2093 adversus
1126 2038 1538 2097 Thcodoretum
1587 2050 1852 2112 pugnant,
1889 2057 2015 2114 gra-

434 2128 658 2182 vissima
676 2135 806 2182 sunt
827 2130 1074 2198 quidem,
1100 2130 1217 2185 sive
1251 2132 1550 2188 auctoritas
1610 2141 2016 2202 accusatorum,

434 2221 549 2275 sive
581 2219 1021 2274 testimoniorum
1048 2220 1326 2276 certitudo
1351 2231 1407 2275 et
1435 2223 1677 2288 claritas,
1722 2223 1838 2278 sive
1864 2233 2017 2279 utro-

434 2326 669 2379 rumque
696 2311 1028 2376 multitudo;
1065 2327 1176 2366 non
1207 2312 1510 2368 detrahunt
1557 2323 1738 2369 tamen
1769 2330 2014 2371 momen-

433 2409 573 2464 tum,
601 2401 794 2454 saltem
820 2408 1016 2468 totum,
1036 2402 1124 2468 iis,
1157 2417 1280 2472 qua:
1303 2418 1407 2458 nec
1427 2419 1621 2474 pauca,
1652 2420 1756 2460 nec
1784 2406 1925 2462 levia
1957 2406 2016 2461 in

434 2489 776 2544 contrarium
797 2489 1026 2544 faciunt.

503 2580 657 2635 Facit
678 2580 826 2635 enim
863 2581 1035 2651 primo
1081 2588 1268 2636 tantus
1330 2583 1424 2638 ille
1460 2583 1613 2638 favor
1665 2593 1721 2639 et
1764 2587 2012 2656 plausus,

433 2687 544 2741 quo
578 2670 963 2726 Theodoretus
1011 2671 1318 2739 Antiochiae
1393 2673 1740 2741 audiebatur,
1792 2691 1917 2730 cum
1947 2676 2016 2732 de

434 2762 540 2816 fide
583 2776 896 2817 sermonem
947 2761 1198 2831 haberet,
1256 2764 1314 2818 in
1353 2765 1651 2820 multarum
1709 2769 2016 2840 myriadum

432 2856 698 2909 concione
725 2869 741 2906 ξ
767 2855 1044 2922 quomodo
1073 2857 1223 2910 enim
1253 2857 1309 2910 in
1338 2857 1584 2913 Ecclesia
1616 2868 1722 2916 tam
1773 2863 2013 2930 erudita,

431 2960 554 3014 quae
583 2945 916 3000 Theodoreti
944 2946 1174 3002 verbum
1198 2957 1403 3004 temere
1439 2952 1714 3020 prolatum
1737 2953 1884 3010 ferre
1905 2971 2016 3010 non

433 3037 634 3105 potuit,
667 3052 891 3092 errores
916 3039 1207 3108 sparsisset
1229 3040 1348 3096 sine
1387 3044 1870 3113 reprehensione?
1920 3054 2016 3102 aut

431 3127 710 3194 quomodo
735 3143 845 3182 non
878 3129 1171 3198 sparsisset
1212 3146 1453 3198 errores,
1507 3133 1554 3189 si
1599 3151 1721 3205 qua:
1769 3137 2010 3194 sensisse

431 3232 559 3273 mox
586 3217 874 3274 dicebatur
897 3222 1043 3276 circa
1078 3221 1512 3280 incarnationem
1570 3226 1759 3293 Verbi,
1817 3237 2010 3298 protu-

431 3310 621 3366 lisset?
646 3319 744 3366 aut
765 3313 1047 3382 quomodo
1082 3330 1114 3368 a
1145 3318 1421 3373 sententia
1451 3333 1550 3374 sua
1579 3319 1816 3375 dicenda
1834 3321 2009 3376 absti-

430 3407 662 3472 nuisset,
687 3413 798 3477 quo
824 3419 1072 3478 tempore
1097 3411 1312 3466 nullum
1343 3424 1752 3483 argumentum,
1777 3424 1874 3470 aut
1901 3416 2014 3472 fre-

428 3498 711 3567 quentius,
747 3506 843 3552 aut
872 3501 1275 3558 contentiosius
1315 3506 1624 3561 tractetur?

502 3589 1104 3662 Facitsecundo,quod,
1133 3609 1257 3648 cum
1282 3611 1410 3650 reus
1433 3595 1592 3652 fieret
1615 3598 1683 3653 de
1711 3600 1933 3660 Christo
1955 3602 2012 3656 in

430 3679 571 3738 duos
607 3681 785 3736 Filios
803 3682 1001 3748 diviso,
1038 3683 1398 3756 detractoque
1440 3687 1615 3744 beatae
1647 3689 1858 3762 Virgini
1883 3692 2013 3748 Dei-

430 3785 578 3842 ραι-ω
617 3771 864 3839 nomine,
891 3773 961 3828 de
1009 3775 1285 3831 calumnia
1343 3777 1450 3832 sibi
1481 3778 1623 3835 facta
1654 3781 2013 3838 vehementer

429 3869 660 3930 questus
688 3869 811 3928 est;
872 3878 979 3918 nec
1029 3875 1260 3936 questus
1293 3876 1528 3938 tantum,
1560 3871 1656 3927 sed
1707 3873 2012 3931 confessio-

429 3967 555 4007 ncm
583 3949 708 4007 ﬁdei
735 3954 1042 4024 oppositam
1071 3959 1506 4027 expressissimis
1547 3963 1738 4018 verbis
1781 3965 1958 4021 edidit
1993 3984 2007 4020 :

438 4061 455 4092 ε
491 4042 547 4097 Si
579 4042 705 4112 quis
731 4053 979 4100 sanctam
1008 4047 1293 4119 Virginem
1337 4050 1630 4121 Deiparam
1685 4069 1797 4110 non
1845 4055 2007 4122 dicit,

428 4139 745 4202 autpurum
769 4135 1050 4193 hominem
1095 4148 1258 4196 vocat
1295 4143 1590 4198 Dominum
1623 4153 1872 4201 nostrum
1916 4149 2010 4205 Je-

429 4240 550 4279 sum
581 4225 888 4292 Christum,
931 4229 1020 4284 vel
1070 4230 1126 4285 in
1178 4231 1318 4288 duos
1366 4235 1537 4291 Filios
1577 4236 1780 4292 dividit
1837 4254 2010 4294 unum

427 4316 781 4387 Unigenitum
825 4335 889 4375 ac
937 4321 1363 4394 primogenitum
1417 4327 1601 4384 omnis
1643 4339 1932 4397 creaturae,
1975 4348 2008 4388 a

2117 497 2407 568 positionis
2430 499 2701 554 sententia
2724 540 2737 564 ,
2771 513 2935 568 quam
2967 513 3164 570 magna
3187 498 3432 570 synodus
3470 497 3690 566 tulerat,

2117 604 2148 643 a
2169 603 2388 644 summo
2413 588 2674 660 pontifice
2694 588 3096 659 abrogaretur;
3125 595 3186 642 ut
3212 587 3518 658 Imperator
3549 587 3694 644 Mar-

2116 681 2327 747 cianus,
2358 681 2535 736 sancti
2557 681 2760 736 Leonis
2793 682 3125 736 sententiam
3152 688 3397 744 secutus,
3434 680 3602 734 latam
3636 680 3695 736 in

2117 771 2454 830 Theodoreti
2498 774 2673 830 libros
2703 788 2735 828 a
2796 772 3111 828 Theodosio
3151 773 3328 842 legem
3358 771 3692 838 resciderit;

2117 873 2178 920 ut
2205 864 2656 922 Chalcedonense
2677 865 2982 921 concilium
3031 864 3473 928 Theodoretum,
3524 864 3692 918 etiam

2117 967 2243 1012 ante
2265 973 2487 1012 causam
2534 958 2792 1029 agitatam
2841 956 3134 1028 receperit,
3197 956 3591 1025 admiseritque
3626 955 3696 1012 ad

2117 1059 2463 1100 consessum.

2189 1137 2341 1190 Facit
2393 1138 2596 1206 quinto,
2656 1137 2804 1206 quod
2863 1137 2935 1192 de
2991 1136 3386 1192 incarnationis
3430 1136 3698 1208 mysterio

2118 1227 2404 1296 scripsisse
2429 1226 2683 1282 videatur
2714 1226 2930 1292 eadem,
2955 1244 3077 1298 qua:
3105 1237 3162 1283 et
3185 1226 3478 1284 Orientalis
3502 1227 3697 1284 Eccle-

2118 1319 2220 1384 sia,
2251 1329 2308 1375 ct
2335 1319 2560 1390 quidem
2589 1318 2992 1376 celebrioribus
3019 1319 3247 1384 litteris,
3275 1335 3400 1374 cum
3457 1336 3563 1390 pax
3594 1319 3698 1375 ini-

2119 1419 2308 1477 retur;
2333 1426 2456 1480 quas
2481 1418 2537 1466 et
2561 1411 2941 1466 sanctissimus
2983 1410 3192 1466 Christi
3243 1419 3454 1482 martyr
3483 1410 3699 1466 Flavia-

2119 1516 2243 1566 nus,
2274 1516 2401 1556 cum
2426 1501 2494 1556 de
2521 1500 2628 1556 fide
2654 1517 2754 1556 sua
2801 1501 3268 1572 interrogaretur;
3315 1515 3438 1570 quae
3473 1509 3529 1555 et
3583 1499 3697 1556 Leo

2119 1593 2364 1664 Magnus,
2391 1608 2516 1648 cum
2545 1584 2672 1648 ﬁdei
2702 1592 2992 1647 formulam
3027 1592 3082 1646 in
3109 1592 3340 1662 epistola
3371 1591 3439 1646 ad
3479 1591 3694 1647 Flavia-

2117 1699 2250 1738 num
2284 1685 2700 1754 praescriberet:
2734 1685 2779 1740 si
2831 1685 2978 1740 enim
3012 1692 3128 1740 tres
3165 1684 3272 1740 illae
3323 1683 3697 1740 confessiones

2117 1774 2229 1829 sint
2262 1775 2564 1841 catholica,
2628 1782 2690 1829 ut
2739 1791 2930 1830 revera
2981 1783 3130 1840 sunt,
3180 1789 3290 1844 qua
3345 1773 3563 1828 ratione
3585 1787 3696 1826 non

2117 1876 2410 1923 censeatur
2447 1867 2772 1929 catholicus,
2825 1865 2922 1935 qui
2969 1865 3050 1920 eis
3101 1863 3416 1920 consentit?
3455 1863 3698 1918 Consen-

2117 1959 2254 2014 sisse
2281 1974 2412 2013 vero
2440 1958 2853 2012 Theodorctum
2888 1955 3016 2010 inde
3041 1955 3261 2025 probari
3288 1962 3471 2024 potest
3501 1971 3516 2007 :

2191 2047 2550 2106 Orientalium
2579 2048 2740 2103 fidem
2765 2049 2820 2103 in
2849 2047 3239 2117 compendium
3289 2045 3529 2118 Cyrillus
3558 2062 3695 2101 con-

2118 2143 2304 2206 traxit,
2330 2134 2712 2212 probavitquc,
2743 2141 2852 2194 imo
2887 2148 2943 2194 et
2998 2138 3243 2194 defendit
3275 2139 3332 2192 in
3371 2137 3601 2208 epistola
3627 2136 3698 2191 ad

2118 2235 2470 2290 Valerianum
2502 2251 2514 2286 :
2547 2253 2565 2284 ‹
2601 2233 2835 2302 Scripta,
2861 2231 3061 2302 inquit,
3085 2230 3437 2299 dilucidaquc
3476 2229 3695 2284 confes-

2117 2327 2273 2381 sione
2307 2325 2568 2379 omnibus
2598 2325 2779 2394 palam
2803 2324 3075 2389 fecerunt,
3111 2338 3168 2378 se
3195 2321 3510 2393 evangelica
3567 2336 3696 2391 apo-

2118 2418 2419 2487 stolicaque
2444 2417 2697 2487 dogmata
2728 2424 2948 2471 secutos
2972 2430 3114 2474 esse.
3138 2413 3569 2483 lnctorumque
3595 2411 3699 2467 Pa-

2118 2518 2266 2564 trum
2317 2508 2654 2564 confessioni
2708 2507 2861 2562 nullo
2887 2507 3052 2562 modo
3104 2505 3405 2560 adversari.
3457 2504 3696 2559 Professi

2119 2605 2248 2652 sunt
2277 2597 2448 2663 enim,
2481 2597 2711 2667 perinde
2747 2612 2810 2651 ac
2843 2612 2964 2660 nos,
2994 2603 3240 2650 sanctam
3267 2592 3548 2663 Virginem
3598 2592 3694 2647 Dei

2117 2685 2452 2740 Genitricem
2485 2701 2637 2751 esse;
2671 2700 2774 2739 nec
2799 2685 3143 2755 adjecerunt,
3178 2683 3324 2753 quod
3349 2682 3558 2738 Christi
3587 2681 3698 2738 Ge-

2116 2774 2287 2828 nitrix
2311 2775 2402 2841 sit,
2437 2782 2534 2828 aut
2557 2774 2801 2829 hominis
2816 2774 3075 2846 genitrix,
3111 2771 3578 2842 quemadmodum
3605 2769 3697 2825 di-

2117 2874 2268 2931 cunt,
2305 2866 2399 2936 qui
2422 2865 2670 2920 infelices
2691 2865 3165 2934 exsecrandasque
3209 2862 3451 2918 Nestorii
3479 2861 3698 2932 opinio-

2117 2973 2216 3014 nes
2252 2967 2521 3024 tuentur:
2557 2963 2917 3013 asseruerunt
2966 2956 3171 3026 quippe
3217 2955 3440 3010 disertis
3489 2953 3696 3019 verbis,

2119 3067 2290 3110 unum
2324 3067 2445 3107 esse
2477 3051 2699 3116 Filium,
2749 3065 2923 3105 unum
2953 3049 3267 3113 Dominum,
3322 3062 3492 3103 unum
3531 3046 3698 3103 Chri-

2115 3153 2283 3210 stum,
2320 3143 2568 3214 quiante
2589 3157 2752 3198 omne
2775 3141 3041 3197 saeculum
3091 3139 3358 3194 ineffabili
3407 3137 3574 3193 modo
3628 3153 3700 3193 ex

2111 3235 2225 3290 Deo
2254 3235 2418 3290 Patre
2441 3234 2658 3305 genitus
2685 3239 2770 3288 est
2802 3232 2949 3287 Deus
2995 3230 3258 3295 Verbum,
3281 3237 3336 3284 et
3367 3229 3462 3298 qui
3505 3227 3698 3283 novis-

2112 3325 2269 3382 simis
2304 3326 2645 3396 temporibus
2665 3323 2971 3382 secundum
3003 3337 3224 3378 carnem
3252 3337 3320 3376 ex
3351 3328 3529 3375 matre
3591 3333 3697 3373 na-

2113 3426 2236 3485 tus;
2262 3419 2337 3474 ita
2364 3427 2426 3474 ut
2446 3419 2594 3473 idem
2623 3419 2696 3474 sit
2724 3419 2743 3440 ⁸
2771 3418 2921 3472 Deus
2941 3421 2999 3471 et
3021 3415 3211 3482 homo,
3239 3413 3386 3469 idem
3416 3412 3699 3483 perfectus

2111 3509 2168 3565 in
2190 3509 2418 3575 deitate,
2458 3510 2736 3580 perfectus
2758 3509 2815 3566 in
2842 3509 3188 3566 humanitate
3218 3525 3232 3562 :
3264 3506 3502 3563 credunt
3543 3503 3700 3560 deni-

2111 3616 2220 3671 que
2245 3617 2410 3656 unam
2442 3601 2595 3657 illius
2622 3618 2742 3657 esse
2766 3618 3082 3673 personam,
3107 3613 3212 3657 nec
3257 3600 3372 3655 ulla
3397 3597 3611 3653 ratione
3638 3596 3696 3654 iu

2113 3693 2255 3750 duos
2278 3694 2472 3762 Filios,
2496 3703 2594 3751 aut
2622 3695 2765 3751 duos
2802 3694 3080 3762 Christos,
3131 3702 3226 3751 aut
3256 3692 3399 3749 duos
3434 3690 3700 3747 Dominos

2112 3784 2537 3855 dispertiuntur.
2569 3805 2592 3838 ι

2183 3875 2432 3942 Quatuor
2464 3877 2634 3948 igitur
2679 3877 2770 3932 illa
2811 3876 2949 3934 ﬁdes
2982 3874 3462 3947 propositionibus
3511 3870 3696 3928 conti-

2110 3977 2294 4034 netur,
2319 3985 2458 4040 quas
2477 3969 2569 4041 qui
2596 3971 2917 4037 asseruerit,
2971 3969 3338 4034 orthodoxae,
3365 3968 3452 4023 vel
3500 3974 3696 4022 sancto

2109 4057 2316 4129 Cyrillo
2360 4059 2568 4131 judice,
2599 4060 2814 4117 censeri
2865 4060 3052 4116 debet.
3097 4061 3151 4114 1ο
3198 4059 3364 4114 Beata
3413 4056 3578 4127 Virgo
3605 4060 3697 4110 est

2112 4149 2364 4220 Deipara.
2389 4151 2447 4205 2°
2474 4152 2629 4208 Unus
2661 4160 2748 4207 est
2794 4152 2988 4219 Filius,
3025 4166 3169 4207 unus
3199 4149 3488 4214 Dominus,
3546 4163 3696 4202 unus

2111 4237 2368 4296 Christus
2399 4240 2545 4295 Deus
2578 4241 2841 4296 Verbum.
2875 4240 2934 4294 5'
2991 4239 3120 4295 Dua‘.
3147 4247 3278 4293 sunt
3301 4236 3471 4294 Verbi
3527 4249 3698 4306 gene-

2112 4330 2376 4397 rationes,
2424 4339 2630 4387 aeterna
2673 4348 2804 4397 una,
2835 4347 2903 4387 ex
2949 4332 3112 4387 Patre
3151 4330 3310 4396 Deo;
3371 4325 3694 4398 temporalis

429 4423 524 4509 ipe
552 4409 921 4509 innChristum
941 4414 1178 4480 excidat,
1205 4423 1262 4472 et
1323 4417 1471 4473 dicet
1528 4421 1714 4477 omnis
1747 4425 2004 4494 populus,
2041 4453 2083 4509 υ
2111 4420 2283 4475 altera
2309 4435 2377 4475 ex
2405 4429 2580 4476 matre
2614 4421 2850 4492 virgine.
2891 4422 2948 4476 4ο
2977 4420 3152 4477 Unica
3187 4427 3272 4474 est
3301 4417 3508 4474 Christi
3567 4430 3692 4486 per-

429 4499 568 4563 l’iat,
598 4500 803 4556 Fiat“.
839 4521 859 4556 ι

495 4590 644 4646 Facit
673 4594 848 4659 tertio,
871 4596 1017 4665 quod
1049 4598 1118 4653 ab
1152 4599 1514 4673 Eutychianis
1537 4603 1833 4662 durissima
1855 4623 2007 4678 qua:-

425 4696 532 4749 que
563 4697 756 4751 passus
785 4685 888 4739 sit:
931 4687 1233 4746 domestico
1289 4695 1555 4751 nimirum
1596 4696 1724 4769 Cyri
1785 4715 2006 4755 carcere

423 4769 586 4842 465
611 4773 877 4839 inclusus,
901 4777 1248 4837 Alexandriae
1291 4783 1427 4840 diris
1451 4786 1703 4852 devotus,
1730 4789 1786 4844 in
1832 4791 2005 4845 latro-

424 4859 589 4915 cinali
619 4862 900 4932 Ephesino
935 4869 1170 4925 concilio
1206 4871 1456 4943 dejectus
1484 4876 1553 4931 de
1575 4879 1725 4944 sede,
1775 4880 2004 4937 civitate

421 4949 548 5022 Cyri
581 4955 863 5024 expulsus,
899 4957 1018 5014 sine
1049 4960 1177 5016 ullis
1206 4962 1535 5033 adjumentis
1581 4968 1729 5033 vita,
1777 4969 1902 5041 igne
1944 4980 2002 5029 et

421 5056 562 5111 aqua
598 5045 947 5114 interdictus,
973 5049 1133 5107 libris
1154 5051 1389 5111 flamma
1442 5054 1660 5113 traditis
1717 5062 2002 5118 traductus

425 5142 683 5205 tanquam
734 5141 1120 5201 hairesiarcha.
1162 5147 1362 5204 Annon
1418 5149 1487 5205 ab
1561 5151 1835 5210 haereticis
1887 5157 2005 5227 pati

424 5227 803 5285 testimonium
845 5235 1123 5303 quoddam
1147 5248 1234 5296 est
1263 5244 1528 5313 opposita
1549 5243 1721 5301 fidei?

495 5317 648 5375 Facit
672 5335 860 5392 quarto
926 5331 1074 5386 sedis
1124 5335 1458 5404 apostolicm,
1511 5353 1676 5409 quam
1732 5338 2002 5399 adversus

418 5409 670 5467 Dioscori
700 5416 967 5485 synodum
1003 5423 1395 5493 appellaverat,
1424 5435 1533 5482 tam
1561 5437 1835 5485 maturum
1865 5439 2000 5486 tam-

424 5515 533 5572 que
568 5505 810 5576 amplum
835 5515 894 5564 et
916 5507 1105 5566 eflicax
1130 5513 1422 5586 judicium,
1459 5528 1518 5575 ut
1538 5536 1602 5577 ex
1637 5521 1812 5589 libris,
1862 5538 2001 5594 quos

2113 4525 2268 4575 sona,
2292 4525 2394 4564 nec
2415 4513 2473 4564 in
2497 4511 2636 4565 duos
2665 4510 2808 4567 filios
2828 4512 3083 4568 Christus
3107 4511 3392 4566 dividitur.
3449 4507 3560 4562 Bas
3589 4519 3693 4561 au-

2114 4610 2225 4658 tem
2259 4603 2665 4672 propositiones
2691 4616 2932 4675 quatuor
2964 4605 3130 4660 unico
3166 4601 3484 4660 testimonio
3511 4599 3696 4654 Theo-

2112 4692 2342 4748 doretus
2367 4693 2656 4750 confessus
2667 4706 2773 4752 est.
2795 4695 2962 4767 466
2983 4715 3001 4746 ι
3028 4695 3356 4750 Sanctorum
3378 4694 3602 4748 Patrum
3620 4689 3691 4754 ³⁷,

2111 4785 2313 4855 inquit,
2333 4785 2564 4858 vestigia
2586 4788 2742 4858 sequi
2760 4787 2924 4858 cupio
2957 4795 3016 4841 et
3039 4795 3191 4857 opto,
3220 4793 3277 4841 et
3302 4781 3691 4854 Evangelicam

2108 4876 2440 4945 doctrinam,
2465 4895 2632 4950 quam
2654 4879 2985 4951 compendio
3010 4879 3171 4934 nobis
3193 4877 3562 4939 tradiderunt,
3591 4873 3688 4945 qui

2110 4973 2257 5044 apud
2277 4974 2511 5031 Nicaeam
2541 4991 2850 5032 convenere
2878 4975 3212 5031 sanctissimi
3237 4976 3452 5038 Patres,
3497 4971 3685 5029 illiba-

2108 5073 2221 5121 tam
2249 5071 2446 5123 ειυᾱεο
2472 5083 2800 5126 conservare
2834 5087 2848 5123 ἶ
2879 5078 2938 5125 et
2959 5069 3106 5125 sicut
3133 5082 3306 5122 unum
3358 5080 3482 5122 esse
3515 5065 3690 5122 credo

2103 5157 2275 5213 Deum
2306 5159 2545 5226 Patrem,
2573 5168 2631 5216 et
2655 5177 2825 5216 unum
2855 5161 3123 5232 Spiritum
3151 5169 3403 5216 sanctum
3431 5174 3500 5220 ex
3523 5159 3690 5214 Patre

2102 5249 2515 5318 procedentem,
2539 5253 2620 5309 sic
2649 5268 2820 5308 unum
2849 5253 3144 5308 Dominum
3187 5253 3375 5309 Jesum
3403 5250 3690 5307 Christum

2103 5343 2306 5398 Filium
2333 5344 2431 5400 Dei
2459 5346 2824 5417 unigenitum,
2853 5355 2982 5402 ante
3003 5344 3192 5401 omnia
3217 5344 3414 5400 saecula
3434 5342 3686 5413 genitum

2101 5447 2132 5486 a
2158 5432 2340 5500 Patre,
2365 5434 2714 5506 splendorem
2735 5435 2922 5508 gloria:
2948 5443 3006 5491 et
3037 5435 3418 5490 characterem
3437 5442 3686 5502 paterna

2103 5526 2442 5599 substantiae,
2469 5538 2696 5601 propter
2743 5529 3026 5587 hominum
3072 5529 3302 5588 salutem
3333 5527 3686 5586 incarnatum

1763 5659 2077 5718 SCHULZH
2109 5662 2335 5720 ΝΟΤᾹΞ.

500 5705 544 5738 ³⁸
563 5708 734 5777 Epist.
752 5711 840 5770 83.
920 5717 958 5747 ³⁷
994 5715 1134 5773 ibid.
