4058 6174
323 291 430 361 613

1508 302 1624 362 ΠΕ-
1653 302 1824 363 FIDE
1857 298 2366 361 THEODORETI.

3465 288 3574 356 114

320 420 381 466 et
413 406 692 465 hominem
712 414 947 477 factum,
1004 421 1061 469 et
1094 411 1395 469 secundum
1442 426 1664 467 carnem
1705 420 1896 467 natum
1926 418 1974 477 Α
2003 420 2149 467 tuam
2181 409 2466 479 admirati},
2504 407 2745 478 Spiritus
2784 408 2957 464 sancti
3007 406 3262 478 gratiam,
3308 419 3429 476 qua:
3470 417 3571 475 per

320 516 390 557 ex
415 500 589 556 Maria
625 500 845 573 Virgine
872 521 886 557 :
912 504 993 559 sic
1014 504 1163 560 enim
1202 518 1305 560 nos
1338 504 1528 560 docuit
1553 506 1900 575 sapientissi-

317 611 446 651 mus
470 596 697 661 Paulus,
746 615 765 649 ι
803 606 911 652 etc.
936 597 1005 651 Et
1024 603 1149 667 post
1178 596 1413 652 adducta
1445 595 1600 651 Pauli
1652 596 1898 650 testimo-

316 688 412 742 nia
462 704 477 742 :
540 707 560 740 ι
606 689 906 757 Propterea
956 689 1246 758 Deiparam
1293 689 1632 759 appellamus
1658 698 1900 743 sanctam

316 778 627 850 Virginem,
656 788 710 834 et
738 794 855 843 eos,
881 779 974 849 qui
1004 794 1203 833 nomen
1229 780 1335 833 hoc
1354 780 1669 850 repudiant,
1695 780 1903 835 alienos

316 884 345 921 a
380 869 593 938 pietate
627 883 915 923 censemus
948 885 963 920 ε
990 868 1243 925 similiter
1275 878 1332 924 et
1384 884 1510 936 eos,
1538 870 1634 939 qui
1680 870 1737 924 in
1766 870 1902 925 duas

314 972 608 1027 personas,
637 959 723 1013 vel
748 958 892 1012 duos
912 956 1101 1022 Filios,
1128 959 1215 1012 vel
1251 958 1391 1013 duos
1432 960 1717 1023 Dominos,
1757 958 1900 1013 divi-

314 1050 459 1104 dunt
483 1066 657 1104 unum
684 1050 977 1105 Dominum
990 1058 1238 1104 nostrum
1260 1050 1446 1106 Iesum
1468 1050 1769 1115 Christum,
1790 1065 1898 1104 non

314 1141 573 1196 sineeros
594 1140 852 1206 dicimus,
887 1148 942 1195 et
961 1156 993 1195 a
1022 1140 1466 1195 Christianorum
1520 1151 1666 1196 εαξη]
1714 1156 1900 1211 segre-

312 1243 534 1299 gamus.
563 1248 581 1280 »
622 1229 691 1283 Et
718 1238 929 1298 postea,
957 1248 975 1279 ε
996 1228 1208 1283 Clamat
1228 1229 1470 1298 Baptista
1497 1229 1684 1285 dicens
1712 1247 1725 1283 :
1773 1230 1900 1284 Post

314 1336 399 1373 me
422 1321 568 1374 venit
597 1320 699 1383 vir,
726 1321 815 1389 qui
847 1326 973 1373 ante
1001 1336 1083 1373 me
1113 1320 1282 1389 factus
1316 1330 1413 1384 est,
1460 1321 1585 1390 quia
1624 1322 1770 1391 prior
1818 1337 1901 1374 me

266 1478 279 1493 .
312 1419 460 1465 erat.
516 1410 588 1466 Et
630 1426 757 1465 cum
801 1424 968 1464 unam
1017 1410 1351 1466 ostendisset
1400 1426 1714 1480 personam,
1750 1420 1899 1467 utra—

314 1516 427 1571 que
473 1501 680 1570 posuit,
716 1500 904 1555 divina
932 1500 1154 1557 scilicet
1180 1510 1237 1555 et
1265 1502 1501 1556 humana
1530 1519 1543 1555 :
1595 1502 1896 1556 humanum

314 1607 559 1662 namque
591 1600 694 1656 est,
728 1602 784 1647 et
809 1593 906 1658 vir,
939 1602 996 1647 et
1016 1594 1173 1646 ~vem't
1206 1610 1226 1659 ;
1258 1593 1500 1649 divinum
1544 1609 1708 1660 vero,
1752 1595 1898 1664 prior

314 1703 398 1741 me
433 1696 557 1741 erat
583 1704 602 1742 :
633 1698 876 1743 attamen
922 1704 1035 1743 non
1078 1688 1245 1742 alium
1267 1689 1421 1743 novit
1458 1703 1617 1753 eum,
1647 1687 1740 1757 qui
1776 1694 1898 1756 post

312 1778 492 1842 venit,
522 1787 580 1833 et
608 1779 797 1843 alium,
824 1779 915 1849 qui
960 1786 1088 1832 ante
1118 1778 1298 1847 ipsum
1335 1787 1482 1844 erat;
1519 1778 1615 1833 sed
1641 1777 1894 1832 eumdem

312 1868 498 1933 novit,
528 1877 657 1924 ante
685 1870 880 1925 mula
905 1869 1127 1939 quidem
1160 1878 1221 1924 ut
1243 1870 1417 1925 Deum
1441 1887 1457 1936 ;
1492 1870 1770 1924 hominem
1798 1884 1894 1924 ve-

310 1972 375 2012 ro
410 1966 541 2027 post
569 1958 744 2027 ipsum
770 1958 971 2013 factum
1002 1974 1071 2013 ex
1091 1959 1334 2030 Virgine.
1362 1979 1380 2012 i

378 2098 466 2153 De
494 2114 605 2152 una
645 2096 848 2153 Christi
880 2115 1115 2169 persona
1150 2101 1494 2156 luculentum
1530 2109 1613 2154 cst
1649 2099 1894 2153 testimo-

311 2189 471 2244 nium
525 2190 952 2259 interrogatione
996 2192 1059 2247 l9
1120 2192 1177 2247 in
1225 2191 1496 2248 Genesin:
1537 2210 1555 2242 ε
1591 2190 1737 2245 Deus
1767 2231 1780 2255 ,
1813 2190 1895 2243 in-

309 2280 530 2351 quit",
558 2281 651 2350 qui
712 2282 1000 2350 przenoscit
1046 2283 1251 2349 omnia,
1284 2299 1403 2353 quas
1459 2282 1703 2336 nondum
1750 2280 1891 2335 facta

312 2383 467 2438 sunt,
506 2382 765 2443 tauquam
785 2374 894 2445 jam
922 2374 1092 2441 facta;
1136 2374 1229 2444 qui
1259 2372 1890 2444 prmvidebatUnigeniti

313 2464 754 2520 incarnationem
778 2473 833 2519 et
863 2464 1392 2529 inhumanationcm,
1408 2464 1663 2535 quodque
1684 2479 1749 2518 ex
1768 2462 1891 2519 Vir-

314 2558 438 2628 gine
463 2555 716 2611 eamdem
742 2563 992 2611 naturam
1031 2565 1350 2627 sumpturus
1382 2567 1547 2619 esset,
1581 2571 1745 2626 quam
1785 2554 1892 2609 sibi

314 2655 619 2717 coaptaret,
650 2656 705 2700 et
731 2647 934 2713 uniret,
962 2650 1041 2702 sic
1070 2655 1132 2703 ut
1159 2664 1265 2702 una
1297 2664 1529 2718 persona
1559 2650 1656 2703 Dei
1693 2656 1747 2702 et
1793 2648 1892 2701 ho-

316 2738 480 2792 minis
507 2737 867 2808 intelligatur,
900 2748 954 2793 et
988 2755 1093 2792 una
1117 2738 1416 2808 eademque
1457 2740 1532 2793 illi
1553 2740 1797 2794 adoratio
1822 2738 1891 2793 ab

317 2829 577 2884 universa
609 2838 860 2884 creatura
886 2828 1187 2895 deferatur,
1225 2838 1332 2885 etc.
1369 2849 1388 2881 ι

378 2960 861 3029 Quemadmodum
888 2958 1131 3017 Flaviani
1164 2960 1421 3032 martyris
1449 2960 1586 3017 ﬁdes
1608 2962 1677 3017 ab
1699 2962 1894 3019 Orien-

319 3052 509 3108 talium
544 3050 891 3106 confessione
921 3065 1030 3104 non
1063 3049 1270 3114 differt,
1296 3050 1398 3107 nisi
1422 3050 1569 3119 quod
1603 3050 1765 3119 paulo
1798 3066 1893 3105 ex-

319 3141 563 3211 pressior
605 3140 661 3195 in
709 3156 775 3195 ea
806 3140 867 3195 ﬁt
908 3141 1114 3196 mentio
1140 3141 1374 3196 duarum
1415 3147 1735 3212 naturarum
1769 3148 1892 3209 post

324 3232 648 3294 unitionem,
688 3229 951 3286 adversus
978 3231 1282 3303 Eutychen,
1315 3238 1370 3285 et
1409 3231 1577 3285 unius
1623 3244 1889 3300 personae,

321 3332 511 3377 contra
547 3321 900 3387 Nestorium;
929 3322 1005 3376 ita
1055 3337 1177 3391 quae
1210 3322 1354 3378 dicta
1390 3331 1520 3377 sunt
1555 3320 1624 3376 de
1663 3335 1894 3377 consen-

322 3412 479 3466 sione
500 3410 828 3466 Theodoreti
861 3426 984 3465 cum
1012 3410 1407 3476 Orientalibus,
1437 3412 1669 3482 perinde
1706 3411 1893 3467 valent

319 3502 385 3557 ad
423 3502 909 3559 demonstrandam
953 3518 1078 3558 cum
1116 3503 1376 3557 Flaviano
1424 3504 1887 3559 convenientiam.

317 3593 435 3650 Jam
462 3609 599 3649 vero
641 3593 963 3664 dogmaticze
996 3593 1052 3649 S.
1082 3593 1283 3650 Leonis
1323 3595 1571 3664 epistolae
1596 3595 1894 3651 conformi-

322 3694 402 3740 ter
427 3702 487 3741 se
520 3686 729 3740 sentire
766 3686 972 3755 scripto
1007 3687 1287 3756 verboque
1318 3687 1704 3743 Theodoretus
1742 3696 1892 3756 pate-

318 3778 463 3832 fecit.
497 3777 638 3831 Nam
670 3776 725 3831 in
754 3776 953 3832 litteris
974 3776 1042 3832 ad
1084 3778 1140 3835 S.
1166 3778 1404 3835 Leonem
1448 3797 1462 3833 :
1511 3799 1530 3831 ι
1572 3779 1888 3844 Incidimus,

317 3868 495 3939 inquit
522 3869 591 3932 ³ο,
630 3867 687 3922 in
749 3868 858 3934 illa,
893 3885 1015 3939 quae
1036 3869 1103 3924 de
1128 3870 1225 3925 Dei
1273 3870 1677 3940 Salvatorisque
1717 3868 1890 3926 nostri

318 3959 698 4014 incarnatione
722 3958 993 4015 Sanctitas
1037 3970 1219 4016 vestra
1259 3961 1515 4031 scripsit,
1543 3971 1599 4017 et
1636 3960 1891 4016 admirati

316 4067 508 4106 sumus
548 4058 795 4106 exactam
845 4037 1027 4121 operis
1069 4052 1450 4122 diligentiam:
1484 4061 1712 4122 utraque
1741 4054 1890 4109 enim

319 4140 373 4193 in
402 4140 601 4195 eodem
648 4139 980 4206 declarabat,
1009 4149 1270 4197 :eternam
1315 4144 1527 4199 scilicet
1578 4159 1643 4199 ex
1682 4153 1891 4200 aeterno

318 4231 476 4287 Patre
505 4231 782 4301 Unigeniti
813 4232 1176 4300 divinitatem,
1208 4241 1264 4288 et
1288 4235 1535 4305 ejusdem
1560 4251 1628 4290 ex
1658 4235 1892 4291 Abrahae

318 4332 373 4378 et
410 4323 634 4378 Davidis
683 4324 892 4379 semine
930 4324 1353 4393 humanitatem,
1400 4342 1464 4382 ac
1522 4327 1760 4382 similem
1793 4341 1893 4396 per

320 4412 503 4465 omnia
528 4411 691 4467 nobis
730 4412 897 4467 fuisse
939 4422 1275 4483 assumptum
1321 4422 1597 4479 naturam,
1637 4415 1742 4469 hoc
1779 4429 1889 4469 uno

321 4502 663 4568 dissimilem,
695 4502 839 4572 quod
864 4504 1073 4572 peccati
1112 4520 1310 4574 expers
1354 4505 1644 4570 manserit,
1686 4505 1887 4575 quippe

320 4593 466 4662 quod
490 4608 600 4646 non
627 4607 694 4648 ex
714 4601 930 4656 natura,
959 4594 1053 4649 sed
1077 4610 1144 4649 ex
1182 4596 1358 4650 libera
1387 4595 1668 4650 voluntate
1701 4594 1882 4648 nasci-

320 4692 426 4737 tur.
445 4683 608 4755 467
625 4684 691 4738 Et
707 4684 810 4738 hoc
829 4692 1088 4754 praeterea
1108 4686 1304 4740 litterae
1320 4687 1695 4750 continebant,
1718 4699 1887 4739 unum

317 4787 439 4828 esse
475 4775 815 4844 unigenitum
837 4776 934 4830 Dei
955 4776 1177 4840 Filium,
1204 4777 1633 4846 etimpatibilem
1663 4777 1780 4845 ejus
1802 4776 1888 4830 di-

318 4865 626 4930 vinitatem,
666 4881 787 4936 qua:
818 4882 923 4921 nec
950 4867 1090 4921 verti
1122 4877 1307 4936 queat,
1335 4882 1436 4922 nec
1481 4866 1705 4932 mutari,
1746 4866 1888 4921 sicut

318 4963 377 5011 et
419 4956 516 5026 qui
556 4957 732 5027 ipsum
779 4957 968 5028 genuit
1015 4958 1178 5014 Pater
1228 4966 1284 5013 et
1330 4958 1567 5028 Spiritus
1626 4967 1886 5025 sanctus;

322 5046 560 5115 ideoque
582 5045 864 5115 patibilem
908 5055 1159 5101 naturam
1205 5046 1525 5117 sumpsisse,
1546 5048 1674 5117 quia
1705 5048 1889 5103 divina

319 5137 835 5206 natura'passionem
856 5153 964 5192 non
980 5136 1249 5207 capiebat,
1268 5146 1327 5192 ut
1352 5154 1448 5208 per
1464 5139 1641 5194 carnis
1655 5140 1891 5210 propria:

320 5228 631 5295 passionem
664 5226 1160 5297 impassibilitatcm
1192 5228 1259 5283 iis
1285 5229 1378 5297 qui
1402 5230 1455 5283 in
1490 5228 1667 5299 ipsum
1693 5230 1887 5285 crede-

322 5322 463 5378 rent,
500 5315 829 5386 largiretur;
868 5332 968 5371 nos
1006 5333 1136 5372 vero
1182 5318 1520 5385 spiritualem
1571 5321 1888 5389 sapientiam

2001 520 2100 561 vos
2124 504 2307 559 locuta
2330 510 2434 567 est,
2465 501 2723 557 laudibus
2750 501 3064 556 extulimus.
3097 519 3115 552 ι

2072 597 2260 667 Neque
2290 595 2531 650 laudavit
2560 603 2791 657 tantum,
2818 592 2914 648 sed
2939 608 3008 647 ex
3027 606 3093 645 ea
3130 590 3363 645 formam
3404 590 3547 663 ﬁdei,

2002 701 2166 756 quam
2191 686 2399 739 Renato
2424 684 2681 738 Ecclesia
2709 683 2964 736 Romanae
3000 680 3324 750 presbytero
3348 679 3568 741 direxit,

2002 776 2308 832 confecisse
2338 774 2558 828 videtur
2598 772 2677 825 ⁸ος
2718 792 2735 823 ι
2760 774 2863 827 Per
2888 772 3187 841 apostolica
3227 769 3454 839 vestigia
3482 769 3567 822 in-

2002 868 2166 930 cessi,
2201 881 2372 921 unum
2402 864 2750 934 prtedicando
2805 864 3022 927 Filium,
3077 863 3222 916 sicut
3276 876 3446 915 unum
3470 860 3570 913 Pa-

2003 966 2144 1012 trem
2182 965 2238 1010 et
2268 971 2437 1010 unum
2489 954 2752 1024 Spiritum
2783 965 3050 1017 sanctum,
3085 967 3251 1006 unam
3286 951 3569 1005 Trinitatis

2003 1049 2372 1110 divinitatem,
2403 1062 2572 1100 unum
2602 1060 2851 1115 regnum,
2877 1045 3385 1119 unampotentiam,
3407 1050 3569 1097 aeter-

2002 1140 2253 1201 nitatem,
2281 1136 2801 1201 immntabilitatem,
2842 1136 3358 1205 impassibilitatem,
3400 1149 3563 1187 unam

2001 1232 2361 1294 voluntatem,
2404 1229 2702 1299 perfectam
2734 1228 2949 1283 Domini
2981 1228 3153 1283 nostri
3186 1228 3317 1283 Jesu
3360 1226 3567 1281 Christi

2002 1325 2367 1387 divinitatem,
2392 1320 2692 1391 perlectam
2721 1319 3141 1383 humanitatem,
3195 1335 3317 1388 quae
3344 1327 3569 1387 propter

1999 1423 2242 1468 nostram
2298 1412 2530 1466 salutem
2582 1417 2861 1477 assumpta
2917 1417 3034 1463 est.
3094 1416 3150 1463 et
3192 1417 3418 1477 propter
3467 1421 3569 1461 nos

2000 1501 2163 1557 morti
2189 1500 2407 1555 tradita.
2435 1499 2553 1553 Non
2586 1498 2753 1552 alium
2800 1497 2926 1551 novi
2951 1496 3147 1551 Filium
3201 1495 3460 1557 hominis,
3514 1500 3571 1549 et

2001 1595 2167 1648 alium
2207 1594 2404 1648 Filium
2456 1590 2583 1656 Dei;
2642 1588 2739 1643 sed
2786 1588 3063 1653 eumdem,
3114 1588 3312 1642 Filium
3342 1586 3566 1656 quidem

2001 1687 2119 1750 Dei,
2148 1695 2203 1740 et
2239 1686 2409 1739 Deum
2439 1700 2504 1739 ex
2525 1684 2637 1737 Deo
2665 1682 2944 1751 genitum;
2971 1679 3169 1733 Filium
3220 1693 3351 1733 vero
3384 1676 3564 1741 homi-

1996 1777 2103 1841 nis,
2126 1785 2353 1845 pr0pter
2376 1784 2709 1844 assumptam
2746 1787 2814 1827 ex
2840 1769 3047 1827 semine
3076 1768 3308 1822 Abrahae
3350 1774 3406 1821 et
3458 1767 3566 1820 Da«

1995 1867 2137 1923 vidis
2167 1865 2309 1920 servi
2338 1864 2587 1918 formam.
2612 1883 2630 1914 ι

2065 1958 2179 2013 lmo
2206 1957 2454 2011 eamdem
2477 1956 2628 2010 velut
2655 1963 2862 2009 certam
2887 1952 3013 2009 ﬁdei
3044 1953 3289 2023 regulam
3338 1951 3395 2005 in
3434 1962 3564 2002 con-

1995 2050 2123 2106 cilio
2157 2048 2614 2110 Chalcedonensi,
2636 2046 2959 2117 lllyriciauis
2982 2054 3040 2100 et
3076 2042 3380 2098 Palaestinis
3418 2053 3561 2093 non-

1995 2141 2203 2195 nullam
2223 2139 2565 2209 patientibus
2585 2137 2979 2202 diﬁicultatem,
3001 2134 3273 2204 exposuit,
3299 2130 3564 2186 adducto-

1994 2246 2102 2302 que
2166 2231 2356 2302 Cyrilli
2390 2230 2705 2286 testimonio
2745 2228 3112 2284 conﬁrmavit.
3160 2224 3559 2279 Testimonium

1994 2336 2181 2391 porro,
2211 2320 2359 2390 quod
2408 2321 2610 2386 attulit,
2653 2334 2826 2373 unum
2858 2326 2943 2372 est
2996 2330 3210 2379 eorum,
3264 2328 3383 2382 quae
3423 2312 3563 2381 jam-

1994 2411 2199 2466 dudum
2226 2412 2282 2467 in
2310 2412 2562 2467 Eranista
2593 2409 2919 2480 protulerat,
2951 2420 3181 2477 quaeque
3202 2403 3289 2458 vel
3326 2403 3559 2472 subjun-

1993 2504 2072 2557 xit
2117 2504 2233 2573 ipse
2294 2503 2495 2559 Leonis
2549 2502 2823 2573 epistolae,
2879 2500 2966 2555 vel
3013 2496 3390 2571 subjungenda
3440 2495 3565 2549 aliis

1994 2595 2384 2663 suppeditavit.

2063 2689 2081 2705 ‘
2104 2686 2379 2755 lnterprcs
2395 2685 2635 2741 Gallicus
2663 2682 2910 2738 historia:
2931 2680 3314 2737 ecclesiasticae
3340 2677 3565 2734 adducit

1992 2778 2368 2841 manifestum,
2409 2786 2495 2830 uta
2524 2777 2638 2846 ipse
2693 2775 2916 2844 quidem
2963 2782 3140 2844 putat,
3187 2772 3562 2827 testimonium

1992 2885 2093 2941 pro
2123 2868 2227 2923 ﬁde
2255 2868 2583 2941 Theodoreti
2619 2868 2686 2922 de
2718 2867 3128 2930 incarnatione;
3167 2878 3363 2932 nempe
3394 2868 3562 2930 caput

1994 2940 2489 3013 undecimum‘imri
2508 2957 2689 3026 quarti
2708 2956 3087 3011 limrcticarum
3118 2953 3446 3013 fabularum,
3466 2950 3562 3003 ubi

1996 3048 2377 3105 Theodoretus
2391 3046 2701 3102 Nestorium
2716 3061 2823 3099 non
2846 3053 3057 3099 tantum
3074 3039 3280 3095 diaboli
3298 3053 3560 3109 organum

1996 3152 2173 3206 vocat,
2207 3148 2371 3208 atque
2395 3138 2462 3192 ab
2488 3136 2781 3207 Ephesinis
2809 3134 3088 3199 Palribus,
3138 3131 3404 3186 instinctu
3436 3128 3558 3200 Spi-

2000 3237 2141 3291 ritus
2164 3232 2359 3298 sancti,
2385 3230 2583 3286 merito
2612 3230 2951 3293 damnatum,
2999 3240 3214 3280 necnon
3239 3240 3270 3279 a
3321 3224 3432 3278 Deo
3459 3237 3561 3292 pro

1997 3326 2277 3397 impietate
2324 3322 2578 3394 punitum
2627 3328 2836 3385 narrat,
2888 3319 2983 3373 sed
3034 3316 3200 3371 etiam
3250 3314 3561 3370 vehementi

1997 3418 2247 3473 oratione
2278 3413 2515 3471 refellit:
2542 3411 2687 3483 quod
2713 3420 2879 3481 caput
2906 3408 3001 3463 ubi
3032 3408 3305 3477 integrum
3347 3405 3461 3459 fere
3481 3404 3567 3458 in-

1997 3519 2210 3579 terpres
2238 3506 2486 3578 protulit,
2519 3519 2700 3574 operte
2736 3502 2976 3573 pretium
3008 3499 3230 3569 negavit
3273 3512 3394 3552 esse
3428 3493 3560 3549 illud

1996 3599 2387 3657 commentario
2417 3598 2716 3661 illustrare,
2752 3609 2877 3649 cum
2899 3591 3111 3657 lectori,
3148 3590 3315 3644 etiam
3358 3585 3560 3641 medio.

1996 3693 2162 3750 critcr
2190 3696 2417 3754 attento,
2449 3684 2796 3759 persuadeat,
2840 3681 3040 3751 capitis
3090 3681 3318 3750 hujusce
3371 3684 3568 3731 aucto-

1997 3798 2111 3838 rem
2138 3782 2363 3836 siucera:
2383 3794 2503 3834 esse
2554 3777 2681 3832 ﬁdei
2711 3784 2765 3830 et
2792 3773 2989 3830 eximie
3020 3770 3351 3826 catholicum
3370 3767 3435 3821 “.

2064 3872 2265 3928 Verum
2307 3870 2560 3940 excipere
2624 3874 2811 3938 posset
2874 3863 3145 3935 quispiam
3195 3860 3264 3915 de
3320 3868 3565 3928 tempore

1996 3964 2217 4027 horum,
2247 3977 2370 4032 quae
2388 3976 2489 4032 pro
2518 3958 2873 4014 Theodoreto
2906 3954 3145 4011 adducta
3171 3959 3320 4016 sunt,
3365 3956 3561 4004 causaa-

1997 4061 2085 4108 tus
2113 4053 2317 4122 scripta
2345 4066 2464 4106 esse
2504 4057 2562 4104 et
2607 4048 2676 4103 ab
2715 4046 2937 4101 homine
2967 4045 3156 4100 attrito
3192 4041 3372 4105 malis,
3401 4046 3457 4094 et
3505 4037 3563 4091 in

1996 4142 2261 4214 patientia
2310 4141 2685 4197 calamitatum
2728 4138 2955 4196 invitam
3014 4131 3417 4193 confessionem
3464 4145 3561 4187 ex-

1996 4242 2309 4305 torquente.
2370 4231 2534 4288 Dedit
2579 4233 2727 4287 enim
2788 4231 3019 4295 litteras,
3080 4227 3229 4283 unde
3303 4228 3563 4292 excerpta

1996 4335 2123 4382 sunt
2155 4323 2469 4381 testimonia
2514 4330 2645 4391 post.
2692 4337 2896 4376 annum
2921 4319 3022 4374 447
3066 4317 3134 4381 ι’,
3166 4333 3275 4388 quo
3319 4324 3562 4383 tempore

1926 4440 1966 4491 ο
1997 4416 2319 4485 resipiscere
2339 4412 2668 4483 incipiebat:
2702 4410 2971 4479 siquidem
2996 4408 3064 4462 ad
3089 4408 3409 4461 Dioscorum
3430 4401 3563 4457 scri-

1992 4506 2123 4576 psit,
2190 4513 2478 4574 postquam
2539 4502 2595 4554 in
2650 4515 2771 4564 suo,
2825 4514 2990 4569 quem
3037 4504 3217 4561 vocat,
3259 4492 3562 4549 domestico

1993 4609 2213 4652 carcere
2257 4602 2370 4648 tres
2419 4606 2592 4646 annos
2632 4590 2889 4645 detentus
2934 4594 3101 4651 esset,
3153 4593 3209 4639 et
3236 4584 3303 4638 de
3332 4581 3436 4635 ﬁde
3493 4579 3561 4635 ab

1995 4683 2248 4741 Armenis
2296 4681 2579 4736 monachis
2622 4678 2962 4750 postulatus,
3009 4675 3175 4747 468
3222 4670 3563 4727 Alexandria:

1998 4774 2319 4831 solemniter
2340 4773 2397 4826 in
2426 4770 2661 4827 ecclesia
2682 4768 2819 4825 diris
2846 4768 3076 4823 devotus
3096 4766 3307 4819 fuisset.
3333 4760 3567 4831 Scripsit

1996 4868 2174 4922 serius
2205 4866 2368 4921 etiam
2395 4864 2461 4919 ad
2490 4871 2736 4919 sanctum
2774 4860 3034 4925 Leonem,
3059 4873 3256 4927 nempe
3279 4864 3563 4927 postquam

1997 4957 2205 5029 Ephesi
2235 4956 2519 5027 depositus
2546 4964 2649 5019 est,
2675 4969 2825 5008 anno
2845 4953 2948 5008 449
2976 4950 3041 5004 ⁵⁸.
3091 4945 3409 5019 Composuit
3433 4960 3563 5000 vero

1998 5050 2170 5105 libros
2199 5049 2580 5104 haereticarum
2630 5046 2937 5100 fabularum
2967 5042 3148 5097 adhuc
3183 5039 3413 5102 tardius,
3463 5053 3563 5092 an-

1998 5157 2070 5196 no
2100 5142 2204 5197 452
2227 5140 2292 5194 ⁸⁵.
2317 5140 2496 5207 Quare
2522 5152 2660 5207 opus
2690 5144 2775 5189 est
2801 5132 3112 5196 ostendere,
3162 5146 3325 5201 quam
3358 5128 3563 5198 priori-

1999 5233 2101 5287 bus
2128 5231 2468 5301 temporibus
2495 5214 2823 5282 sc'ntentiam
2860 5223 2928 5277 dc
2970 5237 3049 5285 re,
3104 5237 3211 5292 qua
3255 5221 3323 5276 de
3359 5220 3562 5290 agitur,

2000 5330 2191 5391 sponte
2214 5337 2308 5376 sua
2340 5318 2558 5375 dixerit.

1657 5471 1969 5527 SCHULZII
1999 5470 2224 5529 NOTAE.

395 5563 439 5593 ⁸⁸
468 5562 592 5616 Vid.
617 5568 657 5614 t.
692 5561 732 5626 l,
766 5565 936 5644 p.
1016 5567 1058 5596 ⁸⁵
1086 5564 1203 5618 Vid.
1248 5567 1428 5644 epist._
1469 5567 1582 5631 113,
1614 5567 1781 5644 '_.:_lV,

323 5646 542 5701 quoque
568 5642 905 5701 argumentis
955 5649 1084 5689 usus
1141 5645 1225 5688 est

325 5700 513 5770 supra,
547 5716 604 5771 ι).
632 5700 737 5757 sto
858 5704 899 5735 λι
930 5705 1047 5758 vsa.
1072 5720 1127 5774 ι».
1164 5704 1266 5757 9.00
1303 5714 1353 5758 et
1376 5706 1501 5761 θεν.

1313 5570 1408 5619 ιὶδι.
1469 5570 1582 5631 Ilii,
1614 5576 1652 5621 ⁴..
1695 5570 1781 5631 lV,
1828 5584 1881 5637 p.
1933 5570 2069 5625 1188
2101 5585 2212 5639 scq.
2292 5570 2424 5622 δον.
2460 5570 2618 5637 epist.
2661 5570 2782 5629 116,
2819 5575 2855 5619 t.
2893 5570 2956 5625 γ,
2988 5583 3043 5635 p.
3086 5570 3238 5617 “98.

1313 5637 1557 5710 eusiuus.
1598 5637 1733 5707 Χῖαι.
1798 5638 1980 5705 Artv,
2020 5642 2044 5710 ς
2072 5642 2121 5695 9.
2199 5642 2240 5671 δ’
2268 5639 2371 5695 Sed
2435 5637 2558 5691 vide
2588 5652 2770 5704 supra,
2800 5652 2850 5706 Ρ.
2884 5636 3007 5699 330,
3040 5633 3210 5689 schol.
3242 5631 3291 5686 1.

3321 5561 3363 5593 ⁸⁸
3431 5562 3564 5615 Alis

2292 5568 2335 5599 λθ
2360 5569 2424 5622 ν.
2460 5566 2618 5637 epist.
2661 5565 2782 5629 116,
2819 5575 2855 5619 1.
2893 5565 2956 5625 γ,
2988 5583 3043 5635 ι).
3086 5562 3238 5617 1198.
3321 5562 3363 5593 ⁸⁸
3431 5562 3545 5615 Ali:

2292 5639 2371 5684 ind
2435 5637 2558 5684 viris-
2588 5652 2770 5684 sunra.
2800 5652 2850 5684 n.
2884 5636 3007 5684 330.
3040 5633 3210 5684 schol.
3242 5631 3291 5684 1.
3375 5631 3418 5663 ⁸³
3442 5632 3545 5684 Viti
