4078 6160
484 226 591 299 415

1611 230 1995 293 GABNERII
2030 226 2535 292 DISSERTATIO
2574 229 2668 289 III

3644 222 3737 289 416

554 348 725 405 Imm
761 349 901 416 £50,
954 349 1011 404 in
1066 345 1297 417 epistola
1353 345 1582 402 haustis
1623 345 1695 401 ad
1726 344 2065 410 Nestorium,
2094 355 2146 408 Α
2241 342 2329 399 Ad
2357 341 2479 400 hac
2504 339 2774 399 accedant
2797 335 3181 405 Malim.
3221 337 3543 397 tam
3576 338 3737 398 saucii

484 453 652 509 quam
674 439 1025 508 conscripsit,
1058 445 1153 492 aut
1177 436 1377 492 saltem
1394 435 1757 492 consensione
1789 435 2065 506 probavit,

486 540 783 601 postquam
799 529 869 584 de
887 542 1023 584 voce
1045 527 1293 597 Deipara:
1313 527 1524 584 dictum
1587 538 1692 595 est,
1736 528 2068 600 pergiturin

488 621 605 674 haec
631 619 799 674 verba
832 619 912 671 “z
946 618 1045 674 tSi
1077 617 1154 685 id,
1200 619 1350 689 quod
1383 620 1629 676 nominis
1667 620 2072 692 signiﬁcatione

486 712 736 776 olertur,
767 726 879 765 non
904 712 1221 782 recipimus,
1251 721 1424 768 restat
1485 722 1547 768 ut
1572 714 1629 768 in
1677 714 2073 785 gravissimum

486 817 731 857 errorem
758 803 1148 872 prolabamur;
1188 804 1300 859 imo
1326 820 1459 860 vero
1507 815 1570 861 ut
1621 805 2071 875 inexplicabilem

488 892 636 947 illam
655 894 922 964 unigeniti
956 894 1075 949 Filii
1120 896 1218 951 Dei
1278 895 1647 952 oeconomiam
1698 895 2067 967 abnegemus:

486 984 953 1053 quandoquidem,
985 986 1089 1051 hoc
1118 987 1342 1042 nomine
1384 987 1624 1052 sublato,
1651 988 1741 1043 vel
1774 988 1942 1058 hujus
1972 1003 2073 1057 po-

488 1077 599 1130 tius
625 1078 866 1133 nominis
920 1080 1489 1151 notione'repudiata,
1555 1082 1808 1151 sequitur
1845 1096 1973 1135 mox
2003 1082 2071 1136 il-

486 1167 600 1223 lum
635 1184 745 1223 non
780 1186 903 1226 esse
930 1171 1129 1235 Deum,
1153 1174 1247 1242 qui
1279 1173 1666 1229 admirabilem
1704 1173 2071 1243 dispensatio-

486 1275 615 1315 nem
660 1262 855 1317 salutis
920 1274 1120 1319 nostrae
1172 1280 1340 1320 causa
1383 1266 1628 1336 suscepit
1671 1281 1686 1319 :
1749 1272 1867 1319 tum
1899 1265 2071 1320 Deum

494 1350 737 1406 Verbum
784 1367 967 1423 neque
1028 1369 1088 1408 se
1136 1354 1530 1419 exinanivisse,
1587 1370 1769 1425 neque
1820 1356 1877 1410 in
1926 1356 2071 1413 servi

487 1440 722 1496 formam
761 1458 818 1498 se
847 1443 1168 1509 demittens,
1206 1445 1540 1501 ineﬁ'ahilem
1583 1447 1877 1516 quamdam
1914 1447 2074 1503 beni-

489 1534 726 1604 gnitatis
756 1537 1194 1606 magnitudinem
1220 1538 1463 1592 humano
1475 1539 1662 1609 generi
1685 1539 2000 1596 exhibuisse
2020 1559 2069 1606 ς»

488 1633 598 1679 etc.
630 1624 784 1680 Hanc
803 1642 968 1696 porro
996 1628 1308 1697 epistolam,
1347 1635 1407 1683 ut
1432 1628 1568 1694 dixi,
1598 1630 1685 1685 vel
1715 1632 1935 1702 scripsit
1958 1633 2072 1703 ipse

2172 436 2383 493 Leonis
2415 434 2627 493 summi
2648 432 2950 505 pontiﬁcis,
2976 430 3243 492 Heroism
3291 430 3650 501 imperatoris
3690 439 3738 488 et

2171 530 2491 587 Pulcher-ite.
2521 528 2805 599 Augustae,
2847 532 3061 597 quarta
3116 524 3319 597 synodi
3362 523 3735 591 (ptumum.

2428 617 2767 676 Antiecbeni
2791 616 3082 682 antistitis,
3116 613 3363 676 Facundi
3385 612 3736 675 Hermionen-

2173 714 2252 769 sis
2273 713 2544 784 episcopi,
2585 710 2771 779 Photii
2797 706 3413 779 Constantiaopolitani
3452 707 3735 777 praesulis,

2170 805 2399 862 Joannis
2423 805 2707 869 Euchaitm
2726 800 3089 858 eruditissimi
3107 798 3412 870 scriptoris.

2246 898 2481 953 Sanctus
2515 896 2713 951 Leodc
2764 893 3116 952 Theodoreto
3137 906 3209 947 ex
3259 890 3425 946 libris
3480 888 3738 961 judicium

2172 990 2444 1054 exercuit,
2465 987 2888 1060 indicatumque
2934 1000 3061 1040 sum,
3092 980 3525 1046 communionis,
3558 979 3740 1049 utique

2173 1081 2479 1147 catholicae,
2533 1078 2861 1149 participem
2915 1075 3140 1143 eﬁ’ecit;
3184 1075 3317 1140 imo,
3367 1073 3512 1129 datis
3553 1071 3741 1127 litteris

2174 1170 2553 1242 amplissimis,
2586 1178 2816 1241 propter
2856 1168 3025 1223 ﬁdem
3068 1166 3347 1231 laudavit,
3385 1173 3552 1235 auiae
3585 1165 3740 1229 etiam

2174 1263 2251 1319 ob
2276 1278 2431 1318 suam
2466 1262 2777 1333 epistolam,
2803 1275 2927 1330 quae
2961 1267 3114 1315 certa
3134 1258 3282 1313 'ﬁdei
3320 1257 3532 1328 regula,
3564 1254 3743 1315 defea-

2176 1369 2313 1420 sam,
2348 1354 2552 1425 gratias
2608 1352 2741 1424 egit,
2788 1352 2981 1422 reique
3028 1349 3312 1405 catholicae
3363 1346 3741 1418 promovenda

2176 1444 2433 1499 mandata
2456 1452 2716 1514 tanquam
2748 1442 3010 1513 episeopo
3038 1439 3313 1496 catholico
3335 1439 3509 1495 dedit.

2246 1534 2552 1605 Imperator
2600 1532 2942 1596 Marcianus,
3007 1530 3275 1586 suadente
3328 1528 3575 1599 Augusta
3622 1527 3740 1582 Pul-

2177 1623 2384 1689 cheria,
2407 1623 2637 1680 rescidit
2684 1622 2869 1678 edicta
2905 1620 3207 1676 Theodosii
3257 1619 3529 1675 adversus
3572 1618 3741 1675 Thec-

492 1686 892 1783 Theodoretus,
929 1686 1076 1788 quod
1101 1686 1426 1776 credibilius
1462 1686 1658 1777 “(vel
1712 1686 2073 1780 saltem—con;
2105 1686 2147 1743 Β
2178 1686 2455 1781 duretam.
2485 1723 2545 1771 et
2578 1716 2647 1771 iis
2685 1713 2880 1770 verbis
2905 1712 3152 1778 rescidit.
3197 1727 3321 1783 quae
3348 1727 3551 1783 parum
3582 1711 3742 1767 haere-

489 1803 617 1859 silio
649 1807 985 1863 scribentem
1015 1810 1178 1879 juvit,
1211 1809 1360 1879 quod
1409 1826 1575 1868 nemo
1612 1815 1898 1887 negaverit
1945 1831 2073 1872 cum

488 1893 546 1949 id
581 1895 699 1965 ipsa
727 1898 963 1967 epistola
998 1907 1253 1975 testetur.

558 1986 721 2041 Anno
749 1989 875 2056 451,
909 2001 1157 2046 sanctam
1191 1992 1474 2063 Virginem
1517 1993 1805 2051 confessus
1841 2005 1927 2051 est
1964 1996 2073 2053 dici

487 2079 695 2133 merito
733 2080 1064 2151 Deiparam:
1099 2097 1226 2138 nam
1258 2084 1303 2116 "
1336 2084 1391 2138 in
1428 2087 1861 2155 reprehensione
1909 2089 2075 2159 primi

485 2170 718 2240 capituli
741 2170 1050 2243 Cyrilliani,
1093 2189 1220 2229 cum
1254 2175 1487 2232 dixisset
1517 2177 1761 2234 Verbum
1796 2179 1904 2236 sibi
1933 2190 2074 2239 tem-

490 2259 643 2329 plum
689 2261 953 2319 formasse
1018 2265 1076 2319 in
1134 2270 1294 2322 Utere
1342 2267 1601 2339 Virginis,
1656 2271 1819 2341 eique
1870 2273 2075 2343 templo

489 2351 808 2417 adhmsisse,
839 2357 1120 2412 concludit
1144 2375 1157 2412 :
1196 2356 1316 2424 Qua
1347 2359 1411 2413 de
1431 2376 1593 2415 causa
1621 2363 1783 2417 etiam
1810 2361 2073 2434 Virginem

492 2438 757 2496 Θεοτὸκον
786 2460 1033 2499 vocemus
1075 2444 1142 2511 ",
1174 2455 1283 2502 etc.

562 2532 721 2588 Auno
765 2536 891 2601 455,
938 2545 1127 2607 aperte
1190 2538 1490 2595 conﬁtetur
1549 2539 1833 2597 Christum
1890 2543 2077 2597 Domi-

493 2638 626 2677 num
658 2638 782 2681 esse
823 2627 986 2682 simul
1021 2629 1194 2684 Deum
1216 2638 1272 2684 et
1294 2630 1598 2687 hominem.
1642 2631 1703 2687 In
1740 2644 2078 2689 commenta-

492 2715 593 2770 riis
625 2716 882 2787 Epistolte
919 2720 988 2774 ad
1016 2721 1296 2777 Romanos
1358 2738 1478 2793 cap.
1502 2738 1537 2778 v
1573 2724 1639 2778 δ’.
1695 2727 1903 2778 Iterum
1952 2741 2076 2797 ergo

491 2803 689 2864 Filium
711 2822 861 2867 vacat
892 2812 1162 2869 Christum
1194 2814 1503 2882 Dominum,
1549 2817 1641 2886 qui
1679 2825 1755 2871 est
1769 2817 1907 2871 idem
1937 2816 2075 2872 Deus

492 2912 544 2957 et
584 2908 760 2961 homo.

564 2998 771 3054 Eodem
819 2998 935 3054 fere
990 3000 1037 3032 '°
1080 3008 1332 3070 tempore
1375 2998 1513 3055 duas
1544 3000 1711 3055 Verbi
1756 3001 2076 3058 nativitates

487 3088 679 3144 docuit
701 3090 758 3144 in
787 3090 1131 3160 expositione
1177 3091 1379 3146 Psalmi
1409 3104 1531 3146 an
1558 3092 1626 3146 ".
1682 3112 1702 3145 (
1728 3093 2076 3149 Erubescant

491 3182 735 3237 haeretici
805 3182 976 3252 impie
1032 3190 1280 3253 agentes,
1337 3192 1393 3239 et
1429 3184 1686 3262 .minime
1746 3184 2075 3242 conﬁtentes

489 3272 670 3344 ipsum
724 3273 896 3327 Deum
949 3290 1017 3328 ex
1075 3275 1187 3328 Deo
1241 3275 1589 3345 unigenitum
1650 3274 1832 3330 Patris
1873 3275 2074 3331 Filium

485 3374 615 3420 ante
646 3366 864 3430 smcula,
902 3365 997 3435 qui
1040 3365 1363 3421 novissimis
1415 3365 1615 3421 diebus
1672 3364 1789 3436 ipse
1829 3366 2075 3424 hominis

488 3455 664 3511 Filius
722 3458 903 3512 factus
951 3464 1037 3512 est
1089 3458 1530 3524 immutabiliter,
1587 3467 1651 3513 ut
1700 3458 1959 3527 dicimus,
2004 3462 2075 3518 ob

488 3548 778 3604 hominum
814 3549 1071 3604 salutem.
1114 3568 1133 3600 ι

565 3639 643 3694 De
671 3656 778 3694 una
801 3640 1128 3695 nominatim
1165 3656 1399 3711 persona
1424 3640 1631 3698 Christi
1675 3644 1863 3700 nescio
1886 3659 1955 3699 an
1982 3659 2075 3700 re-

487 3730 659 3800 periri
682 3737 849 3801 queat
873 3730 1022 3785 ullus
1066 3731 1221 3788 locus
1265 3732 1321 3786 ln
1350 3732 1512 3788 libris
1559 3740 1686 3788 ante
1735 3749 1938 3789 annum
1971 3732 2077 3789 445

484 3822 810 3893 compositis
859 3824 905 3856 “
948 3864 962 3888 ,
1019 3838 1130 3894 quo
1191 3832 1441 3894 tempore
1493 3822 1878 3880 Theodoretus
1930 3824 2076 3897 Cyro

482 3915 782 3969 conclusus
802 3914 1074 3971 Eranistce
1108 3916 1353 3988 dialogos
1375 3917 1729 3989 conscripsit.
1770 3917 2077 3990 Reperitur

482 4013 669 4060 autem
687 4020 942 4076 expressa
968 4009 1175 4063 mentio
1192 4008 1408 4081 dialogo
1431 4009 1486 4075 5,
1518 4009 1615 4064 ubi
1649 4009 1832 4081 agitur
1844 4008 1912 4065 de
1932 4010 2080 4066 lsaa-

2177 1805 2272 1872 sis,
2304 1807 2469 1863 etiam
2492 1806 2775 1878 prioribus
2791 1803 3159 1876 temporibus,
3186 1803 3357 1859 fuisse
3373 1802 3739 1859 ostenderent.

2184 1900 2457 1956 «Cessent
2516 1898 2572 1953 in
2612 1908 2789 1954 totum
2845 1913 2931 1963 ea,
2980 1910 3219 1968 quorum
3254 1897 3479 1958 initium
3512 1897 3615 1952 fuit
3642 1897 3744 1953 ini-

2176 2007 2383 2063 quum;
2424 2000 2479 2051 et
2501 1991 2702 2059 injuste
2738 1990 3015 2049 sententia
3044 1990 3184 2044 nihil
3211 1989 3549 2067 obsitneque
3580 1988 3747 2050 Euse-

2177 2072 2290 2149 bio,
2334 2098 2512 2154 neque
2541 2080 2916 2148 Theodoreto,
2968 2081 3241 2153 religiosis
3295 2081 3591 2153 episcopis,
3619 2098 3749 2156 quo-

2175 2175 2323 2237 niam
2351 2190 2460 2230 non
2488 2181 2722 2246 possunt
2769 2175 3087 2233 sacerdotes
3126 2176 3142 2195 ⁹
3179 2174 3578 2230 constitutione
3597 2174 3748 2230 dam-

2176 2266 2322 2333 nari,
2383 2281 2523 2338 quos
2565 2264 2891 2338 synodicum
2934 2273 3095 2323 ornat
3143 2266 3213 2323 de
3250 2277 3574 2331 conservata
3623 2270 3750 2327 reli-

2181 2357 2342 2431 gione
2370 2357 2678 2413 decretum.
2703 2377 2723 2410 ι

2247 2448 2500 2520 Synodus
2532 2447 2997 2505 Chalcedonensis
3023 2448 3297 2522 judicium
3330 2450 3481 2509 sedis
3529 2462 3750 2525 aposto-

2175 2540 2294 2596 licae
2328 2548 2518 2599 secuta
2552 2550 2671 2608 est;
2699 2541 2755 2596 in
2780 2556 2846 2597 ea
2874 2541 3022 2599 enim
3073 2536 3477 2610 Theodoretus,
3512 2546 3756 2608 nondum

2177 2632 2394 2703 cognita
2418 2648 2604 2698 causa,
2622 2642 2875 2703 receptus
2897 2640 3015 2700 est;
3041 2633 3290 2695 consedit
3310 2648 3437 2689 cum
3462 2634 3751 2706 Patribus;

2177 2723 2557 2779 deﬁnitionem
2616 2724 2744 2779 ﬁdei
2796 2724 3164 2799 subscripsit,
3226 2726 3518 2797 epistolam
3581 2730 3757 2787 sancti

2176 2814 2379 2871 Leonis
2397 2815 2683 2887 exposuit:
2710 2816 2951 2885 denique
3007 2832 3196 2872 coram
3226 2817 3491 2875 immensa
3522 2820 3612 2875 illa
3646 2821 3761 2891 epi-

2177 2908 2469 2976 scoporum
2498 2906 2854 2971 multitudine
2871 2907 2940 2974 “,
2962 2925 2982 2960 σ
3001 2908 3293 2965 anathema
3316 2910 3457 2966 dixit
3483 2911 3758 2977 Nestorio,

2178 2998 2337 3063 etei,
2362 2998 2463 3068 qui
2482 3014 2592 3053 non
2620 2998 2754 3054 dicit
2787 3000 2885 3055 Dei
2907 2999 3245 3057 chitricem
3277 3002 3569 3074 Virginem
3599 3019 3761 3059 sane-

2183 3095 2314 3156 tam,
2345 3101 2402 3145 et
2454 3090 2549 3161 qui
2586 3090 2647 3145 in
2678 3091 2819 3147 duos
2870 3090 3014 3148 ﬁlios
3062 3094 3302 3165 partitur
3333 3109 3505 3150 unum
3557 3093 3766 3152 Fiiium

2181 3181 2584 3253 unigenitum.)

2245 3272 2515 3328 Maximus
2535 3273 2915 3330 Antiochenus
2934 3315 2948 3340 ,
2980 3289 3107 3330 cum
3135 3275 3205 3332 de
3233 3275 3605 3343 Theodoreto,
3636 3283 3771 3347 post

2177 3364 2469 3420 anathema
2519 3364 2729 3420 dictum
2787 3364 3067 3431 Nestorio,
3114 3368 3445 3424 sententiam
3506 3367 3763 3424 diceret:

2184 3473 2202 3508 ι
2232 3454 2473 3523 Dudum,
2530 3456 2731 3528 inquit,
2778 3466 2835 3513 et
2862 3472 2894 3513 a
2920 3458 3195 3530 principio
3240 3460 3768 3516 reverendissimum

2178 3547 2503 3619 episcopum
2524 3548 2939 3605 Theodoretum
2968 3552 3098 3606 novi
3127 3551 3481 3621 catholicum,
3535 3552 3770 3609 audiens

2177 3639 2459 3695 doctrinas
2492 3640 2612 3711 ejus
2638 3640 2696 3695 in
2727 3641 3077 3699 sanctissima
3121 3642 3398 3699 ecclesia:
3444 3645 3618 3700 multo
3665 3660 3769 3700 au-

2178 3737 2289 3785 tem
2315 3729 2491 3801 magis
2518 3745 2667 3786 nunc
2686 3733 2808 3804 ejus
2841 3733 3050 3807 recipio
3074 3734 3446 3809 sanctitatem,
3477 3752 3497 3786 r
3526 3742 3634 3789 etc.

2248 3825 2328 3881 Eo
2350 3826 2573 3898 gravius
2600 3834 2687 3882 est
2710 3826 2930 3882 Maximi
2969 3825 3373 3891 testimonium,
3394 3825 3542 3897 quod
3571 3825 3629 3880 in
3659 3824 3773 3881 Ec-

2177 3918 2345 3975 clesia
2367 3917 2711 3974 Antiochena
2748 3917 3078 3984 innutritus,
3111 3918 3524 3973 Theodoretum
3557 3915 3774 3972 docen-

2179 4020 2288 4068 tem
2309 4012 2512 4084 saepius
2548 4011 2807 4079 audierit,
2855 4011 3003 4083 quod
3035 4026 3067 4068 a
3115 4011 3382 4067 Dioscoro
3422 4009 3773 4066 Theodoreti

482 4111 553 4150 eo
576 4105 633 4151 et
666 4096 837 4153 ariete
881 4107 929 4162 ο,
954 4098 1048 4168 qui
1078 4097 1308 4169 ﬁguram
1349 4099 1547 4155 mortis
1567 4107 1624 4155 et
1654 4099 2079 4156 resurrectionis
2182 4104 2408 4162 inimico
2432 4106 2787 4177 praesulatum
2814 4104 3111 4175 acceperit,
3134 4104 3282 4175 quod
3300 4111 3356 4160 et
3376 4103 3492 4175 ipse
3513 4103 3781 4160 Theodo-
3878 4170 3889 4179 _

490 4184 705 4243 Christi
731 4188 1108 4245 exhibebant:
1138 4190 1186 4222 ⁸⁸
1219 4190 1592 4269 t‘lsaacm
1618 4200 1675 4249 et
1721 4193 1891 4257 aries.
1928 4191 2077 4265 quod
2183 4206 2305 4254 reto
2327 4198 2485 4269 prius
2513 4197 2761 4254 infensus
2804 4196 2991 4262 fuerit,
3024 4205 3187 4268 atque
3240 4196 3317 4252 ita
3348 4198 3463 4252 sola
3516 4196 3782 4253 veritatis

485 4278 557 4334 ad
581 4286 910 4335 naturarum
958 4281 1184 4352 quidem
1238 4281 1607 4339 differentiam
1666 4285 1885 4352 attinet,
1943 4301 2081 4343 con-
2180 4291 2235 4345 vi
2260 4291 2532 4363 impulsus
2573 4306 2724 4345 nunc
2763 4288 3018 4345 videatur
3042 4288 3109 4344 ad
3155 4290 3488 4351 sententiam
3542 4288 3781 4361 publice

484 4379 693 4441 gruunt
722 4387 848 4426 cum
874 4372 1147 4442 imagine:
1176 4374 1482 4429 secundum
1507 4374 1837 4433 divisionem
1888 4387 2070 4435 autem
2105 4385 2151 4441 D
2180 4380 2504 4448 dicendam;
2531 4379 2678 4452 quod
2710 4379 2949 4450 denique
2980 4379 3049 4436 de
3092 4380 3456 4439 concionibus
3482 4379 3590 4441 illis
3608 4379 3780 4435 locu-

483 4468 868 4530 separatarum
916 4461 1301 4534 bypostasewn
1349 4477 1461 4518 non
1520 4465 1886 4523 conveniunt.
1955 4468 2071 4526 Nos

482 4550 636 4605 enim
672 4550 982 4608 divinitatis
1011 4560 1067 4608 et
1092 4552 1454 4611 humanitatis
1486 4555 1650 4611 talem
1704 4558 2072 4629 praedicamus

486 4642 770 4708 unionem,
789 4652 845 4699 et
862 4660 1025 4700 unam
1042 4659 1338 4714 personam
1357 4646 1650 4702 indivisam
1670 4649 2065 4723 intelligamus,

482 4734 856 4807 eumdemque
890 4736 1066 4791 Deum
1094 4744 1153 4793 et
1180 4737 1463 4793 hominem
1511 4750 1899 4811 agnoscamus,
1925 4743 2068 4801 visi-

485 4823 654 4880 bilem
679 4833 735 4880 et
764 4825 1122 4893 invisibilem,
1148 4828 1633 4901 circumscriptum
1667 4841 1724 4889 et
1772 4834 2074 4893 incircum-

480 4917 770 4990 scriptum,
798 4927 860 4974 ut
889 4920 997 4974 alia
1034 4920 1242 4988 omnia,
1292 4937 1415 4991 quae
1474 4923 1823 4985 divinitatem
1872 4938 1929 4984 et
1967 4929 2071 4989 hu-

2184 4481 2272 4531 tus
2298 4472 2390 4539 sit,
2418 4488 2540 4544 quae
2589 4481 2717 4531 ante
2771 4488 2980 4527 annum
3042 4472 3149 4528 444
3192 4472 3395 4528 habita:
3434 4471 3564 4537 sint,
3601 4480 3781 4541 atque

2180 4564 2320 4621 adeo
2340 4580 2452 4619 non
2481 4572 2694 4619 tantum
2720 4564 3083 4632 calamitates,
3113 4564 3316 4635 quibus
3342 4563 3506 4636 47o
3526 4562 3775 4621 amictus

2179 4654 2725 4728 est,'prmcesscrint,
2759 4654 2856 4716 sed
2897 4655 2963 4711 ad
2992 4672 3058 4713 ea
3082 4663 3332 4728 mmpora
3369 4652 3779 4727 pertinuerint,

2181 4748 2387 4821 quibus
2411 4747 2660 4803 irritatus
2700 4747 2919 4803 animus
2957 4746 3192 4807 liberius
3223 4747 3281 4802 in
3306 4744 3475 4802 verba
3506 4760 3784 4819 erumpe-

2180 4840 2293 4898 bat.

2250 4932 2371 4990 Huc
2397 4931 2562 4988 etiam
2590 4929 2790 4986 adduci
2812 4935 3041 5002 possent
3068 4926 3401 5000 posterioris
3453 4925 3634 4983 artatis
3661 4924 3785 4985 b.0-

483 5010 807 5067 manitatem
858 5010 1171 5081 desimant,
1222 5013 1322 5083 uni
1381 5030 1633 5085 personae
1681 5021 2070 5081 accommoda-

481 5116 608 5158 mus
653 5122 672 5154 ι

2180 5023 2493 5095 mines,qui
2527 5020 2942 5079 Theodoretum
2971 5019 3059 5077 vel
3084 5034 3344 5095 expresse
3373 5018 3783 5086 defenderunt,

2185 5127 2245 5175 ut
2270 5113 2602 5182 Facundos;
2656 5113 2743 5170 vel
2793 5110 3004 5184 magnis
3032 5109 3291 5174 laudibus
3340 5110 3676 5177 extulerunt,
3713 5121 3784 5168 ut

559 5243 585 5274 ο
620 5232 755 5288 Gen.
791 5251 925 5302 xxu,
963 5239 985 5293 l
1031 5255 1186 5314 seqq.

1823 5360 2139 5421 SCIlULle
2168 5363 2402 5422 NOTAE.

501 5535 515 5548 .
545 5464 595 5499 “
625 5467 752 5524 Vid.
774 5474 816 5523 t.
851 5469 942 5534 iV,
967 5486 1029 5552 ι).
1062 5470 1227 5554 ηεξδτ
1323 5474 1368 5506 ⁸⁸
1396 5472 1555 5539 Quod
1577 5477 1770 5558 crediti.
1799 5476 1906 5535 Sed
1928 5478 2054 5534 vide
2084 5494 2271 5604 sugra,
2305 5494 2362 5549 ι).
2397 5478 2519 5561 152,
2553 5476 2727 5534 schol.
2760 5478 2815 5544 ι,
2852 5484 2910 5531 et
2938 5491 2996 5548 p.
3018 5476 3144 5534 36!.
3248 5477 3296 5511 δν
3346 5476 3507 5532 Hunc
3555 5473 3800 5532 scilicet

501 5535 678 5604 illrum
712 5551 1090 5604 composuisse
1121 5543 1325 5597 dieitur
1370 5560 1500 5601 ann.
1527 5545 1650 5601 451.
1680 5547 1803 5602 th.
1835 5564 2022 5604 suora.
2058 5565 2114 5604 ι).
2186 5550 2272 5603 76.
2376 5548 2421 5581 ⁸⁸
2447 5547 2572 5603 νιά.
2604 5562 2658 5604 o.
2688 5549 2741 5603 4.
2818 5547 2866 5579 δ’
2891 5545 3051 5602 Conl.
3072 5564 3129 5604 ι).
3155 5546 3283 5604 276.
3309 5558 3368 5604 et
3394 5556 3434 5603 t.
3470 5545 3561 5604 ιιι,
3593 5561 3652 5604 u.
3682 5545 3800 5603 55.

474 5534 678 5592 librum
712 5551 830 5592 com
874 5534 1090 5599 osuisse
1121 5542 1325 5597 dicitur
1370 5534 1500 5601 ann.
1527 5545 1650 5601 451.
1680 5547 1803 5602 Vid.
1835 5534 2022 5619 supra,
2148 5534 2272 5604 976:
2307 5534 2326 5549 ⁸
2376 5548 2421 5581 δ⁸
2447 5534 2572 5603 Vid.
2604 5562 2658 5617 p.
2688 5549 2741 5603 4.
2776 5534 2866 5579 λ’
2891 5534 3051 5602 conf.
3072 5564 3129 5619 p.
3155 5546 3283 5616 276,
3309 5558 3368 5604 et
3394 5556 3434 5603 t.
3470 5545 3561 5611 ιιι,
3593 5561 3652 5616 p.
3682 5545 3801 5603 55.

474 5603 520 5634 ³⁸
553 5602 672 5658 Vide
694 5620 750 5665 D-
779 5558 905 5665 Ξδρί.
993 5612 1034 5643 ⁸¹
1063 5611 1183 5665 Vid.
1216 5620 1254 5665 l..
1286 5611 1328 5665 Ι.
1366 5630 1420 5665 n.
1457 5615 1613 5665 1053.
1692 5617 1735 5649 δ’
1757 5617 1878 5665 Vit]-
1917 5634 2100 5665 91mm-
2138 5634 2193 5665 n-
2218 5618 2321 5665 206
2348 5626 2402 5665 ot
2442 5617 2565 5665 590-
2641 5618 2687 5650 ⁸³
2716 5615 2838 5665 Vid.
2864 5615 3015 5665 LIV-
3050 5635 3109 5665 n-
3134 5618 3261 5665 ΞΜ-
3334 5616 3379 5659 1⁸
3402 5615 3525 5665 Vid.
3564 5630 3793 5665 suum-

460 5603 522 5735 ἔ
553 5602 750 5728 ἴέιέρ.
779 5602 905 5673 26ι,
993 5612 1034 5643 ιι
1063 5611 1183 5668 vm.
1216 5620 1254 5666 t.
1286 5611 1328 5679 ι,
1363 5630 1420 5684 ρ.
1457 5615 1613 5674 1055.
1692 5617 1735 5649 δ’
1757 5617 1878 5674 Vid.
1903 5602 2072 5691 ‘sujira'

2180 5602 2321 5675 ,ξοδ
2348 5626 2402 5675 et
2442 5602 2565 5674 suo.
2605 5602 2838 5675 πίνω.
2864 5623 2905 5673 ι.
2927 5615 3016 5687 1v,
3050 5602 3109 5691 εἴ.
3318 5602 3379 5659 ϊι
3402 5602 3525 5675 Vid.
3547 5602 3794 5689 sapa,

1942 5785 2029 5797 ρακη
