4058 6174
350 214 451 280 417

1553 227 1649 286 DE
1691 227 1866 287 FIDE
1904 227 2395 295 THEODORETI

3517 244 3620 309 419

350 332 616 396 Photius;
652 333 796 387 inter
813 334 1102 405 magistros
1131 338 1369 406 optimos
1395 337 1629 409 ﬁdeique
1653 343 1941 395 columnas
1969 344 2017 400 Δ
2043 344 2209 398 etiam
2239 357 2358 417 post
2385 350 2695 406 absolutum
2756 355 3049 410 concilium
3108 355 3491 410 Alexandriam
3536 373 3622 412 re-

347 423 666 478 immob'iles
699 435 1125 490 recensuerum,
1159 437 1220 482 ut
1241 424 1538 485 ‘Euchaita.

415 513 654 568 Posscut
697 515 886 569 etiam
921 525 1125 572 nostra:
1183 529 1278 573 aut
1326 520 1546 575 Patrum
1599 523 1776 578 artatis
1829 525 1936 579 viri

340 605 652 660 doctissimi
681 607 942 675 produci,
997 610 1154 663 velut
1210 611 1515 677 llervetus,
1575 614 1932 683 Espenczeus,

337 695 638 761 Baronius,
670 696 1060 763 Bcllnrmimrs,
1090 708 1145 754 et
1165 701 1513 768 Sirmondus,
1535 704 1630 774 qui
1662 706 1938 774 suisprat-

337 788 522 842 coniis
541 788 807 843 videntur
835 789 1133 847 detersisse
1163 807 1382 848 omnem
1430 798 1799 853 accusationis
1846 799 1934 853 fu-

335 880 610 951 liginem:
641 879 1170 939 Baronius-certe‘et
1200 886 1528 941 Sirmondus
1551 887 1679 942 ﬁdei
1713 901 1933 960 quoque

321 973 713 1043 patrocinium
740 984 1106 1044 susceperunt
1125 978 1192 1029 ⁵⁵.

335 1090 655 1165 Annaeus
677 1090 766 1144 ill.
792 1121 863 1129 —-
908 1085 1048 1155 Quid
1077 1093 1344 1162 excipiant
1408 1093 1716 1150 Theodoreti
1756 1096 1934 1165 defen-

399 1160 835 1242 sorcsadvcrsus
868 1160 1268 1215 accusationem
1288 1167 1458 1218 sancti
1486 1164 1689 1232 Cyrilli,
1716 1160 1936 1220 Mlier-

402 1240 630 1292 catarts,
667 1240 777 1284 etc.

404 1341 554 1398 X‘lll.
581 1345 683 1410 Qui
708 1344 996 1398 historiam
1031 1345 1462 1400 ecclesiasticam
1506 1348 1842 1404 Theodoreti
1877 1350 1930 1404 in

329 1435 606 1494 Gallicam
639 1437 882 1506 linguam
927 1438 1226 1501 transtulit,
1252 1438 1568 1508 inprolixa,
1596 1457 1756 1510 quam
1780 1444 1934 1511 operi

321 1527 673 1598 praeposuit,
732 1529 982 1598 apologia
1037 1545 1139 1599 pro
1184 1530 1515 1586 Theodoreti
1550 1533 1676 1595 fide,
1721 1533 1929 1605 Cyrilli,

331 1621 430 1688 qui
473 1628 656 1672 tamen
707 1635 856 1678 unus
876 1629 959 1674 est
982 1622 1228 1674 omnium
1287 1623 1478 1686 instar,
1528 1626 1930 1681 aecnsationem

2037 433 2318 499 vertisset,
2351 437 2612 508 pacisque
2638 443 2983 498 conditiones
3010 445 3077 498 ad
3108 459 3335 499 examen
3365 459 3617 513 'vocaret,

2039 523 2250 581 litteras
2279 543 2399 582 esse
2421 532 2673 602 scriptas,
2698 535 2900 603 quibus
2927 545 3246 591 moneretur
3278 539 3343 592 de
3372 539 3488 593 suis
3534 557 3620 595 re-

2040 613 2145 669 bus
2167 632 2277 670 non
2309 619 2383 673 ita
2419 621 2653 678 sollicite
2709 626 2992 690 curandis,
3041 637 3102 680 ut
3158 629 3348 682 turbas
3389 630 3618 693 foveret,

2033 721 2340 779 pacemque
2393 715 2724 783 repelleret;
2795 718 2890 772 sed
2937 718 3026 772 vir
3087 728 3252 774 tantae
3316 723 3621 776 sanctitatis

2039 806 2262 870 tamque
2293 803 2500 861 incensi
2541 809 2642 862 zeli
2685 810 2878 865 Illusus
2915 811 3093 866 fuerat
3123 813 3190 866 ab
3240 813 3621 870 Alexandrinis

2021 889 3007 962 ‘quibusdammlericis,Orientalium
3035 904 3328 959 calliditate
3355 906 3617 966 seductis.

2038 981 2164 1036 llaec
2181 985 2464 1054 excipiunt
2486 990 2752 1046 adversus
2782 1004 3032 1049 sanctum
3059 995 3347 1066 Cyrillum.

2091 1074 2311 1130 Contra
2345 1077 2700 1136 Mercatorem
2733 1085 2919 1140 attulit
2941 1087 3112 1141 multa
3139 1104 3315 1156 nuper
3350 1089 3620 1160 interpres

2037 1165 2130 1221 ille
2171 1166 2436 1237 Gallicus,
2472 1173 2564 1242 qui
2603 1190 2728 1227 mox
2759 1177 2966 1243 dictus;
3001 1179 3244 1232 revocari
3284 1187 3460 1234 tamen
3495 1197 3617 1250 pos-

2037 1270 2164 1315 sunt
2187 1263 2253 1317 ad
2288 1265 2412 1329 tria,
2450 1269 2512 1322 de
2544 1269 2765 1336 quibus,
2791 1271 2918 1340 quia
2948 1271 3247 1340 prolixiore
3294 1273 3618 1326 tractatione

2036 1368 2175 1424 Opus
2203 1365 2304 1421 est,
2355 1357 2719 1414 dillerendum
2751 1372 2835 1416 est
2867 1379 3028 1434 agere
3060 1364 3113 1417 in
3145 1380 3301 1418 suum
3333 1365 3617 1435 proprium

2033 1442 2218 1498 locum
2246 1463 2258 1499 :
2286 1462 2435 1502 nunc
2489 1448 2718 1503 sullieiat
2750 1452 3018 1507 adversus
3050 1453 3224 1522 ipsum
3259 1455 3512 1524 excipere
3549 1455 3617 1508 de

2036 1534 2194 1600 falso,
2228 1545 2283 1591 et
2314 1539 2451 1593 mala
2484 1539 2610 1594 fide.
2669 1543 2802 1597 Nam
2845 1545 3024 1614 primo
3065 1546 3244 1599 omnia
3284 1545 3397 1600 fere
3459 1547 3614 1600 Marii

2036 1625 2356 1684 Mercatoris
2409 1633 2722 1687 testimonia
2772 1636 3051 1704 corrupit;
3108 1636 3304 1690 deinde
3352 1653 3482 1691 usus
3533 1647 3620 1690 est

331 1710 779 1764 silentio-obruit
801 1711 866 1774 ’,⁸,
917 1713 1246 1780 prohibente
1289 1716 1480 1784 utique
1516 1719 1928 1786 responsionem
1963 1702 2004 1755 Β
2039 1717 2293 1781 testibus,
2326 1736 2465 1789 quos
2501 1723 2642 1778 seire
2687 1725 2868 1793 patuit
2923 1702 3042 1779 esse
3070 1726 3487 1793 scliismaticos;
3523 1727 3659 1780 de“

330 1819 449 1857 non
485 1810 702 1856 tantum
739 1802 992 1865 veritate,
1037 1805 1132 1858 sed
1163 1806 1328 1860 etiam
1361 1808 1534 1861 sancti
1571 1809 1813 1866 doctoris
1839 1825 1930 1866 re-

329 1896 820 1950 verentia.Verum
851 1897 994 1966 apud
1042 1898 1296 1952 homines
1346 1900 1717 1971 intelligentes
1751 1904 1927 1960 videri

330 1995 522 2057 potest
549 1987 658 2042 hoc
683 1987 905 2042 silentio
935 2005 1042 2042 non
1065 1990 1297 2044 obscure
1315 2007 1540 2046 causam
1565 1993 1839 2068 deserere,
1877 2008 1932 2051 ct

332 2079 596 2135 confiteri
648 2080 779 2134 duo.
835 2080 1104 2144 Alterum,
1166 2082 1581 2139 Theodorctum
1635 2088 1810 2142 teneri
1862 2088 1929 2143 de

333 2173 594 2236 crimine,
631 2173 698 2226 de
722 2188 834 2242 quo
867 2173 1254 2242 postulabatur
1285 2193 1297 2227 :
1351 2176 1608 2240 alterum,
1657 2179 1929 2247 prolixam

333 2266 486 2321 hanc
513 2265 824 2335 apologiam
857 2280 924 2318 eo
956 2265 1074 2320 solo
1095 2267 1326 2322 consilio
1355 2269 1634 2337 scriptam,
1671 2279 1732 2324 ut
1767 2271 1928 2326 Marii

332 2357 664 2413 Mercatoris
692 2357 994 2413 auctoritas
1031 2359 1410 2425 minueretur,
1444 2371 1501 2415 et
1547 2361 1930 2420 Theodoretus

333 2452 484 2522 apud
516 2451 739 2522 vulgus,
759 2449 1145 2506 reconditioris
1167 2452 1492 2507 litteratura:
1512 2454 1819 2525 negligens,
1845 2456 1928 2511 fa-

335 2559 483 2598 mam
505 2543 794 2607 retineret,
815 2553 986 2612 ‘quam
1011 2543 1162 2613 apud
1188 2544 1438 2599 eruditos
1467 2547 1654 2602 amisit
1677 2547 1743 2601 ⁸τ.

403 2631 1298 2704 Nihilominuspossetquispiam,
1324 2638 1414 2706 qui
1444 2637 1928 2703 Socratem,'l.ibc-

335 2736 543 2789 ratum,
569 2726 821 2795 duosque
857 2735 1022 2780 sectae
1054 2726 1388 2782 Calvinianm
1411 2727 1702 2786 ministros
1734 2733 1926 2789 audire

336 2819 551 2885 mallet,
595 2833 762 2888 quam
816 2817 1152 2885 Catholicos,
1186 2819 1450 2890 Cyrillum
1504 2822 1809 2890 criminari,
1865 2832 1927 2878 ut

335 2913 430 2982 qui
472 2909 705 2981 perinde
741 2909 984 2964 ‘atfeetus
1029 2909 1232 2976 fuerit,
1265 2927 1452 2981 seque
1515 2913 1746 2984 gesserit
1798 2930 1926 2986 erga

335 3003 749 3059 Theodoretum
771 3001 1015 3058 Nestorii
1040 3003 1276 3058 amicum
1300 3019 1363 3058 ac
1375 3004 1742 3070 defensorem,
1763 3013 1926 3075 atque

336 3112 467 3168 erga
525 3095 827 3165 ipsummet
873 3095 1224 3160 Nestorium;
1279 3109 1406 3148 eum
1441 3111 1551 3165 quo
1607 3096 1927 3152 inimicitias

340 3190 528 3260 gessit,
569 3198 628 3242 ut
673 3189 930 3242 Socrates
967 3203 1028 3242 ac
1063 3187 1353 3244 Liberatus
1395 3188 1692 3243 scribunt:
1724 3189 1810 3242 cui
1835 3203 1928 3259 ap-

338 3283 514 3352 prime
547 3281 840 3340 catholico.
874 3279 1100 3334 haeresis
1145 3280 1375 3343 crimen,
1402 3280 1493 3332 vel
1531 3291 1629 3348 per
1651 3280 1928 3349 ignoran-

343 3363 499 3436 tiam,
526 3374 610 3428 vel
645 3373 881 3443 maligne
913 3371 1258 3442 imposuerit,
1291 3370 1691 3426 utAlbertinus
1715 3372 1925 3438 innuit;

339 3480 506 3534 quem
535 3463 912 3535 Eutychianus
933 3463 1058 3533 ipse
1081 3479 1205 3518 eum
1259 3472 1428 3528 esset,
1456 3443 1759 3519 .catholic‘ae
1802 3464 1928 3519 fidei

337 3555 711 3618 defensorem,
735 3565 1097 3625 sanctumque
1117 3554 1677 3626 Christi'martyrem,
1703 3557 1928 3611 insecu-

343 3658 431 3704 tus
463 3649 558 3713 sit,
587 3655 646 3701 ut
670 3649 810 3702 alter
840 3647 1172 3703 Calvinianm
1209 3655 1372 3702 secta:
1412 3647 1666 3702 minister
1710 3647 1930 3702 eﬂutire

339 3754 449 3793 non
480 3739 728 3794 erubuit.
1817 3733 1826 3736 ’

410 3832 644 3893 Verum,
674 3837 850 3900 quam
881 3829 1046 3885 faciat
1090 3829 1255 3885 fidem
1291 3827 1548 3884 Socrates
1583 3823 1932 3883 ‘Nova‘tianus

341 3921 664 3988 hereticus,
721 3923 936 3978 aulicus
975 3922 1243 3993 'scriptor,
1293 3921 1581 3991 theol0gia:
1617 3921 1928 3991 imperitus,

342 4028 520 4086 eoque
548 4015 764 4070 alllatus
783 4014 1197 4085 veneno,'quod
1243 4013 1298 4068 in
1333 4014 1456 4067 aula
1511 4013 1781 4068 theodosii
1814 4012 1932 4066 ’Νο-

343 4107 518 4164 storio
583 4105 805 4160 addicta
832 4104 1187 4159 invaliierat?
1230 4113 1399 4172 quam
1419 4102 1736 4163 Liberatus,
1766 4099 1932 4155 trium

343 4197 715 4266 capitulorum
750 4187 1296 4264 impotens,utiAfer,
1319 4191 1724 4246 s’chismaticam
1762 4201 1933 4260 usque

347 4288 803 4352 obstinationem,
835 4281 1554 4359 ‘471'patronuslqua‘m
1614 4285 1797 4349 homo,
1839 4285 1934 4354 qui

346 4394 460 4434 non
478 4387 696 4434 tantum
719 4379 1134 4432 inimicitiarum
1161 4392 1340 4441 reum,
1370 4375 1464 4431 sed
1495 4376 1659 4430 etiam
1709 4376 1934 4431 seditio-

349 4470 435 4527 nis
454 4480 762 4534 auctorem,
791 4470 1048 4525 vindictae
1071 4469 1358 4539 cupidum,
1411 4475 1469 4521 et
1509 4468 1798 4538 palinodiae
1848 4483 1937 4523 re-

347 4571 711 4629 amatorem,
743 4562 963 4616 innuit?

416 4657 534 4714 1am
557 4669 696 4712 vero
723 4655 868 4727 quod
896 4655 963 4710 de
989 4653 1245 4710 Nestorio
1273 4652 1502 4709 haeresis
1537 4668 1674 4722 puro
1695 4652 1938 4707 Alberti-

348 4767 476 4816 nus,
501 4750 766 4822 quodque
790 4750 1095 4816 sceleratus
1126 4749 1219 4804 ille
1276 4745 1602 4818 Symmistes
1628 4745 1702 4799 de
1729 4745 1937 4816 Cyrillo

345 4841 682 4915 Eutychiani
739 4839 950 4896 erroris
981 4839 1296 4903 defensore,
1340 4835 1586 4890 scribere
1638 4848 1806 4888 ausus
1831 4842 1935 4902 est,

347 4935 486 4991 adeo
510 4932 851 4988 horrendum
883 4938 968 4988 est
991 4939 1053 4985 ut
1093 4926 1527 4986 exsecrationem
1553 4924 1727 4991 magis
1769 4941 1934 4996 quam

349 5026 764 5097 responsionem
796 5031 1102 5080 mereatur.

416 5120 538 5175 Non
567 5133 656 5174 me
687 5117 829 5189 fugit
874 5118 948 5171 ab
973 5115 1188 5172 lsidoro
1236 5113 1536 5175 Pelusi‘ota,
1587 5121 1938 5167 sanctissnno

347 5211 640 5278 monacho,
673 5209 742 5266 ad
777 5209 1065 5282 Cyrilltlm,
1091 5221 1217 5264 cum
1246 5204 1459 5277 Ephesi
1480 5211 1814 5272 versaretur,
1845 5211 1941 5258 aut

2037 1805 2205 1875 nique
2251 1809 2420 1862 verba
2463 1809 2593 1864 fecit
2624 1828 2733 1866 non
2782 1813 2950 1867 semel
2998 1813 3064 1867 ad
3121 1830 3237 1868 rem
3291 1831 3400 1868 non
3447 1813 3617 1885 perti-

2036 1899 2240 1953 nentia.

2106 1989 2384 2047 Adversus
2430 1993 2684 2064 Vigilium
2731 1997 2869 2050 nihil
2924 1998 3128 2069 excipit
3160 1999 3618 2054 Theodoretide-

2036 2081 2258 2147 fensor;
2289 2083 2400 2138 imo
2428 2099 2528 2153 pro
2561 2101 2659 2140 sua
2691 2087 2869 2157 ipsum
2901 2097 3066 2143 eausa
3091 2091 3270 2145 facere
3297 2091 3616 2156 contendit,

2036 2175 2188 2243 quasi
2217 2174 2532 2232 Constituto
2559 2183 2658 2233 suo
2707 2180 2912 2249 scripta
2951 2181 3235 2236 "Theodori
3288 2182 3616 2238 defenderit.

2035 2266 2239 2321 Verum
2285 2267 2340 2322 id
2379 2269 2587 2339 majore
2622 2269 2953 2325 confidentia
2986 2273 3115 2335 dici,
3150 2291 3311 2342 quam
3343 2276 3620 2331 verisimi-

2036 2358 2287 2423 litudine,
2309 2360 2600 2430 judicabit,
2626 2353 2843 2431 opinor,
2871 2363 3121 2432 quisquis
3169 2366 3358 2420 oculos
3386 2369 3469 2422 vel
3496 2368 3619 2423 obi-

2037 2457 2120 2504 ter
2136 2450 2454 2522 conjece’rit,
2475 2454 2674 2524 partim
2700 2453 2755 2507 in
2777 2453 3106 2510 Theodoreti
3135 2459 3617 2526 reprehensiones,

2033 2545 2234 2613 partim
2266 2546 2313 2575 ⁵⁸
2365 2545 2418 2599 in
2451 2547 2695 2616 quinque
2723 2546 2907 2618 Vigilii
2942 2547 3431 2604 anathematismos
3459 2568 3620 2606 occa-

2036 2637 2190 2692 sione
2214 2637 2547 2693 Theodoreti
2579 2639 2836 2707 scriptos,
2887 2638 3089 2707 partim
3131 2639 3369 2710 denique
3407 2642 3458 2695 in
3501 2641 3620 2698 hinc

2035 2728 2330 2784 Censtituti
2355 2731 2559 2784 verba:
2603 2749 2619 2780 ι
2658 2730 2942 2784 Custodita
2986 2731 3040 2784 in
3075 2733 3334 2786 omnibus
3366 2750 3618 2803 persona:

2035 2823 2155 2891 ejus
2187 2824 2493 2876 reverentia
2523 2863 2537 2886 ,
2586 2837 2926 2891 qumcunque
2960 2823 3161 2891 scripta
3201 2823 3453 2894 dogmata
3499 2826 3618 2895 ejus

2035 2913 2330 2982 cujuslibet
2368 2913 2588 2967 nomine
2639 2914 2872 2982 prolata,
2930 2914 3322 2967 sceleratorum
3379 2917 3618 2970 Nestorii

2035 3015 2089 3059 ct
2131 3005 2467 3075 Eutychetis
2500 3005 2924 3058 manifestantur
2955 3005 3242 3057 erroribus
3289 3019 3616 3073 consonare,

2031 3095 2562 3150 anathematizamus
2589 3104 2753 3162 atque
2779 3093 3120 3145 damnamus.
3167 3111 3184 3142 ι

2102 3187 2376 3243 Henricus
2423 3185 2578 3240 Naris
2620 3183 3022 3254 Oppositionem
3075 3183 3238 3237 aliam
3281 3186 3615 3255 suppeditat.

2032 3281 2226 3348 Arguit
2248 3280 2395 3335 enim
2422 3294 2695 3333 summum
2752 3277 3062 3347 pontificem
3114 3279 3478 3334 inconstantis
3500 3281 3622 3334 ani-

2034 3371 2152 3433 mi',
2217 3369 2376 3438 quasi
2429 3367 2647 3438 primo,
2710 3376 2768 3419 ut
2830 3381 3080 3419 summus
3144 3367 3391 3436 pontifex
3438 3369 3615 3433 fieret,

2035 3459 2338 3514 Theodoro:
2354 3456 2612 3527 Angusta:
2627 3454 2964 3525 promiserit,
2987 3470 3044 3508 se
3066 3455 3166 3508 tria
3189 3457 3429 3525 capitula
3456 3457 3616 3511 dam-

2033 3559 2327 3616 naturum;
2361 3549 2561 3602 deinde
2595 3558 2774 3602 tamen
2827 3545 2882 3600 in
2931 3545 3118 3600 Sicilia
3179 3555 3345 3616 atque
3371 3549 3610 3620 Illyrico,

2035 3661 2160 3701 cum
2211 3641 2727 3710 Constantinopolin
2777 3648 3013 3710 peteret,
3072 3641 3413 3694 contrarium
3469 3641 3615 3696 Afris

2033 3735 2463 3809 lllyricianisque
2481 3733 2926 3803 efﬂagitantibus,
2951 3739 3138 3800 postea
3157 3730 3618 3801 Constantinopo-

2034 3830 2112 3882 lin
2141 3829 2424 3898 ingressus
2471 3826 2724 3880 Mennam
2769 3824 2940 3879 sacris
2977 3823 3347 3889 interdixerit,
3389 3833 3617 3894 propter

2035 3922 2289 3976 damnata
2333 3917 2591 3989 capitula,
2617 3931 2737 3994 qum
2764 3923 2944 3969 tamen
2974 3915 3359 3970 reconciliatus
3389 3916 3618 3980 Mennze,

2037 4013 2244 4082 scripto
2267 4011 2413 4081 quod
2438 3994 2750 4065 Judieatum
2801 4007 3023 4070 dicitur,
3054 4007 3169 4076 ipse
3195 4007 3576 4078 proscripserit
3602 4025 3618 4070 ;

2038 4112 2154 4158 tum
2190 4103 2500 4158 Judicatum
2537 4106 2865 4162 retractans,
2894 4099 3103 4167 scripto
3133 4097 3260 4161 alio,
3296 4098 3381 4152 cui
3406 4097 3622 4152 Consti-

2040 4194 2142 4251 tuti
2176 4210 2376 4248 nomen
2405 4193 2555 4254 fccit,
2585 4190 2824 4260 capitula
2848 4205 3006 4259 posse
3030 4189 3281 4244 damnari
3313 4191 3616 4260 negaverit,

2037 4297 2095 4342 ct
2135 4287 2313 4356 ipsum
2358 4284 2539 4338 adhuc
2593 4291 2773 4336 tamen
2802 4281 3174 4336 Constitutum
3215 4283 3618 4351 retractaverit.

1967 4391 2008 4447 ι)
2037 4381 2163 4434 data
2209 4378 2277 4431 ad
2308 4373 2636 4445 Entychium
2669 4372 2902 4443 epistola
2937 4375 3141 4442 quinta:
3192 4373 3384 4442 synodi
3424 4389 3620 4442 appro-

2039 4470 2268 4526 batrice.
2313 4467 2469 4529 Nam,
2501 4480 2622 4534 qua:
2645 4464 2862 4518 tandem
2892 4463 3055 4534 472
3082 4463 3255 4531 possit
3285 4478 3404 4516 esse
3434 4472 3626 4516 aucto-

2039 4556 2524 4621 ritas‘Constituti,
2558 4554 2702 4623 quod
2731 4560 2922 4607 auctor
2946 4554 3058 4622 ipse
3077 4567 3180 4621 per
3207 4566 3453 4606 errorem
3487 4551 3623 4608 serio

2039 4654 2215 4727 psisse
2290 4667 2348 4707 se
2409 4647 2640 4704 solemni
2716 4646 2941 4700 decreto
3012 4644 3306 4700 testetur?
3367 4644 3620 4700 Attamen

2040 4745 2236 4818 agendi
2262 4751 2424 4807 ratio,
2457 4758 2623 4813 quam
2648 4740 2882 4812 Vigilius
2917 4739 2971 4793 in
3002 4738 3104 4793 hac
3126 4752 3186 4792 re
3213 4737 3434 4802 tenuit,
3469 4737 3620 4806 quod

2041 4837 2216 4895 sensit
2253 4834 2632 4905 imprudenter
2654 4832 2833 4897 Notis,
2866 4829 3236 4885 inconstantia
3277 4843 3388 4881 non
3410 4827 3520 4881 fuit
3548 4827 3616 4891 ⁸⁵,

2043 4929 2140 4987 sed
2166 4928 2412 5000 prudens
2466 4922 3298 4996 dispensatio,-temporumque
3351 4929 3409 4974 et
3433 4934 3619 4974 rerum

2041 5018 2388 5076 considerata
2466 5014 2763 5084 ett-pensio,
2812 5018 2875 5066 ut
2950 5017 3138 5064 monet
3213 5004 3622 5060 illustrissimus

2041 5111 2227 5166 Marea
2253 5126 2276 5162 :e
2302 5105 2501 5162 deinde
2543 5103 2891 5175 suppositi‘tia
2915 5127 2919 5134 -
2943 5106 3029 5154 est
3063 5096 3293 5167 epistola
3332 5094 3622 5166 ad'Euty-

2042 5203 2255 5266 cbium,
2316 5214 2424 5270 qua
2463 5204 2792 5253 retractatur
2819 5191 3218 5256 Constitutum,
3271 5188 3434 5259 idque
3482 5185 3620 5244 alias

525 5391 562 5422 ε
1707 5363 2019 5423 SCHULZII
2050 5360 2278 5422 NOTAE.

441 5489 491 5522 ⁸⁸
519 5490 644 5546 Haec
699 5506 895 5562 omnia
928 5498 1273 5562 argumenta,
1340 5503 1461 5562 quae

351 5631 561 5695 obruit,
597 5632 693 5685 sed
726 5632 881 5701 quasi
917 5631 1067 5687 aliud
1106 5631 1344 5701 agendo
1372 5627 1655 5701 refutayit,

355 5701 501 5758 dicta
523 5710 706 5759 erant.
747 5699 814 5733 ’δ”
835 5703 970 5757 Vide
1018 5699 1202 5772 supra,
1236 5716 1290 5770 p.
1323 5699 1449 5754 ΞΗ.

1505 5499 1606 5555 pro
1656 5484 2003 5541 Theodoreto
2051 5481 2594 5555 faciunttsequente
2647 5470 2879 5555 articulo
2915 5476 3145 5555 quarto;
3171 5467 3214 5521 si

349 5544 602 5616 evertere
627 5544 1659 5629 "studuit—Garrieriu'S,cinn-dauinare
1712 5557 1900 5629 mallet
1957 5569 2123 5624 quam
2173 5544 2456 5629 absoluere
2491 5544 2936 5629 .Theodorcllitu:
2981 5544 3618 5629 _':‘:'i\:tl'l}_“ﬁizlfnjlgffg

1731 5601 1937 5681 εἶ’ἷιῖιο
1961 5601 2465 5689 Ίιῖἇίἶτοξῤ-όιὶάὲιιι
2491 5617 2559 5674 iis
2592 5631 2710 5687 qua:
2746 5614 2799 5668 in
2836 5611 2941 5665 line
2979 5606 3341 5679 przccedentis
3384 5601 3618 5660 Articuli

1529 5698 1574 5728 ”
1595 5696 1727 5752 Vide
1756 5712 1940 5766 snpra,
1969 5711 2024 5766 ι).
2050 5693 2176 5749 Ἡϐ.
2206 5689 2389 5746 Schol.
2416 5691 2469 5743 9..

3006 5537 3219 5592 '"Non
3255 5535 3472 5590 silentio
3498 5545 3620 5586 eam
