4072 6176
1545 313 1725 377 SzEC
1736 314 1835 377 UL
1849 316 1973 380 ΠΜ
2019 319 2158 382 VII.
2207 320 2490 388 ANNUS
2528 328 2669 389 636‘.

1716 590 2460 715 ELENCHUS

782 884 1174 949 OPBRUM
1209 887 1419 964 ρυλε
1454 891 1555 954 IN
1588 894 1772 959 HOC
1814 898 2307 967 VOLUMINE
2339 906 2390 970 ι.

1814 898 2307 967 νοιυωιιηε
2339 906 2698 975 LXXXIV
2736 894 3420 985 contmnam

1891 1171 2287 1197 ψ

1184 1374 1532 1439 SANCTUS
1576 1380 1965 1457 ISIDORUS,
2007 1384 2521 1451 HISPALENSIS
2565 1391 3009 1459 EPISCOPUS.

624 1538 733 1599 Fr.
766 1537 841 1598 A.
874 1539 1229 1614 GONZALEZ,
1258 1542 1523 1623 publica:
1556 1546 1956 1609 Matritensis
1987 1548 2375 1616 bibliotheca
2403 1557 2719 1637 prwfecu',
2750 1564 3079 1640 Prw/otio.
3288 1570 3410 1633 col.
3539 1575 3596 1635 9*

626 1658 961 1719 EXCERPTA
998 1660 1329 1725 (ΣΑιιοΝωί.

3497 1696 3582 1757 23'

627 1786 677 1847 Ι.
712 1822 786 1831 --
817 1790 907 1850 De
941 1788 1334 1855 institutione
1366 1793 1771 1859 Clerirorum.
3494 1826 3569 1887 25

624 1889 703 1948 II.
733 1922 808 1934 —
840 1890 925 1950 De
960 1890 1464 1958 institutionibus
1492 1899 2017 1964 Monasteriorum
2049 1909 2111 1966 et
2157 1905 2638 1988 Monachorum,
2678 1920 2871 1996 atque
2918 1920 3247 1986 ordinibus

537 1997 543 2005 '
706 1992 1179 2056 Poenitentium.

2768 1992 2784 1996 ”
3494 2029 3587 2090 45..

624 2090 733 2151 ΙΙΙ.
769 2126 841 2135 -
872 2092 958 2152 De
988 2092 1490 2159 institutionibus
1519 2100 1915 2164 Judiciorum
1954 2110 2014 2166 et
2042 2105 2486 2183 gubernaculis
2524 2133 2758 2179 rerum.
3496 2131 3570 2193 51.

619 2196 721 2260 IV.
754 2232 828 2240 —
859 2198 947 2259 De
973 2198 1480 2265 institutionibus
1510 2204 1871 2269 Ofﬁciorum
1904 2215 1963 2270 et
2004 2210 2227 2273 ordine
2258 2214 2644 2293 baptizandi.
3490 2235 3564 2295 63

624 2297 697 2356 V.
729 2332 804 2341 —
836 2298 921 2360 De
956 2298 1425 2365 diversitatibus
1456 2306 1831 2385 Nuptiarum
1866 2318 1925 2370 et
1957 2311 2195 2385 scelere
2236 2316 2644 2393 ﬂagitiorum.
3485 2336 3558 2396 73

621 2398 725 2461 Vl.
759 2436 835 2444 —
864 2401 950 2462 De
999 2403 1401 2480 generalibus
1461 2410 1695 2487 regulis
1753 2413 2138 2478 Clericorum
2189 2427 2698 2504 caeterorumque
2742 2427 3241 2498 Christianorum

699 2507 761 2563 et
795 2503 1100 2581 regimine
1136 2506 1491 2586 principali.
2593 2503 2606 2504 ί
3492 2538 3565 2597 77

620 2601 750 2666 VII.
782 2642 857 2651 —
886 2610 973 2670 De
1004 2609 1335 2675 honestate
1369 2620 1431 2676 et
1464 2617 1740 2692 negotiis
1772 2620 2169 2699 principum.
3487 2639 3581 2699 79>

624 2708 783 2769 VIII.
814 2743 891 2753 —
921 2713 1006 2774 De
1040 2713 1168 2776 Deo
1200 2720 1260 2777 et
1298 2717 1375 2778 de
1411 2716 1508 2781 bis
1535 2736 1679 2799 quas
1710 2728 1855 2783 sunt
1886 2723 2204 2786 credenda
2243 2726 2321 2787 de
2356 2726 2491 2789 illo.
3490 2738 3559 2801 81

618 2809 720 2871 1X.
758 2843 833 2855 --
866 2811 955 2871 De
982 2812 1382 2879 abdicatione
1418 2818 1879 2884 Hmreticorum
1908 2830 1968 2885 et
2000 2823 2218 2887 usibus
2254 2843 2498 2891 eorum.
3483 2842 3559 2903 85

614 2911 692 2973 X.
727 2946 801 2956 —
834 2913 917 2976 De
947 2916 1305 2983 Idololatria
1336 2926 1397 2984 et
1428 2920 1782 2991 cultoribus
1822 2927 1957 3009 ejus
2002 2944 2077 2995 ac
2119 2929 2199 2995 de
2252 2930 2506 3014 scriptis
2540 2933 2715 3013 pacis
2762 2941 2822 2999 et
2875 2939 3243 3002 muneribus

697 3016 926 3080 missis.
3487 3044 3558 3105 87

613 3146 931 3210 CONCILIA.
3481 3172 3555 3233 93

612 3280 976 3342 Graecorum
1007 3282 1303 3348 Concilia.
3488 3298 3585 3359 93’

612 3381 835 3444 Africa:
869 3384 1175 3449 Concilia.
3450 3401 3557 3462 179

612 3486 827 3549 Galliae
856 3490 1162 3553 Concilia.
3444 3502 3557 3563 237

612 3591 933 3670 Hispania;
965 3594 1266 3655 Concilia.
3441 3604 3547 3664 301

610 3715 928 3777 Eris'rom
970 3731 1365 3775 DECRETALES
1411 3711 1631 3791 viginti
1680 3710 2159 3795 episcoporum,
2190 3731 2443 3793 nempe,
2485 3715 2751 3790 Damasi,
2786 3716 3015 3792 Siricii,
3050 3721 3242 3782 Inno-

694 3814 919 3884 centii,
958 3813 1227 3887 Zosimi,
1264 3814 1611 3891 Bonifacii,
1652 3815 2003 3890 leeslini,
2064 3818 2324 3889 Leonis,
2380 3819 2696 3891 Flaviani,
2750 3820 2951 3894 Petri,
2984 3820 3238 3898 Hilarii,

691 3912 1040 3993 Simplicii,
1099 3915 1348 3989 Acacii,
1398 3915 1658 3990 Felicis,
1704 3916 1975 3993 Gelasii,
2023 3918 2362 3991 Anastasii,
2416 3919 2807 3998 Symmachi,
2859 3922 3235 3997 Hormisdte,

688 4016 973 4091 Joannis,
1014 4015 1247 4095 Vigilii,
1277 4016 1595 4095 Gri-gorii.
3441 4025 3548 4088 627

608 4140 984 4205 Dissertatio
1044 4144 1607 4210 historico-critica
1656 4150 1722 4209 in
1771 4166 1981 4209 veram
2027 4158 2083 4211 et
2124 4166 2461 4229 genuinam
2493 4149 2930 4213 Collectionem
2968 4160 3236 4210 veterum

693 4249 1021 4311 Canonum
1074 4248 1367 4310 Ecclesiw
1395 4251 1694 4328 Hispana:
1741 4272 1779 4313 α
1824 4254 1901 4315 D.
1934 4254 2192 4318 Isidoro
2230 4254 2641 4329 adornatam,
2686 4260 2944 4317 auctore
2978 4255 3227 4315 CAROLO

688 4368 773 4411 ms
805 4368 882 4410 LA
913 4351 1125 4414 Saxum
1154 4352 1560 4417 Summum.
3434 4358 3568 4419 849'

609 4497 861 4566 Indices
889 4505 1148 4565 Rerum.
3434 4504 3549 4567 913

2438 5629 2676 5687 Parisiis.
2712 5662 2780 5672 -—-
2812 5634 2887 5687 Ex
2927 5635 3063 5701 typis
3094 5633 3233 5689 J.-P.
3268 5630 3501 5689 MIGNE.
