2036 3088
195 146 227 173 15
930 142 999 171 HM

1023 142 1123 172 ΓΑἸΊΟ.
1798 145 1827 171 Η

193 211 310 238 quanam
336 204 445 231 lbericat
460 202 570 231 ditionis
593 202 700 230 civitate
716 206 760 229 aut
773 201 909 237 provincia
923 202 993 237 juris
1008 202 1106 237 publici
1122 202 1189 229 facta
1205 207 1246 230 cst
1258 203 1268 229 τ
1281 201 1335 229 Cur
1347 203 1381 230 ab
1403 202 1480 230 initio
1494 203 1584 231 stccnli
1601 204 1662 231 noni
1677 204 1710 232 ad
1732 204 1827 233 decimi

195 247 279 272 usque
292 240 372 265 linem
383 239 457 265 multi
467 239 595 272 legitima:
605 243 703 265 nostrze
714 242 773 272 post
783 242 821 265 tot
832 238 960 265 bellorum
970 245 1002 264 ex
1008 238 1075 273 cidia
1086 245 1256 273 pcrmansore
1262 238 1387 269 Codices,
1395 239 1494 265 inillum
1503 239 1613 265 omnino
1621 240 1690 266 illius
1697 240 1829 273 figmentis

194 278 329 301 contente
340 274 508 300 collectionis
518 273 754 309 exstatvolumen?
765 273 793 299 lu
810 280 839 299 re
850 273 915 309 solis
926 273 985 309 luce
995 272 1105 309 clariuri
1116 273 1214 299 diutius
1227 273 1363 309 immorari
1376 281 1429 300 non
1443 273 1516 300 libet.
1531 274 1579 307 Qui
1593 274 1667 307 plura
1682 282 1830 309 congerere

195 309 264 346 velit
278 309 401 346 eruditos
415 314 523 346 exteros
538 308 626 340 adeat,
643 307 778 346 Bainziurn
795 308 823 346 in
836 306 991 346 prasfzilione
1006 307 1038 346 ad
1052 307 1173 346 dialogos
1191 308 1296 346 Antonii
1312 306 1645 346 {Augustini._Blondcllum
1663 310 1688 336 in
1706 306 1829 346 prolego-

194 344 281 380 inenis
297 343 511 380 Pseudo-Vlsidori
523 351 530 375 ;
546 347 650 380 nostros
660 343 739 370 adeat
750 342 915 370 Dominicutn
927 342 1069 376 Lopezium
1083 341 1117 369 de
1132 342 1255 375 Barrera,
1268 342 1401 369 Andream
1415 343 1448 370 de
1461 343 1575 377 Burriel,
1590 341 1829 380 aliusque-critica

196 379 300 413 legibus
315 378 520 412 probatissimos
533 377 690 411 scriptores.

233 414 288 441 Sed
297 418 325 441 et
335 413 379 440 illa
395 421 445 440 stto
460 413 579 447 pondere
592 413 694 440 corruit
704 412 835 440 sententia
849 419 908 446 qua;
920 416 1057 439 auctorem
1079 411 1159 445 hujus
1182 412 1348 440 collectionis
1371 412 1503 440 Isidorum
1519 414 1676 446 episcopum
1691 413 1831 442 Setabien-

195 456 252 475 sem
268 448 309 483 (τι)
322 446 485 476 afﬁrmabat.
501 447 600 475 Ρηευί
617 448 659 474 hic
673 447 813 481 cujusdam
826 448 950 483 monachi
964 454 1016 481 ope
1031 454 1095 483 usus
1115 447 1180 474 illud
1196 454 1263 483 Opus
1277 449 1347 474 circa
1371 449 1449 473 linum
1465 446 1556 483 sicculi
1570 448 1670 483 octavi
1684 450 1830 480 congessit,

196 481 341 516 evulgavit,
358 491 389 510 ac
401 483 506 510 tandem
520 490 591 509 anno
601 482 677 509 805e
688 483 740 509 vita
752 481 879 514 excessit.
892 486 921 508 ut
935 482 1022 508 innuit
1033 482 1074 508 Itis
1085 488 1152 515 pene
1166 482 1256 508 verbis
1281 482 1446 509 clarissimus
1462 482 1501 508 vir
1518 481 1547 507 ἰ).
1569 482 1725 510 Laurentius
1741 483 1829 511 Itami—

196 526 241 546 rez
254 516 289 546 de
304 518 391 545 Prado
406 518 432 545 in
443 525 536 551 opere,
548 517 620 551 quod
633 517 784 544 (lltronicon
799 516 950 551 appellatur
961 520 1042 551 atque
1052 517 1102 543 Sub
1114 516 1210 543 Juliani
1223 517 1343 544 Toletani
1357 518 1465 543 nomine
1480 516 1572 543 ed'dit.
1584 517 1651 544 Prolt
1667 518 1830 547 deliramen-

197 554 270 580 tuni!
287 553 410 580 Julianus
425 550 535 584 Quirico
548 550 575 578 in
590 552 747 587 episcopatu
763 550 891 587 successit
908 559 978 578 anno
992 550 1054 583 680,
1070 556 1098 577 et
1111 552 1145 578 de
1156 551 1279 587 praedicti
1294 551 1459 579 Setabiensis
1471 551 1564 578 lsidori
1575 553 1702 586 operibus
1712 561 1743 581 ac
1759 561 1830 581 mor-

198 594 224 616 te
237 592 346 615 centum
360 588 514 622 quindecim
526 586 760 622 annis'postquam
772 586 894 622 sepultus
902 591 943 614 est
956 586 1137 622 testimonium
1153 586 1327 619 perhibebat?

231 623 544 658 Cummentitiutitaque
556 621 605 648 luit
618 621 743 658 Isidorus_
754 621 950 658 ille._it_tdebit:e
977 621 1070 658 gloria}
1085 621 1214 658 mercator
1225 641 1232 652 ,
1242 629 1280 658 ac
1294 626 1367 658 certe
1381 622 1519 658 Peccator,
1536 621 1580 655 qui
1595 622 1679 649 sancti
1709 623 1828 651 doctoris

199 658 366 692 llispalensis
379 657 489 684 nomine
500 655 614 692 ornatus
627 660 681 689 est,
698 655 744 691 qui
758 655 943 692 praefationem
959 663 991 682 ex
1007 656 1094 690 capite
1108 655 1140 683 16
1151 656 1197 682 lib.
1212 663 1239 682 v1
1261 656 1490 692 ﬁtymologiarutn
1510 657 1677 692 desumptam
1688 665 1738 685 suo
1754 660 1828 686 vitia-

198 693 234 719 vit
245 690 277 720 ac
287 691 423 727 exculpsit
435 699 502 725 ere,
515 691 614 726 quique
625 690 726 719 rectum
742 691 875 726 quoddam
889 691 1029 727 exemplar
1051 698 1184 727 canonum
1200 697 1235 727 ex,
1260 690 1428 727 Hispaniain
1454 691 1553 718 Gallias
1570 691 1680 727 invexit,
1697 695 1826 727 corrupit,

200 725 474 761 deturpavithnllus
491 725 584 762 aderat
595 733 625 753 ea
637 731 730 753 a‘state
743 725 828 762 locus,
842 726 996 762 quorcxintii
1012 725 1130 762 doctoris
1151 726 1236 762 nostri
1261 726 1398 762 doctrina,
1412 727 1523 754 virtutes
1533 731 1560 753 et
1573 725 1642 753 fama
1667 735 1719 754 non
1735 725 1831 762 pervc-

198 760 312 790 nisscnt.
324 762 499 790 Occasionem
515 761 629 795 arripuit
640 768 719 788 verus
736 761 781 789 ille
801 761 989 795 antiquitatum
1012 760 1252 789 ecclesiasticarum
1269 760 1446 795 depravatur:
1460 762 1567 789 occasio
1584 766 1710 795 patronos
1721 760 1752 790 ac
1766 763 1829 791 ilia:-

198 802 307 825 cenntes
321 798 383 825 fecit
396 797 522 824 credulos
536 796 688 830 prohosque
703 797 786 828 viros,
808 797 956 831 praesertim
971 795 1130 830 Riculphum
1146 795 1341 831 Moguntinum,
1360 797 1404 831 qui
1425 797 1527 830 primus
1542 796 1619 824 falsis
1630 803 1753 824 onu~tam
1773 806 1829 825 tito-

199 832 333 859 nunteutis
347 832 535 859 collectionem
548 832 574 858 in
586 831 757 858 Germaniam
773 830 911 858 induxisse
932 830 1015 858 fertur
1028 838 1035 857 :
1050 830 1184 858 occasioni
1200 830 1324 858 favebant
1344 830 1434 858 rerum
1451 831 1615 865 publicarum
1629 836 1725 864 status,
1739 835 1829 860 sa-euli

199 868 361 901 ignorantia,
379 867 461 898 bella,
477 866 652 900 imperiorum
664 866 779 898 excidia,
793 865 902 901 sordida
911 865 1241 901 quorumdamhominum
1256 866 1341 898 lucra,
1357 866 1487 893 honorum
1504 867 1529 893 in
1544 866 1603 893 aliis
1615 866 1696 894 nimis
1710 868 1829 895 studiosa

198 900 280 936 atque
295 901 476 937 Iaerymabilis
483 901 609 937 ambitio.
630 900 946 937 blanditiisAalliciebant
968 900 1235 937 Pseudo-lsidoriana
1250 907 1419 934 commenta;
1434 901 1520 928 nullus
1534 908 1626 937 eorum
1643 902 1829 930 refutationem

199 935 400 971 aggrediebatur
412 945 418 962 :
431 936 547 963 silebant
561 936 662 970 populi,
674 935 762 963 clerus
773 935 799 971 in
814 935 1097 971 eanonemrrefere‘tat,
1112 935 1238 962 Ecclesiae
1249 937 1376 969 prmsules
1389 937 1554 963 obmutuisse
1574 936 1743 965 videbantur.
1760 937 1829 965 Tan-

199 976 253 998 tam
267 971 347 1005 igitur
356 971 428 998 inter
440 975 479 998 tot
495 971 626 1002 nationes,
643 970 713 998 inter
727 975 765 997 tot
776 970 875 1005 alioqui
891 970 1055 999 rectissimo,-
1070 971 1153 1001 viros,
1166 976 1226 1004 post
1241 975 1279 998 tot
1291 977 1407 1004 tempora
1423 971 1608 998 auctoritatem
1624 972 1675 999 sibi
1686 973 1830 1000 concilias-

199 1013 229 1033 se
242 1006 427 1036 collectionem
440 1006 518 1033 istam
535 1006 628 1032 mirari
639 1006 751 1039 quisque
764 1005 882 1036 desinet,
896 1005 919 1033 si
930 1006 1055 1032 miseram
1071 1005 1120 1033 πενί
1140 1007 1202 1031 noni
1219 1006 1399 1033 cunditionem
1423 1007 1513 1033 animo
1534 1006 1660 1034 evolvere
1674 1015 1725 1034 non
1742 1008 1829 1034 detre-

198 1046 265 1068 ctet.
280 1042 313 1068 Et
324 1049 383 1069 eam
395 1041 503 1068 tenebat
513 1040 675 1068 Germania?
686 1045 713 1068 et
724 1040 797 1068 Italia
810 1040 938 1067 tenebat?
953 1045 980 1067 et
995 1040 1120 1075 tenebant
1134 1039 1243 1067 Gallitc?
1253 1046 1280 1067 et
1294 1046 1364 1068 totus
1375 1048 1442 1075 pene
1453 1041 1548 1068 Oriens
1563 1041 1689 1068 tenebat?
1703 1042 1735 1069 Et
1748 1046 1830 1070 tenuit

201 1076 310 1102 tandem
327 1081 387 1109 post
407 1076 488 1103 multa
501 1075 598 1102 smcula
611 1075 673 1102 lelix
687 1075 833 1111 Hispania?
848 1075 974 1110 Hispania
991 1074 1111 1111 profecto
1129 1082 1263 1110 nunquam
1279 1076 1349 1103 illaut
1365 1074 1390 1103 in
1410 1084 1487 1103 suum
1516 1077 1673 1104 contulisset
1687 1078 1829 1111 gremium,

198 1111 221 1137 si
236 1111 445 1145 pretiOsissitnos
458 1111 633 1137 ecclesiarum
646 1117 754 1137 suarum
778 1110 919 1137 thesauros
940 1110 1114 1144 perscrutari,
1127 1111 1224 1138 tineam
1239 1118 1270 1137 ac
1282 1112 1417 1145 pulverem
1433 1119 1465 1138 ex
1489 1112 1677 1138 votustissimis
1692 1110 1826 1140 membrai

201 1147 245 1181 nis
259 1152 388 1173 excutere
399 1146 537 1172 voluisset.
553 1145 580 1171 In
597 1146 706 1181 malam,
722 1145 774 1177 eia,
791 1146 876 1181 lucem
890 1145 989 1181 abeant
1012 1145 1164 1180 quicunque
1190 1145 1281 1173 lsidori
1306 1146 1462 1173 Mercatoris
1489 1146 1706 1181 compilationem
1733 1148 1775 1175 vel
1803 1148 1828 1176 iit

200 1180 332 1214 llispania
347 1181 505 1211 coniectam,
516 1181 557 1206 vel
572 1180 681 1214 Ilispani
696 1180 812 1207 hominis
823 1180 958 1207 exstitisse
973 1186 1077 1214 partum
1092 1185 1135 1206 aut
1151 1187 1272 1207 asserere
1282 1186 1327 1207 aut
1342 1181 1494 1215 excogitare
1510 1181 1655 1215 potuerint.

238 1215 378 1242 Canonum
393 1215 624 1241 obscrvantissima
637 1219 717 1249 atque
726 1215 794 1242 adeo
808 1220 885 1242 tenax
905 1219 996 1242 nostra
1015 1215 1088 1249 regio
1103 1214 1163 1247 fuit,
1181 1220 1209 1241 ut
1236 1215 1344 1243 ineunte
1369 1214 1470 1242 mutulo
1485 1214 1625 1243 undecimo
1639 1223 1672 1245 ex
1686 1216 1782 1244 Latino
1803 1217 1829 1245 iii

199 1250 346 1287 A_rahicutn
360 1258 511 1287 sermonem
531 1258 578 1277 cos
592 1255 698 1287 vertere
711 1250 855 1287 curaverit.
868 1250 935 1277 Cum
948 1250 1022 1287 enim
1042 1254 1124 1287 totam
1138 1256 1216 1287 pene
1230 1249 1387 1287 llesperiaut
1413 1251 1551 1278 Mauritani
1567 1257 1754 1287 occupassent,
1769 1260 1829 1281 cum

199 1283 260 1346 (sus
271 1285 413 1312 vernacula
428 1286 517 1320 lingua
534 1290 594 1319 post
612 1285 711 1325 “secula
733 1284 867 1319 periisset,
882 1292 942 1312 cum
956 1284 1097 1319 disciplina
1110 1283 1301 1325 .eCclesiastica
1318 1286 1343 1312 in
1369 1293 1488 1320 praecepi
1513 1290 1615 1320 rueret,
1632 1283 1704 1314 tanta
1728 1288 1831 1316 exstitit

226 1320 334 1346 incentii
347 1319 486 1346 cuiusdam
501 1320 649 1346 nrcsbvteri
662 1319 811 1346 dtliuentia.
827 1324 857 1346 ut
870 1327 1001 1346 canonum
1012 1319 1198 1346 collectionem
1214 1320 1327 1346 Arabico
1339 1321 1458 1346 idioniati
1472 1321 1585 1346 donaret
1595 1342 1602 1346 .
1617 1326 1696 1346 atoue
1710 1323 1742 1346 ad
1755 1331 1829 1346 nsum

226 1320 334 1357 incentii
347 1319 488 1357 cujusdam
501 1320 649 1357 presbyteri
662 1319 811 1357 diligentia,
827 1324 857 1357 ut
870 1327 1004 1357 canonum
1012 1319 1198 1357 collectionem
1214 1320 1327 1357 Arabico
1339 1319 1585 1357 illiontati’donaret
1595 1319 1696 1357 .Vatque
1710 1323 1742 1349 ad
1755 1331 1829 1350 usum

199 1354 359 1394 nobilissimi
371 1355 490 1394 cpi-scopi
505 1354 615 1381 Joannis
631 1354 748 1394 Dan‘ielis
762 1354 807 1394 die
819 1355 925 1394 decima
938 1355 1050 1394 septima
1066 1355 1198 1388 Octobris,
1214 1362 1267 1394 atra
1286 1356 1373 1394 μυεῖ,
1386 1355 1489 1394 Gliristi
1501 1364 1565 1384 vero
1577 1354 1661 1394 1049;
1671 1358 1831 1394 compleret,

197 1396 253 1423 quo
272 1391 322 1417 sub
336 1390 452 1417 Maurico
465 1392 529 1424 jngo
543 1391 665 1424 oppressi
681 1389 827 1418 Christiani
842 1395 943 1417 rectam
956 1390 1018 1417 lidei
1029 1397 1060 1417 ac
1079 1396 1183 1417 morum
1207 1390 1357 1418 doctrinam
1384 1390 1489 1419 facilius
1514 1389 1655 1420 memoria
1672 1389 1830 1421 retinerent:

199 1424 317 1463 l‘lujttsce
332 1425 453 1463 Arabicre
466 1425 631 1463 collectionis
645 1424 1043 1463 exemplarjnembranaceum,
1050 1425 1170 1459 cuphicis
1184 1431 1321 1463 exaratum
1334 1426 1441 1463 litteris,
1457 1427 1513 1461 ipsa
1527 1432 1659 1455 vetustate
1673 1427 1700 1455 in
1715 1428 1828 1463 quibus-

198 1457 308 1497 εἰκὼ-γει
317 1461 436 1497 mutilum
448 1461 487 1497 vel
494 1460 686 1497 oblitteratum,
694 1457 763 1497 foliis
770 1458 821 1497 ᾳξε
828 1465 965 1497 constans,
973 1457 1097 1497 quodque
1105 1457 1456 1497 nosmetipsiconspeximus
1462 1457 1493 1489 ac
1501 1463 1692 1497 evolvitnus,in
1704 1457 1827 1491 Escuria-

200 1494 439 1538 leusirhthliotheca
448 1496 549 1538 invenit
560 1495 713 1538 D_._lliit_:l_t_ael
720 1495 818 1529 Casiri,
827 1494 871 1538 qui
880 1503 939 1538 eain
949 1494 1069 1538 Latinam
1083 1495 1157 1538 fecit,
1168 1494 1494 1538 noti’sillustraviqatque
1503 1497 1586 1538 ipsius
1598 1494 1787 1538 transcriptum
1796 1500 1827 1526 nd

198 1531 378 1567 llatritensem
395 1533 463 1559 hanc
478 1532 600 1566 perduxit
613 1531 810 1558 biblimhecam.
826 1531 1004 1567 Gontulerunt
1014 1531 1076 1559 deitt
1086 1531 1165 1559 istam
1178 1532 1330 1560 versionem
1351 1533 1381 1561 ι),
1397 1533 1468 1560 Elias
1478 1531 1595 1567 Scidiac,
1609 1533 1669 1561 Siro
1684 1531 1829 1567 Maronita,

199 1573 231 1593 ac
247 1566 277 1594 D.
295 1567 394 1594 Paulus
407 1567 525 1598 Lozauo,
540 1567 584 1601 qui
598 1566 813 1602 exraumgrapho
824 1566 898 1602 folia,
917 1566 1008 1594 titulos
1018 1573 1050 1593 ac
1061 1567 1177 1602 integras
1197 1567 1323 1602 periodos
1349 1568 1466 1595 deﬁcere
1487 1568 1607 1596 videntes
1623 1576 1656 1596 ex
1670 1568 1770 1597 Codice
1785 1569 1830 1596 Vi-

200 1602 289 1638 gilauo
302 1602 428 1636 supplere
441 1610 495 1629 non
510 1607 574 1629 sunt
588 1601 734 1638 dedignati.
751 1601 830 1638 it‘axit
838 1601 909 1638 Deus
923 1607 950 1629 ut
965 1601 1088 1638 quamvis
1098 1601 1223 1638 operosa,
1239 1609 1271 1630 ac
1294 1603 1419 1630 maximis
1435 1603 1585 1638 peragenda
1607 1603 1745 1638 impensis,
1762 1604 1830 1630 Ara-

201 1636 273 1678 bica,
288 1642 641 1678 reapse_tiostra,c_anonum
651 1636 779 1678 collectio
788 1636 920 1678 publicam
936 1637 1043 1678 tandem
1055 1636 1201 1678 aliquando
1213 1636 1542 1678 lucetn‘aspicere'valeat.
1559 1639 1616 1672 ipsa
1628 1636 1829 1678 namque_piuiu

201 1673 359 1706 rectnnniue
374 1672 511 1706 Hispania:
523 1672 549 1699 iit
561 1671 708 1699 canonibus
719 1671 889 1699 addiscendis
903 1671 989 1698 zelum
1001 1676 1028 1706 et
1043 1672 1160 1697 studium
1177 1672 1397 1698 luculentissimis
1421 1673 1546 1699 ostendet
1557 1671 1730 1706 argumentis,
1745 1671 1831 1699 lianc-

201 1714 255 1740 que
268 1715 345 1740 quam
359 1709 462 1735 edimus
473 1708 672 1742 collectiOnem,
682 1706 787 1742 silides
797 1707 883 1742 adhuc
890 1705 1046 1742 necessaria
1054 1710 1105 1742 est,
1115 1706 1232 1742 lii-inabit
1248 1706 1447 1742 robur-abitque.
1463 1705 1754 1742 Vincentii’presbyteri
1769 1713 1830 1735 vota

203 1742 303 1768 imitari
318 1742 400 1770 voluit
412 1743 513 1776 Juseph
528 1741 560 1768 El
577 1741 671 1770 Ssahir
681 1741 722 1768 Bil
737 1741 822 1768 Tabib
839 1740 1164 1776 El-lilerxumilil-lilemii,
1178 1740 1299 1769 ecclesiae
1310 1741 1500 1769 Alexandrinae
1512 1740 1663 1776 praefectus,
1680 1740 1751 1769 anno
1764 1743 1832 1771 1598

200 1777 234 1803 ad
254 1777 397 1804 sacerdotii
414 1775 543 1805 honorent
561 1781 713 1811 provectus,
728 1777 773 1811 qui
789 1776 977 1811 Paraphrasim
994 1775 1149 1803 Graecorum
1165 1783 1297 1804 canonum
1313 1777 1439 1809 Arabice,
1450 1777 1496 1804 sed
1513 1775 1566 1805 non
1583 1778 1617 1805 ita
1635 1777 1757 1811 feliciter,
1773 1783 1828 1805 tra-

198 1811 275 1839 didit.
291 1812 419 1839 lncultum
436 1813 543 1847 stylom,
560 1812 713 1839 l'astidiosas
724 1812 910 1846 repetitiones,
927 1818 1036 1839 sensum
1052 1812 1182 1838 nonsatis
1194 1818 1286 1846 aptum
1298 1811 1325 1839 in
1337 1819 1369 1840 ea
1387 1820 1538 1846 percurras.

233 1850 283 1874 Ast
298 1852 417 1874 nostram
427 1846 481 1882 jam
494 1848 644 1875 orationetn
657 1852 766 1874 revocat
781 1854 840 1881 qute
855 1855 926 1874 nunc
934 1847 1058 1874 -edieitur
1072 1848 1191 1882 igcnuina
1214 1854 1346 1874 canonum
1371 1848 1486 1882 llispana
1505 1847 1645 1875 Collectio.
1658 1846 1783 1875 Formam
1798 1856 1830 1875 ac

197 1882 356 1910 methodum
367 1890 400 1910 ex
414 1881 527 1910 concilio
538 1882 668 1909 Toletauo
681 1886 778 1916 quarto
790 1881 939 1909 obtinuisse
954 1889 1038 1916 nuper
1050 1881 1243 1909 aflirmavimus
1257 1891 1263 1908 :
1278 1883 1389 1910 aliarum
1405 1881 1575 1917 postmodum
1593 1884 1618 1910 in
1631 1884 1752 1910 conciliis
1765 1883 1830 1911 sub-

197 1917 372 1952 sequentibus
388 1924 414 1945 et
432 1919 457 1945 in
473 1918 653 1945 [tertianorum
669 1916 825 1951 pontificum
839 1918 960 1951 epistolis
973 1917 1106 1945 editaruin
1127 1917 1295 1952 sanctiouum
1321 1916 1457 1945 additionc
1472 1924 1579 1945 auctam
1606 1919 1758 1946 nullatenus
1780 1919 1829 1945 du-

196 1951 271 1979 bium
286 1954 348 1980 erit.
363 1952 430 1980 llinc
441 1953 539 1980 factum
552 1957 594 1981 est
608 1958 637 1980 ut
649 1953 777 1980 nonnulla
788 1953 878 1987 legere
894 1952 973 1979 liccat
993 1954 1019 1979 in
1035 1952 1194 1987 quibusdam
1214 1951 1358 1979 Codicibus
1371 1961 1431 1986 qua:
1446 1953 1473 1980 in
1504 1954 1565 1980 alis
1591 1953 1788 1986 desiderantur,
1802 1959 1829 1980 et

199 1988 290 2014 omnia
307 1995 393 2022 usque
407 1989 438 2015 ad
450 1989 570 2022 ejusdem
585 1988 693 2015 cuncilii
707 1995 787 2014 teram
803 1986 829 2014 in
845 1987 970 2014 omnibus
978 1986 1122 2019 contineri,
1139 1992 1167 2022 ut
1178 1987 1204 2013 in
1226 1994 1384 2021 unoquoque
1397 1992 1496 2014 nostrae
1516 1988 1642 2015 editionis
1669 1990 1729 2015 loco
1744 1989 1827 2015 adno-

198 2027 280 2049 tatum
295 2021 380 2050 lector
397 2024 531 2057 respzcict.
548 2022 755 2051 Accuratissima
766 2027 856 2049 autem
873 2023 924 2049 lide
939 2021 1065 2049 custoditi
1080 2021 1193 2049 Codices
1205 2022 1241 2048 illi
1253 2022 1311 2049 aliis
1324 2024 1387 2049 olim
1404 2023 1615 2050 transcribendis
1627 2023 1825 2055 descrviebant,

198 2058 291 2092 sicque
303 2058 391 2085 evenit
403 2064 431 2086 tit
441 2066 539 2093 quamv
552 2067 565 2086 s
581 2059 669 2085 nullus
681 2057 780 2084 sant:qu
792 2065 863 2085 nono
879 2058 1054 2091 lranscriptus
1069 2057 1102 2083 ad
1123 2062 1213 2093 nostra
1233 2065 1325 2093 usque
1339 2061 1469 2093 tempora
1487 2059 1640 2091 pervenisse
1664 2058 1827 2088 inveniatur,

197 2093 298 2119 saculo
314 2098 402 2121 tamen
418 2092 522 2121 decimo
537 2098 664 2121 exaratos
680 2093 792 2120 Codices
808 2098 871 2119 ante
884 2094 976 2119 oculos
996 2092 1151 2119 habeamus.
1166 2092 1295 2119 Dolebant
1309 2092 1419 2125 piissimi
1436 2093 1484 2120 viri
1500 2093 1635 2120 veteribus
1646 2094 1731 2120 solum
1744 2100 1828 2119 mem-

198 2127 290 2154 branis
305 2129 457 2155 mandatam
471 2129 531 2156 lidei
547 2137 578 2156 ac
594 2136 698 2155 ntorutn
712 2128 879 2162 disciplinam
891 2135 923 2155 ex
938 2129 1074 2154 hominum
1090 2127 1218 2154 memoria
1237 2127 1394 2162 delendam;
1414 2129 1498 2161 pietas
1513 2128 1550 2154 eis
1566 2128 1688 2155 stimulos
1700 2127 1803 2154 addidit
1820 2136 1827 2154 :

198 2162 322 2189 cochum
336 2164 496 2198 transcripta
513 2165 584 2191 metti
598 2164 633 2190 ati
648 2171 679 2190 ac
692 2163 782 2196 adepti
798 2168 869 2189 sunt.
888 2163 1071 2190 ASservabant
1098 2161 1271 2193 monaSIet'ia,
1283 2164 1403 2189 ecclesia:
1426 2163 1588 2194 retinebant,
1607 2164 1695 2190 nullus
1722 2164 1829 2197 perqui-

197 2199 299 2224 rendos
309 2199 452 2232 cogitabat.
466 2199 556 2232 Quid?
570 2200 659 2226 illuxit
672 2199 779 2225 tandem
795 2205 859 2225 Vere
873 2199 951 2225 nobis
966 2204 1076 2224 aureum
1099 2199 1225 2225 sarculum
1241 2198 1373 2225 decimum
1389 2203 1504 2229 sextum,
1518 2205 1570 2232 quo
1580 2206 1686 2225 onmem
1702 2199 1829 2225 scientia-

198 2240 259 2258 rum
274 2237 301 2259 et
313 2234 409 2261 artium
425 2235 574 2261 doctrinam
589 2234 748 2261 exeolebant
764 2233 887 2267 llispani,
905 2233 1089 2267 antiquiSsima
1101 2233 1265 2260 rimabantur
1282 2237 1469 2266 m0numenta,
1484 2240 1565 2268 atque
1581 2235 1614 2260 ad
1634 2240 1767 2261 summum
1784 2242 1829 2260 us-

197 2274 251 2301 que
262 2269 388 2304 verticem
406 2269 487 2296 veluti
503 2277 648 2304 perennem
662 2269 821 2296 eruditionis
835 2268 934 2295 fontem
950 2269 1131 2295 conscendere
1144 2268 1297 2303 cupiebant.
1314 2268 1460 2295 Maximum
1484 2269 1530 2304 hic
1551 2269 1679 2295 ltouoretn
1695 2268 1826 2295 exhiben-

196 2307 259 2328 dum
272 2302 422 2336 iudicamus
434 2302 513 2332 Petro
527 2306 561 2331 de
572 2304 671 2336 Marca,
686 2305 729 2336 qui
746 2304 849 2337 primus
862 2304 888 2330 iu
900 2303 956 2330 suis
981 2304 1117 2337 opusculis
1141 2302 1186 2330 lbl.
1204 2304 1257 2330 206
1272 2304 1305 2330 ad
1330 2308 1409 2336 caput
1433 2303 1578 2330 secundum
1596 2308 1656 2337 post
1682 2304 1825 2331 concilium

196 2337 419 2367 Chalcedonense
433 2340 466 2366 de
481 2344 575 2366 nostro
589 2346 722 2366 canonum
738 2340 838 2365 Codice
851 2339 900 2365 ista
918 2339 999 2365 verba
1015 2339 1129 2374 faciebat
1145 2347 1151 2364 :
1169 2337 1288 2364 Priorem
1310 2338 1383 2365 illam
1396 2338 1606 2374 (collectionem)
1619 2340 1742 2365 [lactentis
1754 2339 1828 2373 igitu-

196 2378 249 2398 lam
267 2374 443 2401 ezCodieibua
454 2375 553 2401 duobus
568 2374 748 2405 manuacriptis
763 2374 911 2400 monasterii
928 2373 1110 2407 Rwipullensia
1129 2374 1153 2399 in
1169 2374 1276 2400 Cataton
1286 2381 1314 2405 a,
1325 2373 1424 2408 favente
1440 2374 1563 2407 Numine,
1578 2380 1678 2400 erutam
1691 2374 1734 2400 hic
1746 2374 1827 2408 expli-

195 2415 297 2435 catus.
313 2410 448 2443 Explicuit
461 2415 554 2437 certe:
570 2414 598 2437 at
613 2410 757 2442 pcrillustri
783 2409 844 2436 huic
858 2409 1060 2442 archiepiscopo
1080 2409 1234 2440 Parisiensi,
1246 2410 1433 2436 collectionem
1458 2409 1542 2443 ipsam
1564 2417 1616 2436 nun
1646 2409 1769 2443 Hispana:
1783 2418 1827 2436 so-

201 2443 338 2470 lummodo
355 2442 481 2472 Eu-lcsia:
493 2447 638 2479 propriam,
653 2444 698 2470 sed
715 2449 742 2471 et
760 2444 896 2478 Romanae,
912 2444 1020 2470 Galltcze
1035 2449 1115 2478 atque
1130 2442 1263 2470 Africana:
1277 2451 1447 2471 communem
1461 2442 1597 2471 exstitisse
1608 2442 1761 2475 allirntanti,
1779 2445 1828 2470 mi-

196 2478 267 2505 nime
279 2481 365 2513 placet
379 2478 658 2507 consentire.Auctor
672 2479 749 2506 nobis
760 2484 802 2506 est
816 2481 911 2506 Petrus
932 2480 1063 2506 Goustaut
1077 2479 1104 2505 in
1124 2480 1279 2513 pnelatione
1292 2479 1324 2505 ad
1350 2480 1484 2513 Epistolas
1509 2480 1693 2506 Romanorum
1718 2478 1826 2512 poiitili-

196 2520 271 2550 cum,
287 2522 402 2542 numero
417 2514 479 2542 154.
492 2516 558 2542 Cum
572 2515 730 2542 Parisiensus
745 2514 859 2542 antistes
873 2522 974 2541 morem
992 2515 1075 2541 fuisse
1100 2514 1203 2541 Latinis
1218 2515 1368 2550 symbolum
1384 2515 1709 2548 Gonstantinopolitannnt
1725 2514 1830 2547 publice

194 2549 311 2577 recitare
323 2556 505 2584 autumasset;
520 2552 542 2577 si
558 2550 671 2581 nullam,
687 2550 736 2577 nisi
750 2550 894 2585 Hispanam
908 2549 1067 2583 Ecclesiam,
1082 2550 1117 2576 ab
1126 2556 1197 2577 anno
1209 2550 1259 2577 58:)
1274 2554 1300 2576 ct
1313 2549 1364 2576 (35)
1378 2551 1443 2577 illud
1458 2550 1827 2585 pra-dicassemonstramus,

195 2591 288 2623 nonne
307 2586 496 2623 collectione-it
511 2588 537 2613 in
552 2586 603 2613 hac
617 2587 726 2623 regione
745 2585 855 2623 factum,
866 2586 1116 2623 atquequondiano
1124 2592 1186 2623 ‘usu
1208 2589 1344 2623 receptam
1367 2585 1429 2623 jure
1445 2585 1541 2623 merito
1556 2584 1829 2623 concludeinusiAt-

194 2619 240 2653 qui
262 2619 332 2647 istud
344 2622 489 2648 ostendere
504 2622 568 2649 nihil
583 2621 682 2655 negotii
698 2625 750 2647 est.
764 2620 853 2648 Galus
877 2619 976 2648 saeculo
1002 2626 1107 2653 octavo,
1124 2620 1256 2648 Romanos
1271 2620 1355 2647 multo
1369 2620 1456 2655 serius
1485 2619 1565 2655 ritunt
1590 2620 1660 2655 hunc
1685 2619 1829 2646 admisisse

194 2659 312 2682 constat.
330 2657 366 2684 De
383 2656 467 2683 Gallis
478 2658 587 2691 quidem
604 2653 786 2683 téstiutoniutn
800 2656 923 2691 perhibet
939 2655 1088 2683 Valafridus
1102 2655 1210 2689 Strabo,
1224 2656 1286 2682 dum
1300 2662 1360 2691 cap.
1375 2655 1411 2680 “2‘2
1424 2653 1482 2682 'eos
1493 2654 1607 2689 symboli
1624 2654 1702 2689 hujus
1714 2662 1729 2681 c
1739 2655 1828 2681 inendt

192 2696 272 2726 usuin
287 2698 336 2717 nec
348 2697 410 2719 ante
425 2689 514 2719 Caroli
530 2692 617 2726 Magni
631 2699 729 2724 atvutn,
746 2689 862 2719 nec'nisi
885 2696 945 2725 post
966 2691 1061 2719 Felicis
1078 2691 1224 2726 Urgelitani
1246 2689 1443 2726 damnationem
1466 2690 1606 2724 amplexos
1632 2697 1691 2717 βεδε
1705 2694 1828 2726 testatur.

191 2725 233 2752 De
248 2726 379 2755 Romanis
393 2735 458 2755 vero
473 2728 553 2754 fidem
566 2724 630 2758 facit
644 2727 730 2754 Beruo
747 2724 1024 2761 Angiensis’idemtpie
1045 2724 1126 2754 testis
1136 2726 1257 2753 oculatus
1278 2725 1324 2751 lib.
1336 2725 1372 2761 de
1386 2724 1476 2752 ltcbns
1492 2727 1524 2752 ad
1549 2726 1656 2752 Missam
1673 2725 1831 2759 pertinenti-

190 2761 243 2788 tus
255 2768 315 2796 etp.
327 2761 354 2789 2.
375 2763 462 2797 Quem
478 2763 533 2790 .\t'ri
549 2770 651 2790 morem
669 2760 803 2789 tenuerint
821 2762 895 2789 nulla
916 2770 964 2789 nos
978 2763 1142 2790 monimenta
1165 2761 1279 2792 docent;
1295 2760 1342 2787 scd
1354 2768 1400 2788 eos
1420 2761 1692 2793 Collectiunenustra,
1711 2761 1747 2787 uti
1774 2760 1831 2786 hmc

225 2833 266 2866 (ii)
277 2832 407 2860 Isidorum
424 2835 494 2859 hunc
507 2831 738 2859 eminentissimus
754 2831 880 2866 Agttirre,
897 2831 987 2858 Rami-
1044 2831 1221 2865 Ilispanorum
1237 2829 1410 2857 conciliorum
1425 2830 1635 2864 subscriptiones
1651 2834 1753 2857 attente
1769 2838 1831 2863 per-

189 2865 235 2896 re:
250 2865 278 2897 et
306 2868 404 2897 eruditi
430 2869 476 2896 alti
505 2868 554 2896 viri
580 2868 757 2896 Setuhensetu
781 2865 916 2895 diicranl.
944 2867 994 2900 Qui
1050 2867 1249 2903 lcgatnostt'atu
1261 2866 1455 2894 correctionem
1468 2865 1819 2901 satisaptamdcprchcndu
