4048 6182
477 297 539 350 ΓΙ
1913 289 2068 346 ΡΒᾹΞ

2142 290 2300 347 mo.
2973 307 2996 326 π
3575 367 3578 370 λ
3678 295 3740 348 ιδ

475 404 860 476 nonnunquam
887 414 1112 480 apparet
1150 423 1176 461 :.
1211 418 1398 473 pauca!
1424 405 1524 480 aut
1568 404 1728 458 nullae
1757 403 2134 480 describuntur
2159 406 2771 480 ortltograpltictenotm.
2806 410 2936 477 Quae
2969 409 3160 466 litter:e
3205 425 3266 464 ac
3296 419 3433 467 notae
3461 423 3731 480 compete-

477 483 640 544 bant,
668 471 999 535 eiaratte’i'n
1023 477 1126 531 hac
1167 471 1345 550 nostra
1373 474 1605 550 sditioue
1635 471 1985 550 reperientur.
2026 476 2138 550 _S._d
2176 490 2227 532 et
2254 471 2379 550 illud
2411 471 2494 550 est
2521 471 2982 550 animadversione
3014 481 3252 550 dignum,
3284 497 3444 534 unum
3476 471 3729 537 Cod'icetu

476 553 615 606 inter
642 565 764 605 sese
787 564 892 603 non
923 563 1068 622 saepe
1089 547 1286 622 smpins
1321 544 1590 622 cobxrere
1621 562 1636 622 ξ
1665 545 1752 613 qui
1787 559 1927 599 nunc
1952 545 2712 622 babtisma_exbibet_baptisma
2737 544 3096 620 pustmodmn'
3108 552 3278 622 pinxit
3298 592 3312 614 ,
3341 551 3732 622 intellegendum

479 622 652 689 prodit
682 622 770 690 qui
793 627 950 673 antea
973 615 1361 687 intelligendum
1392 616 1714 672 inscribebat
1746 631 1759 668 :
1790 626 2114 686 quapropter
2137 617 2216 672 vel
2245 633 2308 672 ex
2352 618 2482 685 ipsis
2511 615 2916 675 Codicibttsnus
2937 615 3136 676 rectam
3177 621 3498 690 scripturam
3513 615 3738 678 'desunh

543 693 652 746 isse
672 700 876 744 certum
897 697 1012 746 est.

564 733 574 743 .
619 707 652 745 e
767 707 820 743 tu
961 707 1012 744 ι,

477 707 618 816 pm:
639 707 774 816 reci;
800 707 1012 828 εῒηῗιξετ
1033 757 1280 812 scribunt
1297 753 1519 811 Codices
1550 757 1668 828 mici
1697 771 1792 825 pro
1813 757 1956 818 mihi,
1989 758 2246 810 cateciz'tti
2270 772 2363 822 pro
2385 757 2682 809 catechizati
2697 800 2710 821 ,
2745 760 3071 814 nicilominus
3093 774 3187 827 pro
3213 761 3565 826 nihilominus,
3587 764 3732 818 inra-

477 833 786 888 tionabiliter
805 845 902 900 pro
922 827 1358 901 irrationabiliter,
1417 827 1641 901 conlatio
1664 828 2013 901 procollatio,
2041 830 2514 901 contentioni-apro
2542 830 2935 901 communicare,
2964 831 3159 883 anticus
3191 844 3285 896 pro
3313 834 3575 897 antiquus,
3616 835 3732 901 pln-

481 905 719 974 rimaque
758 895 1086 969 btijusmodi.
1122 898 1175 974 In
1198 907 1407 974 rectam
1443 896 1885 974 0rlil03fdpititttli
1909 899 2084 951 omnia
2133 899 2246 974 haec
2273 907 2328 952 et
2356 895 2548 974 similia
2578 896 2972 974 transduxitnus
3003 913 3016 946 :
3051 895 3200 974 ratio
3225 901 3402 974 operis
3432 901 3511 952 sic
3539 895 3734 974 suade-

485 973 604 1038 bat;
631 965 986 1041 praeterquam
1019 968 1171 1036 quod?
1198 969 1248 1022 in
1293 968 1420 1035 ipsis
1445 965 1655 1036 quoque
1684 968 1968 1041 Codicihus
1995 977 2051 1022 et
2086 967 2170 1022 vel
2195 970 2246 1021 in
2276 980 2382 1020 uno
2409 965 2605 1022 Codice
2639 976 2837 1022 rectam
2866 967 3148 1035 aliquOIies
3177 968 3458 1022 verborum
3510 970 3737 1039 scriptu-

477 1058 590 1099 ram
617 1039 1039 1108 deprehendisse
1068 1048 1254 1104 terque
1283 1050 1576 1106 quaterque
1609 1039 2022 1108 promulgamus.
2127 1107 2132 1108 ί
2776 1106 2783 1108 Α
2821 1064 2831 1074 -

551 1115 607 1170 5.
659 1105 816 1168 Tituli
856 1111 1175 1181 quandoque
1201 1109 1254 1163 in
1287 1105 1429 1181 ipsas
1454 1107 1740 1181 canonicas
1776 1109 2096 1181 sanctiones
2124 1107 2503 1181 insevti-sunt;
2543 1106 2950 1181 separavituus:
2986 1105 3129 1160 nulla
3161 1107 3300 1181 inter
3333 1107 3429 1161 bas
3456 1107 3741 1177 aliquando

481 1183 673 1239 divisio
700 1186 795 1248 lit;
825 1177 1173 1236 distinximus
1206 1197 1219 1234 :
1254 1179 1476 1249 repetita
1503 1178 1698 1249 adsunt
1724 1177 1884 1249 verba
1908 1177 1958 1231 in
1990 1177 2462 1249 qttibustlattrl_ocis
2483 1177 2812 1249 oscitationis
2839 1177 3420 1249 causa;.expunwximus
3448 1195 3462 1230 ι
3497 1187 3740 1249 transpo-

479 1256 578 1308 sita
605 1257 656 1308 in
681 1247 800 1307 aliis
821 1253 1056 1306 existunt
1075 1249 1287 1303 decreta
1311 1265 1325 1312 ;
1360 1248 1414 1301 in
1442 1248 1707 1315 propriam
1730 1247 1912 1300 sedem
1937 1247 2286 1301 re’stituimus.
2316 1247 2510 1302 Verum
2537 1247 2665 1300 nihil
2693 1249 2884 1300 borum
2915 1255 3101 1302 nostro
3132 1247 3451 1317 perfecimus
3472 1247 3694 1306 arbitrio
3724 1267 3740 1305 :

478 1325 707 1380 Codices
729 1324 827 1391 ipsi
851 1335 1036 1375 ansam
1068 1320 1413 1391 praebuerunt
1443 1317 1866 1391 :“annotationes
1897 1324 2112 1391 nostras
2131 1318 2534 1391 consulentibus
2555 1318 2841 1391 constabit.

559 1386 824 1462 Excerpta
873 1386 1174 1454 Canonutn,
1218 1404 1337 1462 quae
1376 1386 1602 1462 ind_ic_cm
1654 1388 1904 1462 dixsrunt
1924 1387 2052 1462 _a|ii,
2083 1387 2265 1462 decem
2293 1387 2678 1462 contpreltensa
2710 1387 2879 1454 libris,
2910 1389 2961 1462 in
2987 1387 3270 1462 (Iudicibus
3297 1389 3737 1454 praescribuntnr.

476 1465 608 1520 Cum
640 1456 1090 1518 eminentissimus
1110 1456 1333 1527 Agnirre
1358 1467 1410 1512 et
1439 1456 1723 1528 Cajelanus
1739 1457 1904 1510 Cenni
1924 1456 2038 1512 inec
2058 1457 2198 1511 edita
2224 1460 2450 1524 posteris
2473 1459 2842 1526 reliquissent,
2864 1471 2925 1513 ea
2949 1460 3140 1511 iterum
3164 1459 3462 1528 iterumque
3494 1469 3740 1527 repetere

479 1535 534 1589 in
559 1536 738 1588 animo
764 1532 1008 1587 nonfuit.
1051 1526 1172 1584 Sed
1201 1545 1319 1583 cum
1356 1527 1554 1582 nostris
1593 1526 1803 1599 illorum
1850 1531 2298 1599 comparationem
2333 1529 2671 1596 instituentes
2697 1527 2912 1582 nimiam
2955 1529 3092 1581 inter
3137 1539 3360 1599 utraque
3378 1526 3738 1584 'dili'ereutiam

481 1605 977 1662 animadvertimus.
1007 1609 1164 1665 atque
1189 1614 1252 1654 ea
1282 1609 1523 1652 correcta
1556 1609 1614 1668 et
1639 1598 1891 1665 castigata
1928 1598 1978 1650 iu
2027 1597 2109 1664 jus
2137 1598 2404 1664 publicum
2438 1599 2591 1668 tertio
2621 1599 2867 1652 emittere
2897 1599 3067 1652 cuncti
3103 1597 3306 1654 sumus.
3342 1599 3731 1668 Exz'erptorum

483 1683 751 1728 auctorem
781 1673 1021 1741 pluribus
1049 1679 1166 1741 post
1191 1677 1436 1724 sanctum
1466 1667 1724 1722 lsidorum
1751 1667 1904 1720 annis
1929 1668 2122 1741 vixisse
2161 1669 2402 1741 rudeset
2435 1667 2712 1741 inconsoni
2743 1684 2948 1741 versus,
2991 1670 3318 1741 synodorum
3352 1667 3730 1739 lottgeposte~

482 1745 678 1798 riorum
708 1737 1010 1812 inscriptio,
1044 1737 1328 1812 verbprum
1359 1749 1412 1794 et
1441 1747 1876 1809 argumentorum
1902 1737 2144 1808 quaedam
2172 1737 2518 1807 inordinatio,
2547 1739 2883 1798 sanctionum
2921 1737 3334 1808 inconcinnitas,
3368 1737 3738 1809 obscurusqtte
3774 1775 3817 1809 ,ι

478 1815 795 1884 quandoque
817 1808 1009 1867 sensus
1038 1808 1382 1884 patefaciunt,
1513 1808 1552 1884 ;
1706 1878 1720 1884 _
1796 1878 1808 1884 _
2155 1880 2210 1884 ,,
2245 1879 2293 1884 __
2365 1879 2432 1884 __
2695 1879 2707 1884 _
2788 1881 2799 1884 _
3165 1879 3178 1884 -
3388 1879 3401 1884 -
3565 1836 3567 1838 ’

551 1885 918 1938 Prtefationem
949 1897 1015 1937 ex
1047 1895 1168 1948 cap.
1197 1880 1286 1945 16,
1318 1879 1408 1933 lih.
1443 1895 1493 1932 vt
1515 1878 1966 1948 Etymologiarum
1997 1880 2168 1934 sancti
2193 1879 2379 1935 [sideri
2401 1879 2727 1948 deprompsit
2756 1881 2876 1935 sive
2906 1890 3122 1935 sanctus
3147 1879 3336 1935 doctor
3358 1879 3471 1936 sive
3498 1880 3742 1949 quisquis

480 1954 617 2008 alius
637 1956 903 2010 exstiterit
930 1953 1203 2006 col‘lector.
1248 1951 1510 2019 lntegrant
1553 1950 1921 2019 prtefationem
1963 1959 2128 2004 totum
2161 1967 2295 2019 pene
2339 1959 2497 2017 caput
2520 1950 2647 2003 illud
2677 1961 2885 2005 sextum
2916 1952 3198 2019 prmsefert
3237 1969 3250 2004 :
3278 1967 3394 2017 qua:
3427 1967 3550 2004 vero
3575 1954 3739 2005 verba

477 2027 543 2078 ad
576 2041 684 2078 rem
708 2026 1058 2094 inopportuna
1082 2018 1393 2094 videbantur
1409 2034 1474 2074 ex
1503 2018 1810 2094 praefatione
1829 2020 2057 2094 scriptor
2099 2018 2376 2094 expunxit.
2424 2021 2499 2075 De
2527 2021 2746 2075 vocibus
2766 2018 3080 2094 aute:n_ill_is
3113 2039 3126 2075 :
3158 2022 3385 2094 Quorum
3405 2022 3567 2094 etiam
3593 2032 3736 2094 gesta

475 2095 530 2146 in
559 2094 654 2147 hoc
680 2087 890 2160 corpore
912 2093 1118 2147 condita
1143 2093 1466 2143 continentur
1485 2087 1510 2152 ,'
1543 2087 1780 2160 instituta
1821 2097 1904 2143 est
1936 2091 2072 2146 inter
2099 2087 2337 2146 eruditos
2367 2094 2590 2159 qumstio
2614 2133 2630 2154 ,
2677 2108 2802 2145 num
2832 2092 3072 2158 prmfatio
3102 2087 3259 2158 caput
3292 2090 3418 2144 illud
3455 2087 3734 2159 Etyniulo-

478 2164 708 2232 giarum,
733 2180 857 2219 nutu
889 2173 1047 2231 caput
1069 2161 1432 2232 praefationem
1457 2159 1812 2232 prtecesserit,
1840 2167 1897 2232 ut
1922 2176 1989 2213 ex
2016 2176 2246 2230 quonam
2272 2162 2419 2215 fonte
2448 2161 2512 2214 ad
2539 2163 2761 2215 alterum
2788 2164 3058 2217 translata:
3087 2161 3192 2215 sint
3217 2161 3638 2232 deducanturAb
3661 2163 3742 2232 in-

477 2227 642 2289 ccrtis
665 2227 998 2289 abstinemus
1030 2250 1042 2284 :
1072 2227 1259 2286 verum
1287 2227 1612 2300 particulam
1651 2231 1803 2283 etiam
1842 2230 1893 2283 in
1923 2227 2307 2300 antiquissimis
2329 2247 2547 2299 operum
2582 2234 2827 2300 prresulis
2861 2232 3186 2300 llispalcnsis
3213 2227 3501 2284 Cudicibus
3523 2231 3738 2284 deside.-

483 2304 592 2357 rari
616 2320 945 2374 compertum
971 2303 1260 2374 habt-mus._
1280 2299 1450 2374 Unam
1476 2307 1678 2353 tantum
1704 2301 1908 2374 variam
1932 2299 2216 2374 lectionem
2241 2299 2615 2369 deprehendas
2645 2304 2698 2356 in
2721 2299 3018 2374 exemplari
3045 2302 3301 2355 Vaticano
3329 2313 3555 2354 numero
3576 2300 3738 2374 576i,

485 2374 564 2426 uti
595 2370 850 2442 Arevalus
874 2374 928 2426 in
954 2373 1115 2427 sancti
1160 2370 1352 2442 lsidori
1375 2371 1608 2442 Operum
1653 2371 1886 2442 editione
1923 2371 2152 2425 affirmat
2181 2373 2366 2442 legens
2398 2387 2412 2423 :
2447 2387 2660 2437 quorum
2695 2382 2834 2442 gesta
2865 2375 2916 2427 in
2954 2372 3049 2425 hoc
3093 2380 3254 2442 coepta
3281 2385 3508 2442 corpore
3537 2372 3744 2442 condita

487 2441 833 2498 continentur.
859 2444 987 2509 Quid
1015 2445 1056 2496 si
1089 2441 1286 2495 nostris
1315 2439 1601 2512 codicibus
1631 2441 1902 2512 prteﬁxarn
1931 2442 2066 2494 banc
2088 2439 2454 2509 praefationem
2484 2457 2606 2496 cum
2639 2439 2730 2497 illa
2771 2457 2927 2512 quam
2959 2441 3252 2512 praeposuit
3277 2440 3510 2497 lsidorus
3541 2441 3745 2497 Merea-

480 2521 566 2567 tor
589 2529 900 2582 comparare
931 2514 1185 2567 velimus"
1209 2511 1580 2582 Noverintqui
1603 2509 1982 2565 conferendam
2011 2512 2326 2582 suscipiant.
2363 2513 2368 2517 ’

535 2583 622 2638 ‘Ut
644 2580 929 2639 canonicos
954 2583 1274 2654 syttodorum
1304 2595 1367 2635 ac
1394 2580 1738 2654 epistularum
1778 2581 2121 2654 decretalium
2150 2585 2455 2638 sanctiones
2485 2582 2648 2638 lector
2679 2584 2881 2638 facilius
2900 2584 3066 2652 possit
3093 2581 3352 2650 invenire,
3373 2582 3745 2654 locupletissi-

480 2667 625 2706 mum
655 2651 1088 2724 argumentorum
1119 2668 1181 2706 ac
1210 2667 1385 2710 rerum
1415 2651 1650 2724 omnium
1681 2667 1812 2720 quas
1842 2652 2072 2724 llispana
2101 2654 2472 2723 complectitur
2492 2668 2756 2708 canonum
2787 2651 3052 2722 collectio,
3079 2655 3364 2710 elenchum
3390 2664 3483 2707 aut
3509 2653 3739 2708 indicent

481 2725 693 2778 utilitati
721 2721 950 2792 publica:
974 2725 1314 2779 consulentes
1345 2723 1647 2792 paravimus
1675 2731 1728 2775 et
1756 2721 2144 2776 contexuimus.

548 2795 664 2848 Jam
710 2789 838 2850 vero
877 2806 1182 2850 accuratam
1231 2791 1795 2864 praestantﬁssimorum
1819 2792 2074 2864 Codicum
2103 2789 2519 2864 descriptionem
2561 2794 2776 2864 aggredi
2826 2810 2919 2862 pro
2951 2793 3209 2864 proloquii
3237 2792 3492 2848 coronide
3520 2809 3612 2862 par
3640 2805 3743 2849 83‘.

478 2864 651 2933 Atque
677 2877 733 2918 ut
761 2867 827 2918 ab
857 2867 1092 2920 omnium
1125 2864 1444 2933 nitidissitno
1468 2863 1760 2930 exentpfari
1790 2863 2151 2926 exordiantur,
2183 2861 2504 2933 Alveldense
2546 2861 2672 2918 illud
2703 2861 2904 2918 dictum
2932 2861 3012 2919 est
3041 2861 3131 2918 ab_
3151 2865 3391 2919 Alvelda:
3421 2861 3747 2918 monasterio

483 2932 585 2988 non
616 2938 798 3004 procul
830 2952 856 2988 δ
883 2936 1167 2991 anrooio.
1201 2932 1485 3002 provincia:
1519 2933 1772 2986 liuconize
1800 2934 1912 2985 sive
1940 2932 2419 3004 Rivogiaecivitate
2450 2934 2744 2987 notissima.
2780 2935 3075 3001 Vigilanum
3109 2937 3254 2997 item,
3286 2935 3532 3002 qucuiam
3565 2949 3594 2986 a
3627 2952 3743 2986 mo-

483 3003 653 3075 naclto
698 3007 924 3075 quodam
959 3006 1124 3074 Vigila
1161 3004 1377 3075 nomine
1421 3003 1582 3055 fuerit
1619 3003 2000 3075 conscriptum,
2046 3003 2304 3071 appellari
2329 3006 2624 3075 consuevit.
2655 3005 2785 3059 Cum
2833 3017 3008 3059 autem
3043 3006 3381 3061 AtnbrOsinm
3413 3005 3479 3057 de
3521 3004 3744 3056 Morales

479 3074 605 3130 iilud
634 3073 931 3132 elucidasse
977 3073 1112 3130 baud
1142 3073 1346 3143 pridem
1377 3073 1774 3140 protulerimns,
1809 3083 1866 3124 ut
1907 3075 1958 3126 in
1988 3076 2234 3127 omnibus
2263 3073 2663 3128 commendetur
2696 3076 2878 3131 lectori
2906 3076 3038 3130 fides
3069 3087 3268 3143 nostra,
3303 3075 3442 3128 illius
3480 3075 3578 3128 viri
3603 3076 3742 3142 judi-

477 3147 616 3200 cium
661 3149 727 3201 de
775 3149 877 3201 hoc
924 3147 1116 3216 insigni
1146 3141 1411 3216 volumine
1455 3157 1520 3197 ex
1565 3143 1894 3216 autograpliu
1917 3157 2279 3216 recensemus.
2319 3162 2336 3194 ι
2364 3145 2552 3216 Codex
2589 3146 2825 3212 profecto
2853 3158 2933 3200 est
2967 3148 3147 3200 multis
3177 3141 3449 3200 de‘causis
3487 3141 3743 3214 magnifa-

483 3233 502 3266 ι
551 3218 788 3284 ciendus,
823 3229 876 3272 et
907 3214 1154 3287 tanquam
1198 3215 1386 3282 ingens
1415 3217 1697 3266 thesaurus
1744 3215 1902 3282 digne
1946 3214 2326 3287 asservandus.
2362 3215 2452 3287 Est
2479 3215 2620 3268 enim
2671 3217 2912 3287 inprimis
2943 3219 3021 3272 vel
3065 3219 3130 3272 de
3171 3217 3284 3287 sola
3315 3226 3743 3287 νθιιιειίιιβηιμιςιε

485 3304 503 3336 t
548 3289 738 3356 ubique
772 3285 1174 3343 venerationem
1222 3295 1480 3349 meretur,
1516 3286 2247 3356 reverentersuscipiendus.
2290 3285 2531 3356 Scriptus
2562 3302 2791 3353 namque
2823 3286 2918 3340 fuit
2945 3303 3085 3342 anno
3132 3285 3743 3356 Dominicmnativitatis

487 3374 507 3406 ι
555 3352 953 3425 nongentesimo
983 3359 1376 3427 septuagesimo
1402 3363 1574 3416 sexto,
1598 3363 1651 3427 et
1682 3352 1881 3407 mensis
1908 3352 2028 3427 Maii
2059 3354 2145 3427 die.
2169 3355 2426 3427 vigesimo
2453 3356 2635 3427 quinto
2666 3352 2864 3427 ﬁnitus.
2899 3358 3007 3410 lloc
3036 3357 3264 3427 scriptor
3297 3361 3407 3421 ipso
3431 3353 3614 3427 inﬂue
3643 3354 3742 3427 (lu-
3797 3413 3802 3420 _

493 3445 512 3478 σ
557 3421 688 3480 dicis
716 3445 814 3481 non
845 3444 954 3483 uno
983 3421 1202 3492 in'loco',
1233 3442 1335 3478 non
1367 3439 1471 3478 uno
1503 3423 1660 3476 modo
1691 3432 1935 3477 testatur.
1979 3423 2187 3477 Etenim
2219 3421 2544 3489 asciepiadei
2573 3425 2825 3478 carminis
2854 3427 3048 3479 ibidem
3098 3421 3251 3492 positi
3307 3423 3622 3477 acrosliclnn
3662 3426 3742 3476 lit-

486 3515 506 3546 ι
553 3507 694 3561 tene,
721 3499 913 3566 quibus
965 3513 1150 3553 versvis
1200 3495 1476 3560 finiuntur,
1522 3496 1620 3548 boc
1651 3493 1824 3566 ipsum
1857 3494 2115 3558 referunt,
2165 3493 2337 3566 ipsum
2369 3507 2586 3547 carmen
2625 3506 3026 3561 Commemorat,
3063 3494 3343 3566 iatnbicum
3374 3509 3602 3566 sequens
3642 3513 3740 3547 rc-

484 3585 506 3618 ι
550 3570 694 3641 petit,
724 3563 779 3623 et
809 3586 992 3641 regum
1042 3568 1264 3631 Sanctii,
1315 3566 1604 3628 iianmniri,
1651 3573 1705 3617 et
1738 3563 2091 3641 Urracte,_qui
2123 3563 2492 3641 nominantgr,
2523 3572 2760 3641 tempora
2798 3566 3133 3641 confirmant:
3184 3564 3522 3641 Aerosticbas
3563 3577 3745 3620 autem

483 3655 502 3690 ς
548 3634 750 3693 litteras
798 3634 970 3693 Graeci
1015 3648 1229 3700 vocant,
1270 3651 1410 3704 qum,
1453 3651 1572 3689 cum
1606 3649 1789 3688 versus
1835 3644 1926 3689 aut.
1971 3635 2222 3689 incltoant
2269 3643 2359 3688 aut
2403 3634 2612 3702 ﬁniunt,
2640 3637 2742 3688 alio
2773 3635 2936 3689 etiam
2966 3635 3213 3702 pecuiiari
3245 3635 3514 3704 quidpiatn
3549 3650 3640 3702 per
3683 3652 3742 3690 se

481 3725 500 3758 t
545 3709 870 3775 signiﬁcandi
897 3724 1118 3764 munere
1142 3707 1574 3775 funguntur.lluc
1600 3707 1775 3771 itaque
1805 3705 2068 3773 anno,qui
2097 3721 2236 3758 nunc
2261 3714 2363 3768 est,
2384 3705 2660 3760 dominico
2694 3707 2987 3760 nativitatis
3011 3706 3292 3760 tniliesitno
3314 3708 3743 3775 quingentesimo

485 3796 503 3828 ι
549 3783 939 3848 septuagesimo
989 3781 1183 3845 primo,
1237 3778 1438 3831 mensis
1487 3777 1609 3830 Maii
1660 3776 1748 3830 die
1785 3778 2044 3846 vigesimo
2077 3783 2291 3845 quarto,
2320 3790 2461 3830 anno
2505 3776 2702 3846 expleti
2731 3785 2857 3832 sunt
2879 3778 3154 3848 quingenti
3192 3776 3479 3845 nonaginta
3509 3779 3743 3846 quinque

479 3866 498 3898 ι
545 3861 818 3918 p05tquam
848 3850 1025 3904 Codex
1058 3849 1155 3902 fuit
1184 3848 1380 3900 finitus.

555 3935 575 3969 ι
622 3915 847 3986 scripsit
895 3931 1070 3973 autem
1102 3918 1353 3972 Codicem
1391 3916 1579 3985 Vigila,
1612 3917 1891 3985 presbyter
1918 3915 2226 3969 monasterii
2275 3915 2442 3967 sancti
2476 3915 2684 3968 Martini
2725 3917 2790 3986 de
2823 3917 3060 3986 Aglvelda,
3089 3917 3332 3972 ducentis
3361 3918 3633 3972 monachis
3663 3917 3743 3970 in-

485 4005 503 4037 ι
552 3985 788 4042 itabilati.
821 3989 971 4055 Quod
1019 3990 1070 4042 itt
1103 3989 1289 4042 eodem
1339 3987 1428 4040 illo
1455 3990 1690 4041 carmine
1719 3987 2053 4054 asclepiadeo
2085 3987 2502 4038 demonstratur.
2534 3986 2747 4040 Socium
2777 3985 2966 4041 habuit
2993 3989 3046 4040 in
3077 3989 3360 4043 scribendo
3399 3989 3740 4044 Sarrueinunt

485 4075 503 4108 ι
551 4062 904 4123 sacerdotem,
936 4059 1174 4113 Garsiam
1204 4059 1366 4112 etiam
1394 4057 1734 4124 discipulum.
1764 4057 1873 4110 iluc
1903 4057 2210 4110 acrostieltae
2240 4055 2478 4125 ejusdem
2511 4055 2759 4111 carminis
2790 4070 2975 4111 versus
3004 4057 3318 4114 inchoantes
3345 4059 3659 4125 ostendunt,
3689 4071 3743 4114 et

480 4143 499 4176 ε
549 4129 748 4196 pictura
777 4131 839 4182 ad
874 4133 1030 4183 linem
1063 4127 1272 4182 Cudieis
1303 4127 1470 4195 posita
1493 4142 1612 4181 cum
1643 4128 1806 4180 titulis
1834 4128 1991 4180 etiam
2017 4126 2196 4181 docet.

552 4215 570 4248 ι
619 4199 691 4252 Ea
721 4210 978 4267 praeterea
1004 4214 1119 4268 quae
1150 4207 1259 4252 toto
1289 4198 1426 4251 libro
1451 4197 1811 4262 continentur,
1845 4198 2029 4265 ingens
2059 4198 2174 4264 ejus
2205 4197 2428 4264 pretium
2469 4211 2794 4267 magnopere
2823 4204 3100 4265 exaugeut.
3129 4196 3331 4268 Neque
3347 4198 3489 4251 enim
3520 4197 3740 4252 dubium

481 4285 514 4318 ι.
549 4281 628 4322 est
657 4266 782 4337 quin
816 4271 978 4322 multa
1007 4266 1113 4323 sint
1140 4268 1569 4323 etttendatissime
1593 4269 1812 4334 scripta,
1846 4277 1900 4320 et
1927 4282 2047 4321 cum
2080 4267 2271 4335 insigni
2302 4268 2528 4320 utilitate
2559 4269 2624 4320 ad
2654 4269 2997 4336 corrigendos
3038 4282 3269 4321 excuses
3295 4266 3518 4320 Codices
3544 4269 3740 4323 mirum

476 4356 496 4386 σ
544 4337 597 4390 in
629 4342 842 4392 modum
870 4339 1143 4408 juvatura,
1192 4340 1235 4392 si
1279 4342 1396 4404 quis
1425 4353 1547 4391 eum
1596 4338 1856 4408 laborem,
1891 4339 2031 4404 pium
2072 4352 2191 4390 cum
2237 4339 2421 4406 primis
2449 4347 2503 4391 et
2533 4339 2581 4390 in
2618 4338 2743 4392 tanti
2777 4338 3030 4391 tn'omenti
3058 4338 3272 4405 scriptis
3301 4337 3454 4392 valde
3493 4353 3739 4394 necessa-

480 4426 497 4457 ι
545 4409 704 4483 tjum,
733 4407 881 4464 velit
907 4411 1206 4483 desutttere.
1237 4410 1564 4483 ﬂustratem
1591 4407 1804 4483 deinde,
1846 4408 1946 4483 ltoc
1971 4416 2072 4472 est,
2102 4408 2457 4483 _l_lispanorum
2506 4408 3012 4483 histor-imaquanto
3040 4409 3622 4483 opetejuvarespnsut
3655 4409 3739 4483 hic

481 4495 500 4528 ι
547 4478 744 4540 Codex.
779 4482 962 4547 paucis
1007 4481 1092 4534 hic
1139 4479 1316 4533 verbis
1364 4493 1467 4532 non
1500 4477 1698 4546 possim
1731 4477 2049 4543 exprimere.
2102 4477 2293 4531 Verum
2343 4478 2484 4531 enim
2515 4493 2641 4531 vero
2656 4477 2795 4532 "illud
2830 4481 2988 4532 habet
3013 4492 3137 4532 ante
3166 4477 3265 4532 alia
3305 4480 3389 4532 hic
3415 4479 3596 4533 Codex
3627 4480 3740 4531 cxi-

483 4564 500 4596 ι
549 4550 730 4618 mium,
763 4562 814 4603 et
847 4565 1116 4618 nunquam
1148 4550 1278 4603 satis
1308 4563 1403 4616 pro
1432 4548 1689 4616 dignitate
1729 4547 2131 4613 celebrandum,
2159 4547 2299 4614 quod
2343 4549 2522 4618 insunt
2561 4549 2800 4616 quaedam
2835 4549 2887 4601 in
2932 4549 3174 4602 COIIt‘iiliS
3204 4565 3321 4617 quae
3364 4564 3557 4603 excusa
3600 4565 3739 4602 non-

481 4636 499 4668 σ
546 4617 670 4670 dum
697 4631 843 4685 sunt,
879 4628 932 4673 et
964 4616 1147 4672 nullibi
1179 4620 1277 4672 nisi
1309 4619 1393 4671 hic
1423 4619 1647 4671 fortasse
1678 4618 2035 4683 reperientur.
2072 4617 2345 4686 Ejusmodi
2375 4630 2454 4672 e51
2482 4616 2804 4672 Gundentari
2831 4620 2970 4688 regis
3001 4616 3316 4683 Gothorum,
3346 4623 3432 4688 qui
3460 4618 3740 4674 Wittericp

475 4706 492 4739 ι
540 4691 820 4753 successit,
851 4691 1133 4744 concilium
1170 4707 1182 4741 :
1212 4689 1494 4760 concilium
1539 4689 1707 4760 etiam
1731 4690 2262 4760 Caesaraugustanum
2287 4689 2386 4742 sub
2420 4689 2574 4760 Egica
2607 4705 2769 4757 rege;
2799 4699 2853 4744 et
2881 4690 3128 4760 qumdam
3167 4690 3289 4752 alia,
3322 4707 3440 4760 quae
3471 4693 3522 4744 in
3565 4691 3740 4743 indice

471 4774 493 4808 ι
541 4773 696 4830 quem
725 4760 1051 4827 subiecimus
1078 4760 1451 4830 continentur.
1477 4758 1618 4830 inest
1643 4759 1801 4830 etiam
1832 4759 2005 4830 legunt
2038 4757 2381 4830 Gotlticarum
2406 4759 2562 4826 liber,
2590 4761 2680 4826 qui
2711 4762 2868 4830 Vulgo
2900 4760 3092 4830 Forum
3113 4757 3352 4828 judicunt
3381 4769 3735 4829 nuncupatur.

473 4846 490 4877 ε
543 4827 610 4881 Et
653 4831 896 4896 quamvis
942 4845 1047 4883 non
1100 4844 1263 4897 pauca
1295 4829 1410 4898 ejus
1441 4829 1559 4883 libri
1594 4845 1688 4901 per
1714 4827 2034 4901 Allispaniam
2063 4829 2409 4901 reperiantur
2440 4827 3176 4901 manuscripta'exemplarta,
3213 4827 3579 4887 verumtamen
3612 4834 3735 4894 ltoc,

473 4914 491 4947 ι
543 4907 701 4969 tanta:
734 4900 1062 4969 antiquitatis
1091 4915 1238 4968 ergo,
1273 4902 1470 4968 reliqua
1499 4900 1675 4953 omnia
1705 4899 1856 4953 facile
1887 4898 2162 4967 prmcellit.

549 4984 568 5017 t
616 4967 825 5022 P.ctnra
853 4967 1012 5024 etiam
1041 4967 1175 5039 ipsa,
1203 4967 1545 5039 quantumvis
1573 4970 1850 5040 deformis,
1881 4967 2220 5040 quantumvis
2251 4968 2589 5036 inconcinna,
2623 4971 2860 5025 nonnihil
2891 4981 3064 5027 tamen
3090 4973 3288 5029 docere
3327 4981 3518 5040 potest,
3551 4981 3605 5025 ut
3632 4985 3736 5039 qua

477 5053 494 5085 t
539 5047 708 5112 veste,
738 5054 846 5105 quo
875 5041 1017 5094 cultu
1050 5055 1232 5112 reges,
1275 5042 1532 5108 episc0pi,
1565 5039 1950 5112 sacerdotesset
1975 5039 2222 5112 monachi
2253 5041 2531 5108 scriptoris
2553 5053 2790 5109 tempore
2830 5055 3125 5110 uterentur,
3157 5060 3260 5112 quo
3289 5039 3477 5097 ordine
3507 5043 3559 5096 in
3606 5058 3737 5096 cultv

478 5123 499 5161 ι
544 5107 669 5163 cilio
698 5123 886 5166 omnes
912 5107 1275 5180 considerent,
1305 5125 1356 5166 et
1385 5107 1624 5180 quoidam
1651 5110 1915 5180 ejusmodi
1939 5110 2112 5179 aliqua
2141 5124 2203 5164 ex
2238 5107 2388 5179 parte
2427 5107 2804 5181 intelligamus.

1402 5223 1568 5277 Index
1594 5239 1768 5277 eorum
1789 5226 2012 5278 omnium
2037 5239 2148 5294 qua
2173 5233 2276 5278 toto
2305 5224 2432 5279 libro
2460 5227 2795 5279 continentur.

547 5337 570 5372 ι
611 5319 854 5396 Secunda
905 5326 1055 5390 primi
1089 5326 1197 5381 folii
1229 5325 1418 5396 pagina
1461 5324 1687 5394 Vigilam
1720 5321 1879 5376 habet
1907 5322 2172 5391 depictum
2223 5321 2507 5396 scribentis
2552 5319 2754 5372 habitu.
2787 5318 3027 5388 Superne
3053 5321 3307 5390 scriptum
3338 5328 3422 5375 est
3443 5327 3637 5389 quanta
3667 5322 3736 5391 ab

474 5403 498 5440 ο
540 5393 822 5448 scribendo
847 5397 1161 5452 difficultate
1191 5393 1570 5462 deterrentur,
1599 5403 1653 5448 et
1679 5409 1780 5461 qtto
1807 5396 2014 5447 tandem
2038 5397 2216 5448 animo
2249 5393 2407 5448 fuerit
2434 5403 2678 5446 exorsus.

541 5478 561 5512 ι
606 5462 913 5535 ξθῳιυιιιυι·
941 5483 1124 5522 versus
1151 5467 1452 5530 Trocltaici,
1479 5467 1668 5535 quibus
1703 5465 1865 5533 Vigila
1892 5463 1985 5517 Dei
2014 5464 2264 5516 auxilium
2295 5463 2562 5535 implorat.

539 5548 557 5581 t
607 5529 722 5586 Duo
747 5538 1024 5604 sequentia
1058 5539 1180 5592 folia
1212 5529 1510 5605 implexam'
1529 5535 1724 5589 habent
1752 5529 1806 5589 ct
1829 5535 1881 5587 in
1913 5548 2030 5605 sese
2059 5535 2352 5586 revolutam
2374 5529 2648 5605 scribendi
2681 5529 2923 5595 formam,
2949 5533 3122 5602 qualis
3152 5534 3202 5587 in
3228 5530 3419 5588 Siionis
3447 5532 3732 5605 regiseni-

469 5618 487 5649 ι
537 5605 721 5678 tapltio
750 5603 903 5661 Oveti
932 5603 1450 5678 conspicitur.‘ldem
1483 5607 1625 5675 legas
1656 5608 1698 5657 εἰ
1731 5606 1780 5658 in
1810 5604 2075 5657 anteriora
2107 5617 2317 5678 pergas,
2350 5604 2393 5678 si
2418 5606 2995 5678 _retror.~utnced_a_s._si
3029 5605 3324 5678 inferiores,
3354 5603 3728 5678 sisuperiores

469 5688 486 5718 ε
537 5673 736 5749 {Hirrus
767 5681 1029 5745 sequ:tris,
1055 5673 1097 5731 si
1126 5679 1309 5743 latera,
1348 5679 1391 5730 si
1415 5673 1728 5749 angtilnses
1752 5684 2069 5749 transverso
2092 5673 2512 5742 circumspicias.
2547 5675 2668 5731 Fuit
2706 5677 2810 5732 iiiis
2841 5674 3021 5745 Vigilat:
3050 5677 3372 5745 temporibus
3397 5674 3498 5730 huc
3523 5684 3728 5730 tantum

470 5756 489 5789 ι
541 5747 737 5810 ingenii
771 5763 992 5806 acumen
1022 5750 1295 5818 eximium,
1324 5757 1377 5804 ct
1398 5747 1611 5818 plurimi
1644 5747 1878 5801 habitum
1905 5753 1956 5800 et
1987 5752 2322 5814 uaurpatum.
