4072 6176
261 258 2067 287 ww

1371 352 1710 434 LIBER
1789 352 2182 435 OCTAV
2204 354 2379 435 US.

1071 507 1153 557 DE
1180 508 1302 558 DEO
1328 508 1404 559 ET
1434 508 1515 557 DE
1540 509 1639 559 ttts
1666 508 1819 568 QUIE
1850 510 2014 559 SUNT
2056 490 2511 561 CREDENDA‘DE
2547 511 2703 562 ILLO.

860 678 1153 734 TITULUS
1194 680 1229 732 I.

323 774 474 844 Quod
509 788 644 826 unus
672 772 738 825 sit
785 768 1037 845 Παίς-(μά
1063 771 1235 845 omnia
1266 772 1440 845 fecerit
1462 783 1507 825 et
1534 774 1797 845 quilegem

723 850 875 911 atque
900 839 1178 911 Evangelia
1202 839 1419 895 dederit.

323 956 481 1023 Quod
516 955 657 1009 Deus
678 953 830 1006 solus
856 960 912 1023 ct
930 949 1192 1023 mundum
1218 960 1272 1006 et
1315 953 1493 1005 omnia
1516 954 1863 1011 instrumenta

248 1022 371 1094 ejus
402 1025 613 1081 fecerit.
641 1023 811 1079 Cone.
843 1022 1022 1077 Tolet.
1054 1037 1091 1077 ι.
1127 1023 1199 1077 De
1219 1025 1397 1092 regula
1427 1024 1572 1087 ﬁdei,
1601 1025 1684 1079 tit.
1712 1026 1734 1077 l
1758 1066 1774 1091 ,
1812 1042 1863 1080 c.

324 1166 479 1232 Quod
509 1164 600 1219 ille
630 1164 777 1219 solus
809 1163 953 1218 Deus
982 1164 1166 1218 fecerit
1189 1164 1446 1219 mundum
1469 1206 1482 1228 ,
1512 1163 1580 1220 de
1611 1179 1715 1233 quo
1736 1167 1866 1221 εει-ί-

254 1249 404 1300 ptum
430 1247 513 1291 est
539 1253 551 1287 :
586 1233 653 1288 In
673 1235 926 1306 principio
954 1235 1072 1305 fe‘cit
1096 1233 1233 1288 Deus
1258 1233 1439 1289 omium
1481 1244 1527 1289 et
1570 1246 1776 1289 terram.
1810 1237 1863 1292 In

255 1322 364 1378 quo
383 1318 571 1378 supra,
604 1304 686 1378 tit.
735 1304 789 1359 9.

323 1378 479 1444 Quod
503 1375 636 1430 nihil
664 1377 736 1429 sit
758 1375 900 1444 quod
931 1390 990 1429 se
1021 1383 1166 1429 extra
1191 1374 1523 1429 divinitatem
1550 1378 1726 1444 possit
1770 1392 1863 1432 ex-

253 1449 499 1503 tendere.
534 1446 589 1499 ln
622 1453 729 1513 q‘nn
761 1460 943 1511 supra,
980 1447 1062 1500 tit.
1094 1446 1180 1498 l4.

331 1518 475 1584 Quod
502 1516 643 1570 idem
673 1517 809 1568 Deus
832 1517 900 1589 sit
922 1526 973 1569 et
995 1531 1186 1585 prisca:
1209 1516 1342 1585 legis
1360 1524 1415 1570 et
1436 1516 1862 1589 Evangeliorum.

257 1590 311 1640 In
344 1603 452 1657 quo
482 1602 664 1655 sopra,
697 1588 779 1639 tit.
835 1588 889 1639 8.

854 1674 1153 1731 TITULUS
1194 1676 1259 1730 ll.

613 1767 764 1834 Quod
789 1782 923 1821 unus
941 1767 1004 1820 sit
1017 1768 1070 1821 in
1084 1766 1332 1824 Trinitate
1352 1770 1508 1824 Deus.

337 1860 407 1917 Ut
435 1860 668 1914 Trinitas
698 1870 751 1915 et
773 1859 1023 1914 credatur
1049 1868 1105 1914 et
1128 1863 1467 1929 praedicetur.
1511 1864 1680 1918 Cone.
1733 1866 1873 1919 Car-'

256 1934 403 1999 Ihag.
438 1946 493 1995 tt,
532 1931 614 1984 tit.
643 1936 694 1996 1,
727 1945 778 1984 c.
810 1932 899 1985 15.

332 2002 534 2125 Ιιιθειιιει
557 2001 766 2125 ηάῗέαθ
790 2000 1050 2055 Trinitate
1071 2010 1254 2057 contra
1278 2002 1659 2061 Priscillianos.
1686 2007 1849 2061 Cone.

332 2083 436 2125 ιει.
468 2088 507 2125 ι.
542 2088 593 2125 c.
700 2113 713 2125 .

256 2074 436 2128 Tolet.
468 2088 507 2136 ι,
542 2088 593 2126 c.
622 2074 713 2126 46.

328 2142 485 2210 Quod
515 2159 622 2196 non
643 2144 713 2197 sit
735 2142 874 2199 idem
906 2142 1063 2198 Pater
1097 2143 1187 2212 qui
1224 2144 1387 2201 Filius
1417 2148 1499 2202 rel
1540 2146 1851 2203 Paraclitus.

253 2215 310 2269 In
338 2228 450 2275 quo
471 2228 659 2281 supra,
686 2213 769 2266 tit.
806 2214 862 2266 ‘2.

330 2282 487 2351 Quod
520 2299 626 2337 non
657 2284 728 2337 sit
757 2283 926 2339 Filius
963 2284 1053 2353 qui
1101 2284 1259 2339 Pater
1305 2288 1387 2341 vel
1432 2288 1747 2344 Paraclitus.
1800 2288 1852 2342 In

253 2371 368 2425 quo
396 2370 584 2420 supra,
612 2354 695 2425 tit.
724 2353 777 2406 '5.

333 2424 498 2491 Quod
513 2439 637 2544 .nor‘r
664 2422 735 2477 sit
765 2425 1046 2479 i’araclitus
1068 2426 1153 2494 qui
1178 2423 1334 2481 Pater
1353 2429 1434 2483 vel
1461 2427 1645 2484 Filius.
1670 2429 1727 2484 ln
1750 2444 1855 2499 quo

333 2511 454 2544 ora-
489 2505 574 2544 Ill.
642 2532 656 2544 .

252 2511 455 2561 supra,
489 2496 574 2548 lil.
603 2496 656 2547 4.

339 2566 420 2688 De:
453 2562 725 2688 ’le‘rinitatis
756 2564 973 2620 unitate.
1005 2565 1176 2634 Epist.
1236 2568 1444 2623 Damasi
1477 2570 1541 2625 ad
1572 2568 1852 2624 Paulinum

378 2654 437 2688 Ι.
504 2674 517 2687 .

259 2639 318 2702 1,
356 2638 437 2690 lit.
462 2638 517 2688 2.

331 2706 534 2760 Contra
564 2702 989 2775 Priscillianistas
1017 2707 1103 2775 qui
1130 2718 1366 2762 sanctam
1406 2710 1721 2764 Trinitatem
1749 2725 1854 2764 non

261 2773 661 2850 persotiis,_s_e_d
690 2783 889 2850 tantum
926 2773 1240 2850 nominibus
1282 2778 1635 2850 distinguunt.
1686 2781 1853 2850 Epist.

261 2845 460 2903 Leonis
481 2846 549 2899 ad
573 2845 886 2899 Thuribinm
909 2848 1305 2903 Asturicensem
1362 2845 1562 2916 blftit.
1599 2854 1648 2905 1.

338 2918 412 2971 De
445 2915 700 2991 mysterio
730 2916 1179 2991 Trinitatis,_quid
1223 2933 1487 2991 persona),
1543 2920 1669 2991 quid
1716 2920 1860 2976 desi-

260 3000 460 3053 gnetur
487 2985 828 3040 substantiae.
851 2987 1017 3053 Epist.
1038 2985 1335 3044 utirmisdae
1365 2992 1431 3043 ad
1460 2985 1727 3047 Jusiinum
1752 2993 1858 3047 im-

264 3070 569 3127 peratorem
594 3054 685 3123 86,
716 3056 798 3109 tit.
828 3057 886 3111 2.

851 3142 1146 3201 TITULUS
1168 3144 1265 3200 ltl.

570 3236 647 3292 De
674 3237 918 3307 mysterio
964 3237 1336 3294 incarnationis
1358 3239 1565 3296 Christi.

351 3329 426 3383 De
458 3328 662 3399 duabus
688 3327 888 3383 Christi
930 3331 1133 3384 naturis
1186 3342 1248 3384 ct-
1276 3335 1532 3399 mysterio
1564 3332 1856 3389 Trinitatis.

264 3398 871 3472 Epistacﬂormisdm‘ad
925 3399 1285 3472 Epiphanium
1332 3398 1481 3472 93,§
1520 3401 1576 3455 2.

347 3468 770 3524 Dedivinitateet
782 3468 1114 3525 humanitate
1139 3470 1348 3525 Domini
1371 3468 1536 3527 nostri
1560 3472 1686 3527 Jesu
1708 3471 1865 3528 Chri-

380 3539 559 3665 Epist.
591 3538 887 3595 Hormisdte
915 3540 981 3595 ad
1009 3541 1275 3596 Justinum
1306 3541 1680 3613 imperatorem
1705 3582 1722 3609 ,
1766 3544 1859 3611 86,

262 3613 352 3664 tit.
380 3613 436 3664 5.

341 3682 618 3735 Adversus
650 3681 700 3753 id
733 3680 887 3753 quod
916 3681 1111 3753 dicitur
1156 3681 1277 3736 ideo
1324 3683 1654 3753 unigenitum
1703 3685 1860 3739 Chri—

265 3755 564 3824 stum‘quia
588 3752 736 3824 solus
759 3753 830 3806 sit
861 3752 928 3824 de
957 3750 1196 3824 Virgine_
1215 3762 1388 3824 natus.
1425 3750 1613 3824 'Epist.
1666 3755 1863 3811 Leonis

266 3824 334 3875 ad
362 3820 682 3876 Thuribium
708 3820 1136 3888 Asturicense’m,
1168 3821 1261 3885 61,
1289 3824 1369 3877 tit.
1404 3827 1455 3879 5.

339 3893 511 3966 Quod_
525 3901 580 3966 et
611 3907 825 3946 carnem
853 3900 907 3945 et
951 3894 1187 3966 animam
1224 3892 1387 3966 Filius
1420 3895 1515 3966 Dei
1544 3897 1860 3966 susceperit.

268 3965 436 4018 Coac.
469 3962 652 4016 Tolet.
682 3978 721 4029 ι,
753 3976 817 4017 ex
842 3963 1025 4030 regula
1061 3963 1205 4028 tidei,
1236 3964 1300 4017 tit
1327 3965 1381 4027 ε,
1409 3980 1459 4018 c.
1490 3963 1578 4018 ιδ.

341 4034 494 4099 Quod
526 4030 777 4103 Christus
802 4042 954 4086 natus
976 4043 1081 4087 est.
1113 4033 1166 4086 ln
1189 4048 1295 4103 quo
1323 4048 1504 4102 supra,
1529 4036 1608 4089 tit.
1642 4037 1694 4091 6.

336 4103 491 4171 Quod
517 4102 692 4157 deitas
707 4102 907 4158 Christi
925 4102 1291 4159 convertibilis
1313 4115 1366 4159 et
1391 4106 1655 4174 passibilis
1680 4117 1779 4162 est.
1808 4107 1861 4161 In

264 4189 372 4243 quo
398 4188 586 4243 supra,
620 4174 699 4227 tit.
733 4175 785 4231 7.

336 4245 491 4311 Quod
513 4242 732 4298 deitatis
758 4256 809 4296 et
839 4243 1014 4298 carnis
1037 4243 1235 4299 Christi
1264 4261 1365 4300 una
1397 4258 1586 4300 natura
1621 4263 1725 4301 non
1772 4248 1860 4301 sit.

264 4314 322 4369 in
348 4330 457 4382 ano
481 4329 668 4382 supra,
704 4316 784 4367 tit.
825 4314 908 4367 1⁷5.

348 4386 426 4438 De
451 4384 661 4437 duabus
690 4385 742 4438 in
770 4384 982 4439 Christo
1005 4386 1211 4440 naturis
1235 4394 1288 4439 ct
1320 4401 1419 4439 una

265 4465 373 4510 test
397 4455 578 4508 monia
605 4454 844 4508 Patrum.
878 4452 1043 4509 Cone.
1079 4456 1279 4520 llispal.
1307 4471 1362 4524 It,
1392 4452 1472 4510 tit'.
1495 4457 1564 4511 15
1589 4498 1601 4518 ,
1626 4471 1672 4510 c.
1703 4458 1792 4511 (i7.

340 4524 721 4577 Conﬁtendum
756 4525 922 4577 Deum
966 4540 1087 4579 esse
1131 4527 1395 4579 veraciter
1450 4529 1761 4582 Emmanuel
1813 4538 1867 4582 et

267 4594 363 4649 Dei
394 4595 712 4665 genitricem
741 4594 960 4648 Mariam
993 4596 1252 4663 virginem
1285 4612 1403 4664 quae
1443 4600 1644 4665 peperit
1675 4612 1866 4652 secun-

264 4667 395 4717 dum
423 4665 567 4733 quod
597 4666 852 4733 scriptum
877 4676 956 4717 est
990 4665 1221 4719 Verbum
1250 4680 1469 4721 carnem
1501 4670 1719 4720 factum.
1770 4669 1861 4721 Di-

1448 4403 1673 4456 persona
1699 4391 1874 4441 multa.

1864 690 1918 745 Α
2000 680 2391 755 Conﬁtendum
2421 679 2688 755 Christum
2713 696 2815 733 non
2837 681 2910 755 ita
2937 696 3056 737 esse
3085 684 3375 751 hominem,
3409 706 3540 755 qna-

1968 753 2013 807 si
2039 754 2417 816 Tlte0phoron,
2448 750 2497 803 id
2521 759 2600 804 est
2626 750 2788 804 Deum
2832 749 3111 812 ferentem.
3157 755 3253 811 sed
3282 749 3541 814 νοιῖαίῖίιυιο

1971 824 2138 877 lilium
2170 836 2261 890 per
2307 828 2549 874 naturam
2576 821 2860 875 secundum
2885 824 3022 890 quod
3064 823 3294 877 Verhum
3318 842 3443 881 caro
3466 832 3541 882 l'a-

1969 903 2109 947 ctum
2128 901 2229 953 est,
2252 891 2496 946 similiter
2518 899 2573 944 ut
2596 905 2711 955 nos,
2734 894 3153 947 communicasse
3176 898 3319 949 carni
3344 906 3395 951 ct
3420 916 3545 954 san-

1967 966 2134 1034 guini.
2168 962 2222 1016 In
2252 975 2358 1034 quo
2384 976 2565 1034 supra,
2594 962 2673 1015 tit.
2705 962 2759 1026 ὅ,
2792 977 2841 1016 c.
2876 963 2960 1016 10.

2038 1032 2411 1088 Confitendum
2436 1032 2703 1086 Christum
2729 1048 2831 1085 non
2855 1034 3022 1087 solum
3039 1036 3089 1087 in
3107 1034 3207 1089 hoc
3230 1052 3347 1091 esse
3370 1037 3534 1092 Deum

1968 1105 2112 1174 quod
2144 1103 2372 1159 Verhum
2396 1110 2479 1157 est
2500 1103 2690 1167 Patris,
2715 1102 2809 1174 sed
2832 1114 2886 1157 et
2931 1105 2983 1157 in
3031 1120 3094 1156 eo
3118 1106 3258 1174 quod
3310 1107 3540 1163 Verhum

1967 1173 2093 1229 caro
2118 1174 2310 1228 factum
2333 1184 2436 1237 est,
2458 1173 2623 1227 Deum
2667 1179 2721 1225 et
2744 1173 3007 1226 hominem
3039 1189 3158 1231 csse
3190 1192 3349 1231 unum
3393 1179 3543 1233 Chri-

1967 1254 2109 1299 stum
2143 1245 2328 1299 Deum.
2359 1243 2411 1296 lu
2438 1258 2543 1313 quo
2573 1256 2755 1310 supra,
2790 1244 2869 1297 tit.
2903 1242 2956 1309 6,
2988 1260 3036 1297 c.
3069 1246 3153 1298 lt).

2038 1316 2151 1370 Non
2176 1315 2246 1369 ita
2272 1312 2629 1368 conﬁtendum
2660 1313 2921 1368 Christum
2953 1315 3097 1368 velut
3137 1316 3402 1373 hominem
3449 1320 3543 1376 Dei

1967 1386 2287 1457 operatione
2312 1383 2488 1457 Verbo
2519 1383 2863 1457 conjunctum
2897 1392 2951 1437 ut
2979 1386 3307 1457 rquasialteri
3353 1402 3544 1457 prmter

1968 1457 2139 1521 ipsum
2166 1456 2408 1510 existenti
2440 1454 2706 1525 Unigeuiti
2728 1454 2893 1524 gloria
2926 1455 3203 1510 tribuatur.
3242 1459 3296 1512 In
3325 1454 3427 1529 quo
3454 1477 3544 1516 su-

1970 1543 2077 1594 pra,
2109 1530 2187 1580 lit.
2221 1529 2276 1592 7,
2303 1540 2353 1580 c.
2389 1529 2473 1580 lO.

2038 1598 2151 1650 Non
2182 1596 2538 1650 conﬁendum
2568 1595 2619 1648 in
2650 1596 2865 1651 Christo
2892 1596 3221 1651 adorandum
3274 1598 3546 1655 hominem

1965 1658 2084 1720 cum
2118 1668 2225 1722 Deo
2251 1666 2403 1737 quasi
2430 1666 2565 1738 alter
2578 1682 2695 1738 cum
2720 1669 2884 1720 altero
2901 1667 3171 1738 adoretur,
3190 1670 3281 1723 sed
3304 1686 3401 1738 um
3420 1687 3547 1738 sup-

1968 1736 2455 1806 plicationemque
2498 1736 2885 1805 gloriﬁcatione
2928 1737 3162 1792 Verbum
3189 1752 3315 1793 caro
3349 1736 3547 1796 factum

1965 1808 2102 1861 idem
2134 1808 2434 1863 adorandus
2457 1817 2513 1862 et
2531 1807 2909 1877 gloriﬁcandus
2929 1818 3011 1863 est
3039 1825 3171 1864 unus
3201 1810 3460 1865 Christus.
3492 1813 3546 1866 lo

1962 1894 2068 1945 quo
2093 1894 2272 1947 supra,
2304 1878 2382 1934 tit.
2411 1879 2463 1943 8,
2495 1878 2656 1937 (510.

2034 1949 2147 2002 Non
2176 1949 2533 2003 conﬁtendum
2576 1948 2757 2003 Jesunt
2790 1949 2858 2002 ita
2894 1966 2986 2017 per
3016 1950 3267 2018 Spiritum
3301 1964 3540 2008 sanctum

1885 2047 1933 2106 Β
1962 2028 2236 2106 cperatum
2268 2020 2428 2106 inisse
2458 2019 2712 2073 miracula
2759 2024 2910 2101 quasi
2958 2022 3130 2074 aliena
3176 2028 3370 2106 virtute
3418 2040 3545 2103 usus

1962 2088 2171 2155 fuisset,
2197 2090 2291 2145 sed
2324 2104 2447 2162 γει-ρ
2469 2104 2562 2156 per
2590 2104 2742 2143 suum
2774 2092 3017 2162 spiritum
3060 2095 3351 2162 complevit
3392 2097 3542 2162 signa

1958 2174 2081 2228 qua:
2113 2163 2299 2213 voluit.
2334 2159 2387 2212 ln
2412 2175 2518 2227 quo
2540 2174 2723 2228 supra,
2754 2159 2832 2213 tit.
2867 2158 2920 2225 8,
2949 2175 2996 2214 c.
3023 2161 3109 2214 l0.

2027 2229 2398 2285 Conﬁtendum
2427 2230 2608 2284 .Icsum
2628 2233 2768 2284 hunc
2800 2231 2970 2299 ipsum
3002 2229 3199 2285 factum
3227 2247 3345 2290 esse
3373 2235 3545 2299 ponti-

1960 2299 2112 2354 ﬁccm
2143 2308 2196 2354 et
2225 2301 2522 2369 apostolum
2552 2298 2903 2371 confessionis
2953 2313 3148 2356 nostra:
3174 2304 3263 2371 qui
3310 2298 3541 2361 Verbum

1958 2386 2081 2426 caro
2115 2371 2311 2442 factum
2348 2379 2451 2442 est,
2484 2385 2587 2442 non
2610 2370 2834 2424 alterum
2864 2381 3055 2439 praeter
3084 2370 3253 2437 ipsum
3298 2375 3545 2442 speciali-

1935 2450 2040 2512 .ter
2061 2457 2127 2497 ex
2158 2441 2389 2499 imuliere
2417 2441 2685 2512 hominem
2713 2450 2915 2495 natum.
2957 2441 3339 2497 Conﬁtendum
3382 2454 3540 2499 etiam

1958 2525 2055 2580 pro
2077 2512 2232 2583 nobis
2262 2520 2465 2564 tantum
2515 2510 2771 2583 obtulisse
2817 2512 3136 2565 sacriﬁcium
3169 2522 3222 2566 et
3277 2529 3383 2567 non
3441 2530 3535 2583 pro

1958 2596 2038 2637 se.
2100 2581 2155 2635 In
2183 2596 2289 2650 quo
2318 2594 2499 2650 supra,
2524 2580 2605 2633 tit.
2650 2581 2736 2643 l0,
2763 2596 2812 2635 c.
2850 2584 2934 2636 10.

2028 2649 2401 2707 Conﬁtendum
2429 2649 2659 2705 Verbum
2693 2650 2788 2705 Dei
2810 2659 2864 2706 et
2896 2667 3111 2719 passum
3154 2669 3313 2708 carne
3340 2666 3394 2708 et
3417 2672 3538 2709 cru-

1960 2723 2183 2778 ciﬁxum
2209 2736 2371 2777 carne
2397 2729 2452 2776 et
2481 2729 2706 2793 mortem
2746 2736 2907 2777 carne
2934 2734 3196 2791 gustasse,
3243 2724 3544 2793 factumque

1960 2793 2372 2863 primogenitum
2402 2806 2468 2863 ex
2498 2792 2720 2847 mortuis
2749 2793 3043 2847 secundum
3076 2794 3214 2862 quod
3249 2797 3351 2849 vita
3379 2792 3541 2851 estet

1963 2862 2235 2918 riviﬁcans
2263 2862 2423 2918 Deus.
2453 2862 2510 2918 lu
2540 2877 2645 2932 quo
2671 2877 2852 2934 supra,
2886 2866 2965 2918 tit.
3004 2864 3091 2928 12,
3117 2882 3165 2920 c.
3206 2865 3287 2920 tO.

2531 2974 2825 3030 TITULUS
2865 2975 2951 3029 IV.

2043 3068 2230 3123 Contra
2259 3068 2542 3124 Eutichetis
2564 3070 2749 3141 dogma
2776 3070 2839 3123 de
2864 3070 3211 3125 incarnatione
3234 3072 3441 3126 Christi.

2034 3183 2305 3238 Adversus
2353 3183 2406 3237 id
2448 3183 2589 3253 quod
2621 3183 2788 3239 Deum
2822 3184 3104 3239 Dominum
3130 3199 3224 3254 pro
3254 3196 3402 3251 patre
3429 3204 3546 3242 cre-

1964 3256 2098 3308 dunt
2136 3254 2301 3308 luisse
2324 3268 2443 3307 cum
2472 3264 2645 3313 Datre.
2696 3254 2861 3324 Epist.
2895 3254 3087 3311 Leonis
3111 3258 3175 3310 ad
3228 3256 3541 3312 Thuribium

1967 3326 2389 3385 Asturicensem,
2423 3325 2512 3379 05.

1892 3401 1936 3461 (ς
2038 3393 2190 3459 Quod
2217 3392 2478 3462 integrum
2504 3393 2773 3448 hominem
2800 3396 3098 3463 susceperit
3136 3393 3379 3450 Christus
3425 3397 3544 3451 sine

1970 3474 2187 3533 peccato
2217 3472 2270 3517 et
2295 3463 2434 3533 quod
2457 3477 2594 3518 unus
2624 3465 2693 3517 sit
2715 3464 2958 3519 Christus
2986 3474 3109 3519 ante
3136 3472 3329 3519 szecuta
3353 3481 3417 3519 ex
3450 3468 3550 3520 Pa-

1967 3544 2068 3600 tre,
2106 3536 2157 3586 in
2187 3540 2428 3601 tempore
2456 3548 2520 3587 ex
2551 3534 2766 3603 Virgine
2812 3545 2985 3589 natus.
3017 3534 3187 3605 Epist.
3222 3536 3431 3591 Damasi
3481 3540 3546 3592 ad

1968 3605 2248 3660 Paulinum
2282 3618 2321 3668 ι,
2355 3606 2436 3658 tit.
2470 3607 2490 3658 l
2522 3616 2573 3659 et
2601 3606 2656 3666 2.
3532 3660 3535 3669 λ

2034 3675 2233 3730 Contra
2259 3690 2353 3729 eos
2378 3678 2466 3742 qui
2501 3675 2553 3728 in
2593 3678 2731 3731 duos
2767 3677 2904 3732 ﬁlios
2933 3677 3348 3747 dispensationis
3378 3678 3548 3732 domi-

1966 3748 2102 3801 nicre
2131 3747 2440 3816 mysterium
2470 3747 2715 3803 scindere
2745 3749 3057 3802 moliuntur.
3080 3750 3318 3817 Epistula
3353 3750 3546 3805 Leonis

1966 3818 2032 3872 ad
2058 3817 2365 3872 Flavianum
2398 3819 2732 3885 episcopum,
2764 3819 2856 3883 53,
2880 3820 2963 3871 tit.
2989 3820 3045 3873 2.

2035 3888 2232 3942 Contra
2259 3899 2352 3958 eos
2381 3889 2466 3953 qui
2494 3888 2796 3955 passibilem
2825 3890 3150 3945 divinitatem
3180 3891 3435 3958 unigeniti
3460 3891 3540 3946 Fi-

1967 3957 2023 4011 lii
2059 3959 2149 4011 ltei
2187 3955 2384 4009 audent
2410 3970 2678 4012 asserere.
2715 3959 2769 4013 In
2792 3974 2897 4026 quo
2920 3975 3101 4026 supra,
3140 3962 3221 4014 tit.
3251 3955 3305 4014 ὅ.

2034 4027 2230 4081 Contra
2253 4039 2350 4080 eos
2376 4026 2466 4095 qui
2494 4027 2771 4097 induahus
2809 4029 3009 4081 naturis
3034 4029 3234 4084 Christi
3281 4041 3548 4097 tempera-

1967 4106 2202 4179 mentum
2227 4097 2312 4218 Xel
2352 4096 2715 4152 confusionem
2743 4108 3201 4169 argumentantur.
3249 4100 3304 4153 In
3328 4096 3431 4166 quo
3456 4116 3547 4154 su-

1969 4184 2082 4218 nra-
2114 4176 2193 4218 ut.
2268 4209 2281 4218 .

2007 4184 2084 4233 ra,
2114 4168 2193 4221 tit.
2227 4168 2281 4222 4.

2007 4185 2061 4222 ra
2114 4185 2193 4221 Ut.
2227 4185 2281 4222 ιι.

1969 4185 2000 4238 p
2037 4213 2235 4311 Contra
2255 4252 2347 4293 eos
2378 4237 2468 4305 qui
2507 4238 2781 4311 ccclestem
2838 4249 2927 4293 aut
2959 4239 3176 4294 alterius
3231 4239 3544 4311 cujusquam

1976 4309 2287 4365 subsrantia:
2308 4312 2541 4377 existere
2574 4310 2988 4375 lormam'servj,
3015 4325 3175 4377 quam
3204 4309 3463 4366 Dominus
3483 4327 3547 4366 cx

1968 4381 2122 4452 nobis
2148 4376 2457 4446 assumpsit,
2488 4379 2802 4435 insaniendo
2852 4376 3118 4436 asserunt.
3142 4382 3199 4435 lu
3242 4398 3345 4452 quo
3369 4398 3548 4452 supra,

1968 4461 2051 4506 tit.
2081 4451 2132 4504 ὅ.

2038 4520 2237 4576 Contra
2266 4532 2361 4576 eos
2386 4520 2475 4590 qui
2509 4520 2645 4576 duas
2664 4523 2876 4590 quidem
2908 4532 3031 4578 ante
3052 4522 3428 4577 adunationem
3462 4540 3555 4578 na-

1969 4602 2116 4646 turas
2145 4592 2357 4646 Domini
2407 4590 2656 4660 delirant,
2685 4607 2844 4648 unam
2873 4608 2998 4648 vero
3028 4604 3145 4662 post
3176 4593 3553 4649 adnnatioucm

1971 4667 2193 4732 lingunt.
2220 4663 2277 4717 lu
2307 4677 2413 4730 quo
2439 4676 2624 4734 supra,
2658 4665 2742 4720 tit.
2775 4665 2831 4730 6,
2863 4666 3157 4731 etcpistola
3188 4666 3331 4718 Petri
3355 4668 3558 4733 cpisco-

266 4750 498 4814 ιςεεειυῳΔ
514 4735 613 4789 Ne.
625 4740 762 4789 torio
793 4750 820 4788 a
852 4735 1052 4805 Cyrillo
1074 4746 1127 4790 et
1147 4736 1491 4791 convenienti
1515 4740 1740 4807 synodo,
1774 4740 1856 4791 tit.
1890 4754 1941 4814 ι)
1970 4734 2511 4814 ρῇιιὶειγθιιηευείειειι
2531 4734 2977 4814 Ευιίοιιριειρλιιῠί
2999 4743 3185 4789 contra
3206 4734 3318 4803 ejus
3343 4751 3553 4790 errores

267 4806 321 4871 1,
353 4820 405 4859 c.
436 4804 527 4862 l0.

337 4874 721 4949 Conﬁtendum
755 4874 986 4949 Verbum
1015 4877 1105 4949 Dei
1156 4878 1325 4932 Patris
1363 4878 1693 4949 un’genitum
1727 4893 1850 4946 pro-

267 4949 399 5015 νήει
425 4946 577 5001 carni
602 4946 670 4999 ita
703 4956 759 4998 ut
782 4962 917 4999 unus
940 4948 1009 4999 sit
1029 4947 1292 5008 Christus.
1321 4946 1677 5003 Deusscilicet
1696 4951 1853 5004 simul

216 5048 230 5097 ί
264 5028 320 5071 et
342 5016 538 5097 homo.
572 5017 625 5097 In
656 5031 973 5097 quosupra,
1007 5019 1087 5097 tit.
1116 5019 1172 5097 ᾖ,
1195 5021 1369 5097 calt}2

224 5086 231 5146 ἶ
337 5086 719 5141 Conﬁtendum
741 5087 1219 5142 duassuhstantias
1252 5090 1303 5142 in
1348 5086 1568 5144 Christo
1603 5100 1718 5157 post
1742 5090 1857 5143 uni-

216 5168 226 5176 ’
265 5166 439 5211 tatem
471 5171 574 5210 non
605 5158 716 5212 sola
749 5165 1034 5225 potestate,
1067 5158 1161 5212 sed
1191 5170 1453 5213 conventu
1475 5160 1700 5213 naturali
1726 5201 1739 5223 ,
1771 5160 1860 5226 qui

269 5244 364 5295 per
396 5230 654 5300 unitatem
685 5230 853 5281 lactus
883 5236 985 5293 est,
1019 5243 1137 5283 esse
1157 5230 1488 5299 conjunctas.
1536 5230 1589 5284 In
1620 5246 1723 5300 quo
1770 5244 1861 5283 suc

266 5313 387 5366 pra,
424 5302 507 5353 tit.
538 5297 593 5360 5,
626 5314 676 5352 c.
706 5300 791 5351 10.

338 5372 473 5433 Quae
512 5369 821 5437 apostolicis
845 5379 901 5422 et
929 5370 1251 5437 evangelicis
1286 5371 1505 5424 vocibus
1536 5369 1602 5423 de
1648 5369 1864 5423 Christo

264 5438 526 5493 dicuntur
549 5456 655 5494 non
688 5440 759 5492 ita
793 5439 1077 5493 dividenda
1109 5450 1233 5494 sunt
1276 5450 1331 5492 ut
1376 5441 1473 5493 soli
1522 5452 1725 5493 naturte
1774 5441 1863 5493 Dei

265 5511 605 5577 deputentur
623 5524 745 5579 qua:
767 5509 928 5579 digna
956 5511 1063 5565 Deo
1084 5521 1229 5575 sunt,
1249 5519 1304 5563 et
1332 5512 1427 5567 soli
1459 5521 1664 5567 natura:
1692 5513 1863 5563 homi-

384 5596 505 5649 qna:
536 5583 697 5653 digna
733 5580 964 5635 hominis
987 5593 1125 5637 sunt.
1165 5584 1216 5635 ln
1261 5597 1365 5649 quo
1397 5582 1579 5651 sopra,
1611 5582 1689 5635 tit.
1725 5580 1783 5645 εἰ,
1816 5598 1865 5635 c.

1968 4806 2040 4861 illi
2074 4813 2200 4875 apto
2227 4803 2475 4875 exemplg
2502 4807 2811 4875 respondet,
2836 4806 2925 4860 59.

2030 4874 2183 4948 Quod
2204 4875 2257 4948 in
2280 4888 2382 4948 una
2436 4873 2647 4948 Domini
2701 4880 2863 4948 nostri
2922 4875 3045 4931 Jesu
3094 4876 3288 4931 Christi
3335 4891 3557 4948 persona

1962 4947 2172 5015 gemina
2205 4947 2271 4999 sil.
2291 4946 2506 5000 deitatis
2543 4946 2956 5002 ethumanitatis
3011 4950 3301 5004 asserenda
3336 4946 3556 5002 natura.

1965 5018 2134 5085 Epist.
2170 5016 2362 5071 Leonis
2390 5018 2454 5071 ad
2487 5016 2717 5071 Leonem
2743 5022 3067 5088 Augustum,
3116 5021 3205 5081 60,
3236 5020 3261 5088 §
3296 5022 3347 5071 ἓ.

2040 5088 2113 5139 De
2143 5088 2387 5155 capitulis
2412 5088 2617 5142 lideiex
2640 5087 2941 5144 sanctorum
2967 5095 3179 5147 Patrum
3213 5087 3360 5141 libris
3390 5087 3556 5142 Colle-

1968 5160 2074 5212 ctis
2096 5158 2163 5229 de
2193 5174 2257 5211 eo
2284 5158 2423 5224 ipso.
2458 5158 2516 5212 ln
2539 5174 2643 5228 quo
2665 5175 2847 5228 supra,
2876 5160 2977 5229 §5.

2045 5228 2280 5296 Epistola
2301 5229 2495 5284 Leonis
2519 5244 2668 5299 papa:
2689 5231 2753 5283 ad
2779 5228 3086 5285 Flavianum
3109 5228 3558 5297 Constantinopo-

1975 5299 2195 5351 litanum
2224 5299 2526 5367 episcopum
2569 5299 2655 5352 ubi
2685 5302 2873 5366 qua-rit
2900 5302 3035 5365 quod
3092 5300 3339 5353 Eutsches
3372 5314 3554 5352 contra

1976 5369 2133 5422 ﬁdem
2163 5370 2475 5421 catholicam
2498 5368 2736 5420 sentiens
2765 5383 2792 5418 a
2812 5372 3186 5425 communione
3214 5370 3463 5422 Ecclesia:
3486 5372 3555 5421 ab

1975 5438 2220 5492 coluerit
2256 5447 2555 5507 separatus.
2580 5437 2654 5507 lix
2683 5440 2908 5507 integro.
2943 5441 3031 5497 57.

2048 5508 2123 5563 De
2154 5508 2358 5562 subdoli
2386 5504 2554 5584 hostis
2578 5504 3187 5584 ittSidiis:_ilesc1‘iptunt
3224 5510 3457 5564 Fiaviatti
3488 5511 3552 5564 ad

1978 5579 2207 5635 Leonem
2238 5590 2447 5648 papam,
2482 5577 2563 5632 tit.
2599 5578 2644 5641 l,
2672 5594 2787 5651 pag.
2822 5582 2911 5636 51.
