2036 3088
196 140 232 168 so
719 139 903 168 EXCERPTA
921 130 1097 168 cariosum.
1118 155 1153 162 -
1172 141 1237 169 LIB.
1259 142 1293 169 x.
1574 156 1576 158 -
1795 145 1831 173 9o

233 195 272 223 Ne
283 194 397 233 itiqitod
418 193 596 233 idolothytttm
618 198 660 221 est
681 194 775 222 ﬁdeles
794 201 899 230 gratum
917 195 987 223 acci-
1001 197 1026 227 Α
1041 197 1117 233 ρεοίςν
1137 197 1311 227 immolatitiis
1322 200 1363 228 usi
1375 204 1438 227 sunt
1449 205 1493 227 attt
1508 201 1577 229 idola
1591 201 1778 233 adoraverunt.
1791 203 1830 230 vel

198 233 283 267 piant.
300 229 386 258 conc.
399 230 462 257 eod.
476 230 518 257 Iit.
531 229 577 256 40.

493 273 643 302 TITULUS
662 274 695 301 Il.

245 321 284 348 De
299 321 340 348 Itis
349 320 395 356 qui
405 320 484 347 idolis
497 326 557 347 ante
569 320 723 354 baptismum
738 320 948 354 sacrificaverint.

236 369 274 397 De
288 368 330 396 his
350 368 396 400 qui
418 372 482 395 ante
496 368 656 400 baptismum
672 368 889 394 sacriﬁcaverunt
904 367 992 394 idolis.

199 404 282 433 Coirc.
299 406 399 439 Ancyr.
417 404 459 431 tit.
473 404 518 435 12.
531 410 556 430 c.
569 402 597 429 2.

494 447 642 476 TITULUS
661 447 706 475 III.

501 493 541 521 De
563 494 701 527 apostolis.

240 542 279 569 De
291 540 433 569 catholicis
445 540 472 568 in
486 539 617 567 Itzresem
642 538 844 566 transeuntibus
862 538 884 564 si
906 545 996 565 rever-

204 582 305 638 tanttzt;
329 575 480 639 scusparvi,
502 582 549 603 seu
571 574 688 609 majores
705 574 769 602 sint.
791 574 875 600 Cone.
896 573 994 601 Elilter.

206 616 246 639 ltt.
300 634 308 639 .
322 619 348 639 c.
362 612 379 637 5
401 631 408 638 .

206 613 246 639 lit.
261 612 308 644 2‘2,
322 619 348 639 c.
362 612 408 639 58.

241 649 278 674 De
289 646 414 674 ﬁdelibus
428 645 452 672 si
466 643 677 679 apostataverint
690 643 808 679 quandiu
833 644 994 679 pmniteant.

204 681 289 710 Cone.
307 682 370 710 eod.
387 681 430 708 tit.
447 680 492 708 46.

241 718 277 745 Ut
296 716 427 750 apostatis
440 720 466 743 et
482 715 608 746 scenicis.
633 714 818 747 histrionibus,
835 713 881 750 yel
901 713 995 750 hujus—

207 753 278 780 πιοῦί
289 748 412 787 personis
422 751 608 787 reconciliatio
623 757 674 777 tton
691 754 813 784 negetur.
829 749 913 776 Cone.
928 748 996 775 Car-

206 789 279 820 um.
290 785 336 818 in.
351 787 393 814 tit.
407 786 454 819 55,
468 793 494 812 ο.
512 785 556 812 Μ.

244 818 281 849 De
296 821 426 856 apostatis
445 821 479 847 ab
499 820 618 856 Ecclesia
626 819 842 856 _sepa_randis_et
865 818 906 856 his
930 826 997 856 corl-

207 857 293 903 Iersis
314 852 492 892 recipiendis.
518 855 602 890 Epist.
623 852 721 890 Syricii
742 855 775 881 ad
799 853 954 882 Eumerium
969 852 996 886 5,
1013 873 1037 903 Β

207 894 249 920 tit.
265 892 292 919 5.

492 934 642 963 TITULUS
666 934 710 962 IV.

210 984 250 1012 De
270 984 369 1011 clericis
385 987 407 1009 et
422 981 496 1008 luitis
509 981 658 1008 Christianis
673 980 753 1014 lapsis
765 989 781 1007 α
795 980 845 1015 fide
859 979 897 1007 vel
907 979 1000 1014 iii/ide-

439 1018 502 1044 lium
522 1016 640 1051 operibus
666 1016 757 1044 mistis.

245 1066 281 1092 De
303 1064 386 1099 lapsis
406 1064 511 1091 clericis
535 1063 676 1090 ordinatis.
702 1062 784 1089 Certe.
808 1062 865 1088 Nic.
893 1062 931 1088 lit.
956 1062 998 1092 l0,

208 1108 234 1129 c.
251 1101 276 1127 i.

246 1135 284 1162 De
301 1136 342 1162 Itis
356 1134 400 1165 qui
416 1139 511 1168 sponte
527 1133 593 1167 lapsi
608 1138 668 1159 sunt
681 1132 795 1166 qualiter
811 1131 930 1168 debeant
943 1139 999 1164 pm-

207 1172 308 1203 n'tt're.
323 1174 352 1198 et
364 1170 399 1198 de
409 1167 570 1197 discretione
583 1174 733 1202 temporum
745 1168 909 1203 poenitentia:
926 1167 997 1201 ipso-

212 1214 284 1233 rum.
300 1206 382 1232 Conc.
397 1206 455 1231 eod.
472 1207 513 1231 tit.
534 1205 574 1230 ll.

248 1241 287 1268 De
303 1240 499 1268 catechumenis
515 1239 607 1273 lapsis.
624 1239 705 1265 Conc.
721 1237 782 1264 eod.
799 1237 839 1264 tit.
855 1236 898 1264 15.

248 1276 286 1303 De
312 1275 476 1311 presbyteris
500 1273 622 1311 lapsisin
645 1274 830 1311 persecutione
853 1277 879 1299 et
902 1273 997 1298 iterum

210 1311 338 1338 reversis.
355 1309 438 1337 Cone.
455 1310 554 1345 Ancyr.
571 1310 611 1336 tit.
627 1311 652 1341 t,
669 1318 692 1335 ς.
709 1309 735 1335 2.

245 1346 282 1373 De
298 1346 454 1372 diaconibus
477 1343 520 1379 qui
543 1345 747 1371 immolaverunt
763 1343 842 1370 idolis
858 1348 883 1370 et
900 1343 996 1369 iterum

209 1383 339 1408 reversis.
355 1381 439 1408 Cone.
452 1383 513 1408 eod.
528 1381 569 1406 tit.
584 1382 611 1406 ‘2.

245 1417 283 1444 De
297 1416 402 1443 clericis
417 1416 476 1443 sive
495 1416 570 1442 laicis
584 1423 696 1449 quorum
714 1421 807 1441 manus
823 1414 867 1440 alii
882 1421 940 1439 cum
958 1413 997 1439 in-

205 1452 276 1486 juria
297 1460 379 1485 super
398 1452 497 1478 idolum
515 1451 646 1478 sacrilicxa
670 1456 824 1484 posuerunt.
840 1450 925 1475 Cone.
943 1452 997 1475 Art-

207 1495 266 1521 qr.
284 1487 326 1514 tit.
340 1487 367 1518 5,
382 1493 406 1513 c.
421 1487 449 1513 ‘2.

245 1522 282 1549 De
299 1523 341 1549 Itis
362 1522 406 1556 qui
424 1522 449 1548 in
473 1521 578 1555 templis
602 1520 733 1547 idolorum
759 1523 941 1547 cmnat‘erunt.
969 1519 994 1545 ln

208 1566 261 1592 quo
272 1565 364 1592 supra,
378 1557 418 1584 tit.
432 1558 458 1584 4.

247 1593 283 1620 lie
306 1592 348 1619 bis
371 1593 416 1627 qui
442 1593 539 1618 timore
562 1592 629 1618 ritus
654 1591 799 1618 Gentilium
826 1594 993 1624 peregerunt.

208 1628 291 1655 (hinc.
304 1628 365 1654 eod.
384 1629 424 1653 tit.
438 1628 464 1654 5.

249 1664 285 1690 De
298 1664 339 1690 his
350 1663 395 1697 qui
412 1665 564 1697 neq-tenter
584 1661 662 1689 idolis
683 1661 897 1687 immolaverunt.
911 1659 992 1686 Cone.

212 1700 274 1725 cod.
287 1701 326 1725 tit.
342 1699 368 1725 7.

254 1734 289 1760 De
304 1734 344 1760 his
359 1733 402 1768 qui
425 1733 450 1759 vi
475 1732 560 1760 coacti
583 1732 659 1759 idolis
680 1731 895 1758 inmolaverunt.
912 1730 993 1757 Cone.

208 1770 270 1795 cori.
286 1769 326 1795 tit.
341 1770 367 1796 8.

247 1805 284 1831 De
299 1804 340 1830 his
355 1804 398 1838 qui
414 1803 564 1831 voluntarie
581 1803 606 1829 in
622 1802 807 1836 persecutione
829 1800 995 1834 prmvaricati

208 1844 281 1869 sunt,
307 1837 531 1873 qua'pmnitentia
556 1838 669 1864 correcti
691 1838 882 1871 suscipiantur.
910 1837 993 1863 (.onc.

209 1879 310 1901 Arent.
325 1882 352 1906 ιι,
367 1879 407 1901 ιιι.
422 1874 464 1906 10,
480 1881 505 1900 c.
520 1873 564 1900 27.

246 1910 283 1935 De
298 1911 338 1936 bis
350 1911 393 1942 qui
410 1911 496 1943 pcenis
518 1909 579 1935 victi
601 1908 753 1935 sacriﬁcare
778 1907 906 1941 compulsi
922 1911 993 1934 sunt.

208 1945 293 1971 (Ioue.
307 1945 367 1972 eod.
383 1946 422 1970 tit.
442 1945 482 1971 11.

244 1979 320 2006 Circa
336 1987 429 2006 eorum
445 1987 571 2014 personas
593 1979 636 2013 qui
659 1986 688 2005 se
713 1983 771 2011 post
795 1987 873 2004 uuttttt
890 1982 916 2004 et
932 1985 994 2004 san-

209 2020 282 2041 ctum
300 2015 435 2041 lavacrum
460 2015 502 2042 vel
528 2014 646 2049 profanis
667 2014 804 2040 sacriﬁciis
828 2014 994 2049 daertrontuu,

208 2050 250 2078 vel
267 2051 368 2077 incesta
388 2050 520 2077 lavatione
542 2050 705 2084 polluerunt.
721 2049 803 2075 Cunc.
828 2048 931 2075 Valent.
953 2048 993 2074 tit.

208 2085 235 2118 3,
251 2093 277 2112 (ι.
291 2085 337 2113 24.

247 2121 283 2147 De
307 2121 388 2155 lapsis
403 2121 446 2154 qui
462 2121 495 2147 de
509 2119 638 2146 catholica
656 2119 705 2145 ﬁde
722 2119 746 2145 in
764 2120 892 2146 luercscm
909 2123 995 2144 trans-

210 2162 285 2183 cuttl.
297 2155 381 2183 Conc.
398 2157 496 2190 Agath.
508 2155 548 2182 tit.
561 2155 604 2186 60,
618 2163 641 2181 c.
657 2155 700 2181 50.

246 2191 283 2218 De
299 2192 340 2218 his
356 2193 400 2225 qui
418 2189 477 2225 post
492 2191 652 2225 baptismum
674 2189 752 2217 idolis
776 2189 992 2216 immolaverunt.

211 2225 294 2253 Cone.
309 2226 411 2253 Eliber.
430 2227 470 2253 tit.
484 2227 509 2258 1,
524 2237 547 2253 c.
561 2227 605 2253 58.

188 2290 194 2294 ,
248 2261 284 2288 De
308 2262 492 2288 sacerdotibus
519 2261 657 2296 gentilium
676 2260 725 2296 iqui
750 2264 809 2295 post
834 2259 995 2294 baptismum

211 2297 426 2324 immolaverunt.
443 2295 528 2324 Cone.
541 2298 600 2323 eod.
615 2297 657 2322 tit.
672 2295 699 2321 9..

248 2331 286 2359 De
308 2333 409 2359 eisdem
421 2333 443 2359 si
460 2332 537 2359 idolis
549 2336 649 2357 tantnnt
663 2337 758 2356 manus
771 2330 902 2357 dederunt
913 2334 959 2356 aut
971 2329 996 2356 id

210 2367 297 2401 ipsum
323 2373 382 2402 post
410 2367 593 2402 pumilenlialtt
620 2366 794 2393 itcravcrttnt.
823 2366 905 2392 Cone.
934 2366 995 2391 eod.

212 2407 251 2430 ιιι.
266 2403 293 2429 5.

249 2438 286 2464 De
301 2437 403 2465 eisderu
415 2438 437 2465 si
450 2437 633 2465 catechumcni
646 2436 731 2463 adhuc
744 2436 881 2463 immolant
892 2435 998 2470 quando

212 2473 387 2504 baptizenzur.
405 2473 487 2500 Cunc.
507 2474 568 2499 eod.
586 2477 626 2498 tu.
644 2473 670 2499 4.

249 2508 285 2534 De
297 2509 482 2535 sacerdotibus
492 2508 634 2535 Gentilium
648 2508 690 2541 qui
702 2507 756 2541 jam
771 2514 821 2533 non
834 2507 997 2539 sacriﬁcant,

213 2544 318 2578 quando
329 2545 536 2570 communicent.
555 2544 638 2569 Cone.
654 2545 716 2569 eod.
735 2544 773 2568 tit.
788 2542 831 2568 53.

249 2579 285 2605 De
311 2579 433 2606 ﬁdelibus
456 2587 489 2605 ne
508 2579 539 2604 ad
562 2578 720 2611 Capitolium
737 2586 816 2604 causa
833 2576 998 2604 sacriﬁcandi

210 2615 351 2641 accedant.
367 2614 449 2641 Cone.
462 2613 524 2641 eod.
543 2615 582 2640 tit.
594 2612 640 2640 59.

246 2649 285 2677 De
308 2650 352 2677 his
367 2650 412 2684 qui
429 2654 488 2682 post
504 2649 663 2683 baptismum
679 2648 937 2679 administraverint,
956 2652 1001 2674 aut

211 2689 344 2712 tortnettta
357 2690 538 2711 exercuerunt
549 2685 591 2711 vel
607 2685 748 2717 capitalem
761 2684 922 2709 sententiam
941 2691 1001 2715 prti-

210 2720 339 2781 gulerurét.
353 2720 438 2754 Epist.
453 2720 599 2748 Innocentii
615 2722 646 2746 ad
663 2720 823 2753 Emporium
837 2719 999 2745 ἰὐιυδυηιιιιι

231 2776 237 2781 .
251 2761 292 2781 ttt.
325 2775 331 2781 .

231 2756 292 2787 ,tit.
305 2755 331 2781 2.

245 2791 322 2822 Quod
338 2790 382 2825 qui
397 2797 490 2824 preces
503 2791 543 2817 vel
561 2791 718 2817 criminalcs
733 2789 832 2815 dictant
855 2790 1001 2815 habeantur

207 2826 354 2853 immunes.
376 2825 462 2859 Epist.
484 2825 632 2854 Innocentii
647 2825 680 2852 ad
698 2825 858 2858 Exuperium
870 2825 897 2854 8.
914 2825 956 2851 tit.
974 2825 1000 2851 5.

244 2860 284 2890 De
295 2861 438 2897 baptizatis
461 2862 507 2897 qui
535 2866 627 2897 postea
649 2861 778 2889 conviviis
803 2860 948 2887 Gentilium
976 2865 1002 2887 ct

1047 232 1198 272 homicidiis
1222 239 1268 272 aut
1285 235 1516 272 fornicationih‘us
1546 237 1720 264 contaminati
1756 232 1830 264 sunt.

1046 267 1132 307 Epist.
1148 268 1247 307 Leonis
1261 269 1293 296 ad
1310 270 1444 297 ltusticttm
1456 270 1501 305 66,
1519 272 1558 299 tit.
1574 273 1616 299 Π.

1065 303 1200 342 "Captivis
1223 310 1266 342 aut
1282 309 1400 342 _terrore
1422 311 1467 332 aut
1488 303 1556 335 fame
1578 315 1638 335 cum
1658 307 1833 334 veneratione

1048 337 1123 376 cibos
1140 338 1321 376 immolatiIius
1335 341 1415 367 edcrc
1434 342 1581 376 compulsis
1600 342 1754 374 paenitentia
1767 349 1833 369 cou-

1046 372 1177 412 cedenda.
1188 374 1285 412 _E_pist.
1303 375 1400 403 Leonis
1415 376 1448 412 ad
1464 372 1580 403 Nicctam
1596 372 1642 412 63,
1656 378 1697 404 tit.
1713 377 1740 404 5.

1082 407 1168 447 Ωιιοι]⁸
1180 409 1449 447 Arianorumrcicrici
1477 419 1529 438 non
1555 412 1609 438 sint
1634 407 1780 447 recipiendi
1807 411 1832 438 in

1047 443 1220 484 spis_oiﬁciis
1243 446 1363 479 tptamvis
1383 453 1481 484 eorum
1493 447 1679 484 _baptismurrt.
1691 443 1772 484 quem
1787 454 1833 473 ca-

1048 477 1175 516 tholicum
1189 477 1304 516 constat,
1325 481 1468 508 conﬁrmet
1491 477 1621 509 Eccle~ia.
1646 477 1732 516 Epist.
1753 481 1834 508 Irrito-

1046 513 1127 539 centii
1140 515 1171 540 ad
1183 515 1362 542 Alexandrum
1373 516 1419 547 Ξῖ),
1435 516 1477 543 tit.
1492 517 1518 543 5.

1084 549 1121 588 De
1130 549 1177 588 _ltis
1189 552 1235 588 .qui
1252 557 1322 588 metu
1339 550 1364 576 in
1384 551 1514 588 lia-resciit
1526 551 1595 588 lapsi
1611 555 1672 578 sunt
1687 556 1715 588 ut
1731 551 1752 577 si
1766 558 1832 588 con-

1047 583 1226 646 Zgrsiiiuezriitt
1240 586 1413 620 recipiantur.
1428 587 1511 620 Episr.
1526 583 1621 614 Leonis
1633 587 1666 614 ad
1679 586 1830 613 Anatolium

1087 638 1093 648 ,
1111 622 1151 644 ιη.
1166 622 1192 644 Ξ.

1084 654 1120 680 De
1134 653 1175 681 liis
1186 654 1230 688 qui
1247 655 1432 681 hmretirornm
1449 656 1584 683 erroribus
1600 661 1670 682 metu
1686 656 1727 683 vel
1743 655 1834 682 volun-

1048 689 1294 728 tate'implicantut‘
1315 696 1343 728 _ut
1364 698 1411 728 pe_r
1429 691 1693 728 satisfactionem‘ab
1716 691 1833 728 Ecclesia

1047 724 1237 785 afﬂigimur.
1274 725 1359 759 Epist.
1394 725 1492 753 Leonis
1519 728 1552 753 ad
1577 725 1700 753 eumdetn
1731 726 1832 753 Anato-

1058 766 1110 785 ιυιῐι
1125 766 1169 785 az.

1084 794 1120 819 De
1142 794 1317 828 suscipiendis
1340 795 1447 822 clericis
1461 804 1528 830 quos
1543 795 1663 822 Bonosus
1691 800 1832 830 antequam

1048 827 1221 866 damnaretur
1234 827 1565 866 ordinasseicogno‘seitur.
1585 832 1670 866 Epist.
1685 827 1832 858 Innocentii

1050 863 1081 889 ad
1091 863 1263 901 Laurentium
1277 865 1322 901 25,
1340 865 1353 901 §
1369 865 1397 893 2.

1085 899 1161 936 Quod
1183 907 1235 936 non
1251 899 1425 927 admittuntur
1439 901 1472 928 ad
1488 901 1588 928 clerum
1607 902 1697 929 clerici
1713 902 1757 936 qui
1773 905 1835 928 situt

1049 933 1231 997 gg‘lmrgticis
1253 936 1379 963 ordinati.
1406 936 1491 971 Epist.
1518 937 1665 964 Innocentii
1687 933 1832 963 arl'liul'uut

1069 974 1094 1000 5,
1108 974 1147 996 Ill.
1161 974 1187 997 3.

1066 1039 1071 1044 ι
1085 1005 1160 1038 Quod
1175 1005 1200 1031 hi
1216 1005 1260 1040 qui
1282 1013 1297 1031 a
1319 1006 1424 1034 Bonoso
1438 1006 1562 1044 hatretico
1574 1006 1689 1034 ordinati
1704 1012 1766 1034 sunt
1779 1007 1835 1034 cle-

1050 1042 1098 1066 I'ICI
1122 1045 1263 1073 propterea
1282 1046 1343 1068 sunt
1364 1042 1462 1074 recepti
1478 1062 1485 1072 ,
1501 1050 1533 1069 tte
1548 1043 1701 1070 scandalum
1715 1045 1832 1069 senilite-

1050 1079 1093 1101 tur
1107 1074 1242 1103 Ecciesizn.
1260 1076 1343 1109 Epist.
1359 1077 1420 1104 cad.
1434 1078 1473 1103 tit.

1086 1109 1123 1146 De
1145 1110 1246 1137 Donato
1265 1111 1470 1138 Novatianorum
1491 1113 1617 1146 episcopo
1629 1117 1657 1139 et
1671 1112 1703 1138 dc
1717 1112 1833 1139 Maximo

1049 1145 1393 1184 ex_DonatistisAepiscorto,
1411 1152 1439 1173 ut
1451 1147 1521 1173 datis
1543 1147 1604 1184 tidei
1624 1147 1791 1184 snarlihellis
1807 1148 1832 1184 in

1049 1181 1217 1220 episcopatus
1240 1181 1344 1220 honore
1360 1188 1552 1220 permaneant.
1575 1183 1659 1216 Epist.
1683 1183 1780 1210 Leonis
1800 1183 1833 1209 ad

1050 1215 1192 1242 Atricanos
1206 1215 1345 1250 episcopos
1358 1217 1402 1248 69,
1419 1217 1458 1244 tit.
1473 1216 1501 1243 2,

1060 1285 1066 1290 _
1084 1250 1160 1290 Quod
1178 1251 1265 1277 omnis
1278 1251 1421 1290 _cuju~|_ihet
1431 1252 1539 1278 ordinis
1552 1251 1666 1290 clericus
1681 1252 1726 1290 qui
1739 1252 1833 1290 catho-

1049 1284 1125 1311 l-icain
1139 1285 1265 1313 desu-rens
1278 1284 1410 1314 haéreticte
1423 1295 1452 1314 se
1464 1288 1645 1314 communioni
1660 1284 1795 1314 miscuerit
1807 1288 1834 1314 in

1048 1328 1081 1357 eo
1094 1321 1177 1357 gradu
1199 1321 1227 1357 in
1244 1329 1297 1357 quo
1311 1327 1376 1357 erat
1397 1322 1456 1349 sine
1477 1323 1644 1357 promotione
1668 1329 1833 1356 permaneat.

1048 1355 1134 1390 Epist.
1146 1355 1243 1383 Leonis
1258 1356 1291 1383 ad
1305 1356 1459 1384 Ianuarium
1473 1355 1673 1390 Aquileienseut
1685 1356 1730 1384 64.

1085 1390 1123 1417 De
1138 1390 1179 1418 his
1193 1392 1237 1425 qui
1258 1391 1446 1419 hereticorum
1471 1392 1609 1419 erroribus
1630 1398 1701 1420 metu
1725 1393 1764 1419 vel
1789 1399 1836 1419 vo-

1049 1425 1150 1453 luntate
1175 1426 1347 1460 implicantur
1361 1432 1390 1453 ut
1406 1434 1454 1461 per
1471 1427 1679 1454 satisfactionem
1694 1428 1728 1454 ab
1743 1427 1836 1454 Eccle-

1048 1462 1088 1487 sia
1101 1462 1289 1495 suscipiantur,
1303 1467 1330 1489 et
1340 1467 1369 1489 ut
1383 1462 1572 1490 hmreticorum
1585 1462 1692 1489 nomina
1704 1464 1737 1488 ad
1751 1463 1836 1490 altare

1050 1504 1102 1523 non
1115 1497 1270 1523 rccitentur.
1286 1497 1372 1532 Epist.
1387 1497 1484 1525 Leonis
1495 1498 1529 1525 ad
1541 1498 1693 1525 Anatolium
1705 1498 1836 1525 Constan-

1050 1532 1252 1564 tinopolitattum
1264 1533 1309 1560 52.

1084 1566 1123 1594 De
1142 1568 1269 1594 memoria
1286 1568 1345 1603 epis
1361 1568 1405 1602 0pi
1423 1568 1535 1596 Joannis
1550 1568 1577 1595 in
1598 1567 1702 1596 laudem
1720 1568 1792 1602 ﬁdei,
1808 1573 1837 1595 et

1046 1604 1182 1629 mentione
1205 1603 1420 1636 prmvaricatoris
1444 1604 1544 1631 Acacii.
1570 1604 1651 1631 Sacra
1678 1604 1774 1631 Justini
1801 1603 1834 1630 ad

1047 1637 1218 1664 Ilurmisdatn
1233 1645 1329 1672 papam
1344 1639 1389 1666 88.

1343 1693 1491 1722 TITULUS
1512 1694 1543 1722 V.

1061 1738 1098 1765 De
1112 1739 1256 1766 nominibus
1269 1738 1444 1766 Izwreticorum
1458 1740 1493 1766 ad
1507 1740 1590 1766 altare
1602 1747 1653 1766 non
1669 1739 1817 1766 recitandir.

1081 1795 1157 1829 Quod
1172 1795 1360 1823 ltzereticorum
1376 1796 1484 1823 nomina
1497 1797 1532 1823 ad
1552 1796 1636 1823 altare
1650 1803 1703 1823 nort
1719 1795 1833 1823 reciten-

1049 1835 1101 1857 tur.
1121 1831 1196 1866 Epist
1226 1832 1324 1858 Leottis
1339 1832 1372 1858 ad
1383 1832 1538 1859 Anatolium
1550 1830 1596 1865 49,
1609 1832 1649 1860 tit.
1664 1831 1691 1859 5.

1084 1866 1117 1894 Ut
1133 1867 1286 1901 specialiter
1310 1867 1336 1894 iit
1358 1867 1470 1894 ecclesia
1487 1874 1583 1894 nomen
1601 1872 1719 1894 taceatur
1734 1866 1834 1893 Acacii.

1046 1901 1131 1963 Epist.
1170 1902 1306 1929 Anastasii
1330 1902 1373 1936 ad
1402 1903 1572 1930 Anastasiunt
1601 1903 1750 1937 Augustum
1778 1901 1834 1934 84,

1058 1945 1064 1963 ι
1081 1957 1086 1963 .
1101 1945 1128 1963 a.

1338 1981 1486 2009 TITUIJJS
1507 1981 1549 2008 VI.

1249 2026 1286 2053 Dc
1300 2027 1404 2061 scriptis
1416 2027 1507 2062 graliw
1521 2031 1544 2053 et
1560 2028 1640 2062 pacis.

1085 2083 1120 2110 De
1136 2083 1245 2117 scriptis
1258 2083 1351 2117 gratias
1375 2087 1402 2110 et
1425 2083 1508 2116 pacis.
1529 2082 1614 2116 Epist.
1637 2082 1783 2109 Innocentii
1804 2083 1836 2109 ad

1047 2119 1186 2145 Aurelium
1198 2124 1225 2145 et
1243 2118 1391 2152 Augustum
1405 2119 1449 2145 15.

1047 2189 1055 2216 ι
1084 2154 1237 2217 lloirsatoria
1261 2151 1375 2188 epistola
1399 2152 1545 2181 Innocentii
1560 2151 1592 2179 ad
1605 2152 1737 2181 Julianam
1761 2152 1836 2179 nobi-

1057 2197 1100 2217 em
1153 2207 1160 2215 .

1013 2223 1036 2252 D
1088 2225 1125 2251 De
1148 2231 1212 2258 pace
1238 2223 1283 2251 tibi
1303 2225 1446 2259 episcopus
1466 2228 1493 2251 et
1508 2223 1647 2259 presbyter
1664 2223 1837 2257 contpresby-

1050 2262 1099 2286 teri
1115 2260 1250 2286 dicuntur.
1278 2260 1362 2294 Epist.
1378 2260 1523 2287 Innocentii
1538 2260 1570 2286 ad
1583 2260 1764 2286 Alexandrum
1785 2259 1837 2284 An-

1050 2295 1202 2322 tiochenttnt
1220 2295 1264 2322 ΞΟ.
1480 2322 1482 2325 ,

1088 2330 1125 2357 De
1149 2337 1214 2363 pace
1234 2335 1262 2357 et
1285 2330 1445 2362 quihusdam
1472 2329 1599 2357 fratribus
1609 2329 1736 2364 receptis.
1752 2328 1835 2363 Epist.

1052 2365 1197 2392 Innocentii
1210 2366 1243 2391 ad
1258 2366 1440 2393 Alexandrum
1454 2366 1499 2392 22.

1086 2401 1124 2428 De
1147 2406 1241 2427 sancto
1263 2400 1367 2428 Joanne
1391 2401 1686 2435 Constantinopolitano
1711 2400 1837 2435 episcopo

1050 2443 1081 2463 ex
1090 2436 1241 2498 receptam
1252 2436 1371 2464 fratrum.
1388 2437 1471 2471 Epist.
1483 2436 1516 2463 ad
1528 2437 1653 2463 Acacium
1666 2436 1772 2462 Beroea:
1783 2442 1839 2467 cpt-

1050 2479 1162 2498 scouum
1216 2493 1221 2498 .

1050 2479 1162 2504 scopum
1177 2479 1221 2498 zu.

1088 2503 1126 2534 De
1137 2507 1370 2535 catumendatione
1385 2507 1482 2534 Iuliani
1493 2507 1610 2541 episcopi
1626 2506 1666 2533 rel
1679 2512 1771 2541 eorum
1783 2503 1838 2530 cle-

1051 2543 1167 2569 riCorunt
1182 2542 1227 2577 qui
1244 2542 1370 2569 Flaviano
1391 2540 1517 2577 episcopo
1540 2543 1565 2568 in
1580 2541 1644 2577 Fide
1658 2540 1839 2566 adhaeserunt.

1052 2578 1136 2611 Epist.
1154 2575 1250 2604 Leuius
1266 2579 1299 2604 ad
1316 2575 1469 2605 Anatolunt
1483 2575 1528 2608 219,
1544 2577 1584 2602 tit.
1599 2575 1626 2602 4.

1089 2613 1125 2639 De
1137 2613 1303 2639 Antiochena
1318 2613 1430 2640 ecclesia
1446 2616 1473 2638 et
1486 2610 1615 2637 memoria
1630 2609 1716 2641 sancti
1729 2609 1842 2637 Joannis

1052 2653 1080 2676 et
1092 2647 1250 2681 quibusdam
1266 2648 1391 2674 lratribus
1403 2646 1529 2679 receptis.
1545 2645 1631 2680 Epist.
1648 2645 1793 2673 Innocentii
1808 2644 1841 2671 :td

1053 2684 1217 2710 Bonitaciuru
1235 2683 1420 2716 presbyterum
1434 2681 1476 2709 l9.

1090 2718 1128 2745 De
1139 2715 1323 2751 gratulatione
1329 2717 1389 2744 ﬁdei
1405 2717 1495 2744 missis
1506 2716 1612 2752 scriptis
1623 2716 1744 2751 probata.
1756 2715 1840 2749 Epist.

1055 2752 1153 2780 Leonis
1167 2753 1199 2779 ad
1213 2752 1365 2780 Anatolium
1373 2752 1426 2785 49,
1438 2752 1479 2780 tit.
1497 2753 1520 2779 I.

1093 2788 1131 2816 De
1145 2795 1209 2822 pace
1221 2788 1405 2816 ecclesiarum.
1421 2789 1506 2822 Epist.
1519 2787 1607 2816 Acacii
1619 2786 1841 2821 Constantinopo-

1056 2826 1129 2851 Iitaui
1145 2824 1177 2851 ad
1192 2824 1357 2858 Simplicium
1375 2824 1448 2851 urbis
1464 2824 1555 2851 liouttc
1568 2823 1720 2856 episcopum
1734 2823 1778 2848 78.

1095 2859 1130 2886 Dc
1156 2856 1323 2894 antplciiom
1347 2859 1484 2887 cliuritatis
1499 2863 1524 2887 ct
1539 2858 1771 2887 commendatione
1791 2856 1828 2883 Te
