4072 6176
410 334 3697 414 Emi—2%

901 493 2130 646 GRKECORUM
2200 505 3216 668 CONCILIA.

1358 1056 2020 1160 CONCILIUM
2098 1075 2682 1166 NIC/ENUM

410 1228 580 1281 QUOD
629 1229 921 1272 ΗΔΒΙΤΗΜ
977 1229 1090 1270 EST
1134 1230 1536 1278 TBMPORIBUS
1591 1239 1984 1284 CONSTLNTiN

2091 1245 2531 1306 MPERATORIS,
2582 1254 2661 1294 ΑΒ
2724 1255 3038 1300 εριεοοριε
3091 1261 3437 1308 TBECENTIS
3477 1267 3686 1313 DECEM

491 1309 571 1352 ΕΤ
621 1308 826 1362 οετο,
865 1307 930 1349 IN
984 1307 1286 1352 CIVITATE
1341 1314 1541 1358 NICEA
1587 1320 1948 1363 METBOPOLI

2091 1325 2354 1388 ΓΗΥΝΙΑΒ,
2386 1330 2656 1375 ΡΑυιιΝο
2699 1334 2779 1375 ΕΓ
2821 1335 3087 1380 -ΙυιίΔΝΟ
3133 1307 3686 1390 οοιιδυιιυυὲίξιῖἦ

483 1387 821 1437 κιιεκυλε
880 1387 1098 1435 ιυιιλε
1160 1390 1298 1436 EBA
1347 1393 1626 1440 CCCLX".

482 1515 612 1582 1-2
641 1512 775 1566 Cum
817 1514 1159 1568 COlH'cniSSt'l
1210 1515 1311 1570 ltoc
1346 1529 1589 1574 sanctum
1639 1532 1694 1576 et
1743 1540 1991 1595 magnum
2022 1526 2329 1599 Anamque
2386 1534 2518 1588 solis
2562 1537 2806 1603 personis
2853 1546 2906 1591 et
2956 1537 3145 1594 borum
3209 1543 3474 1600 similibus
3513 1528 3688 1608 omnis

405 1603 913 1668 concilium-‘apud
968 1604 1198 1658 Nicaeam
1250 1608 1517 1664 civitatem
1571 1614 1865 1680 provinciae
1915 1615 2000 1669 Bi-

409 1696 630 1765 thynia,
674 1704 877 1748 statuta
925 1706 1045 1748 sunt
1075 1697 1142 1750 ab
1181 1697 1258 1752 eis
1309 1698 1424 1754 haec
1453 1718 1572 1770 quae
1621 1704 1755 1758 intra
1799 1707 1997 1780 scripta

409 1795 554 1854 sunt,
583 1801 648 1842 ex
679 1786 871 1841 Graeco
903 1787 954 1839 in
984 1784 1229 1840 Latinum
1259 1804 1415 1843 versa
1447 1805 1777 1848 sermonem.

648 1879 689 1931 Ι.
732 1878 810 1932 De
837 1880 1084 1932 eunuchis
1115 1881 1203 1950 qui
1243 1885 1436 1949 seipsos
1465 1885 1758 1940 abscidunt.

477 1971 536 2027 Si
562 1972 683 2042 quis
709 1973 763 2026 in
789 1971 1108 2042 aegritudine
1139 1975 1217 2028 vel
1247 1990 1275 2027 a
1308 1976 1528 2032 medicis
1557 1990 1736 2033 sectus
1756 1990 1838 2034 est
1864 1983 1942 2037 vel
1966 1997 1995 2037 a

405 2069 654 2122 barbaris
701 2077 968 2122 castratus
996 2078 1103 2130 est,
1145 2070 1341 2136 placuit
1390 2081 1448 2125 ut
1488 2074 1588 2126 iste
1635 2074 1755 2128 talis
1789 2091 1997 2147 perma—

404 2171 534 2216 neat
561 2161 588 2199 ι’
624 2163 676 2214 in
707 2162 855 2215 clero
883 2176 898 2215 ;
925 2160 969 2214 si
1000 2163 1118 2230 quis
1144 2172 1320 2218 autem
1354 2180 1520 2219 sanus
1549 2168 1786 2234 seipsum
1821 2172 1998 2224 absci—

404 2252 510 2316 dit,
547 2254 706 2305 etiam
739 2251 782 2305 si
828 2261 911 2305 est
956 2252 1006 2304 in
1039 2253 1207 2317 clero,
1240 2269 1453 2310 erssare
1485 2257 1664 2323 debet,
1697 2271 1751 2314 et
1798 2277 1862 2315 ex
1896 2261 1998 2317 hoc

407 2345 617 2396 nullum
652 2344 808 2396 talem
853 2353 1063 2411 oportet
1095 2345 1330 2399 ordinari
1359 2362 1374 2400 :
1401 2347 1540 2401 sicut
1579 2359 1755 2404 autem
1805 2353 1872 2410 de
1912 2353 1996 2409 his

410 2437 506 2506 qui
533 2436 617 2489 vel
647 2435 1020 2490 aﬂ‘ectaverunt
1053 2436 1133 2490 vel
1165 2437 1281 2492 ausi
1305 2450 1425 2492 sunt
1457 2441 1663 2510 seipsos
1692 2443 1993 2513 abscidere,

411 2530 532 2583 haec
558 2544 678 2597 qua:
704 2528 930 2582 diximus
955 2537 1150 2583 statuta
1183 2540 1328 2598 sunt,
1355 2533 1422 2584 ita
1457 2535 1499 2587 si
1531 2535 1621 2603 qui
1653 2546 1675 2574 ο
1702 2536 1786 2592 vel
1813 2552 1841 2590 a
1874 2539 1998 2593 bar-

404 2623 555 2677 baris
588 2623 669 2675 vel
702 2637 730 2674 a
761 2621 990 2675 dominis
1027 2623 1137 2675 suis
1169 2623 1292 2676 [acri
1330 2633 1474 2692 sunt,
1506 2638 1559 2681 et
1589 2627 1879 2696 probabilis
1919 2632 1996 2685 vi-

402 2723 473 2766 ta:
499 2719 622 2765 sunt
648 2709 698 2776 ~‘,
733 2713 868 2766 tales
899 2714 997 2766 bos
1041 2715 1264 2783 suscipit
1305 2718 1675 2774 ecclesiastica
1717 2723 1898 2796 regula
1928 2723 1993 2779 ad

401 2803 633 2856 clerum.

476 2918 538 2973 ll.
581 2917 657 2972 De
689 2918 770 2972 Itis
798 2919 882 2990 qui
929 2929 1040 2988 post
1070 2919 1322 2984 baptisma
1359 2931 1382 2958 θ
1414 2926 1584 2977 statim
1627 2927 1693 2979 ad
1730 2927 1920 2986 clerum

1001 2993 1326 3060 applicantur
1353 2991 1396 3044 ί.

473 3079 741 3146 Quoniam
793 3079 960 3133 multa
1012 3080 1127 3134 sive
1171 3095 1264 3149 per
1310 3085 1684 3139 necessitatem
1714 3096 1738 3133 ε
1767 3088 1881 3142 sive
1921 3105 1987 3142 ex

404 3185 723 3238 quacunque
750 3185 909 3224 causa
941 3180 1126 3225 contra
1168 3174 1408 3242 regulam
1439 3188 1587 3244 gesta
1631 3191 1775 3244 sunt,
1812 3180 1886 3234 ita
1936 3188 1995 3233 ut

402 3263 650 3315 homines
680 3277 744 3315 ex
775 3261 880 3314 vita
913 3261 1098 3330 gentili
1125 3278 1296 3332 nuper
1318 3264 1493 3319 adhuc
1521 3267 1877 3321 catecbizatih
1908 3270 1991 3324 vel

401 3353 630 3410 instituti
673 3353 855 3410 statim
887 3353 953 3408 ad
993 3353 1289 3420 spiritalem
1341 3355 1663 3424 baptismum
1694 3359 1989 3422 venissent,

405 3455 462 3504 et
494 3446 747 3500 continuo
779 3460 899 3500 cum
950 3447 1200 3513 baptizati
1246 3455 1370 3500 sunt
1417 3449 1578 3503 etiam
1612 3449 1679 3504 ad
1725 3451 1991 3519 episcopa~

403 3546 515 3590 tum
544 3540 625 3592 vel
655 3539 721 3592 ad
755 3538 1146 3607 presbyterium
1184 3541 1422 3608 provecti
1464 3550 1609 3607 sunt,
1646 3551 1793 3598 recte
1831 3543 1990 3608 igitur

399 3626 573 3680 visum
600 3636 682 3680 est
713 3626 778 3680 de
814 3637 1012 3681 caetero
1041 3627 1172 3680 nihil
1206 3630 1313 3683 tale
1343 3629 1456 3682 ﬁeri
1483 3646 1496 3690 ;
1520 3644 1643 3683 nam
1675 3639 1729 3684 et
1752 3640 1991 3698 tempore

398 3732 539 3788 opus
578 3728 658 3773 est
705 3727 761 3771 ut
807 3719 878 3772 sit
930 3721 1366 3783 catechumenus,
1401 3730 1457 3775 et
1502 3731 1621 3790 post
1668 3723 1989 3790 baptismum

399 3810 568 3863 multa
600 3810 912 3877 probatione
954 3810 1176 3880 indiget.
1214 3811 1444 3868 Evidens
1475 3826 1702 3881 namque
1748 3821 1830 3868 est
1859 3828 1991 3882 apo-

398 3905 650 3961 stolicum
708 3917 1031 3976 praeceptum
1083 3908 1310 3964 dicens:
1345 3908 1468 3965 Non
1525 3909 1872 3981 aeophytum,
1929 3929 1992 3967 ne

399 3997 530 4066 forte
559 3997 724 4051 elatus
754 3996 807 4049 in
819 3996 1079 4067 judicium
1108 3998 1301 4052 incidat
1331 4006 1378 4054 ct
1413 3999 1655 4068 laqueum
1686 4001 1898 4055 diaboli.
1939 4001 1993 4058 Si

396 4103 527 4142 vero
545 4089 889 4157 praecedente
917 4103 1159 4159 tempore
1183 4091 1408 4148 mortale
1429 4092 1629 4160 aliquid
1655 4093 1928 4150 admiserit
1949 4092 1992 4164 ί,

397 4187 450 4234 et
479 4181 762 4233 convictus
803 4180 1010 4235 duobus
1039 4183 1121 4237 vel
1152 4182 1322 4238 tribus
1354 4182 1578 4238 testibus
1605 4181 1786 4250 fuerit,
1819 4200 1995 4240 cessa-

2098 1636 2217 1689 qute
2249 1639 2313 1678 ex
2343 1625 2654 1680 mulieribus
2700 1640 2780 1681 est
2827 1631 3059 1696 suspicio
3101 1633 3418 1690 declinatur.
3453 1637 3551 1702 Qui
3591 1655 3688 1696 au-

2100 1722 2204 1768 tem
2235 1729 2428 1784 prmter
2460 1717 2573 1771 tunc
2601 1720 2727 1787 agit,
2762 1722 3145 1788 periclitabitur
3176 1724 3243 1780 de
3268 1728 3413 1782 clero
3443 1746 3562 1786 suo.

2320 1807 2407 1861 IV.
2456 1808 2690 1876 Qualiter
2710 1811 2936 1880 episcopi
2968 1814 3180 1868 debeant
3223 1817 3471 1872 ordinari.

2171 1899 2493 1968 Episcopum
2541 1911 2755 1970 oportet
2784 1903 2851 1957 ab
2878 1906 3131 1961 omnibus
3159 1908 3447 1977 episcopis,
3480 1913 3524 1967 si
3574 1912 3686 1972 ﬁeri

2099 2003 2292 2061 potest,
2322 1995 2411 2060 qui
2442 2003 2566 2047 sunt
2597 1995 2646 2048 in
2680 1997 2956 2064 provincia
2981 1998 3094 2067 ejus
3119 2001 3385 2068 ordinari;
3409 2004 3458 2075 3
3485 2005 3528 2058 si
3559 2021 3686 2063 vero

2104 2088 2204 2142 ilOC
2235 2088 2453 2146 dillicile
2484 2086 2642 2144 fuerit
2672 2092 2751 2143 vel
2785 2102 3002 2160 urgente
3045 2098 3362 2150 necessitate
3393 2098 3476 2152 vel
3524 2099 3685 2156 itine-

2097 2183 2174 2235 ris
2229 2179 2581 2254 longitudine,
2631 2194 2776 2237 certe
2834 2192 2942 2239 tres
2997 2187 3232 2255 episcopi
3284 2186 3569 2242 debeantk
3633 2192 3685 2248 in

2100 2289 2262 2327 unum
2311 2289 2431 2330 esse
2462 2276 2806 2348 congregati;
2853 2276 2922 2330 ita
2973 2285 3033 2330 ut
3060 2276 3219 2331 etiam
3247 2287 3557 2333 caaterorum
3597 2283 3685 2352 qui

2098 2369 2348 2424 absentes
2378 2376 2502 2422 sunt
2547 2382 2870 2425 consensum
2901 2368 3090 2424 litteris
3121 2378 3357 2438 teneant,
3406 2380 3476 2426 ειη
3505 2372 3574 2428 ita
3611 2372 3686 2428 fa-

2097 2461 2240 2515 ciant
2282 2460 2697 2516 ordinationem.
2749 2461 2992 2518 Potestas
3041 2477 3170 2516 sane
3221 2464 3303 2518 vel
3351 2463 3686 2524 conﬁrmatio

2099 2551 2385 2620 pertinebit
2408 2568 2502 2621 per
2522 2553 2756 2622 singulas
2786 2555 3086 2621 provincias
3108 2554 3174 2608 ad
3206 2555 3684 2626 metrOpolitauutn

2098 2642 2427 2718 episcopum.

2279 2737 2339 2790 V.
2385 2734 2461 2790 De
2489 2739 2935 2791 excommunicatis
2965 2737 3162 2791 clericis
3205 2740 3309 2792 sive
3337 2739 3505 2794 laicis.

2168 2826 2423 2881 Servetur
2450 2835 2506 2881 et
2554 2827 2653 2881 ista
2684 2829 2972 2897 sententia,
3019 2838 3074 2881 ut
3124 2829 3176 2884 hi
3220 2830 3308 2898 qui
3339 2829 3406 2884 ab
3443 2830 3560 2886 aliis
3591 2844 3685 2887 ex-

2027 2905 2070 2964 Β
2100 2918 2566 2974 communicantur
2593 2918 2660 2971 ab
2702 2918 2818 2972 aliis
2844 2918 2910 2973 ad
2939 2921 3369 2975 communionem
3403 2938 3507 2976 non
3547 2925 3687 2980 reci-

2096 3011 2330 3078 piantur.
2360 3010 2680 3079 Requiratur
2711 3027 2863 3075 sane,
2898 3028 2965 3067 ne
2995 3012 3129 3067 forte
3169 3014 3260 3082 qui
3288 3030 3352 3070 ex
3393 3015 3571 3084 aliqua
3603 3019 3686 3070 iu-

2093 3102 2400 3169 dignatione
2447 3102 2612 3156 animi
2661 3111 2754 3155 aut
2802 3105 3145 3159 contentione
3192 3113 3282 3158 aut
3312 3105 3551 3175 qualibet
3591 3107 3681 3164 tali

2093 3193 2451 3246 commotione
2471 3196 2734 3248 stomachi
2763 3195 2995 3262 episcopi
3018 3198 3097 3250 sui
3126 3199 3681 3254 excommunicationi:

2091 3283 2326 3337 abstenti
2365 3290 2509 3338 sunt.
2545 3280 2613 3339 Ut
2643 3299 2768 3353 ergo
2799 3284 2956 3354 digna
3005 3288 3121 3342 tunc
3152 3289 3359 3354 possint
3408 3292 3684 3344 examina-

2094 3373 2240 3428 tione
2267 3373 2520 3439 perquiri,
2553 3383 2698 3427 recte
2728 3374 2897 3426 visum
2947 3383 3050 3442 est,
3087 3392 3180 3442 per
3222 3378 3461 3447 singulos
3493 3393 3666 3434 annos

2094 3463 2146 3520 in
2175 3463 2397 3532 singulis
2426 3463 2625 3530 quibus
2647 3479 2730 3530 lue
2763 3464 3049 3532 provinciis
3082 3465 3160 3520 bis
3209 3466 3261 3520 in
3310 3481 3450 3520 anno
3481 3468 3680 3536 episco-

2094 3568 2284 3623 porum
2317 3555 2603 3608 caucilium
2631 3555 2766 3620 tieri,
2800 3563 2856 3610 ut
2890 3555 3048 3612 simul
3082 3557 3134 3610 in
3163 3572 3324 3614 unum
3358 3559 3684 3615 convenien-

2095 3656 2173 3704 tes
2203 3662 2266 3702 ex
2318 3647 2462 3699 Omni
2514 3647 2803 3716 provincia,
2841 3649 3146 3716 hujnsmodi
3180 3650 3491 3706 exatnineut
3535 3666 3683 3720 qtae.

2093 3738 2295 3794 Stiones
2326 3755 2340 3791 :
2375 3748 2432 3790 ut
2490 3739 2561 3792 ita
2613 3739 2824 3792 demum
2857 3741 2908 3793 lii
2942 3742 3032 3810 qui
3073 3740 3141 3800 ob
3171 3742 3354 3810 culpas
3405 3756 3531 3795 suas
3562 3742 3678 3812 epi-

2095 3844 2378 3896 scoporum
2432 3845 2653 3884 suorum
2727 3830 2961 3888 ollensas
3016 3832 3208 3887 merito
3258 3844 3681 3903 contraxerunt,

2095 3919 2252 3988 digne
2279 3919 2440 3973 etiam
2491 3934 2518 3970 a
2550 3920 2763 3976 caeteris
2814 3923 3260 3979 excommunicati
3305 3926 3555 3982 similiter
3585 3926 3682 3980 ha-

2100 4009 2350 4074 beantur,
2384 4023 2662 4080 quousque
2693 4009 2744 4061 in
2774 4014 3150 4068 communione
3174 4015 3257 4068 vel
3287 4013 3404 4085 ipso
3430 4018 3684 4087 episcopo

2098 4107 2200 4148 suo
2230 4095 2406 4149 visum
2451 4093 2618 4150 fuerit
2646 4096 3023 4150 humaniorem
3061 4100 3207 4152 circa
3239 4117 3334 4159 eos
3373 4103 3511 4158 ferre
3541 4121 3670 4159 sen-

2100 4186 2350 4244 tentiam.
2399 4186 2677 4244 Habentur
2731 4197 2914 4243 autem
2962 4189 3254 4244 concilium
3316 4195 3487 4246 semel
3547 4203 3673 4252 ante

397 4270 477 4328 bit
515 4286 544 4322 a
588 4271 734 4324 clero
763 4271 854 4339 qui
910 4271 1216 4341 bujusmodi
1244 4280 1365 4338 est;
1398 4272 1442 4328 si
1493 4274 1610 4343 quis
1637 4290 1767 4330 vero
1798 4287 1994 4346 praeter
2018 4281 2065 4341 ο
2099 4276 2217 4338 dies
2253 4278 2693 4350 Quadragesima:
2717 4319 2730 4343 ,
2784 4293 2840 4338 ut
2881 4282 3138 4340 omnibus
3184 4283 3228 4335 si
3281 4298 3402 4352 qua:
3430 4293 3556 4337 sunt
3598 4285 3672 4338 si-

399 4361 516 4416 bine
545 4361 694 4427 facit,
739 4372 988 4432 tanquam
1015 4363 1285 4417 contraria
1319 4365 1532 4428 statutis
1575 4367 1746 4421 sancti
1775 4366 1989 4423 concilii

407 4469 618 4522 gerens,
651 4455 814 4508 etiam
868 4457 982 4525 ipse
1022 4455 1408 4526 periclitabitur
1437 4457 1504 4513 de
1537 4467 1677 4513 statu
1710 4460 1791 4518 sui
1834 4461 1985 4518 cleri.

698 4569 786 4628 ΙΙΙ.
829 4569 908 4624 De
935 4571 1338 4632 subintroductis
1361 4572 1680 4634 mulieribus.

466 4683 835 4741 Omnismodis
867 4686 1137 4741 interdicit
1180 4700 1361 4742 sancta
1390 4690 1627 4759 synodus
1669 4707 1842 4763 neque
1870 4693 1987 4763 epi-

396 4787 584 4844 scopo,
613 4790 784 4845 neque
828 4776 1168 4848 presbytero,
1202 4793 1374 4848 neque
1415 4781 1664 4849 diacono,
1692 4798 1862 4853 neque
1891 4786 1985 4840 ulli

397 4863 716 4920 clericorum
768 4868 988 4924 omnino
1045 4869 1207 4924 licere
1265 4871 1502 4938 permitti
1551 4873 1748 4929 habere
1803 4891 1984 4931 secum

399 4957 679 5012 mulierem
710 4968 1045 5026 extraneam,
1075 4961 1175 5015 nisi
1223 4960 1360 5016 forte
1400 4974 1571 5020 mater
1599 4976 1688 5019 aut
1718 4982 1870 5022 soror
1896 4977 1989 5022 aut

405 5045 579 5115 tbial,
630 5049 682 5103 id
728 5059 811 5106 est
862 5051 944 5106 vel
975 5054 1138 5106 amita
1190 5054 1273 5108 vel
1327 5067 1614 5114 matertera
1665 5060 1776 5113 sit:
1809 5061 1859 5114 in
1905 5061 1989 5116 bis

403 5273 438 5328 ι.
472 5211 497 5239 ο
521 5203 747 5324 ιιῖιιῐι,
766 5206 957 5268 desunt
987 5207 1114 5266 folia
1142 5212 1406 5282 integrum
1431 5212 1530 5270 hoc
1554 5215 1836 5272 concilium
1857 5229 1990 5272 con-

427 5289 548 5328 men
581 5292 649 5328 ta.

427 5289 649 5328 meum.

472 5344 497 5382 δ
657 5346 734 5419 Ε.
758 5349 812 5408 3,
839 5347 930 5413 U.,
962 5350 1057 5403 iste
1086 5365 1403 5419 permaneat.

472 5428 495 5486 εἶ
527 5417 616 5479 U.,
650 5417 720 5470 ita
750 5422 855 5486 qui.

473 5482 497 5519 ἀ
614 5487 664 5560 14,
687 5486 742 5560 2,
762 5482 857 5560 Ω..
889 5499 936 5542 et
964 5492 1248 5560 probabiles
1279 5494 1393 5546 ritw
1422 5510 1527 5546 sua'
1555 5497 1855 5551 exstiterint.

474 5563 498 5588 ε
524 5555 582 5610 In
612 5558 897 5614 (Iudicibus
931 5555 1240 5617 constanter
1286 5565 1476 5628 legitur
1511 5565 1781 5624 babtismu.
1827 5568 1989 5620 babti-

416 5631 1217 5702 unus,babtizare,rebabtizare
1239 5649 1432 5702 ;quam
1461 5635 1732 5690 St'l‘ii"Clldl
1759 5636 1987 5692 formant

418 5711 481 5748 ex
502 5698 806 5756 litterarum
827 5706 991 5758 unius
1013 5704 1203 5774 organi
1223 5698 1469 5775 analogia
1497 5709 1846 5775 repetendam
1869 5723 1990 5762 (cn-

2101 4370 2421 4426 multatibus
2466 4371 2760 4442 amputatis
2782 4410 2797 4436 ,
2829 4372 3091 4426 mundum
3135 4374 3379 4428 solemne
3410 4374 3518 4429 Deo
3553 4392 3671 4436 mu—

2101 4478 2208 4518 nus
2243 4464 2416 4533 possit
2447 4463 2667 4530 oli‘erri;
2703 4465 3008 4521 secundum
3052 4481 3181 4522 vero
3216 4467 3510 4524 concilium
3543 4485 3671 4534 aga-

2101 4559 2192 4608 tur
2219 4554 2361 4608 circa
2399 4562 2610 4622 tempus
2644 4555 2918 4609 autumni.

2040 4670 2045 4677 '
2107 4664 2190 4720 VI.
2237 4664 2312 4720 De
2344 4663 2657 4730 primatibus
2713 4665 3080 4732 episcoporum
3119 4663 3669 4732 metropolitanorum.

2171 4765 2286 4820 Mos
2321 4767 2582 4834 antiquus
2626 4765 2880 4833 perduret
2931 4767 2984 4818 in
3030 4765 3264 4834 Egypto
3292 4766 3374 4820 vel
3409 4766 3570 4836 Libya
3614 4777 3668 4822 et

2102 4858 2887 4926 Petitapoli,utAlexandrinus
2902 4859 3190 4928 episcopus
3212 4859 3405 4916 borum
3429 4859 3670 4912 omnium

2043 4948 2048 4955 ’
2101 4949 2299 5004 habeat
2344 4957 2702 5017 potestatem,
2758 4950 3015 5018 quoniam
3066 4950 3284 5017 quidem
3335 4958 3388 5003 et
3424 4948 3669 5002 Itoniano

2101 5045 2360 5111 episcopo
2411 5042 2513 5098 boc
2561 5041 2703 5100 idem
2742 5043 2909 5100 moris
2941 5048 3044 5102 est.
3099 5041 3362 5096 Similiter
3393 5047 3574 5096 autem
3615 5049 3669 5096 et

2103 5216 2319 5322 “lingit
2349 5271 2462 5330 ΑΒ..
2495 5271 2551 5323 Ε.
2578 5273 2630 5324 5.
2665 5271 2722 5322 In
2757 5269 2819 5319 Α.
2854 5274 2906 5319 et
2937 5267 3164 5336 reliqms
3189 5281 3202 5318 :
3231 5265 3667 5332 applicabuntur.

2174 5343 2200 5379 ⁸
2243 5342 2332 5403 U.,
2367 5360 2463 5406 pro
2495 5341 2823 5393 necessitate.

2172 5411 2197 5448 ιι
2244 5413 2332 5474 υ,,
2365 5405 2529 5477 nuper
2558 5407 2891 5477 calce/rizati.
2923 5405 2979 5460 ltt
3009 5407 3300 5460 Cedit-ibus
3329 5425 3340 5458 :
3366 5406 3672 5460 catazizati.

2179 5481 2193 5518 ί
2239 5482 2355 5540 ΛΞ..
2389 5475 2448 5531 Εζ
2473 5480 2526 5540 5,
2554 5478 2616 5530 Τ.
2645 5476 2698 5539 2,
2729 5475 2814 5540 U.,
2841 5478 3056 5544 aliquod
3079 5491 3345 5544 peccatum
3368 5477 3667 5530 admiserit.

2175 5549 2188 5596 i
2242 5551 2315 5604 Ex
2351 5550 2577 5616 reliquis
2601 5546 2900 5616 dcsumptae
2929 5559 3054 5603 sunt
3087 5562 3247 5602 voces
3283 5557 3374 5600 aut
3407 5546 3514 5599 thin
3545 5561 3671 5606 cum

2103 5621 2284 5676 desint
2322 5623 2374 5673 in
2409 5620 2471 5668 Α.

2176 5691 2197 5728 ¹ί
2242 5691 2352 5754 Ᾱῧη
2393 5689 2449 5743 Ε.
2487 5691 2540 5752 5,
2581 5688 2672 5752 U.,
2712 5692 2915 5744 debent.
