4048 6182
398 270 469 325 95
1106 265 1484 323 COLLECTIO
1521 266 1851 325 CANONUM
1888 270 1947 323 S.
1991 266 2262 326 [SIDORO
2301 269 2567 326 IllSPAL.
2605 268 2959 329 ASCRIPTA.
3603 275 3665 328 εῖῡ

394 388 537 449 apud
580 381 919 437 Antiochiam
951 388 1280 453 caatcrasque
1311 381 1617 451 provincias
1648 381 1821 435 honor
1850 396 1978 436 suus
2007 386 2056 445 Α
2084 382 2283 451 cordia,
2315 394 2490 441 tamen
2533 384 2727 454 aliquid
2759 384 2901 439 circa
2941 399 3036 439 eos
3056 384 3403 441 humanitatis
3437 390 3671 445 ostendi.

395 476 681 545 unicuique
706 486 952 533 servetur
995 477 1269 532 Ecclesia.
1301 478 1404 531 Per
1446 475 1624 529 omnia
1658 486 1835 530 autem
1869 491 1981 529 ma-

395 566 644 621 nifestum
689 567 830 636 quod
883 568 928 623 si
980 569 1100 638 quis
1152 577 1343 636 prazter
1370 566 1699 620 voluntatem
1748 580 1802 622 et
1843 582 1977 621 con-

394 657 677 713 scientiam
728 658 1122 729 metmpolitani
1172 657 1407 726 episcoiii
1459 657 1623 713 fuerit
1672 658 1975 724 ordinatus,

399 754 501 809 hoc
525 754 814 810 concilium
858 770 1105 823 magnum
1138 764 1191 809 et
1236 765 1479 808 sanctum
1510 756 1716 809 censuit
1748 770 1853 808 non
1886 756 1980 809 de—

394 844 525 900 bere
577 840 698 900 esse
755 848 1061 915 episcopum
1096 860 1268 899 :sane
1320 845 1364 900 si
1416 845 1685 899 communi
1737 844 1974 899 omnium

392 953 658 993 consensu
703 938 1088 998 rationabiliter
1115 938 1338 1005 probato
1380 937 1673 991 secundum
1719 939 1978 992 ecclesia-

391 1030 577 1085 sticam
631 1028 887 1097 regulam,
919 1028 1130 1083 duovel
1163 1037 1274 1083 tres
1315 1029 1656 1083 animositate
1698 1030 1844 1084 ducti
1882 1044 1978 1091 per

390 1119 793 1174 contentionem
862 1119 1270 1187 contradicant,
1336 1120 1573 1174 obtineat
1628 1120 1974 1188 plurimorum

389 1208 652 1265 sententia
681 1208 1048 1265 sacerdotum.

576 1300 680 1355 VII.
724 1299 801 1356 De
834 1302 1027 1355 honore
1054 1304 1282 1373 episcopi
1310 1303 1795 1376 Hierosolymitani.

461 1390 726 1456 Quoniam
756 1407 872 1446 mos
902 1393 1149 1461 antiquus
1179 1395 1409 1448 obtinuit
1437 1405 1491 1449 et
1522 1407 1725 1449 vetusta
1759 1395 1977 1450 traditio

388 1492 447 1537 ut
474 1483 649 1545 Elim,
702 1484 753 1537 id
801 1494 886 1539 est
933 1485 1428 1557 Hierosolymorum
1480 1489 1731 1554 episcopo
1769 1487 1978 1541 defera-

390 1583 476 1628 tur
503 1586 527 1612 ι
559 1576 749 1631 habeat
794 1586 1188 1645 consequenter
1208 1576 1262 1647 ἀ,
1291 1577 1574 1642 honorem,
1618 1589 1864 1635 manente
1896 1588 1976 1635 ta-

390 1679 513 1721 men
542 1665 770 1719 civitatis
798 1666 1225 1734 metropolitanze
1252 1668 1463 1736 propria
1496 1668 1776 1739 dignitate.

875 1755 1009 1810 Vlll.
1044 1756 1122 1810 De
1151 1756 1479 1812 Noeatianis.

464 1847 518 1904 Si
552 1848 639 1917 qui
686 1850 949 1904 voluerint
986 1850 1166 1905 venire
1196 1852 1260 1904 ad
1312 1851 1603 1905 Ecclesiam
1654 1852 1973 1907 catholicam

389 1955 457 1995 ex
486 1939 818 2011 Novatianis,
852 1941 1052 2011 placuit
1077 1952 1262 1996 sancto
1292 1940 1520 1997 concilio
1546 1953 1601 1996 ut
1633 1943 1969 2012 ordinentur,

387 2041 443 2088 et
470 2034 813 2088 sic'mancant
836 2034 887 2089 in
911 2035 1075 2089 clero.
1099 2035 1236 2089 Ante
1254 2036 1431 2089 omnia
1458 2045 1634 2090 autem
1655 2036 1793 2091 hanc
1815 2040 1882 2093 ab
1896 2039 1976 2095 eis

389 2125 781 2181 confessionem
806 2141 903 2197 per
921 2128 1239 2197 scripturam
1269 2128 1410 2199 exigi
1437 2138 1670 2198 oportet,
1696 2139 1754 2185 ut
1776 2131 1974 2186 latean-

389 2224 476 2270 tur
500 2231 559 2272 se
589 2220 855 2272 communi
882 2233 1147 2275 consensu
1181 2220 1462 2275 catholicae
1487 2220 1747 2277 Ecclesia:
1776 2231 1975 2277 statuta

387 2304 785 2373 observaturos,
828 2308 878 2361 id
924 2319 1007 2363 est
1036 2324 1100 2363 co
1125 2302 1526 2365 u'municaturos
1571 2324 1630 2365 se
1671 2321 1725 2366 et
1766 2311 1847 2368 his
1883 2312 1973 2382 qui

388 2396 530 2450 forte
559 2398 825 2452 secundas
859 2403 1067 2468 nuptias
1097 2401 1302 2466 eaperti
1333 2396 1485 2466 sunt,
1508 2402 1590 2456 vel
1622 2401 1704 2456 his
1731 2403 1820 2473 qui
1859 2417 1975 2473 per-

388 2488 947 2557 secutionistenipore
989 2492 1120 2559 lapsi
1174 2501 1315 2546 sunt.
1350 2493 1555 2559 Quibus
1586 2503 1762 2548 tamen
1808 2495 1973 2561 lapsis

389 2580 722 2649 poenitentiae
771 2582 965 2636 modus
995 2592 1049 2635 et
1097 2592 1306 2651 tempus
1353 2585 1644 2652 ascriptum
1676 2598 1779 2651 est,
1816 2598 1871 2640 ut
1918 2589 1970 2640 in

388 2671 638 2725 omnibus
670 2683 962 2740 sequantur
984 2687 1047 2728 ea
1071 2689 1189 2741 qua:
1225 2674 1276 2727 in
1312 2675 1549 2729 Ecclesia
1592 2678 1851 2730 catholica
1877 2676 1974 2732 ob-

390 2772 696 2827 servantur,
741 2772 794 2817 et
838 2763 917 2817 sic
960 2764 1157 2832 ubique
1187 2764 1325 2818 idem
1378 2764 1617 2820 omnesb
1648 2766 1747 2836 ipsi
1779 2766 1975 2822 fuerint

388 2852 591 2909 inventi
619 2856 737 2909 sive
766 2856 816 2908 in
848 2856 979 2910 vicis
1017 2870 1110 2910 seu
1140 2856 1191 2909 in
1226 2857 1464 2923 urbibus,
1497 2858 1679 2913 clerici
1718 2859 1973 2913 ordinen-

389 2955 476 3001 tur
501 2962 529 3000 a
563 2947 839 3003 catholicis
869 2950 956 3018 qui
981 2949 1344 3015 inveniuntur,
1366 2960 1420 3006 et
1450 2950 1527 3004 sic
1554 2953 1713 3004 etiam
1744 2950 1796 3005 in
1826 2951 1972 3005 clero

390 3042 682 3110 persistant
712 3042 1074 3113 unusquisque
1104 3044 1155 3097 in
1196 3051 1338 3098 statu
1373 3058 1490 3098 suo.
1524 3044 1580 3097 Si
1611 3060 1737 3098 vero
1762 3045 1969 3114 episco-

393 3104 492 3201 pus
544 3132 631 3186 vel
691 3104 1294 3204 presbyter'catbolicze
1342 3134 1597 3190 Ecclesia:
1649 3104 1844 3203 fuerii,
1903 3137 1970 3193 ad
2002 3104 2050 3165 δ

387 3236 545 3293 quem
582 3223 746 3292 aliqui
783 3240 849 3280 ex
889 3225 970 3279 his
1012 3226 1295 3295 accedunt,
1342 3239 1547 3283 certum
1577 3239 1659 3283 est
1689 3231 1831 3300 quod
1863 3231 1973 3301 epi-

396 3327 592 3383 scopus
629 3315 844 3383 quidem
890 3316 1190 3372 catholicus
1230 3333 1378 3373 suam
1411 3318 1607 3375 habeat
1635 3319 1971 3392 dignitatem,

398 3405 648 3461 similiter
668 3417 844 3462 autent
870 3416 924 3461 et
953 3409 1233 3482 presbyter
1249 3419 1301 3464 et
1330 3410 1586 3466 diaconus
1616 3412 1865 3468 habeant.
1908 3413 1973 3468 Hi

388 3510 519 3551 vero
542 3497 630 3567 qui
684 3498 752 3552 ab
792 3498 907 3553 istis
938 3500 1180 3564 veniunt,
1222 3500 1270 3555 si
1300 3501 1436 3558 forte
1461 3504 1745 3572 episcopus
1786 3503 1969 3567 fuerit,

394 3588 585 3644 habeat
618 3590 933 3660 presbyterii
975 3590 1316 3660 dignitatem,
1360 3594 1460 3646 nisi
1500 3592 1640 3647 forte
1680 3603 1733 3647 et
1762 3594 1971 3662 placeat

387 3681 642 3750 episcopo
698 3681 964 3735 catholico
1005 3683 1303 3737 concedere
1345 3684 1393 3737 ei
1444 3684 1607 3738 etiam
1653 3684 1973 3755 episcOpalis

389 3772 621 3827 nominis
653 3773 956 3839 honorem;
999 3773 1045 3826 si
1095 3788 1225 3828 vero
1264 3790 1368 3828 non
1418 3776 1696 3844 placuerit,
1730 3777 1970 3833 inveniat

387 3864 433 3917 ei
479 3864 675 3928 locum,
714 3869 771 3916 ut
801 3862 870 3915 sit
900 3862 953 3916 in
1005 3862 1255 3932 parocltia
1301 3865 1354 3919 in
1399 3866 1545 3921 clero
1569 3871 1853 3937 episcopus
1881 3879 1972 3923 aut

388 3955 691 4026 presbyter,
722 3956 849 4009 dum
883 3965 1061 4011 tamen
1102 3965 1160 4011 ut
1194 3958 1248 4011 in
1291 3958 1506 4013 civitate
1548 3976 1654 4015 non
1688 3961 1971 4018 videantur

386 4049 493 4103 duo
524 4048 760 4118 episcopi
785 4064 927 4117 esse,
960 4058 1017 4105 et
1044 4048 1131 4106 ille
1161 4050 1470 4107 omnimodo
1500 4052 1555 4107 in
1586 4052 1734 4109 clero
1754 4069 1972 4123 perma-

380 4149 522 4187 nere
551 4135 818 4188 videatur.

429 4228 520 4283 IX.
559 4227 630 4281 De
660 4228 980 4297 presbyteris
1013 4226 1127 4279 sine
1164 4222 1558 4277 examinatione
1591 4222 1919 4276 constitutis.

462 4321 517 4376 Si
562 4321 686 4390 qui'
729 4321 848 4374 sine
900 4317 1303 4373 examinatione
1364 4314 1595 4384 promoti
1652 4314 1956 4385 presbyteri

393 4422 541 4478 sunt,
565 4422 618 4469 et
640 4419 826 4483 postea
852 4409 1144 4467 examinati
1169 4408 1407 4464 confessi
1436 4418 1563 4463 sunt
1585 4418 1811 4477 peccata
1834 4421 1955 4472 sua,

394 4516 595 4561 etcum
620 4503 855 4559 confessi
902 4500 1137 4559 fuissent
1158 4541 1172 4565 .
1197 4511 1387 4557 contra
1412 4500 1654 4570 regulam
1680 4500 1959 4554 venientes
1999 4473 2048 4532 θ

395 4598 645 4653 homines
676 4610 872 4651 manus
917 4594 997 4650 eis
1030 4604 1234 4649 temere
1272 4593 1694 4662 imposuerunt,
1742 4592 1841 4645 hos
1874 4605 1963 4644 ec—

396 4690 742 4744 clesiasticus
788 4688 925 4742 ordo
981 4702 1089 4741 non
1132 4684 1369 4755 recipit:
1405 4686 1457 4738 in
1504 4684 1759 4738 omnibus
1815 4683 1961 4739 enini

395 4783 539 4853 quod
572 4779 1050 4848 irreprehcnsibile
1078 4789 1101 4818 α
1128 4786 1212 4831 est
1237 4775 1484 4832 defendit
1510 4775 1781 4831 Ecclesia.

365 4937 369 4940 ν
708 4872 777 4925 Χ.
814 4873 891 4926 De
921 4872 1083 4939 lapsis
1119 4870 1327 4924 clericis
1359 4868 1644 4923 ordinatis.

358 4948 373 4992 i
465 4965 793 5033 Quicunque
817 4978 879 5017 ex
915 4962 1001 5017 his
1032 4963 1125 5031 qui
1159 4961 1295 5031 lapsi
1327 4971 1477 5023 sunt,
1503 4972 1554 5014 et
1582 4976 1676 5027 per
1706 4960 1963 5029 ignoran-

396 5060 525 5114 tiam
551 5056 786 5113 ordinati
813 5066 941 5111 sunt
967 5054 1051 5109 vel
1075 5063 1391 5121 contemptu
1417 5068 1603 5106 eorum
1626 5053 1722 5120 qui
1746 5067 1841 5106 eos
1870 5066 1962 5104 or-

394 5154 758 5217 dinaverunt,
788 5152 888 5205 hoc
927 5163 1033 5204 non
1063 5146 1381 5217 pra-iudicat
1406 5146 1601 5217 regula:
1632 5145 1966 5201 ecclesiasti-

397 5261 507 5311 cae;
539 5257 665 5298 cum
697 5243 841 5295 enim
873 5250 1211 5310 compertum
1252 5239 1436 5306 fuerit,
1467 5240 1811 5309 deponentur
1829 5235 1879 5291 δ.

397 5336 489 5391 XI.
525 5335 602 5390 De
634 5336 715 5387 his
752 5333 842 5402 qui
881 5342 1059 5398 sponte
1105 5335 1247 5416 lapsi
1281 5344 1432 5402 sunt,
1477 5333 1708 5401 qualiter
1746 5328 1966 5384 debeant

1046 5417 1319 5467 parauere.

470 5496 684 5553 Placuit
702 5508 908 5554 sancite
925 5498 1155 5569 synodo,
1177 5501 1302 5552 licet
1323 5498 1529 5569 ittdigni
1555 5496 1729 5566 sint5
1755 5494 1966 5551 miseri-

470 5623 496 5651 ⁸
662 5614 900 5681 episcopo
929 5614 1093 5665 honor
1118 5611 1408 5679 deferatur.

470 5681 497 5719 ἶ)
540 5680 631 5745 U.,
668 5686 743 5737 sic
772 5686 1079 5750 ubicumque
1117 5699 1314 5737 omnes.

473 5761 494 5787 ε
540 5749 602 5806 Τ.
638 5752 691 5811 2.
726 5753 1140 5807 revrcliensibilc.

2085 472 2141 528 Si
2174 475 2262 543 qui
2302 491 2432 547 ergo
2461 492 2527 530 ex
2570 477 2750 530 animo
2780 476 3064 547 pmnitent,
3114 478 3284 533 tribus
3328 484 3485 536 annis
3529 483 3659 538 inter

2084 566 2360 622 audientes
2400 568 2695 623 habeantur
2723 586 2736 622 :
2761 569 2804 622 si
2840 578 3017 623 tamen
3070 569 3256 625 fideles
3296 582 3439 636 sunt,
3490 583 3543 628 et
3582 590 3664 629 se-

2086 667 2228 728 ptem
2261 660 2416 716 annis
2443 661 2561 715 aliis
2592 661 2729 716 inter
2772 663 3101 730 petiiteiites
3128 663 3265 727 sint;
3290 663 3501 719 duobus
3540 667 3663 720 item

2086 752 2241 806 annis
2271 761 2422 808 extra
2464 755 2898 810 communionem
2923 755 2975 809 in
3025 757 3271 811 oratione
3309 757 3425 812 sola
3454 760 3665 826 partici-

2086 852 2215 913 pcnt
2245 844 2464 914 populo.
2508 844 2563 900 Si
2600 845 2688 915 qui
2729 860 2858 900 vero
2905 861 2999 913 per
3045 844 3165 900 fidei
3194 848 3420 917 gratiam
3448 858 3471 885 °
3496 851 3665 903 vocati

2084 933 2258 1001 primo
2284 934 2501 1002 quidem
2529 936 2884 990 ostenderunt
2905 936 3061 991 fidem
3088 950 3240 990 suam
3272 939 3515 1007 deposito
3538 941 3666 993 mili-

2083 1024 2172 1079 tia:
2206 1024 2443 1094 cingulo,
2477 1035 2598 1093 post
2638 1027 2751 1081 haec
2780 1037 2959 1081 autem
3005 1027 3071 1082 ad
3100 1030 3373 1098 preprium
3408 1032 3663 1085 vomitum

2083 1117 2284 1171 reversi
2307 1128 2452 1181 sunt,
2478 1128 2535 1172 ut
2559 1129 2614 1174 et
2643 1120 2891 1187 pecunias
2916 1123 3106 1175 darent
3132 1132 3185 1177 et
3206 1123 3470 1177 ambirent
3492 1125 3666 1179 redire

2006 1238 2011 1241 ι
2082 1228 2298 1268 rursum
2339 1212 2404 1266 ad
2428 1213 2671 1267 militiam
2694 1252 2709 1277 ,
2743 1214 2827 1268 isti
2853 1215 3039 1269 decem
3072 1217 3227 1270 anuis
3256 1216 3363 1269 sint
3391 1216 3529 1273 inter
3553 1232 3666 1286 pte-

2086 1306 2316 1360 nitentes
2349 1315 2469 1374 post
2492 1306 2720 1373 primum
2746 1304 3035 1361 triennium
3058 1320 3164 1375 quo
3189 1307 3387 1361 fuerint
3412 1307 3550 1363 inter
3573 1324 3666 1362 au-

2084 1396 2294 1451 dientes
2319 1414 2333 1451 :
2362 1396 2432 1449 ab
2459 1397 2705 1450 omnibus
2726 1411 2855 1452 vero
2876 1396 3002 1450 illud
3032 1398 3299 1465 prazcipue
3324 1398 3665 1467 observetur,

2084 1494 2142 1540 ut
2173 1487 2384 1541 animus
2422 1502 2609 1542 eorum
2640 1496 2695 1542 et
2735 1486 2939 1541 fructus
2968 1488 3297 1556 ptenitentia:
3326 1488 3666 1546 observetur.

2083 1578 2400 1648 Quicunque
2420 1578 2563 1633 enim
2593 1594 2711 1633 cum
2734 1579 2880 1633 omni
2909 1579 3098 1634 timore
3124 1586 3181 1633 et
3208 1580 3457 1650 Iacrymis
3487 1596 3665 1650 persc-

2085 1671 2393 1725 verantibus
2430 1681 2485 1725 et
2529 1672 2783 1741 operibus
2827 1672 2983 1726 bonis
3016 1674 3478 1729 conversationem
3516 1691 3666 1730 suam

2009 1734 2054 1792 Β
2087 1775 2193 1812 non
2226 1759 2402 1814 verbis
2443 1759 2594 1827 solis,
2622 1761 2715 1814 sed
2747 1775 2913 1830 opere
2935 1770 2990 1816 et
3017 1761 3240 1817 veritate
3270 1762 3664 1829 demonstrant,

2080 1865 2201 1906 cum
2242 1860 2454 1920 tempus
2480 1859 2737 1906 statutum
2770 1853 2930 1906 etiam
2973 1853 3041 1906 ab
3074 1851 3157 1907 his
3198 1852 3358 1909 fuerit
3389 1856 3661 1923 impletum

2079 1954 2133 1999 et
2156 1943 2491 1998 orationibus
2541 1944 2652 2013 jam
2703 1945 2969 2015 cmperint
3011 1948 3430 2014 communicare,
3484 1950 3665 2004 licebit

2080 2036 2334 2105 episcopo
2355 2034 2513 2089 etiam
2547 2034 2833 2090 humanius
2874 2036 3013 2090 circa
3039 2051 3133 2091 eos
3164 2037 3362 2105 aliquid
3406 2039 3663 2109 cogitare.

2079 2129 2178 2196 Qui
2205 2144 2333 2184 vero
2372 2127 2763 2183 indifferentem
2808 2129 3096 2184 habuerint
3139 2132 3346 2200 lapsum
3390 2146 3566 2194 suum,
3614 2143 3664 2187 et

2078 2222 2331 2277 sufﬁcere
2359 2222 2458 2276 sibi
2489 2221 2628 2291 quod
2662 2220 2947 2277 ecclesiam
2979 2222 3283 2277 introierint
3312 2224 3660 2290 arbitrantur,

2080 2313 2164 2368 isti
2194 2312 2507 2367 omnimodo
2537 2320 2774 2381 tempora
2807 2319 3007 2366 statuta
3039 2313 3403 2381 complebunt.

2211 2406 2325 2461 Xll.
2360 2404 2434 2460 De
2461 2407 2910 2461 excommunicatis
2929 2423 2960 2458 a
2989 2406 3176 2460 sreculo
3204 2411 3526 2464 exeuntibus.

2154 2498 2228 2553 De
2261 2498 2341 2552 bis
2371 2514 2498 2555 vero
2525 2496 2615 2568 qui
2638 2497 2892 2553 recedunt
2915 2513 2979 2552 ex
3002 2514 3248 2568 corpore,
3277 2502 3510 2570 antiqua:
3534 2505 3665 2573 legis

2078 2593 2255 2662 regula
2279 2590 2653 2647 observabitur
2674 2592 2839 2645 etiam
2866 2605 3039 2647 nunc:
3065 2589 3136 2644 ita
3162 2602 3219 2646 ut
3236 2593 3279 2647 si
3301 2594 3437 2649 forte
3463 2597 3665 2651 recedit

2076 2701 2145 2741 ex
2170 2700 2425 2753 corpore,
2460 2674 2766 2741 necessario
2792 2686 2913 2739 vitae
2941 2702 3052 2741 suze
3084 2685 3278 2741 viatico
3308 2702 3415 2741 non
3447 2687 3664 2742 defrau-

2076 2779 2248 2832 detur.
2277 2778 2431 2846 Quod
2449 2779 2492 2832 si
2516 2779 2831 2848 desperatus
2850 2779 3039 2850 aliquis
3058 2788 3268 2851 recepta
3286 2784 3665 2838 communione

2075 2870 2457 2938 supervixerit,
2486 2870 2556 2924 sit
2590 2871 2729 2926 inter
2756 2885 2850 2925 eos
2880 2872 2967 2939 qui
3000 2873 3111 2925 sola
3138 2872 3383 2928 oratione
3412 2888 3665 2929 comnm-

2079 2964 2258 3018 nicant
2287 2980 2302 3017 :
2352 2964 2420 3018 de
2448 2964 2529 3019 bis
2558 2964 2808 3020 omnibus
2838 2974 3013 3020 tamen
3044 2968 3130 3035 qui
3162 2982 3225 3021 ex
3254 2984 3481 3037 corpore
3511 2986 3661 3025 recc-

2077 3054 2243 3118 dunt,
2290 3055 2339 3108 in
2390 3054 2641 3110 tradenda
2670 3055 2750 3111 eis
2776 3057 3147 3113 communione
3177 3074 3303 3113 cura
3333 3069 3386 3115 et
3416 3062 3661 3130 probatio

2082 3145 2150 3197 sit
2178 3143 2453 3215 episcopo.

2432 3260 2565 3316 Xlll.
2602 3260 2677 3316 De
2712 3263 3080 3318 catechumenis
3122 3264 3298 3333 lapsis.

2150 3371 2352 3426 Placuit
2383 3372 2507 3427 huic
2536 3383 2723 3428 sancto
2752 3383 2803 3427 ct
2831 3388 3024 3445 magno
3055 3375 3283 3430 concilio
3313 3376 3378 3430 de
3408 3380 3660 3433 catechu-

2079 3464 2252 3517 ntenis
2279 3466 2368 3529 qui
2399 3464 2532 3533 lapsi
2560 3476 2715 3531 sunt,
2747 3475 2799 3520 ut
2834 3469 3003 3522 tribus
3032 3468 3185 3523 annis
3213 3470 3352 3522 inter
3380 3470 3660 3527 uindicate-3

2079 3557 2299 3611 verbum
2330 3558 2438 3610 sint
2468 3560 2873 3624 tantummodo;
2909 3570 3025 3630 post
3051 3561 3166 3615 haec
3208 3578 3335 3617 vero
3357 3577 3511 3618 orent
3535 3579 3653 3619 cum

2076 3648 2494 3701 eatechumenis.

2079 3759 2215 3814 XIV.
2254 3759 2328 3833 De
2349 3760 2647 3833 diacouibus
2678 3779 2739 3813 ne
2779 3763 3079 3832 presbyteris
3101 3781 3286 3833 corpus
3325 3768 3514 3822 Christi
3555 3780 3657 3823 tra-

2290 3832 2433 3897 dant,
2465 3832 2543 3884 vel
2566 3844 2682 3885 ante
2710 3834 3026 3902 presbyteros
3056 3832 3440 3891 communicent.

2148 3941 2392 3995 Pervenit
2418 3942 2484 3997 ad
2512 3954 2754 3999 sanctum
2785 3946 3070 4001 concilium
3098 3948 3238 4016 quod
3284 3950 3337 4004 in
3368 3951 3499 4006 locis
3538 3956 3658 4023 qui-

2078 4032 2302 4087 busdam
2332 4043 2385 4088 ct
2408 4034 2715 4092 civitatibus
2738 4039 3062 4110 presbyteris
3086 4052 3418 4098 sacramenta
3446 4045 3658 4104 diaconi

2076 4125 2349 4196 porrigant
2383 4143 2396 4179 :
2430 4127 2530 4180 hoc
2567 4142 2739 4197 neque
2764 4130 2942 4199 regula
2976 4146 3151 4203 neque
3181 4135 3509 4190 consuetudo
3551 4148 3659 4191 tra-

2077 4218 2243 4285 didit,
2298 4229 2352 4273 ut
2375 4218 2427 4274 bi
2457 4221 2547 4289 qui
2576 4222 2835 4277 oll'erendi
2862 4225 3107 4280 sacrificii
3139 4242 3245 4282 non
3271 4228 3470 4283 habent
3501 4240 3655 4296 pote-

2076 4322 2197 4373 stati
2220 4326 2268 4365 m
2294 4311 2377 4367 his
2416 4313 2507 4380 qui
2531 4312 2763 4368 oderunt
2786 4330 2978 4384 corpus
2999 4315 3195 4372 Christi
3224 4321 3518 4389 porrigant.
3552 4323 3657 4378 Sed

2076 4415 2129 4459 et
2158 4405 2285 4460 illud
2332 4406 2561 4461 innotuit
2600 4407 2740 4476 quod
2767 4407 2982 4477 quidam
3023 4407 3277 4465 diacoues
3326 4413 3487 4467 etiam
3536 4425 3661 4469 ante

2072 4501 2355 4570 episcopos
2384 4512 2721 4558 sacramenta
2752 4512 2986 4558 sumant.
3016 4504 3143 4560 Haec
3179 4520 3306 4576 ergo
3336 4508 3513 4562 omnia
3545 4525 3659 4562 ani-

2074 4600 2345 4661 putentur,
2368 4603 2420 4649 et
2442 4604 2691 4648 maneant
2710 4593 3033 4664 adiacones
3057 4596 3195 4649 intra
3219 4611 3370 4650 suam
3388 4600 3656 4665 prepriam

2070 4697 2410 4749 mensuram,
2462 4684 2694 4741 scientes
2720 4685 2843 4754 quia
2873 4687 3245 4756 episcoporum
3290 4688 3503 4755 quidem
3558 4689 3656 4741 mi-

2071 4776 2228 4830 nistri
2284 4784 2450 4843 sunt,
2503 4792 2533 4831 a
2583 4776 2912 4846 presbyteris
2956 4792 3084 4830 vero
3136 4774 3415 4830 inferiores
3464 4789 3590 4830 sunt
3640 4795 3656 4831 :

2070 4869 2335 4938 accipiant
2360 4885 2491 4939 ergo
2520 4869 2813 4925 secundum
2859 4868 3101 4923 ordinem
3149 4877 3263 4935 post
3313 4868 3656 4935 presbyteros

2069 4958 2136 5014 ab
2183 4960 2433 5028 episcopo
2462 4958 2544 5012 vel
2594 4959 2938 5028 presbytero;
2971 4957 3111 5027 quod
3144 4959 3187 5012 si
3236 4973 3340 5011 non
3373 4957 3570 5011 fuerint
3602 4957 3652 5012 in

2070 5052 2319 5121 prazsenti
2353 5050 2433 5105 vel
2463 5052 2744 5120 episcopus
2774 5065 2868 5104 seu
2902 5051 3202 5121 presbyter,
3229 5058 3355 5104 tunc
3386 5050 3499 5118 ipse
3533 5067 3654 5119 βπο-

2068 5142 2206 5196 ferat
2229 5153 2281 5197 et
2306 5140 2416 5197 det.
2465 5141 2572 5197 Sed
2600 5156 2667 5196 ne
2694 5141 2883 5195 sedere
2927 5141 3136 5209 quidem
3172 5143 3332 5196 lceat
3375 5142 3429 5196 in
3476 5143 3650 5198 medio

2069 5236 2502 5307 presbyterorum
2550 5236 2804 5288 diaconos
2830 5251 2844 5299 ;
2872 5244 3023 5288 extra
3052 5235 3286 5305 regulam
3317 5247 3396 5289 est
3428 5237 3569 5291 enim
3599 5249 3652 5291 et

2067 5337 2214 5382 extra
2245 5325 2488 5380 ordinem
2533 5337 2589 5380 ut
2623 5329 2721 5381 hoc
2750 5326 2844 5381 liat
2893 5345 2903 5378 :
2935 5329 2979 5382 si
3013 5330 3131 5398 quis
3176 5338 3353 5383 autem
3397 5344 3500 5383 non
3540 5332 3651 5383 vult

2067 5418 2148 5472 his
2168 5418 2437 5472 sufficiens
2459 5433 2603 5486 esse,
2633 5427 2757 5488 post
2787 5419 2920 5473 hanc
2942 5420 3306 5475 deﬁnitionem
3328 5435 3503 5477 cesset
3528 5435 3650 5476 esse

2065 5509 2341 5563 diaconus.

2126 5618 2149 5655 ἀ
2294 5621 2429 5693 1.-2,
2472 5624 2557 5680 U.,
2593 5624 2946 5693 deponantur.

2132 5699 2151 5725 ε
2197 5688 2307 5756 ,ιΕη
2344 5691 2405 5745 Ε.
2438 5694 2491 5759 5,
2527 5694 2612 5760 Τ.,
2658 5688 2703 5759 l,
2736 5700 2790 5763 ἓ,
2826 5698 2914 5766 υ.,
2954 5718 3044 5771 per
3074 5700 3170 5759 Dei
3198 5712 3452 5773 gratiam.
