4072 6176
433 334 498 388 97
1441 314 1838 374 GR.£COBU.\I
1878 309 2217 368 COM‘JLIA.
2263 339 2330 351 —
2372 309 2724 366 NlC.£:\‘L'M.
3633 307 3704 365 98

489 422 607 478 XV.
648 421 720 473 De
757 418 955 472 clericis
988 422 1174 468 temere
1202 412 1263 465 ab
1292 412 1504 466 ecc!csia
1540 407 1885 464 recedentibus
1915 414 1964 457 ⁸.

505 516 731 584 Propter
767 510 963 564 multas
1006 505 1435 576 perturbationes
1481 511 1534 555 et
1576 502 1881 568 frequentes
1929 507 2022 548 tu-

432 611 634 665 multus
658 603 980 659 seditionum
996 616 1110 668 quo:
1126 597 1236 651 lieri
1254 596 1420 651 solent
1433 637 1448 661 ,
1467 595 1660 660 placuit
1674 590 1980 646 omnimodo
1996 587 2020 623 ιι

431 699 635 756 abscidi
686 697 842 750 istam
891 691 1333 747 consuetudinem
1386 702 1506 756 qure
1551 695 1736 738 contra
1783 682 2022 750 regulam

431 808 533 854 (εει.
564 793 609 846 si
637 790 721 844 ubi
749 797 928 842 tamen
953 787 1031 849 tit,
1059 783 1110 836 id
1133 791 1216 836 est
1245 797 1310 835 ne
1331 780 1397 833 de
1420 779 1634 832 civitate
1656 775 1721 829 ad
1751 775 2021 827 civitatem

436 889 672 941 transeat
701 881 786 934 vel
818 878 1103 947 episcopus
1131 875 1213 927 vel
1247 874 1524 941 presbyter
1547 868 1628 922 νει
1654 868 1932 920 diaconus.
1968 861 2023 917 Si

434 976 552 1043 quis
582 986 711 1026 vero
745 979 868 1037 post
906 967 1024 1021 haec
1059 975 1252 1019 statuta
1293 963 1462 1017 sancti
1499 960 1654 1028 hujus
1684 953 1894 1011 concilii
1924 954 2025 1007 tale

435 1067 638 1135 aliquid
667 1063 868 1117 audere
900 1056 1206 1120 tentaverit,
1239 1056 1554 1122 infringetur
1585 1062 1608 1089 ε
1655 1050 1797 1102 omni
1829 1059 2025 1116 genere

439 1155 805 1227 hujuscemodi
828 1161 1074 1213 conatus,
1099 1159 1153 1203 et
1176 1148 1486 1201 restituetur
1510 1143 1737 1210 propriae
1765 1136 2024 1192 Ecclesia:

438 1257 492 1307 in
523 1263 625 1318 qua
657 1247 933 1301 ordinatus
963 1251 1064 1296 est.

438 1344 577 1400 XVI.
607 1341 683 1394 De
715 1333 1018 1409 presbyteris
1058 1339 1104 1409 et
1127 1328 1449 1409 _diaconibus
1495 1327 1573 1409 vel
1600 1324 1796 1377 clericis
1826 1322 1913 1390 qui
1959 1320 2025 1372 ad

887 1405 1018 1457 alias
1045 1403 1266 1454 cit-{tates
1294 1407 1576 1451 ιναηδιυηε.

507 1505 562 1560 Si
594 1501 682 1571 qui
717 1513 844 1552 vero
865 1497 982 1550 sine
1011 1501 1254 1560 respectu
1292 1489 1380 1542 Dei
1428 1495 1648 1553 agentes
1673 1495 1726 1538 et
1777 1485 2024 1535 timorem

441 1595 536 1649 Dei
581 1603 704 1645 ante
749 1587 934 1641 oculos
965 1599 1069 1636 non
1113 1581 1402 1641 habentes,
1456 1593 1628 1644 neque
1669 1573 2026 1628 ecclesiastica

445 1694 638 1742 statuta
668 1677 1053 1740 custodientes,
1079 1671 1396 1728 recesserint
1421 1671 1486 1723 ab
1509 1669 1748 1723 Ecclesia
1777 1682 1892 1730 sua,
1917 1668 2028 1718 sive

448 1775 811 1846 presbyteres,
849 1768 965 1822 sive
993 1767 1276 1826 diacones,
1318 1764 1398 1816 vel
1431 1763 1479 1814 in
1511 1773 1827 1830 quocunque
1855 1759 2024 1810 eccfe-
2063 1752 2105 1810 Β

441 1844 660 1921 siastico
693 1860 886 1915 ordine
912 1856 1070 1926 positi
1102 1854 1334 1917 fuerint,
1371 1868 1473 1904 non
1505 1851 1702 1904 debent
1739 1847 1933 1913 suscipi
1976 1844 2026 1897 in

441 1958 672 2014 ecclesia
702 1953 834 2015 alia,
868 1949 961 2004 sed
991 1956 1046 2001 et
1075 1963 1196 2002 cum
1229 1944 1375 1998 ontui
1406 1943 1725 1996 necessitate
1772 1946 2031 2006 cogantur

444 2063 501 2104 ut
525 2049 749 2104 redeant
789 2048 853 2102 ad
904 2042 1174 2100 Ecclesias
1201 2057 1359 2105 suas;
1392 2054 1482 2093 aut
1530 2039 1571 2091 si
1606 2037 2028 2104 permanserint,

445 2139 895 2195 exeommunicari
923 2146 1157 2207 oportet.

443 2231 607 2287 XVII.
654 2230 729 2284 Dc
761 2229 960 2282 clericis
985 2226 1167 2280 alienis
1197 2224 1304 2279 sine
1337 2221 1652 2275 connirentia
1685 2218 1882 2288 proprii
1914 2215 2034 2284 epi-

520 2305 660 2372 scopi
682 2301 708 2339 ἀ
737 2302 799 2353 ab
829 2300 932 2352 alio
965 2300 1017 2351 in
1048 2313 1188 2351 suam
1217 2295 1478 2349 ecclesiam
1505 2309 1607 2345 non
1639 2289 1957 2342 ordinandis.

530 2393 588 2449 Si
617 2392 737 2462 quis
758 2406 911 2446 ausus
933 2390 1088 2445 fuerit
1115 2387 1346 2454 aliquem
1377 2386 1465 2455 qui
1496 2383 1562 2436 ad
1601 2385 1827 2436 alterum
1875 2380 2034 2448 pertio

460 2496 554 2540 net
579 2484 825 2538 ordinare
855 2483 904 2536 in
935 2497 1032 2536 sua
1063 2478 1337 2544 Ecclesia,
1367 2493 1486 2531 cum
1519 2492 1624 2528 non
1665 2473 1855 2526 habeat
1902 2485 2033 2523 con-

452 2589 670 2630 sensum
701 2572 939 2642 episcopi
973 2571 1138 2641 ipsius
1166 2578 1192 2606 ⁶
1222 2584 1251 2621 a
1279 2583 1386 2638 quo
1414 2565 1632 2620 recessit
1658 2562 1885 2617 clericus
1904 2600 1917 2624 ,
1963 2558 2036 2612 ir-

451 2666 552 2719 rita
582 2664 652 2718 sit
675 2661 980 2732 hujusmodi
1003 2658 1290 2717 ordinatio.

452 2754 642 2810 XVIII.
684 2751 760 2806 De
801 2753 998 2807 clericis
1025 2766 1236 2873 usurqu
1263 2757 1351 2802 aut
1380 2747 1758 2817 ampliatianem
1785 2740 2036 2809 accipien-

1182 2839 1195 2873 t
1236 2837 1316 2872 ns.

1182 2837 1316 2873 ιωιδ.

524 2915 786 2983 Quoniam
812 2912 960 2966 tntilli
993 2911 1173 2965 clerici
1193 2909 1427 2964 avaritiae
1457 2920 1613 2961 causa
1640 2906 1812 2972 turpia
1842 2903 1988 2957 lucra
2015 2899 2032 2938 ί

457 3016 745 3068 sectantes,
780 3003 930 3057 obliti
951 3012 1074 3058 sunt
1102 3001 1263 3055 divini
1288 2998 1537 3070 praecepti
1561 3013 1664 3067 quo
1686 2996 1887 3050 dictum
1911 3003 1995 3048 est
2021 3011 2035 3048 :

2056 407 2102 462 Α
2133 402 2359 470 aliquam
2390 402 2624 466 habent,
2670 399 2740 453 ita
2775 405 2833 452 ut
2860 399 3004 452 omni
3033 411 3229 469 genere
3256 398 3394 452 inter
3421 398 3585 452 laicas
3616 403 3707 450 na-

2126 492 2349 546 beantttr
2375 508 2388 544 :
2412 491 2658 546 similiter
2679 500 2857 545 autem
2887 489 3202 544 diaconissaa
3225 505 3343 556 qua:
3367 491 3418 545 in
3445 490 3709 546 catholico

2124 599 2330 639 canone
2380 599 2485 637 non
2543 584 2827 649 habentur,
2857 583 3018 639 simili
3065 583 3202 644 loco.
3229 582 3282 635 id
3324 591 3427 648 est,
3461 582 3610 638 laicus
3657 594 3712 640 et

2126 686 2375 745 tanquam
2403 690 2505 728 non
2544 684 2873 729 consecrata:
2898 674 3237 743 deputentur.

2127 765 2241 821 XX.
2273 767 2346 820 De
2376 767 2550 821 diebus
2573 768 2839 821 dominicis
2867 775 2914 821 et
2950 766 3246 821 Pentecoste
3270 765 3283 816 l'
3322 775 3376 818 nt
3403 783 3456 819 tn
3480 769 3552 820 eis
3571 777 3713 820 stan-

2754 846 2828 891 tes
2857 853 3082 890 oremus.

2197 930 2458 996 Quoniam
2490 937 2615 984 sunt
2644 930 2696 984 in
2727 928 2814 984 die
2840 929 3105 982 dominica
3136 929 3352 994 quidam
3401 927 3466 982 ad
3514 938 3711 983 oratio-

2125 1035 2246 1075 nem
2276 1036 2443 1089 genua
2479 1021 2752 1074 llectenles
2781 1028 2834 1074 et
2863 1019 2913 1072 in
2940 1019 3125 1072 diebus
3159 1019 3522 1086 l'entecostes,
3553 1031 3713 1085 prop-

2126 1123 2268 1168 terea
2299 1124 2382 1168 est
2411 1114 2590 1182 itaque
2623 1113 2969 1166 constitutum
3008 1125 3040 1164 a
3070 1120 3249 1164 sancta
3283 1110 3490 1180 synodo
3514 1149 3531 1175 ,
3581 1122 3713 1176 quo-

2127 1209 2266 1259 niam
2295 1219 2595 1261 consonans
2623 1213 2676 1258 et
2721 1205 3052 1258 conveniens
3097 1218 3189 1272 per
3215 1217 3404 1257 omnes
3445 1200 3713 1256 Ecelesias

2127 1299 2472 1352 Custodienda
2529 1297 2860 1352 consuetudo
2915 1305 3018 1364 est,
3068 1303 3125 1349 ut
3166 1303 3371 1350 stantes
3417 1295 3484 1347 ad
3516 1293 3714 1348 oratio-

2129 1405 2249 1441 nem
2278 1386 2299 1424 κ
2335 1387 2560 1443 Domino
2585 1398 2706 1442 vota
2737 1387 3038 1442 reddamus.

2612 1477 2985 1534 SYMBULUM
3032 1474 3233 1529 FlDEl.

2131 1569 2376 1642 Ejusdem
2434 1568 2636 1623 Nicceni
2682 1568 2857 1642 ηιαρηὶ
2885 1566 3109 1642 concilii
3139 1583 3169 1616 ιι
3195 1564 3426 1619 trecentis
3457 1566 3629 1617 decem
3673 1571 3715 1616 et

2605 1647 2716 1692 octo
2746 1637 2987 1691 Patribus
3029 1638 3243 1689 cditunt.

2203 1731 2486 1786 Credimus
2515 1730 2568 1784 in
2596 1745 2760 1783 unum
2812 1728 2978 1782 Deum
3019 1726 3231 1780 Patrem
3265 1725 3681 1794 omnipotentem
3701 1765 3716 1788 ,

2130 1823 2368 1878 omnium
2401 1821 2690 1877 visibilium
2718 1831 2772 1875 et
2795 1819 3139 1874 invisibiliutn
3165 1818 3496 1873 conditorem
3539 1834 3552 1869 :
3585 1825 3638 1870 et
3665 1817 3719 1869 in

2134 1932 2291 1968 unum
2327 1915 2609 1968 Dominunt
2664 1921 2906 1968 nostrum
2939 1911 3123 1967 Jesum
3164 1910 3474 1975 Christum,
3527 1909 3718 1962 Filium

2137 2005 2251 2068 Dei,
2285 2017 2464 2058 natum
2492 2004 2560 2059 de
2585 2004 2744 2058 Patre
2767 2004 3119 2072 unigenitum,
3151 2002 3252 2056 hoc
3278 2000 3449 2054 estde
3476 1999 3722 2054 substan-

2135 2096 2202 2148 tia
2239 2095 2433 2164 Patris,
2467 2095 2635 2148 Deum
2665 2094 2733 2150 de
2776 2094 2906 2159 Deo,
2960 2093 3139 2148 lumen
3163 2094 3230 2147 de
3258 2093 3459 2146 lumine
3485 2135 3499 2159 ,
3554 2092 3721 2146 Deum

2133 2201 2316 2240 verum
2347 2185 2414 2239 de
2442 2187 2550 2240 Deo
2580 2199 2730 2248 vero,
2758 2196 2962 2248 natum,
2989 2200 3094 2238 non
3129 2183 3348 2246 factum,
3372 2182 3722 2237 consubstan-

2135 2277 2297 2331 tivutn
2337 2274 2350 2312 ι
2413 2275 2579 2344 Patri,
2632 2275 2683 2329 id
2713 2283 2797 2330 est
2842 2275 3001 2328 unius
3043 2272 3355 2328 substantia:
3383 2287 3503 2326 cum
3532 2272 3721 2337 Patre,

2136 2367 2276 2436 quod
2306 2367 2480 2422 Graeci
2513 2365 2836 2421 homousion
2866 2365 3086 2431 dicunt,
3117 2366 3173 2435 8
3215 2379 3310 2433 per
3335 2378 3495 2432 quem
3544 2363 3724 2417 omnia

2135 2458 2269 2512 facta
2295 2467 2421 2512 sunt
2444 2473 2561 2526 quae
2589 2457 2641 2510 in
2669 2458 2808 2512 cmlo
2832 2466 2870 2492 ω
2899 2465 2953 2510 et
2975 2471 3093 2524 qua:
3120 2455 3174 2509 in
3199 2465 3360 2520 terra;
3389 2456 3478 2524 qui
3509 2464 3725 2524 propter

2137 2567 2233 2606 nos
2251 2550 2493 2604 homines
2522 2558 2549 2584 η
2580 2559 2634 2602 et
2664 2557 2878 2618 propter
2910 2555 3150 2602 nostram
3173 2548 3399 2601 salutem
3424 2545 3722 2611 descendit,

2137 2643 2443 2696 incarnatus
2473 2650 2578 2708 ενι,
2609 2651 2767 2709 atque
2793 2642 2955 2694 homo
2985 2640 3156 2694 factus
3177 2681 3193 2706 ,
3241 2655 3450 2710 passus,
3485 2649 3726 2694 mortuus

2138 2747 2240 2800 est;
2270 2735 2564 2789 resurrexit
2591 2733 2744 2788 tertia
2775 2733 2902 2800 die;
2935 2733 3177 2788 ascendit
3216 2731 3269 2786 in
3302 2734 3492 2798 caelos,
3541 2739 3728 2788 ventu-

2140 2840 2230 2877 rus
2254 2824 2496 2891 judicare
2523 2823 2676 2876 vivos
2703 2833 2757 2876 et
2786 2830 3030 2878 mortuos
3063 2839 3076 2874 :
3107 2831 3160 2876 et
3212 2821 3264 2876 in
3310 2821 3569 2892 Spiritttm
3599 2835 3728 2875 san-

2140 2920 2311 2963 ctutn.
2348 2910 2451 2964 Eos
2487 2919 2663 2964 autem
2695 2910 2785 2977 qui
2809 2910 2996 2964 dicunt
3020 2924 3037 2964 :
3065 2921 3181 2964 erat
3202 2910 3416 2978 quando
3445 2924 3550 2963 non
3589 2916 3728 2972 erat,

2140 3012 2196 3057 et
2227 3011 2510 3069 antequam
2545 3011 2861 3056 nasceretur
2890 3015 2995 3054 non
3025 3012 3138 3055 erat
3158 3043 3173 3068 ,
3204 3011 3259 3056 et
3287 3002 3428 3070 quod
3469 3015 3540 3055 es
3570 2999 3730 3054 nullis

459 3097 561 3164 Qui
611 3095 879 3164 pecuniam
907 3109 1050 3147 suam
1076 3109 1175 3146 non
1208 3091 1346 3144 dedit
1366 3091 1432 3143 ad
1460 3104 1666 3143 usuram
1686 3131 1701 3154 ,
1735 3086 2036 3141 fenerautes

2146 3093 2480 3148 exstantibus
2510 3092 2680 3146 factus
2731 3103 2813 3148 est
2840 3137 2852 3159 ,
2886 3102 2978 3147 aut
3004 3109 3066 3147 ex
3097 3093 3272 3162 aliqua
3301 3091 3598 3146 substantia
3647 3090 3730 3144 vel

455 3188 782 3243 coiitesimas
807 3187 1050 3254 exigunt,
1079 3183 1262 3238 statuit
1286 3181 1386 3235 hoc
1411 3187 1653 3234 sanctum
1678 3177 1965 3234 concilium
2016 3192 2033 3232 :

456 3278 502 3331 si
558 3278 680 3346 quis
729 3276 976 3329 inventus
1022 3273 1177 3326 fuerit
1228 3281 1346 3342 post
1387 3272 1522 3325 hanc
1570 3271 1933 3324 definitionem
1984 3268 2034 3336 7

463 3384 670 3423 usuram
692 3366 979 3435 accipere,
1010 3365 1090 3418 vel
1121 3380 1184 3418 ex
1217 3363 1454 3433 quolibet
1483 3362 1572 3415 tali
1604 3361 1814 3428 negotio
1867 3359 2038 3425 turpia

461 3463 603 3514 lucra
656 3460 848 3513 seetari
882 3499 896 3523 ,
952 3458 1033 3510 vel
1080 3457 1236 3509 etiam
1285 3455 1490 3523 species
1536 3450 1920 3505 frumentorum
1973 3449 2039 3503 ad

463 3552 963 3625 sescuplumdare;
1004 3548 1179 3602 omnis
1209 3546 1296 3615 qui
1329 3546 1433 3598 tale
1463 3543 1658 3612 aliquid
1705 3551 2041 3596 commentus

467 3645 630 3700 fuerit
661 3643 724 3696 ad
749 3649 1034 3712 quazstum,
1065 3638 1340 3708 dejicietur
1370 3652 1432 3691 ex
1465 3636 1628 3701 clero,
1661 3643 1712 3689 et
1744 3635 1950 3686 alienus
1976 3633 2041 3687 ab

461 3734 828 3791 ecclesiastico
854 3733 1112 3787 habeatur
1140 3730 1328 3800 gradu.

499 3828 642 3883 XIX.
674 3828 752 3881 De
779 3826 1115 3880 Paulianistis
1140 3834 1189 3877 et
1228 3822 1570 3890 Catapltryyis
1607 3819 2005 3888 rebaptizandis.

535 3919 592 3975 Si
649 3919 766 3988 quis
813 3916 1109 3986 confugerit
1157 3916 1224 3969 ad
1278 3913 1568 3968 Ecclesium
1616 3912 1934 3968 catholicam
1979 3910 2045 3964 de

465 4011 805 4069 Pauliauistis
831 4019 886 4066 et
913 4008 1264 4079 Cataphrygis
1288 4017 1314 4055 Β
1339 4047 1354 4073 ,
1395 4016 1651 4060 statutum
1697 4007 1766 4058 sit
1807 4003 2044 4072 rebapti-

464 4107 575 4160 zari
604 4102 630 4143 δ
656 4119 751 4159 eos
771 4103 1076 4158 omnimodo
1099 4101 1317 4156 debere.
1342 4101 1396 4155 Si
1420 4100 1506 4170 qui
1532 4115 1660 4153 vero
1683 4098 1864 4152 clerici
1893 4104 2046 4151 erant

465 4197 610 4268 apud
637 4211 732 4252 eos
753 4238 766 4262 ,
799 4192 1061 4264 siquidem
1093 4193 1343 4262 iuculpati
1385 4189 1585 4244 fuerint
1610 4199 1663 4244 et
1708 4187 2048 4257 irreprehen-

465 4287 670 4353 sihiles,
717 4284 1026 4353 rebaptizati
1059 4297 1242 4337 rursus
1277 4283 1436 4336 etiam
1466 4279 1778 4335 ordinentur
1822 4277 1890 4331 ab
1937 4276 2050 4346 epi-

465 4395 633 4450 scopo
664 4379 914 4432 Ecclesia:
960 4377 1276 4438 catholicae;
1327 4375 1370 4428 si
1398 4387 1528 4428 vero
1553 4371 1839 4427 examinati
1873 4370 2049 4425 minus

2144 3195 2350 3248 natura,
2368 3199 2489 3239 eum
2502 3187 2743 3239 dicentes
2759 3199 2878 3239 esse
2900 3185 3213 3239 mutabilem
3235 3193 3287 3238 et
3301 3182 3730 3245 convertibilem,

2145 3276 2334 3331 Filium
2365 3276 2459 3332 Dei
2502 3276 2862 3344 perhibendo;
2913 3277 3011 3329 hos
3063 3276 3478 3331 anathematizat
3502 3285 3558 3329 et
3597 3288 3726 3328 cou-

2143 3368 2360 3422 demnat
2385 3368 2648 3422 catholica
2675 3377 2728 3420 et
2758 3367 3046 3436 apostolica
3080 3349 3343 3421 Ecclesia.

2216 3457 2338 3511 llmc
2360 3467 2442 3511 est
2467 3457 2599 3510 tides
2625 3471 2781 3525 quam
2822 3467 3192 3524 exposuerunt
3236 3456 3465 3510 Patres:
3503 3456 3728 3522 primum

2145 3549 2360 3619 quidem
2393 3549 2650 3604 adversus
2681 3549 2865 3602 Arium
2890 3547 3264 3616 blaSphemum
3288 3547 3553 3602 dicentem
3585 3560 3733 3602 crea-

2147 3654 2318 3698 turam
2347 3657 2470 3698 esse
2492 3641 2685 3697 Filium
2710 3642 2802 3695 Dei
2831 3658 2845 3694 :
2877 3653 2932 3696 et
2954 3641 3210 3694 adversus
3230 3655 3446 3694 omnem
3475 3640 3733 3694 haeresem

2144 3734 2395 3799 Sabeliii,
2422 3733 2635 3788 Photini
2655 3779 2670 3802 ,
2699 3732 2847 3787 Pauli
2893 3732 3252 3797 Samosate’ni,
3282 3732 3561 3787 Manichati
3582 3774 3596 3797 ,
3636 3732 3734 3785 Va-

2147 3823 2356 3888 lentini,
2380 3823 2689 3889 Marcionis,
2710 3832 2764 3876 et
2789 3822 3047 3878 adversus
3074 3837 3285 3877 omnem
3310 3822 3530 3877 omnino
3560 3820 3736 3874 haere-

2147 3930 2284 3980 sem,
2310 3915 2353 3968 si
2376 3931 2479 3983 qua
2506 3915 2856 3970 iusurrexerit
2884 3924 3069 3968 contra
3092 3915 3408 3970 catholicam
3437 3923 3491 3970 et
3517 3922 3738 3984 aposto-

2149 4007 2304 4062 licam
2330 4008 2621 4062 Ecclesiam
2647 4023 2662 4060 :
2687 4023 2818 4076 quas
2840 4023 3026 4062 omnes
3054 4009 3479 4062 condemnarunt
3504 4006 3735 4060 Nicazam

2149 4098 2454 4172 congregati
2501 4099 2735 4169 episcopi
2779 4099 3002 4153 trecenti
3046 4100 3232 4153 decem
3271 4109 3324 4152 et
3352 4108 3472 4153 octo
3505 4114 3731 4166 quorum

2152 4196 2367 4250 nomina
2397 4203 2451 4249 et
2480 4192 2772 4264 provincia:
2801 4192 3119 4260 conscriptae
3167 4200 3291 4245 sunt
3316 4208 3329 4244 :
3370 4190 3464 4245 sed
3495 4189 3737 4260 plerique

2151 4286 2375 4341 studiosi
2396 4285 2538 4340 servi
2572 4285 2664 4339 Dei
2689 4284 2856 4355 magis
2887 4299 3066 4338 curam
3085 4289 3363 4352 gesserunt
3389 4281 3736 4344 Orientalium

2154 4381 2525 4450 episcoporum
2558 4377 2773 4432 nomina
2821 4376 3154 4441 describere,
3204 4385 3421 4443 pr0pter
3451 4375 3552 4427 hoc
3595 4373 3737 4443 quod

467 4472 576 4538 apti
612 4469 803 4524 fuerint
831 4467 1141 4538 reprehensi
1173 4466 1217 4530 ί,
1261 4466 1456 4535 deponi
1479 4480 1572 4520 eos
1595 4473 1809 4533 Oportet
1855 4481 1869 4515 :
1901 4464 2046 4516 simi-
2081 4463 2129 4520 D
2158 4471 2421 4525 Occidens
2452 4484 2559 4523 non
2601 4467 2847 4522 similiter
2888 4466 3285 4536 inquisitionem
3331 4463 3400 4518 de
3448 4461 3742 4518 haeresibus

467 4562 591 4617 liter
619 4571 796 4614 autem
821 4560 958 4613 circa
985 4559 1268 4622 diacones,
1301 4570 1353 4612 et
1385 4558 1450 4613 de
1482 4559 1731 4612 omnibus
1759 4559 1844 4627 qui
1871 4558 1923 4611 in
1952 4573 2047 4612 eo-

467 4654 592 4707 dem
668 4651 814 4706 clero
864 4651 1205 4705 inveniuntur
1247 4651 1434 4704 eadem
1495 4650 1662 4703 forma
1722 4651 2046 4705 servabitur.

465 4741 1021 4798 Commemorabimus
1071 4753 1246 4798 autem
1299 4742 1628 4798 diaconissas
1675 4757 1792 4812 qua:
1846 4743 1898 4796 in
1950 4744 2051 4798 hoc

467 4837 658 4893 ordine
688 4838 918 4892 inventae
949 4848 1102 4902 sunt,
1149 4853 1268 4906 quae
1302 4851 1400 4892 nec
1431 4851 1620 4892 manus
1653 4839 2046 4906 impositionem

541 4984 566 5012 ⁸
592 4975 680 5040 U.,
705 4977 768 5030 ab
798 4978 1008 5030 ecclesia
1038 4976 1113 5030 ecl
1139 4993 1170 5029 α
1199 4976 1397 5030 civitate
1425 4993 1518 5029 sua
1542 4978 1908 5033 recedentibus.

540 5046 566 5084 δ
592 5046 654 5101 υ.
667 5090 680 5112 ,
713 5049 941 5101 omnino.

545 5128 565 5188 εἴ
599 5116 690 5188 υς,
717 5119 1064 5171 annulabitur.
1098 5117 1187 5185 G.,
1221 5119 1551 5188 infringatur.

539 5187 564 5222 ⁴
747 5190 826 5242 sui
855 5190 1098 5258 episcopi.

542 5267 564 5294 ⁹
594 5257 706 5325 Ᾰίη
744 5257 966 5325 episcopi
998 5263 1095 5312 sui.

543 5326 562 5365 ί
602 5327 689 5395 U.,
725 5339 875 5395 turpe
903 5331 1125 5382 lucrum.

542 5406 567 5472 ξ
696 5398 748 5463 5,
775 5398 917 5472 ΤΛ,
949 5398 1374 5472 Cataphrygibus.

539 5465 569 5544 ξ’
677 5509 691 5532 ,
719 5471 987 5544 baptizari.

550 5539 567 5574 ί
601 5539 639 5592 U
652 5579 690 5601 ..
720 5541 1046 5606 deprehensi.

548 5610 565 5656 t
601 5607 655 5662 In
685 5610 1006 5665 Codicibus.
1044 5609 1402 5678 Pentecosten,
1434 5625 1552 5667 cum
1603 5611 1702 5668 hoc
1735 5627 1929 5669 nomen
1959 5626 2061 5669 ste-

483 5676 594 5750 p'rus
619 5689 674 5731 ut
695 5682 1070 5735 indeclinabile
1102 5685 1346 5735 reddant.

549 5748 572 5785 ⁸
605 5749 668 5803 Τ.
693 5749 748 5804 2.
771 5762 956 5804 stantes
983 5753 1033 5804 in
1065 5754 1346 5804 orationem.

653 5787 668 5800 .
693 5764 748 5817 κ,
771 5764 956 5805 stantes
983 5769 1033 5806 tn
1065 5764 1359 5807 orationem.

2161 4559 2409 4615 habuerit
2438 4568 2486 4615 °.

2234 4668 2259 4706 P
2294 4660 2355 4712 Et
2383 4647 2814 4725 subscripserunt
2856 4652 3081 4707 trecenti
3108 4651 3293 4706 decem
3321 4657 3374 4705 et
3402 4656 3522 4703 octo
3554 4645 3738 4700 Patres

2159 4751 2248 4822 qui
2280 4751 2330 4803 in
2353 4749 2542 4803 eodem
2573 4745 2799 4800 concilio
2827 4752 3208 4799 convenerant.

2231 4841 2388 4897 Osius
2437 4839 2723 4907 episcopus
2775 4837 3005 4891 civitatis
3047 4831 3409 4889 Cordubensis
3455 4828 3741 4901 provinciae

2235 4979 2252 5018 ὶ
2288 4979 2352 5034 Τ.
2381 4977 2439 5042 2,
2470 4973 2976 5032 consubstantialem.

2233 5062 2271 5089 ω
2295 5051 2357 5105 Τ.
2392 5051 2441 5112 1,
2467 5050 2521 5114 2,
2557 5052 2608 5104 in
2635 5049 2792 5102 ratiis.

2231 5132 2257 5158 ¹²
2289 5121 2402 5184 Ᾱῐη
2439 5113 2578 5185 Ε.5,
2603 5120 2666 5174 Τ.
2703 5123 2753 5182 1,
2788 5117 2845 5180 ’2,
2875 5130 3078 5188 propter
3104 5113 3354 5188 hotttines.

2235 5204 2259 5229 υ
2291 5179 2612 5247 Scribuntur
2640 5179 2747 5242 hoc
2771 5179 2888 5241 loco
2933 5179 2984 5241 in
3008 5184 3255 5241 omnibus
3285 5179 3569 5236 Codicibus
3602 5195 3739 5248 prte-

2163 5274 2244 5318 ter
2277 5263 2642 5329 Urgelitanum
2669 5269 2723 5313 et
2744 5257 3149 5329 Geruudensem
3176 5254 3352 5329 verba
3387 5251 3742 5329 tractuum-

2161 5320 2480 5402 scriptiones,
2497 5345 2560 5402 ac
2588 5327 2922 5402 postmodum
2947 5326 3107 5402 Fides
3125 5324 3288 5402 sancti
3311 5320 3547 5389 Gregorii
3569 5320 3743 5402 μοίρ-

2161 5390 2275 5467 ris,'
2301 5390 2553 5469 quam-ad
2589 5390 3058 5469 opportunioretn,
3095 5393 3224 5463 ipsis
3248 5465 3259 5469 _
3287 5403 3464 5469 autem
3504 5390 3741 5448 subscri-

2165 5465 2433 5544 ptionibus
2453 5472 2803 5544 posteriorem
2834 5467 3006 5544 locum
3042 5465 3452 5544 transmisimus.

2240 5560 2269 5596 ρ
2295 5534 2724 5607 Subscriptiones
2766 5541 3178 5607 episcOporum,
3232 5536 3323 5605 qui
3379 5534 3503 5607 huic
3552 5546 3745 5607 magno

2169 5612 2448 5669 adfuerunt
2474 5604 2718 5674 concilio,
2750 5604 2815 5663 in'
2838 5604 3102 5679 plerisque
3125 5607 3236 5679 Cod
3247 5604 3414 5679 ieibus
3435 5604 3746 5679 desideran-

2172 5697 2292 5739 tur:
2326 5683 2584 5752 pluritnas
2609 5673 2735 5734 vero
2767 5681 2818 5734 in
2839 5673 3164 5750 'Utgel'ttano
3208 5677 3418 5752 Codice
3451 5677 3624 5752 legere
3667 5673 3745 5723 fas

2176 5765 2278 5824 est,
2311 5748 2443 5824 duas
2474 5753 2788 5822 depravatas
2820 5748 2948 5808 licet
2988 5761 3148 5821 atque
3175 5765 3204 5804 a
3235 5761 3382 5804 recta
3407 5748 3630 5801 lectione
3659 5754 3742 5795 re-
