4072 6176
351 304 442 358 101
1331 289 1738 350 (ἓῐῑᾸίῦυηυΜ
1777 286 1937 346 COM

2038 289 2114 343 ιΑ.
2155 320 2224 332 --
2261 290 2612 349 NlCrENUM.
3514 300 3612 356 ΝΩ

339 423 538 478 Cnoos.
576 447 639 458 —
671 413 992 484 Stratbegus
1045 406 1273 465 Lemnii.
1316 437 1386 449 ——
1413 407 1770 476 Apollodorus
1810 404 1940 459 ϐυτ-
1969 405 2018 460 Α
2046 401 2286 472 Neapoli.
2341 437 2410 447 —
2437 407 2733 464 Alfocrates
2755 409 2824 465 de
2853 409 3137 480 Carpocra.
3169 441 3238 454 —
3288 413 3520 471 Marinus
3549 419 3619 476 ilo

339 527 517 583 eyras.
2036 498 2359 556 Sarabﬂslia.
2409 532 2480 544 -—
2509 502 2785 574 Philippus
2832 507 2898 560 de
2945 506 3321 565 Paniseistion.
3353 542 3423 552 —
3451 511 3617 569 Gala-

883 593 1167 650 Provincio:
1208 591 1400 648 Carior.

410 692 676 750 Eusebius
737 687 1132 745 Antlochenus.
1180 713 1250 726 -
1300 682 1616 737 Emmonius
1672 679 1936 749 Aphrodi-

338 789 469 845 sios.
503 813 570 828 -—
597 783 869 840 Lmtodius
918 779 1216 834 Cibiraton.
1265 805 1335 817 —-
1362 775 1625 830 Eusebius
1677 774 1933 829 Miantou.

858 870 1150 926 Prouincia:
1194 866 1438 922 Isaurico.

409 968 719 1036 Stephanus
774 963 1032 1019 Baraton.
1082 990 1156 1001 —-
1197 961 1472 1015 Athenens
1529 957 1807 1027 Curpissii.
1865 987 1937 998 —

341 1061 572 1116 Edesius
617 1053 1208 1123 Claudianopolitanus.
1252 1079 1322 1093 -—
1369 1050 1600 1121 Agapius
1650 1049 1928 1105 Seleuciae.

339 1179 414 1192 —
437 1149 688 1206 Silvanus
719 1143 1187 1213 metropolitanus.
1219 1170 1288 1182 —-
1331 1140 1556 1195 Faustus
1605 1139 1939 1195 Panemosli—

339 1253 459 1296 cus.
487 1268 560 1280 -—
586 1239 892 1293 Antoninus
919 1232 1312 1289 Antiocbenus.
1344 1261 1415 1271 —
1443 1230 1641 1285 Nestor
1681 1230 1933 1286 Siedron.

337 1355 412 1372 -—
440 1327 644 1384 Bsitius
693 1325 1134 1396 chorepisc0pus.
1167 1348 1235 1362 —-
1265 1320 1492 1392 Cyrillus
1541 1319 1934 1375 Smanandrou.

339 1444 412 1458 —
464 1416 788 1472 Theodorus
841 1412 1256 1482 cborepiscOpus
1309 1408 1441 1483 [G.,
1483 1409 1818 1480 Usagadonj.
1868 1438 1938 1448 —-

341 1506 666 1562 Anatbolius
705 1503 980 1559 Lariensis
1008 1502 1105 1574 [6.
1137 1541 1153 1568 ,
1197 1500 1668 1572 cborepiscopus].
1701 1529 1771 1542 -—
1799 1501 1941 1554 Tan-

343 1600 429 1656 ius
455 1599 873 1667 ehorepiscopus
905 1595 1022 1670 [G.,
1058 1593 1409 1663 Larinensisj.
1442 1623 1513 1634 —
1541 1593 1768 1660 Quintus
1798 1592 1935 1646 Scli-

344 1701 500 1744 Stron
531 1687 644 1762 [G.,
695 1684 1162 1757 cltorepiscopns].
1203 1713 1277 1725 —
1302 1685 1550 1740 Tiberius
1593 1684 1936 1752 cliorepisco-

2036 604 2136 642 nus
2185 589 2253 645 de
2295 591 2538 647 Sabaste.
2583 622 2655 637 ——
2682 595 3034 652 Adamantius
3078 600 3146 656 de
3170 599 3618 672 Canoipotatnon.

2037 707 2108 720 --
2141 681 2401 738 Eusebius
2424 685 2492 739 de
2518 685 2785 742 Caesarea.
2819 716 2892 729 —-
3252 694 3322 750 de
3351 696 3616 755 Heraclia.

2036 802 2107 813 —-
2152 773 2419 832 Suabinus
2446 777 2513 832 de
2560 777 2791 834 Gadara.
2843 811 2913 821 -—
2943 780 3246 840 Darotbeus
3291 789 3359 843 de
3390 788 3623 849 Pelusio.

2038 894 2108 904 —
2158 865 2427 936 Longinus
2473 869 2541 923 de
2588 869 2891 928 Escalonia.
2948 900 3015 912 —
3067 874 3232 931 Gaius
3255 876 3324 932 de
3368 879 3616 937 Teseiiia.

2037 986 2107 998 —
2151 958 2337 1013 Petrus
2394 961 2462 1016 de
2510 960 2773 1031 Nicopoli.
2827 993 2898 1006 —
2952 965 3200 1023 Tiberius
3247 969 3318 1026 de
3370 973 3621 1028 'l‘ancica.

2039 1052 2303 1110 Macrinus
2327 1057 2396 1110 de
2422 1055 2653 1114 Jamnia.
2700 1089 2772 1102 --
2797 1059 2955 1116 Cevia
2987 1063 3055 1118 de
3094 1063 3429 1122 Tebaida.—
3459 1071 3622 1127 Maxi-

2039 1157 2157 1200 mus
2210 1146 2278 1200 de
2334 1147 2714 1220 Eleuteropoli.
2767 1181 2838 1195 -
2881 1154 3218 1211 Acassicedia
3275 1158 3345 1214 de
3392 1161 3620 1217 Antino.

2038 1265 2108 1277 —
2141 1236 2339 1294 Paulus
2373 1241 2440 1296 de
2486 1241 2794 1312 Maxiapoli.
2825 1275 2896 1285 —
2940 1246 3188 1304 Tiramus
3216 1249 3283 1305 de
3310 1252 3618 1310 Antiochia.

2038 1355 2110 1368 —
2138 1328 2419 1386 Januarius
2467 1332 2534 1389 de
2580 1333 2778 1392 Jerico.
2835 1367 2906 1377 —
2936 1337 3041 1410 14
3064 1340 3332 1398 Lucianus
3366 1343 3434 1400 de
3475 1345 3622 1402 Lico.

2042 1448 2109 1457 —
2140 1419 2289 1476 Elius
2317 1421 2385 1477 de
2408 1422 2596 1481 Lidda.

2350 1511 2429 1566 De
2469 1516 2730 1582 provincia
2761 1515 2939 1588 Libya:
2965 1522 3240 1589 superiori.

2116 1601 2302 1658 Datius
2354 1604 2420 1658 de
2475 1605 2818 1664 Berrennice.
2887 1612 3257 1670 —'Silvanus
3314 1616 3381 1674 dc
3438 1622 3624 1678 Azoto.

2044 1714 2114 1736 --
2137 1694 2388 1764 Joppirus
2430 1698 2498 1753 de
2528 1699 2808 1758 Arcisteis.
2848 1732 2919 1744 —
2947 1704 3247 1763 Patrolilius
3275 1712 3341 1764 ile
3375 1711 3623 1781 Sitopoli.

347 1796 454 1849 pus
491 1761 606 1854 [G.,
654 1775 960 1848 SclistrOn].
1000 1805 1073 1818 —
1103 1776 1327 1846 Aquilos
1377 1773 1817 1846 cborepiscopus.
1864 1803 1936 1814 -—-
1969 1761 2016 1822 Β
2042 1816 2111 1826 -
2158 1761 2419 1858 Sarapion
2465 1790 2533 1845 de
2555 1791 2876 1864 Antibergo.
2916 1822 2984 1836 --
3029 1761 3624 1867 Asclepiusde‘iilavza:

346 1872 612 1927 Eusebius
653 1869 922 1941 parochlte
962 1867 1195 1923 Isauriae.

884 1961 1174 2015 Prouincia:
1219 1958 1399 2030 Cypri.

415 2053 651 2128 Gyrlllus
674 2053 865 2126 Paphi.
885 2082 956 2094 —-
985 2052 1213 2107 Selanus
1241 2049 1574 2106 Salaminon.

874 2143 1163 2200 Prouincia:
1202 2143 1476 2213 Bithynice.

418 2241 687 2297 Eusebius
727 2239 1083 2295 Nieomedias.
1110 2237 1540 2306 —'l‘beogenius
1597 2233 1937 2290 Nlcbeam—

342 2331 518 2388 llaris
571 2324 1044 2386 Chalcedonensis.
1077 2359 1148 2370 —-
1178 2327 1410 2399 Cyrillns
1463 2327 1646 2382 Chios.
1697 2355 1769 2368 -—
1813 2325 1932 2380 Esi-

347 2422 511 2478 cbius
549 2423 768 2477 Pruses.
796 2451 864 2463 —
884 2419 1181 2488 Gorgonius
1206 2417 1627 2488 Appoloniados.
1651 2443 1724 2457 -—
1763 2414 1935 2471 Geor-

348 2514 474 2584 gius
499 2513 763 2569 Nisiados.
784 2542 854 2553 —
876 2511 1097 2567 Ebetius
1124 2507 1652 2579 Adrianopolitanns.
1669 2533 1741 2548 -
1757 2505 1935 2560 Theo-

345 2607 558 2677 phanes
601 2604 1037 2675 cborepiscopus.
1074 2629 1146 2645 -—
1189 2599 1416 2670 Rupbus
1469 2598 1838 2658 Caesarium.
1865 2630 1938 2644 -—

351 2700 588 2757 Eulalius
625 2697 1072 2768 cborepiscopus.

1013 2784 1262 2855 Europae.

419 2880 694 2938 Pedercus
741 2880 996 2935 Eraclias.
1018 2906 1091 2920 -ο
1121 2879 1445 2945 Protogenes
1487 2873 1843 2929 Sardicensis.
1865 2903 1939 2915 --

349 2973 559 3032 Marcus
602 2973 1076 3042 metropolitanns.
1102 3000 1172 3011 —
1220 2968 1397 3024 Pistos
1439 2967 1938 3023 Thessalonicensis

348 3065 463 3141 [G.,
525 3063 1013 3136 metropolitanus[.
1053 3093 1121 3104 ——
1168 3061 1434 3119 Scilianus
1487 3061 1833 3117 Macedonia}.
1863 3092 1935 3103 —

1961 3109 2016 3180 Ο

2040 1908 2110 1917 -
2132 1879 2292 1934 'l‘irus
2321 1880 2390 1936 de
2416 1881 2688 1938 Paratoui.
2715 1915 2787 1924 —
2818 1886 3007 1941 Petrus
3033 1890 3102 1943 de
3128 1889 3378 1956 Majoma.

2464 1971 2541 2025 De
2571 1975 2838 2041 provincia
2874 1975 3188 2033 Pnleslinw.

2109 2061 2369 2130 Antiopus
2415 2064 2483 2118 de
2515 2064 2872 2132 Capitoliada.
2901 2096 2972 2108 —-
3001 2069 3211 2123 linbeas
3241 2071 3308 2126 de
3337 2071 3624 2127 Ptolemai-

2039 2151 2126 2206 da.
2155 2183 2225 2193 —
2249 2154 2468 2224 Magnus
2492 2155 2557 2210 de
2582 2155 2859 2211 Damasco.
2884 2187 2956 2196 —
2976 2157 3294 2213 Theodorus
3314 2163 3381 2214 de
3403 2160 3622 2217 Sidona.

2037 2273 2110 2284 —
2141 2245 2472 2301 Cellaonicns
2518 2249 2585 2302 de
2614 2245 2839 2318 Tripoli.
2894 2279 2966 2291 —-
2993 2248 3283 2322 Gregorius
3310 2253 3379 2306 de
3433 2254 3619 2309 Biritu.

2039 2333 2272 2389 Marinus
2328 2334 2396 2389 de
2443 2337 2694 2392 Psalniia.
2763 2367 2834 2379 -
2878 2339 3216 2396 Traddonius
3273 2342 3341 2398 de
3394 2342 3621 2401 Esnisia.

2039 2426 2360 2482 Anatbolius
2390 2426 2459 2482 de
2486 2427 2742 2485 Filocalo.
3445 2432 3447 2435 ’

2465 2517 2541 2571 De
2569 2519 2828 2587 provincia
2880 2519 3160 2575 Phoenicis.

2108 2606 2283 2663 Zeten
2307 2607 2376 2664 de
2404 2607 2554 2665 Tiro.
2601 2637 2673 2651 —
2717 2608 2984 2665 Filocalus
3013 2611 3082 2666 de
3107 2611 3326 2668 Psnida.
3356 2641 3428 2655 -—
3473 2614 3625 2669 Ana-

2039 2696 2244 2753 thoiius
2267 2699 2336 2754 de
2383 2698 2593 2754 Edissa.
2629 2727 2703 2744 --
2740 2699 2971 2755 Jacobus
3009 2701 3078 2757 de
3105 2701 3312 2760 Nezibi.
3338 2732 3410 2749 -
3436 2706 3624 2762 Antio-

2038 2789 2178 2844 chus
2199 2790 2272 2844 de
2293 2791 2538 2846 Resacia.
2588 2822 2660 2832 —
2685 2792 2886 2847 Marius
2913 2793 2980 2849 de
3008 2795 3250 2853 Macedo.
3294 2828 3366 2840 —
3391 2797 3623 2856 Joannes

2037 2878 2107 2936 de
2136 2879 2376 2936 Persida.

2449 2970 2524 3024 De
2550 2971 2807 3039 provincia
2835 2971 3006 3045 Syria
3031 2973 3211 3040 Cum.

2114 3056 2394 3115 Eustacius
2417 3061 2485 3116 de
2505 3063 2806 3118 Antiochia.
2835 3093 2905 3104 —-
2934 3066 3186 3122 Narcisus
3209 3067 3275 3124 de
3296 3068 3622 3133 Neroniana.

353 3159 454 3230 13
486 3157 790 3214 Alexander
820 3155 1161 3211 Atheniensis
1185 3151 1273 3227 [G.
1300 3151 1837 3224 Thessalonicensis].
1866 3182 1936 3196 —-
1961 3148 2016 3180 “
2045 3177 2113 3188 -—
2138 3148 2411 3206 Zonobius
2436 3151 2502 3208 de
2521 3152 2788 3210 Seleucia.
2817 3183 2884 3194 -—-
2912 3155 3235 3213 Theodorus
3261 3160 3328 3215 de
3367 3161 3621 3217 Audacia.

348 3249 562 3304 Dacbus
601 3249 759 3319 Bojas
805 3246 919 3320 [G.,
947 3244 1310 3317 Macedoniae].
1361 3275 1432 3287 -—-
1463 3245 1639 3302 Pistus
1694 3247 1938 3303 Elestias.

351 3342 653 3395 —blarsus
707 3340 1041 3396 Thessalias.
1091 3367 1162 3379 —-
1209 3338 1508 3394 Stratedius
1561 3337 1792 3391 Strubon
1848 3336 1936 3409 [6.

353 3429 628 3503 Efestias].
669 3429 995 3485 Claudianus
1037 3429 1479 3498 metropolitanus
1519 3425 1608 3498 [6.
1637 3427 1932 3500 Tettalias].

351 3551 427 3565 --
448 3523 649 3578 Budion
674 3521 877 3577 Duxias
911 3520 996 3594 [εἰ.
1033 3518 1313 3591 Strubon].
1335 3548 1400 3560 ——
1436 3520 1668 3574 Domnus
1696 3517 1940 3574 Gutthias

351 3613 472 3688 [δη
512 3609 993 3682 Metropolitanus].
1021 3641 1092 3652 —-
1123 3611 1357 3665 Niclteus
1384 3609 1939 3679 Mastrianopolitanus

347 3701 468 3779 [G.,
497 3700 1140 3774 Duxias].-—‘l'lte0pbilus
1163 3702 1476 3771 Bosphoron
1503 3700 1618 3772 [G.,
1645 3699 1935 3771 Guttbias].

349 3823 427 3840 —-
453 3796 703 3862 Camdus,
737 3806 763 3833 ι
783 3835 798 3851 .
819 3839 833 3851 .
859 3832 876 3848 .

421 3887 454 3926 δ
475 3887 603 3944 Hac
648 3896 772 3942 sunt
797 3886 1148 3942 Orientalium
1197 3885 1574 3955 episcoporum
1605 3887 1818 3941 nomina
1847 3887 1936 3957 qui

349 3990 727 4038 convenerunt
753 3979 927 4034 Nicaea
983 3979 1048 4033 ad
1094 3988 1336 4033 sanctum
1385 3987 1438 4033 et
1483 3993 1728 4046 magnum
1760 3980 1937 4032 conci-

345 4071 480 4128 liam
511 4071 579 4127 de
623 4070 854 4126 diversis
879 4069 1170 4140 provinciis
1224 4083 1317 4124 seu
1346 4068 1646 4122 civitatibus
1667 4108 1681 4131 ,
1711 4083 1935 4138 quorum

348 4162 567 4218 nomina
589 4160 727 4217 inira
762 4171 885 4215 sunt
916 4159 1217 4230 subscripta
1253 4158 1457 4228 absque
1481 4158 1644 4212 Italiae
1671 4168 1726 4213 et
1749 4159 1937 4228 Hispa-

354 4253 496 4321 δίε,
542 4267 770 4322 quorum
816 4252 1033 4306 mina
1080 4252 1134 4305 in
1180 4251 1578 4319 exemplaribus
1623 4266 1688 4306 ex
1742 4251 1936 4320 quibus

350 4348 465 4403 hac
501 4347 768 4418 descripta
791 4355 915 4401 sunt
953 4363 1058 4402 non
1106 4347 1457 4417 habebantur,
1495 4366 1594 4405 nec
1624 4348 1808 4404 Gallize
1839 4365 1936 4405 nec

349 4437 586 4532 Africa,
626 4438 932 4532 pisisolus;
954 4439 1113 4494 Osins
1146 4439 1508 4532 Hispaniensis
1559 4443 1841 4512 episcopus
1866 4442 1932 4496 de
1965 4470 2021 4532 ι)

348 4528 569 4585 civitate
617 4527 867 4585 Corduba
907 4530 1113 4584 Bzetietu
1147 4531 1468 4599 provincize,
1527 4542 1580 4586 et
1636 4532 1929 4603 presbyteri

347 4625 498 4679 urbis
515 4624 719 4687 Romae,
741 4625 794 4678 id
819 4635 898 4679 est
913 4623 1070 4678 BiCon
1095 4633 1148 4679 et
1172 4624 1480 4678 Vincentius
1512 4626 1600 4691 qui
1618 4639 1712 4694 pro
1728 4628 1936 4693 episco-

349 4733 419 4788 po
443 4733 543 4775 δυο
571 4717 854 4790 Sylvestro
903 4717 1361 4786 sobscripserunt.
1412 4725 1465 4771 et
1492 4717 1794 4772 Orientales
1821 4719 1934 4774 sive

349 4808 515 4862 totius
580 4808 728 4862 orbis
790 4810 1027 4877 episcopi
1083 4807 1414 4876 temporibus
1455 4806 1790 4863 Constantini
1845 4824 1935 4864 xiv

347 4898 619 4955 Kalendas
640 4901 809 4955 Julias
832 4917 935 4954 a-ra
968 4916 1196 4954 cccexn.

861 4990 1072 5044 Primus
1094 4992 1156 5043 de
1182 4989 1436 5060 Egypto.

424 5085 740 5139 Alexander
762 5083 829 5139 de
860 5083 1210 5138 Alexandria.
1238 5115 1309 5124 -—
1340 5084 1630 5140 Filoxcmis
1659 5085 1728 5141 de
1755 5085 1933 5156 Napo-

352 5176 412 5230 li.
445 5207 513 5216 —
543 5176 876 5248 Papnuntius
904 5177 968 5232 de
994 5177 1252 5248 Egypto.
1305 5207 1374 5218 -—
1403 5179 1661 5234 Macarius
1687 5184 1754 5236 de
1783 5180 1937 5235 Jero-

349 5270 579 5338 Solyma.
631 5299 701 5310 —
753 5271 963 5326 Arbitio
1013 5269 1080 5326 de
1126 5269 1369 5326 Ferbito.
1426 5300 1496 5312 —-
1545 5273 1840 5328 Germanus
1869 5274 1936 5328 de

421 5411 450 5438 “
492 5405 580 5476 G..
625 5403 913 5458 Camdos...
976 5403 1300 5472 Bosphoron.
1330 5408 1556 5476 Apparet
1599 5423 1662 5463 ex
1695 5419 1839 5464 testu
1880 5419 1934 5465 et

352 5487 414 5527 ex
462 5475 794 5528 variantibus
837 5477 1154 5532 lectionibus
1199 5475 1650 5548 subscriptionum
1696 5480 1932 5535 i-ttversio

351 5552 510 5613 atque
536 5548 832 5613 corruptio.

489 5615 799 5670 Prmiatioiii
849 5617 1197 5672 conciliorum
1255 5619 1600 5686 imper-iectus
1627 5627 1786 5684 atque
1810 5635 1932 5674 eor-

352 5695 538 5750 ruptus
569 5687 894 5753 pra-ponitur
923 5689 975 5740 in
1008 5687 1298 5743 Codicibus
1327 5689 1602 5745 Toletanis
1633 5693 1927 5756 catalogus,

350 5755 593 5823 quadam
638 5759 854 5812 nomina
891 5757 1110 5815 Patrum
1159 5761 1248 5830 qui
1296 5760 1522 5817 Nicaeum
1570 5755 1930 5819 interluerunt

2041 3270 2112 3279 —
2145 3239 2310 3294 Aldus
2332 3241 2400 3296 de
2423 3241 2666 3312 Apamia.

2505 3333 2584 3388 De
2633 3337 2893 3404 provincia
2943 3336 3158 3394 Cilicen.

2112 3425 2428 3481 Theodorus
2479 3426 2545 3482 de
2603 3428 2817 3481 Aulion.
2881 3457 2949 3468 —
2999 3429 3267 3486 Erifanius
3311 3432 3382 3488 de

2039 3548 2111 3560 ——
2157 3520 2366 3590 Moyses
2407 3520 2474 3574 de
2514 3520 2817 3575 Castabala.
2864 3552 2938 3564 -—
2985 3522 3203 3578 Niceros
3250 3525 3317 3580 de
3346 3524 3618 3583 Flaviada.

2040 3638 2110 3651 ——
2137 3611 2434 3678 Eudenion,
2479 3611 2912 3682 cborepiscopus.
2939 3641 3010 3653 -
3040 3614 3288 3672 Paulinus
3307 3618 3376 3673 de
3412 3620 3619 3677 Adana.

2038 3729 2108 3742 —-
2135 3701 2443 3758 Silamanus
2471 3703 2541 3758 de
2571 3702 2932 3758 Germanicia.
2966 3733 3037 3746 -
3071 3705 3314 3774 Piperius
3341 3707 3410 3762 de
3435 3708 3625 3763 Santo-

2039 3806 2176 3851 sato.
2231 3828 2303 3840 —-
2333 3798 2632 3852 Archelaus
2681 3799 2750 3853 de
2779 3799 3056 3856 Dolica.—
3101 3799 3352 3855 Eufraten
3375 3802 3445 3856 de
3478 3803 3626 3858 Bala-

2039 3904 2188 3943 neas.
2232 3917 2303 3928 —
2353 3889 2582 3941 Faiattus
2625 3888 2714 3960 [T.
2765 3888 2821 3952 2,
2878 3888 3138 3959 Filaciis},
3187 3890 3625 3962 chorepiscopus.

2038 4010 2109 4022 —-
2168 3981 2390 4036 Joeieus
2447 3983 2517 4037 de
2569 3983 2794 4037 Gabala.
2843 4011 2913 4023 -
2969 3985 3163 4037 Bessus
3218 3985 3286 4040 de
3348 3987 3624 4042 Zenntate.

2037 4099 2109 4116 ..-
2142 4073 2243 4144 l5
2270 4073 2530 4126 Bassinus
2552 4071 2620 4126 de
2673 4071 2927 4127 Balanos.
2965 4099 3032 4111 -
3061 4073 3349 4128 Gerontius
3377 4077 3445 4130 de
3476 4075 3628 4129 Lari-

2037 4179 2118 4219 sa.
2146 4195 2218 4206 —
2240 4164 2500 4220 Manieius
2531 4165 2597 4220 de
2631 4163 2963 4235 Epipbamia.
2996 4192 3066 4204 —-
3089 4164 3367 4220 Eustacius
3396 4167 3462 4221 de
3493 4169 3628 4221 Are-

2045 4267 2191 4310 tusa.
2216 4285 2287 4298 --
2314 4256 2510 4312 Paulus
2530 4257 2598 4312 de
2618 4255 2958 4311 Neucesarie.
2990 4283 3063 4298 -—
3087 4256 3358 4312 Siricicius
3384 4261 3450 4312 de
3476 4258 3621 4314 Ciro.

2051 4378 2108 4388 —-
2139 4348 2411 4416 Solacius,
2459 4348 2906 4418 chorepiscopus.
2957 4376 3028 4390 --
3058 4348 3247 4403 Petrus
3276 4349 3342 4404 dc
3365 4349 3621 4405 Jcrunda.

2507 4461 2582 4515 De
2612 4462 2869 4533 provincia
2917 4461 3140 4516 Arabiae.

2108 4577 2337 4650 Sopater
2364 4578 2432 4634 de
2477 4578 2733 4634 Barasato
2761 4576 2846 4650 [T.
2877 4577 2935 4644 9.,
2986 4578 3248 4650 Barasto}.
3276 4577 3529 4649 Pagasius
3553 4578 3622 4634 de

2038 4671 2271 4727 Arbaca.
2306 4700 2375 4712 —-
2407 4671 2736 4727 Demasonus
2757 4671 2826 4726 de
2849 4669 3065 4726 Abboli.
3106 4700 3178 4714 -——
3223 4671 3525 4727 Nicomatus
3553 4672 3620 4728 de

2040 4763 2265 4818 Bo<dra.
2311 4793 2383 4804 -—-
2428 4763 2610 4818 Ciriou
2644 4764 2709 4820 de
2757 4763 3052 4819 Filadellia.
3107 4792 3174 4803 -
3203 4763 3512 4820 Gennadius
3552 4761 3620 4819 de

2040 4852 2246 4910 Esbou.
2272 4883 2343 4894 -
2367 4856 2595 4911 Severus
2618 4855 2686 4911 de
2708 4854 2909 4911 Sodon.

2428 4969 2508 5024 De
2537 4970 2796 5038 provincia
2824 4968 3226 5040 Mesopotamia.

2110 5086 2400 5142 Pancarins
2442 5086 2508 5142 de
2555 5087 2786 5158 Ancyra.
2841 5115 2910 5127 -—
2986 5085 3240 5138 Derasius
3305 5081 3372 5135 de
3426 5081 3610 5134 Tabia.

2035 5207 2106 5218 -—
2149 5179 2433 5234 Arcontius
2462 5179 2528 5234 de
2557 5179 2866 5234 Canintada.
2898 5205 2968 5217 —-
2993 5174 3279 5228 Filadell‘ns
3309 5172 3394 5245 [Τ.
3435 5172 3492 5238 2,
3530 5171 3616 5228 Fi‘

2037 5269 2300 5343 l.tdeiﬁusj
2340 5275 2405 5328 de
2449 5272 2727 5340 Juliupoli.

2034 5409 2241 5480 synodo
2276 5405 2780 5480 icompmhepdens;
2833 5418 3085 5480 cumque
3111 5413 3437 5480 prapostero
3468 5403 3613 5480 loca-

2037 5475 2149 5534 tum
2193 5479 2379 5533 ordine
2411 5478 2822 5539 invenissemus,
2852 5477 3259 5529 accuratiSsime
3307 5475 3614 5528 describere

2034 5561 2193 5616 atque
2242 5549 2305 5602 ad
2369 5547 2506 5600 hunc
2535 5549 2794 5608 aptiorem
2858 5549 3032 5599 locum
3107 5547 3389 5616 traducere
3448 5552 3615 5600 satius

2033 5615 2300 5673 duximus.
2334 5618 2474 5672 ldem
2505 5619 2878 5686 episcoporum
2909 5627 3033 5671 ante
3065 5615 3432 5682 praefationem
3459 5625 3611 5671 eata-

2033 5690 2186 5762 logus
2214 5689 2398 5746 aderat
2429 5690 2590 5745 etiam
2621 5687 2674 5743 in
2701 5689 2900 5745 Codice
2932 5687 3182 5741 Lucensi.
