4072 6176
382 296 485 351 £93
1072 294 1452 352 COLLECTIO
1490 293 1820 351 CANONU.“
1861 293 1919 349 S.
1967 295 2006 349 ιε

2076 293 2237 349 ΦΟΒΟ
2279 291 2545 349 lilS-PAL.
2591 293 2942 350 ASCRIPTA.
3550 300 3656 354 1οὁ

876 409 951 463 De
988 411 1251 478 provincia
1293 411 1446 463 Ασίαν.

451 506 705 554 'l'beunas
745 498 811 554 de
856 500 1055 554 Cizico.
1097 530 1168 539 -—
1209 499 1528 553 Mino'antus
1575 498 1744 570 [112,
1777 500 1956 555 \lirio-

381 593 583 665 l'antus]
615 593 681 646 de
706 592 944 658 Epheso.
971 622 1040 632 —
1066 591 1230 644 Orion
1259 591 1329 643 de
1359 591 1501 645 llico.
1530 621 1595 631 -—
1627 593 1863 646 Enticius
1893 595 1960 648 de

385 691 553 746 Virsa.
605 718 674 728 —-
718 687 937 741 Hilrans
980 687 1046 740 de
1099 686 1251 752 Epia.
1299 715 1371 726 —-
1415 687 1603 740 Paulus
1646 688 1712 742 de
1750 691 1956 742 Aones.

384 810 453 820 —
501 778 846 833 Macedonius
892 777 959 829 de
1009 778 1258 829 Massata.
1315 807 1383 819 -—
1414 778 1849 833 Tarcodimantes
1895 780 1962 834 de

386 871 563 939 Egi-.35.
594 896 664 908 —
694 867 914 936 lpsicius
944 867 1009 920 de
1047 867 1325 920 A'landria.

801 979 880 1034 De
894 982 1155 1051 provincia
1171 982 1533 1052 Cappadocus.

455 1092 714 1148 Leontius
734 1091 801 1148 de
831 1093 1412 1150 Caesarem—Unicum
1437 1096 1504 1151 de
1526 1096 1776 1152 Tremate
1796 1097 1882 1170 [Τ.
1904 1098 1961 1161 2,

383 1183 681 1255 Tremata].
716 1215 780 1226 —
813 1185 1066 1240 Euresius
1095 1185 1160 1240 de
1192 1186 1430 1242 Calonia.
1456 1218 1525 1228 —
1550 1187 1863 1243 Timotheus
1901 1189 1967 1244 de

381 1276 623 1330 Tibi-rso.
675 1308 747 1319 —
777 1276 1093 1331 Ambrosius
1131 1277 1200 1333 de
1249 1279 1510 1335 Cumano.
1565 1309 1634 1318 —
1692 1280 1966 1346 Stel'anus,

382 1366 823 1435 cborepiscOpus.
856 1396 927 1407 —
955 1366 1168 1432 Rodon,
1211 1369 1649 1437 chorep’iscopus.

712 1481 787 1532 De
815 1482 1080 1548 provincia
1123 1483 1375 1536 Armenia
1402 1481 1641 1536 Minoris.

456 1593 690 1648 Eulalins
716 1594 782 1648 de
801 1595 1042 1650 Sabasm.
1077 1625 1145 1635 —
1177 1597 1278 1666 16
1307 1596 1561 1651 Eubetius
1583 1597 1649 1651 de
1671 1596 1975 1651 Satalia.—

386 1683 706 1748 Eutromius,
741 1685 1501 1755 cborepiscopus.—Tel'anis,
1533 1689 1971 1756 cltorepiscopus.

573 1794 648 1848 De
679 1797 940 1865 provincia
971 1795 1240 1865 Pontipoli
1277 1796 1365 1869 [T.
1394 1796 1449 1863 2,
1485 1795 1786 1868 Pentipolt].

459 1911 731 1983 Longinus
783 1914 852 1966 de
890 1913 1231 1968 Neucesaria.
1285 1942 1358 1953 —
1406 1914 1642 1969 Domnus
1687 1914 1754 1970 de
1790 1914 1979 1984 Trapi-

395 2003 586 2058 tionta.
618 2034 686 2042 —
717 2005 953 2058 Domnus
985 2005 1050 2059 de
1092 2005 1328 2058 Titensa.

822 2115 897 2167 De
929 2117 1189 2182 provincia
1221 2114 1552 2186 Palesgonia.

474 2226 767 2282 Filadell‘us
809 2228 876 2282 de
930 2227 1318 2299 Ptimpcjopoli.
1364 2257 1426 2268 —
1462 2228 1746 2284 Petronius
1775 2230 1841 2285 de
1876 2231 1977 2285 La-

397 2317 600 2385 nnpoli.
635 2346 702 2358 —
735 2319 999 2373 Eusticius
1028 2320 1095 2374 de
1118 2323 1389 2374 Amostra.
1438 2350 1509 2360 —
1557 2321 1880 2378 Academius
1907 2325 1977 2381 de

400 2409 663 2464 Mustene.
722 2439 790 2449 --
845 2411 1113 2466 Eraclitus
1143 2412 1208 2468 de
1239 2412 1411 2468 Varis.
1443 2442 1514 2452 —
1543 2413 1860 2469 Theodorus
1910 2413 1978 2470 de

395 2499 526 2553 Viis.

468 2639 497 2700 ιν
533 2629 595 2682 Τ.
624 2631 677 2693 2,
708 2628 896 2698 Lycicz.
922 2628 1060 2700 _l‘ost
1088 2629 1202 2683 haec
1229 2629 1394 2683 verba
1422 2640 1645 2700 uterque
1681 2633 1977 2692 Toletanus

391 2699 570 2756 Codex
615 2697 798 2768 incipit
845 2716 858 2750 :
906 2697 1134 2752 Canam
1181 2701 1500 2770 generalium
1555 2697 1891 2760 conciliorum
1943 2723 1978 2761 ο

2538 407 2612 460 De
2649 407 2905 475 provincia
2945 401 3104 475 Lycia
3145 415 3166 440 ³

2419 499 2576 551 Fides
2607 502 2770 551 sancti
2792 499 3023 569 Gregorii
3050 499 3286 570 Hajoris.

2135 591 2280 646 Unus
2311 592 2447 645 Deus
2473 592 2785 659 principium
2835 603 2886 642 et
2920 592 3071 644 Pater
3099 590 3258 644 Verbi
3278 591 3526 658 viventis,
3564 609 3658 648 sa-

2069 684 2284 753 pientia:
2335 684 2614 738 esislentis
2664 696 2716 736 et
2765 685 2974 736 virtutis
3004 693 3058 736 et
3104 682 3352 751 imaginis
3396 687 3656 752 proprisc,

2065 776 2335 845 perfectus
2377 776 2596 844 perfecti
2637 777 2821 845 geniti,
2869 774 3021 829 Pater
3101 776 3220 830 Filii
3294 778 3551 846 nnigeniti
3604 793 3662 834 et

2066 883 2203 921 unus
2243 867 2500 921 Dominus
2531 883 2593 922 es
2629 882 2734 920 uno
2759 868 3006 928 Domino.
3033 867 3173 922 Deus
3196 867 3221 904 δ
3253 869 3320 922 de
3354 870 3484 933 Deo,
3527 872 3660 938 ligu-

2068 973 2125 1012 ra
2153 958 2466 1012 substantia:
2497 957 2691 1022 Patris,
2721 959 2894 1027 imago
2937 959 3054 1024 Dei,
3091 959 3231 1012 Deus
3254 959 3487 1014 Verbum
3522 964 3661 1016 vivi-

2069 1054 2194 1107 dum
2243 1063 2298 1108 et
2320 1054 2482 1106 totius
2505 1051 2818 1105 substantiae
2844 1050 3048 1118 apiiex,
3080 1066 3156 1116 sa;
3179 1052 3342 1106 ientia
3371 1054 3663 1110 continens

2068 1143 2246 1196 omnia
2275 1157 2392 1210 qua:
2421 1142 2678 1206 existunt,
2735 1152 2787 1194 et
2822 1141 2991 1195 virtus
3022 1140 3184 1194 totius
3227 1145 3480 1197 creabilis
3508 1159 3662 1199 crea-

2072 1243 2228 1295 turae.
2289 1233 2457 1288 Filius
2484 1247 2642 1286 verus
2667 1232 2734 1285 de
2764 1245 2893 1286 vero
2921 1231 3098 1293 Patre.
3129 1233 3409 1286 invisibilis
3457 1235 3525 1288 de
3573 1235 3661 1289 in-

2073 1326 2298 1389 visibili,
2328 1325 2751 1392 incorruptibilis
2795 1325 2861 1379 de
2893 1325 3303 1395 incorruptibili.
3339 1328 3661 1385 immattalis

2076 1416 2142 1470 de
2192 1417 2509 1481 immortali,
2555 1426 2608 1470 et
2653 1417 3012 1484 sempiternus
3054 1415 3123 1470 de
3166 1419 3500 1484 sempiterno
3554 1432 3657 1477 τοι

2084 1523 2224 1562 unus
2269 1509 2499 1577 Spiritus
2526 1517 2766 1572 sanctus,
2812 1505 3102 1576 perfectus,
3163 1508 3396 1576 perfecta
3449 1512 3551 1564 vita
3587 1515 3663 1566 vi-

2074 1600 2336 1661 ventium,
2389 1598 2644 1651 sanctitas
2671 1607 2726 1650 et
2753 1597 2874 1650 fons
2900 1598 3200 1650 sanctitatis
3219 1638 3234 1658 .
3263 1609 3316 1651 et
3359 1602 3665 1655 sanetilica-

2079 1686 2235 1740 tionis
2284 1686 2648 1751 ministrator;
2705 1700 2798 1752 per
2846 1700 3005 1754 quem
3055 1685 3194 1739 Deus
3235 1687 3287 1739 in
3331 1701 3519 1742 omnes
3547 1704 3664 1746 cre-

1996 1781 2046 1842 B
2074 1775 2264 1829 dentes
2303 1784 2358 1829 et
2401 1789 2562 1841 super
2614 1789 2826 1840 omnes,
2871 1784 2925 1828 et
2972 1773 3137 1828 Filius
3184 1777 3274 1843 qui
3323 1792 3420 1840 per
3447 1793 3660 1845 omnes,

2081 1865 2317 1920 Trinitas
2364 1865 2623 1934 perlecta,
2653 1866 2820 1933 gloria
2871 1875 2925 1918 et
2968 1880 3190 1934 regnum
3249 1870 3663 1935 sempiternum,

2085 1956 2437 2021 individuum,
2486 1964 2542 2010 et
2591 1954 2932 2008 inalienabile
2965 1973 2977 2006 :
3012 1971 3185 2024 neque
3215 1958 3372 2025 igitur
3422 1970 3664 2014 creatum

2078 2049 2279 2117 aliquid
2302 2057 2356 2102 et
2389 2062 2603 2101 servum
2648 2061 2742 2099 Seu
2769 2044 3026 2098 famulum
3060 2046 3111 2098 in
3144 2047 3430 2113 Triuitate,
3476 2065 3654 2118 neque

2080 2137 2436 2192 adventitium
2465 2136 2546 2190 vel
2572 2137 3060 2204 subintroductum,
3091 2147 3339 2206 tanquam
3367 2141 3506 2206 quod
3536 2151 3664 2195 ante

2079 2242 2184 2282 non
2233 2226 2518 2291 exstiterit,
2553 2236 2607 2279 et
2656 2227 3005 2279 novissimum
3049 2226 3460 2294 subintraverit;
3489 2246 3667 2300 neque

2078 2321 2223 2375 enim
2248 2318 2418 2372 deluit
2459 2317 2747 2386 aliquando
2781 2315 2944 2369 Filius
2977 2315 3118 2370 Patri
3152 2327 3240 2371 aut
3276 2319 3410 2374 Filio
3433 2321 3665 2391 Spiritus

2079 2422 2320 2475 sanctus,
2343 2411 2439 2465 sed
2463 2408 2808 2464 immutabilis
2828 2410 3316 2466 etinconvertibilis
3342 2413 3454 2467 lucc
3473 2414 3664 2468 eadem

2087 2505 2325 2560 Trinitas
2362 2518 2598 2572 semper.

2087 2634 2399 2705 ιεπῳοῄὺαε
2439 2631 2764 2705 Constantini
2787 2640 3061 2705 creperum,
3091 2639 3143 2683 et
3160 2641 3380 2705 _c:t>tcra.

2155 2700 2199 2743 δ’
2221 2704 2338 2770 Eu,
2367 2704 2426 2759 Ε.
2459 2705 2514 2771 5,
2537 2703 2598 2756 Τ.
2635 2702 2684 2768 1,
2707 2702 2764 2764 2,
2791 2702 2881 2764 U.,
2912 2715 2974 2753 ea:
2999 2716 3124 2766 uno,
3149 2700 3312 2756 Deus.

2799 2843 3664 2867 ——-—————-‘

1890 2970 2078 3074 ΙΙ.

1236 3155 1891 3241 CONCILIUM
1967 3148 2634 3242 ANCYRITAN
2648 3160 2835 3242 UM

1465 3318 1501 3357 Δ
1535 3312 1864 3355 DUODECIM
1913 3313 2227 3358 BPlSCOPlS
2277 3315 2592 3357 HABITUM.

396 3437 640 3511 17-13
678 3436 768 3489 Isti
824 3436 1037 3505 quidem
1083 3449 1315 3490 canones
1368 3449 1462 3490 seu
1515 3435 1710 3504 regula:
1763 3437 2045 3510 prioresc

385 3543 509 3586 sunt
537 3531 790 3593 Nic-anis,
825 3530 921 3583 sed
947 3529 1064 3582 ideo
1093 3529 1293 3582 Nlcmni
1343 3543 1575 3582 canones
1617 3528 1822 3596 priores
1838 3532 1973 3582 scri-

388 3622 584 3674 buntur
611 3630 827 3688 pmpter
875 3619 1246 3672 auctoritatem
1290 3621 1465 3688 magni
1491 3630 1543 3672 et
1571 3621 1743 3674 sancti
1765 3623 1974 3674 concilii

387 3712 525 3776 apud
555 3710 786 3764 Nicaeam
807 3706 1394 3762 ltabiti.Convencrunt
1421 3720 1599 3764 autem
1630 3711 1681 3762 in
1713 3711 1974 3780 synodum

388 3812 738 3858 memoratam
764 3803 986 3870 Ancyra:
1009 3799 1310 3853 civitatislti
1334 3801 1418 3866 qui
1438 3801 1571 3854 infra
1605 3802 1787 3870 scripti
1809 3810 1935 3854 sunt
1958 3818 1972 3855 :

387 3895 1062 3963 llucellusAncyritanus,
1104 3893 1416 3963 Agricolaus
1462 3893 1823 3959 Caesariensis.
1869 3896 1974 3949 Lu-

394 4003 491 4055 pus
519 3985 826 4050 Tarsensis,
867 3984 1086 4038 Vitalius
1113 3984 1512 4053 Antiochensis,
1541 3987 1766 4040 Basilius
1791 3988 1977 4041 Amas-

387 4091 582 4141 senus,
615 4075 1017 4144 Pbiladelphius
1044 4074 1493 4145 Juliopolitanus,
1529 4077 1776 4130 Festulus
1816 4077 1978 4131 Nico-

387 4167 704 4233 mediensis,
753 4167 1026 4222 lleraclius
1058 4166 1394 4233 Zelonensis,
1429 4168 1617 4222 Petrus
1650 4169 1937 4224 lconiensis
1957 4210 1972 4233 ,

387 4260 649 4314 Nunecius
664 4259 1030 4324 Laudocenus,
1042 4258 1331 4327 Sergianus
1345 4258 1706 4314 Autiochenus
1745 4259 1972 4325 Pisidiae,

388 4351 633 4405 Narcisus
655 4348 1021 4402 Nerodiensis.

626 4441 665 4494 Ι.
701 4440 775 4491 De
804 4441 1101 4509 presbyteris
1125 4440 1282 4509 lapsis
1305 4441 1356 4494 in
1378 4445 1749 4509 persecutione.

459 4530 805 4600 Presbyteros
854 4530 941 4596 qui
991 4531 1406 4584 immolaverunt
1457 4543 1512 4586 et
1545 4546 1742 4602 ‘poslea
1786 4535 1975 4589 iterum

388 4635 656 4677 certamen
690 4621 953 4686 inierunt,
985 4622 1029 4674 si
1060 4622 1161 4676 hoc
1208 4621 1387 4690 ipsum
1421 4637 1485 4676 ex
1519 4625 1622 4679 tide
1654 4635 1705 4677 et
1736 4640 1838 4679 non
1881 4625 1978 4678 ali-

389 4729 494 4782 quo
520 4723 829 4782 argumento
855 4714 1068 4768 sibimet
1090 4726 1450 4784 praeparantes
1498 4728 1744 4786 egerunt,
1792 4727 1847 4772 ut
1879 4720 1979 4773 ite-

2358 3437 2420 3490 ΙΙ.
2446 3436 2522 3490 De
2551 3437 2845 3490 diaconibus
2871 3435 2957 3504 qui
2977 3433 3387 3488 immolaverunt.

2152 3522 2410 3575 Diacones
2435 3519 2681 3575 similiter
2707 3522 2795 3590 qui
2821 3520 3256 3584 immolaverunt,
3282 3530 3459 3588 postea
3481 3531 3663 3578 autem

2077 3613 2266 3666 iterum
2298 3612 2482 3665 luctati
2512 3624 2532 3650 ε
2561 3621 2705 3676 sunt,
2736 3611 2868 3663 alias
2889 3610 3148 3678 siquidem
3176 3611 3431 3664 honorem
3465 3610 3669 3668 habere

2076 3711 2359 3770 oporteat,
2398 3717 2609 3756 cessare
2641 3717 2770 3756 vero
2797 3701 2992 3754 debere
3029 3702 3096 3754 ab
3124 3701 3268 3753 omni
3309 3715 3459 3756 sacro
3503 3705 3666 3756 minio

2077 3795 2262 3861 sterio,
2305 3796 2371 3846 ita
2423 3806 2478 3848 ut
2504 3810 2603 3849 nec
2636 3810 2824 3863 panem
2859 3809 2956 3848 nec
2987 3793 3206 3847 calicem
3239 3793 3530 3858 oﬂ'et'autd,
3564 3795 3666 3850 nisi

2078 3886 2213 3941 forte
2239 3888 2398 3956 aliqui
2425 3888 2793 3957 episcoporum
2817 3885 3020 3940 conscii
3043 3884 3239 3939 fuerint
3261 3885 3459 3940 laboris
3480 3901 3665 3940 eorum

2077 3987 2126 4030 et
2159 3977 2472 4030 humilitatis
2496 3985 2551 4030 et
2578 3976 3003 4030 mansuetudinis
3034 4016 3048 4038 ,
3078 3984 3134 4028 ct
3161 3974 3429 4028 voluerint
3453 3976 3530 4028 eis
3559 3976 3670 4028 ali-

2078 4070 2203 4139 quid
2231 4070 2462 4137 amplius
2494 4071 2727 4123 tribuere
2756 4069 2836 4122 vel
2863 4067 3153 4130 adhibere;
3189 4082 3350 4135 penes
3373 4067 3518 4135 ipsos
3538 4083 3668 4136 ergo

2078 4160 2146 4214 de
2167 4159 2248 4213 his
2271 4162 2372 4214 erit
2411 4170 2665 4229 potestas.

2080 4276 2166 4331 Ill.
2200 4275 2274 4329 De
2297 4277 2492 4330 clericis
2518 4277 2620 4327 sive
2646 4276 2790 4328 laicis
2811 4291 3026 4341 quorum
3053 4288 3231 4324 manus
3261 4271 3353 4324 alii
3386 4288 3499 4324 curn
3525 4271 3668 4341 inju-

2311 4349 2390 4399 ria
2417 4363 2567 4416 super
2589 4347 2843 4399 idolorum
2873 4346 3124 4407 sacriﬁcia
3153 4351 3450 4413 posuerunt.

2150 4437 2251 4504 Qui
2284 4437 2547 4506 lugientes
2580 4447 2818 4505 tempore
2863 4435 3250 4505 persecutionis
3291 4434 3665 4502 comprehensi

2079 4539 2205 4581 sunt
2226 4531 2309 4583 vel
2336 4546 2364 4580 a
2390 4529 2738 4582 familiaribus
2760 4544 2853 4580 seu
2884 4543 2912 4578 a
2943 4526 3250 4580 domesticis
3275 4528 3474 4590 traditi,
3502 4537 3554 4579 et
3580 4527 3665 4579 vel

2079 4625 2220 4678 bona
2271 4626 2484 4694 propria
2526 4625 2820 4677 amiserunt
2861 4621 2946 4676 vel
2992 4621 3357 4675 sustinuerunt
3403 4629 3666 4673 tormenta

2081 4717 2162 4770 vel
2191 4716 2349 4770 etiam
2363 4715 2667 4770 carceribus
2693 4713 2882 4767 inclusi
2906 4722 3033 4766 sunt
3053 4755 3066 4776 ,
3098 4722 3151 4766 et
3169 4721 3347 4765 tamen
3373 4725 3430 4766 se
3457 4711 3668 4779 procla-

391 4823 505 4860 rum
533 4805 698 4858 teneri
715 4805 1022 4860 viderentur
1045 4816 1068 4841 ι
1093 4816 1148 4859 ut
1172 4803 1198 4842 δ
1218 4809 1496 4861 tormentis
1525 4808 1710 4878 subjici
1731 4819 1978 4879 tanquam
2008 4808 2062 4869 D
2089 4819 2365 4861 maverunt
2387 4821 2506 4861 esse
2530 4804 2891 4868 Christianos,
2931 4803 3058 4872 quin
3091 4804 3251 4856 etiam
3286 4813 3667 4869 perseverante

391 4907 640 4968 putentur
670 4898 845 4960 inviti;
877 4898 920 4950 si
965 4912 1092 4967 ergo
1137 4913 1202 4951 ex
1254 4896 1356 4952 ﬁde
1399 4900 1576 4952 luctati
1605 4910 1724 4953 sunt
1755 4911 1808 4954 et
1862 4916 1966 4955 noa

391 5011 452 5050 es
486 5001 763 5063 compacto
791 4991 857 5044 ad
886 4991 1296 5045 ostentationem
1330 5003 1384 5045 ut
1425 4993 1748 5046 oﬂa-rrcntur
1773 4993 1869 5059 ipsi
1903 4994 1975 5046 le-

394 5099 613 5149 Ccrunt,
649 5084 748 5139 bos
799 5082 996 5151 placuit
1027 5083 1284 5137 honorem
1316 5085 1528 5151 quidem
1557 5083 1698 5138 sedis
1748 5085 1978 5151 propria:

393 5181 648 5241 retinere,
673 5175 868 5231 oﬂ'errc
890 5188 1064 5229 autem
1089 5175 1214 5238 illis,
1239 5186 1289 5228 et
1313 5190 1616 5228 sermonem
1633 5175 1696 5228 ad
1724 5177 1972 5243 populum

395 5272 587 5334 facere,
609 5275 702 5319 aut
725 5268 987 5335 aliquibus
1011 5266 1432 5321 sacerdmalibus
1453 5266 1644 5319 ollitiis
1669 5262 1838 5335 fungi,
1867 5280 1971 5318 non

394 5362 564 5414 liceat.

465 5482 488 5507 ⁸
519 5475 600 5526 Ab
638 5471 718 5526 his
741 5470 918 5524 verbis
945 5470 1230 5524 uiderentur
1251 5483 1303 5525 ut
1335 5475 1591 5526 tormentis
1621 5471 1808 5540 incipit
1841 5469 1948 5525 (Zo-

394 5545 492 5598 des
528 5544 584 5594 ll.
617 5542 680 5594 ιι.

465 5613 491 5651 δ
525 5612 610 5672 υ..
636 5623 700 5664 et.

467 5696 487 5721 ε
525 5683 633 5739 ἐξ..
670 5686 723 5733 il.
753 5681 842 5741 IL,
877 5680 938 5732 Ε.
973 5677 1024 5742 3,
1065 5677 1126 5727 Τ.
1167 5677 1296 5737 Ιμῖ.
1325 5683 1579 5736 rt’lrtt'tufi.
1616 5685 1701 5749 U.,
1734 5687 1964 5738 rrlut‘tati

395 5766 534 5816 sunt,
568 5753 695 5804 alios
724 5753 925 5817 quidem
959 5749 1196 5800 ordinare
1227 5762 1441 5810 θρωιιί.

2087 4900 2330 4954 violentia
2364 4900 2428 4953 ad
2458 4900 2508 4953 id
2541 4913 2709 4966 usque
2741 4896 2978 4965 perducti
3001 4905 3152 4958 sunt,
3181 4907 3236 4947 ut
3269 4908 3457 4947 manus
3476 4909 3664 4966 eorum

2083 4996 2444 5062 apprehensas
2496 5002 2548 5044 et
2595 4992 2852 5045 violenter
2897 4997 3148 5041 attractas
3196 5001 3358 5054 super
3400 4985 3665 5038 sacriﬁcia

2081 5085 2442 5153 imponerent.
2520 5084 2627 5138 illis
2681 5083 2886 5138 scilicet
2934 5078 3396 5150 perseverantibus
3447 5079 3496 5129 in
3559 5077 3664 5129 title

2082 5178 2412 5233 Christianos
2427 5187 2448 5212 ε
2473 5193 2530 5232 se
2551 5192 2672 5232 esse
2683 5175 3012 5229 vociferantil
3035 5188 3125 5234 us;
3161 5173 3259 5224 hoc
3278 5185 3404 5238 ergo
3421 5169 3558 5236 quod
3583 5169 3664 5220 ais

2081 5269 2262 5322 invitis
2292 5280 2346 5323 et
2365 5270 2485 5324 aliis
2507 5266 2819 5338 cogentibus
2838 5265 3082 5333 contigit,
3106 5264 3150 5316 si
3173 5264 3315 5317 luctu
3347 5271 3397 5314 et
3431 5274 3665 5314 tumore

2090 5361 2254 5417 animi
2284 5367 2474 5417 acerbe
2503 5378 2561 5417 se
2587 5361 2728 5416 ferre
2757 5362 3144 5424 demonstrant,
3167 5352 3444 5424 ipsosque‘
3473 5353 3662 5407 humili

2133 5472 2158 5510 δ
2192 5475 2305 5542 .45.,
2338 5476 2397 5530 Β.
2425 5475 2516 5542 8.,
2551 5475 2609 5528 Ε.
2641 5475 2697 5541 5,
2741 5475 2805 5528 Τ.
2839 5476 2890 5540 l,
2913 5472 2965 5537 9.,
2997 5472 3083 5536 U.,
3119 5471 3356 5538 offerant,
3400 5485 3489 5521 nec
3540 5484 3665 5536 pro—

2071 5549 2300 5601 nuntient
2331 5548 2446 5600 nisi.

2147 5629 2171 5654 ε
2211 5618 2324 5682 Αἰ,
2356 5619 2411 5670 Ii.
2448 5619 2534 5679 IL,
2561 5615 2648 5674 U..
2676 5616 2727 5666 in
2770 5617 2891 5680 ﬁde,
2923 5624 2968 5668 ct
3001 5611 3345 5667 Christianos.

2151 5687 2169 5725 ί
2213 5691 2274 5743 Τ.
2317 5691 2358 5750 ι,
2392 5690 2445 5753 Ξ,
2470 5687 2567 5756 ἐμ.κὶ
2597 5703 2810 5755 quoque.
