4048 6182
289 255 390 310 1οὸ

1213 257 1618 316 ΟΒᾹΞΟΟΒἨΜ
1660 254 1993 314 CONCILIA.
2037 284 2104 295 -
2145 254 2663 313 ANCYIIITANUM.

3452 267 3555 325 100

284 387 378 441 per
400 370 594 424 bonam
624 368 1095 424 conversationem
1129 370 1311 426 habitu
1351 373 1660 429 incedentes
1687 373 1870 428 dolere
1897 378 1948 435 Λ
1977 382 2078 422 nus
2114 370 2298 438 epulas
2330 371 2526 427 ibidem
2557 379 2909 441 portaverqu
2958 381 3116 442 atque
3162 378 3515 438 comederunt
3551 430 3568 453 ,

284 482 345 520 se
375 463 518 534 quod
551 462 706 517 inviti
738 464 909 516 coacti
955 471 1081 517 sunt
1109 463 1357 529 doceant,
1392 466 1493 520 Iros
1523 473 1770 534 tanquam
1801 463 1889 516 inv

285 557 529 625 culpatos
576 567 605 606 a
636 553 1016 607 communione
1041 567 1149 609 non
1187 554 1355 608 vetari
1380 562 1426 607 ιι.
1458 554 1516 609 Si
1559 563 1736 609 autem
1777 551 1888 622 jam

291 645 546 718 proliibiti
571 653 697 698 sunt
717 643 786 698 ab
807 643 1071 713 aliquibus
1091 659 1121 699 a
1140 646 1540 711 communione,
1566 644 1784 713 majoris
1805 645 1891 699 die

287 736 521 808 ﬁgentia:
548 745 601 791 et
626 734 988 805 inquisitionis
1001 750 1162 790 causa
1187 745 1277 790 aut
1299 751 1392 806 per
1413 737 1711 806 aliquorum
1742 735 1892 804 igno-

289 828 518 882 rantiam
543 869 558 891 ,
583 826 762 881 statim
779 826 941 895 recipi
962 836 1231 895 oportere.
1258 826 1370 882 Hoc
1411 837 1588 882 autem
1618 826 1892 882 observari

292 924 505 986 oportet
527 916 666 970 etde
687 916 896 971 clericis
918 925 971 970 et
997 914 1230 970 delaicis
1248 917 1498 972 omnibus
1531 933 1545 970 :
1581 917 1746 972 Iaicos
1763 932 1894 973 sane

292 1010 380 1079 qui
408 1009 461 1062 in
481 1008 686 1063 similes
705 1008 1040 1062 necessitatis
1061 1022 1250 1062 causas
1268 1007 1575 1063 inciderunt
1596 1050 1611 1075 ,
1637 1017 1892 1078 tanquam

292 1100 382 1167 qui
406 1099 536 1153 nibil
565 1108 938 1167 peccaverunt,
969 1099 1199 1155 maxime
1237 1100 1282 1154 si
1311 1114 1405 1154 eos
1453 1101 1752 1170 probabilis
1781 1102 1894 1158 vita

293 1188 664 1251 commendet,
697 1187 761 1240 ad
793 1188 1187 1242 ordinationem
1233 1188 1398 1256 recipi
1433 1190 1650 1259 placuit.

399 1277 486 1332 IV.
525 1277 598 1329 De
619 1276 698 1330 his
727 1277 813 1345 qui
836 1278 885 1329 in
916 1278 1115 1343 templis
1145 1277 1401 1331 idolorum
1437 1292 1785 1336 monuerunt.

367 1370 442 1424 De
484 1368 679 1437 bisqui
704 1368 1007 1424 sacriﬁcare
1037 1371 1207 1424 coacti
1228 1382 1373 1437 sunt,
1404 1373 1498 1428 sed
1528 1374 1688 1428 etiam
1716 1375 1782 1430 de
1813 1377 1897 1431 bis

297 1459 384 1530 qui
414 1461 469 1513 in
516 1461 728 1528 templis
759 1458 1440 1528 idolorum.cmnaverunt,
1490 1466 1534 1520 si
1571 1469 1659 1537 qui
1706 1482 1894 1522 eorum

301 1569 419 1608 cum
470 1553 653 1606 habitu
687 1553 912 1607 cultiore
941 1552 1005 1607 ad
1039 1554 1235 1622 templa
1269 1555 1509 1623 perducti
1540 1569 1695 1624 sunt,
1737 1570 1896 1628 atque

303 1645 373 1698 ibi
404 1645 718 1713 pretiosiore
748 1644 924 1700 adhuc
951 1655 1098 1700 veste
1122 1654 1325 1700 mutata
1347 1663 1517 1704 coena:
1538 1647 1590 1715 δ,
1613 1651 1897 1719 participes

1996 459 2193 526 placuit
2228 470 2286 516 ut
2316 472 2435 531 post
2488 464 2684 518 biennii
2742 465 3109 534 paenitentiam
3151 468 3552 540 suscipiantur;

1995 549 2065 603 ita
2101 559 2277 607 tamen
2303 591 2316 616 ,
2345 562 2522 608 utrum
2553 569 2676 610 cum
2707 555 2978 612 oblatione
3022 559 3312 628 recipiendi
3350 563 3458 618 sint
3506 582 3575 622 an

1995 641 2060 695 ad
2098 642 2266 697 solam
2296 647 2733 702 communionem
2770 649 2977 704 admitti
3007 650 3256 720 deceant,
3285 659 3578 726 unusquis-

1993 745 2100 800 que
2128 731 2502 801 episcOporum
2535 739 2835 805 examinet,
2882 741 3003 796 vita:
3050 756 3236 797 eorum
3288 749 3576 814 prmteritce

1994 831 2051 876 et
2077 824 2359 892 prmsentis
2382 825 2562 881 habita
2591 830 2780 885 consid
2818 834 3050 887 ratione.

2035 911 2167 966 VIII.
2203 914 2279 968 De
2301 914 2382 969 Iris
2409 919 2495 988 qui
2526 935 2618 988 per
2645 921 2742 972 vim
2772 925 2936 976 coacti
2965 923 3117 979 idolis
3140 927 3543 985 inmolaverunt.

2069 1004 2133 1060 Ili
2183 1014 2362 1060 autem
2411 1010 2499 1076 qui
2549 1011 2789 1068 secundo
2828 1023 2884 1069 et
2936 1018 3093 1071 tertio
3141 1019 3580 1078 sacriﬁcaverunt

1998 1111 2095 1165 per
2127 1100 2232 1152 vim
2267 1102 2465 1169 coacti,
2512 1113 2743 1172 quatuor
2785 1106 2938 1161 annis
2991 1108 3057 1162 ad
3118 1112 3486 1177 paenitentiam
3521 1131 3583 1171 se

1998 1191 2341 1259 submittant,
2385 1193 2596 1251 duobus
2620 1207 2798 1253 autem
2827 1201 2947 1254 aliis
2977 1200 3098 1257 sine
3127 1203 3401 1261 oblatione
3431 1223 3580 1261 com-

1997 1284 2295 1351 municent,
2349 1288 2583 1357 septimo
2637 1301 2816 1345 autem
2848 1306 2989 1346 anno
3022 1291 3407 1361 perfectionem
3439 1314 3582 1355 rece-

1998 1377 2137 1444 pturi
2167 1381 2581 1435 communionis.

2000 1469 2107 1537 20
2133 1467 2224 1523 IX.
2263 1469 2338 1523 De
2369 1471 2446 1524 Iris
2493 1473 2579 1539 qui
2612 1481 2659 1527 et
2685 1473 2804 1596 fliis
2831 1474 3165 1598 faer'iﬁcandi
3195 1495 3406 1535 causam
3434 1493 3578 1537 attu-

2705 1561 2827 1598 erun
2859 1588 2871 1598 .

2705 1561 2871 1600 erunt.

2073 1631 2344 1703 Quotquot
2373 1643 2550 1688 autem
2584 1651 2688 1690 non
2715 1637 2889 1693 solum
2920 1655 2948 1693 a
2979 1640 3084 1697 ﬁde
3111 1642 3377 1700 dominica
3405 1645 3586 1702 devia—

303 1736 431 1790 Iacti
481 1743 602 1788 sunt
641 1733 932 1803 idolorum,
977 1735 1348 1791 indill'crenter
1389 1750 1665 1793 sumentes
1715 1740 1892 1795 omnia

2010 1731 2147 1788 runt,
2178 1724 2270 1777 sed
2302 1725 2464 1778 etiam
2496 1726 2904 1784 insurrexerunt
2939 1732 2990 1786 in
3027 1732 3162 1788 alios
3215 1743 3268 1789 et
3323 1733 3587 1792 fratribus

302 1844 423 1899 quae
452 1828 662 1881 luerunt
698 1828 940 1896 apposita
977 1846 989 1880 :
1037 1827 1234 1897 placuit
1281 1829 1423 1885 inter
1466 1831 1746 1887 audientes
1795 1849 1898 1891 uno

302 1934 442 1973 anno
471 1917 747 1983 constitui,
805 1917 972 1972 tribus
1003 1928 1180 1972 autem
1227 1919 1344 1973 aliis
1385 1919 1541 1974 annis
1580 1936 1739 1990 agere
1785 1935 1902 1991 pte-

308 2010 610 2076 nitentiam,
660 2008 752 2063 sed
795 2023 859 2062 ex
910 2009 1026 2078 ipso
1056 2009 1286 2064 triennio
1319 2026 1411 2079 per
1461 2012 1734 2067 biennium
1781 2022 1900 2067 tan-

309 2106 589 2156 tummodo
632 2100 859 2155 orationi
883 2103 1303 2168 communicare,
1338 2103 1497 2158 tertio
1540 2111 1717 2159 autem
1762 2119 1905 2160 anno

309 2191 647 2248 reconciliari
677 2194 1045 2247 sacramentis.

411 2281 479 2336 V.
515 2281 594 2336 De
620 2281 697 2334 his
722 2284 807 2351 qui
831 2285 1012 2335 timore
1038 2283 1164 2336 ritus
1186 2284 1450 2356 gentilium
1476 2294 1796 2356 peregerunt.

377 2373 660 2442 Quotquot
679 2381 848 2426 autem
868 2373 1220 2427 ascenderunt
1243 2375 1438 2444 templa
1455 2389 1575 2430 cum
1594 2385 1740 2430 veste
1757 2376 1905 2445 lugu-

311 2463 401 2518 bri
434 2473 486 2516 et
517 2461 1038 2516 recumbentesinter
1065 2461 1194 2518 alios
1221 2463 1674 2519 manducaverunt
1695 2465 1905 2528 ﬁentes.

308 2555 357 2610 si
382 2554 766 2622 compleverint
790 2555 891 2624 19
908 2555 1273 2624 pmnitentiam
1302 2557 1518 2612 triennii
1540 2566 1768 2625 tempus,
1792 2558 1908 2614 sine

311 2647 584 2702 oblatione
629 2648 987 2716 suscipiantur
1036 2649 1101 2702 ad
1126 2650 1580 2718 communionem,
1635 2651 1686 2706 id
1730 2661 1814 2707 est
1851 2661 1910 2707 ut

313 2737 410 2806 ipsi
450 2738 774 2794 oblationem
825 2754 930 2793 non
981 2739 1235 2807 oderant;
1286 2742 1330 2796 si
1368 2750 1544 2797 autem
1578 2743 1815 2812 perducti
1840 2744 1906 2798 ad

317 2830 513 2898 templa
547 2845 651 2885 non
683 2831 1168 2899 manducaverunt,
1200 2833 1413 2889 biennio
1437 2845 1684 2889 maneant
1712 2835 1764 2889 in
1795 2850 1910 2906 pte-

317 2919 562 2986 nitentia,
616 2922 773 2977 tertio
814 2937 944 2978 vero
975 2938 1115 2978 anno
1165 2925 1585 2990 communicent,
1646 2926 1737 2980 sed
1791 2926 1909 2983 sine

319 3014 591 3068 oblatione
621 3023 678 3068 ut
706 3014 902 3069 dictum
919 3025 1019 3082 est,
1050 3025 1106 3070 ut
1135 3016 1440 3086 quartojam
1464 3033 1601 3072 anno
1624 3016 1908 3087 perfectio-

2007 1826 2388 1882 persuaseruut
2417 1827 2470 1872 et
2502 1820 2579 1874 rei
2616 1821 2738 1876 lacti
2786 1829 2911 1876 sunt
2961 1826 3329 1893 persuasionis
3353 1872 3366 1895 ,
3405 1829 3458 1884 lii
3493 1847 3587 1899 per

2007 1905 2293 1961 triennium
2325 1909 2542 1977 quidem
2575 1913 2718 1968 inter
2762 1919 3182 1974 catechumenos
3233 1921 3535 1976 habeantur
3560 1965 3576 1988 ,

2006 2012 2100 2066 per
2150 2000 2294 2054 aliud
2347 2011 2527 2058 autem
2575 2005 2891 2061 sexennium
2947 2009 3278 2078 poenitentiae
3326 2016 3587 2082 recipiant

2007 2089 2203 2158 locum,
2238 2093 2343 2147 alio
2364 2110 2493 2150 vero
2520 2111 2681 2163 anno,
2715 2098 2766 2153 id
2799 2107 2882 2153 est
2901 2099 3133 2166 decimo,
3157 2106 3587 2162 communionem

2006 2182 2124 2237 siue
2150 2182 2420 2240 oblatione
2443 2189 2705 2258 recipiant
2733 2228 2748 2255 ,
2785 2198 2843 2244 ut
2870 2193 3141 2261 completo
3171 2194 3435 2252 decennio
3465 2214 3587 2268 per-

2008 2272 2240 2331 fectione
2280 2274 2526 2334 fruantur
2562 2299 2574 2333 :
2611 2281 2664 2334 in
2691 2296 2757 2336 eo
2785 2292 2961 2337 autem
3010 2285 3128 2353 ipso
3161 2271 3400 2358 tempore
3427 2291 3587 2347 etiam

2009 2366 2116 2420 vita
2143 2381 2332 2424 eorum
2356 2380 2408 2426 et
2433 2374 2771 2427 conversatio
2797 2373 3191 2432 consideranda
3212 2388 3314 2436 est.

2532 2463 2599 2517 Χ.
2632 2462 2708 2519 De
2733 2466 3052 2523 diaconibus.

2085 2550 2301 2606 Diacoui
2334 2554 2639 2624 quicunque
2679 2569 2799 2610 cum
2833 2557 3172 2626 ordinantur,
3203 2561 3246 2616 si
3280 2562 3330 2617 in
3362 2563 3475 2634 ipsa
3503 2584 3590 2622 or-

2009 2638 2281 2696 dinatione
2336 2645 2611 2709 protesrati
2661 2656 2788 2701 sunt
2835 2648 3074 2705 dicentes
3124 2652 3261 2708 velle
3303 2668 3362 2710 se
3392 2657 3592 2716 trahere

2012 2745 2208 2785 uxores
2259 2746 2358 2786 nec
2413 2749 2569 2802 posse
2613 2752 2671 2792 se
2725 2740 3024 2807 continere,
3078 2742 3130 2796 bi
3179 2755 3361 2814 postea
3393 2791 3408 2815 ,
3442 2748 3488 2804 si
3519 2752 3589 2805 ad

2012 2821 2220 2888 nuptias
2250 2826 2629 2892 convenerint,
2665 2842 2913 2885 maneant
2937 2830 2988 2885 in
3013 2834 3311 2890 ministerio
3341 2849 3592 2908 propter-

2011 2925 2072 2966 ea
2128 2912 2269 2982 quod
2302 2913 2384 2968 bis
2415 2916 2696 2988 episcopus
2742 2921 3010 2978 licentiam
3055 2924 3262 2980 dederit
3306 2946 3319 2980 :
3357 2932 3590 2998 quicun-

2010 3016 2113 3070 que
2142 3016 2272 3057 sane
2305 3011 2584 3061 tacuerunt
2634 3018 2686 3064 et
2729 3023 3085 3082 susceperunt
3134 3029 3324 3070 manus
3372 3021 3593 3090 imposi-

319 3123 436 3162 nem
470 3123 622 3162 suam
656 3109 937 3180 recipiant.
974 3111 1292 3180 Episcopum
1325 3111 1446 3165 hinc
1469 3123 1489 3150 ο
1511 3111 1708 3167 habere
1734 3111 1900 3167 licen-

2012 3094 2209 3149 tionem
2244 3095 2473 3166 professi
2504 3101 2914 3169 continentiam,
2959 3116 3013 3160 et
3048 3117 3234 3174 postea
3260 3107 3328 3162 ad
3373 3085 3588 3184 nuptias

319 3198 443 3251 tiam
473 3207 705 3267 oportet,
732 3209 789 3253 ut
816 3214 1092 3270 perspeCta
1123 3201 1453 3270 singulorum
1499 3203 1906 3257 conversatione

322 3305 565 3343 normam
597 3291 942 3362 regulamque
981 3292 1403 3347 conversationis
1431 3293 1711 3356 attribuat,
1743 3291 1795 3346 id
1824 3300 1909 3347 est

322 3391 414 3433 aut
450 3381 733 3438 humanius
764 3399 931 3455 agens
962 3385 1256 3439 secundum
1294 3385 1415 3439 vita:
1443 3384 1659 3438 modum
1693 3391 1906 3454 tempus

322 3473 482 3526 alicui
512 3474 764 3540 breviare,
796 3486 888 3531 aut
918 3477 1077 3532 etiam
1125 3477 1403 3547 prolixius,
1447 3477 1588 3547 quod
1617 3477 1909 3532 correctio-

326 3562 408 3615 nis
456 3569 815 3621 necessarium
867 3566 1080 3633 viderit,
1127 3569 1342 3623 addere.
1377 3569 1697 3624 Discutiatur
1730 3578 1907 3625 autem

327 3655 566 3709 omnium
608 3656 792 3711 borum
845 3669 898 3712 et
944 3658 1252 3726 praecedens
1298 3660 1402 3712 vita
1431 3668 1485 3712 et
1522 3660 1806 3728 posterior,
1857 3668 1912 3715 et

327 3744 394 3800 ita
419 3747 558 3801 citca
591 3763 684 3802 eos
711 3749 1054 3805 sacerdotalis
1081 3749 1384 3804 humanitas
1411 3749 1734 3805 moderetur.

420 3837 508 3892 VI.
536 3837 613 3892 De
630 3839 708 3893 his
737 3840 824 3909 qui
846 3842 898 3894 in
933 3841 1055 3894 locis
1082 3841 1336 3895 idolorum
1358 3841 1810 3896 manducaverunt.

397 3931 472 3986 De
501 3933 584 3986 bis
614 3933 701 4001 qui
747 3935 904 3988 minis
949 3942 1150 3988 tantum
1182 3944 1480 3999 cesserunt,
1516 3943 1606 3989 aut
1651 3934 1910 3989 bonorum

328 4022 596 4076 oblatione
617 4024 1193 4092 auttranSportationis
1235 4040 1391 4096 pinna
1430 4025 1674 4081 deterriti
1703 4025 1910 4080 sacriﬁ-

327 4121 604 4178 caverunt,
633 4121 689 4167 et
715 4129 853 4168 nunc
875 4129 1042 4183 usque
1076 4130 1180 4169 non
1206 4115 1566 4184 poenituerunt
1594 4130 1765 4186 neque
1785 4129 1913 4171 con-

328 4203 462 4256 versi
491 4212 638 4268 sunt,
672 4204 827 4258 modo
855 4213 1060 4271 autem,
1115 4205 1166 4260 id
1197 4215 1278 4260 est
1310 4216 1551 4276 tempore
1592 4206 1748 4276 hujus
1778 4222 1911 4278 syn-

323 4290 428 4356 odi,
462 4306 524 4346 se
573 4293 885 4347 obtulerunt
916 4295 1288 4351 conversionis
1329 4311 1439 4351 suze
1488 4297 1771 4352 consilium
1820 4311 1912 4352 ca-

332 4384 569 4452 pientes,
603 4386 802 4453 placuit
839 4402 934 4442 eos
987 4403 1154 4459 usque
1209 4388 1273 4443 ad
1325 4405 1576 4459 magnum
1601 4390 1742 4445 diem
1770 4389 1912 4445 inter

2008 3198 2400 3257 convenerunt,
2431 3206 2460 3244 a
2493 3191 2787 3248 ministerio
2817 3211 3029 3252 cessare
3058 3199 3346 3258 debebunt.

2117 3279 2208 3334 XI.
2239 3278 2318 3335 De
2348 3283 2665 3351 desponsatis
2692 3286 2876 3355 puellis
2903 3297 2951 3342 et
2981 3289 3043 3341 ob
3069 3292 3187 3346 aliis
3217 3299 3490 3363 corruptis.

2085 3367 2442 3437 Desponsatas
2476 3372 2678 3439 puellas
2708 3385 2759 3428 et
2792 3385 2977 3444 postea
3008 3381 3076 3431 ab
3104 3382 3224 3436 aliis
3254 3396 3432 3453 raptas
3477 3387 3592 3457 pla-

2013 3458 2124 3513 cuit
2150 3461 2265 3514 erui
2290 3469 2345 3515 et
2377 3460 2460 3516 bis
2487 3463 2634 3519 reddi
2666 3465 2860 3535 quibus
2891 3466 3108 3524 fuerant
3149 3484 3306 3528 antea
3355 3474 3592 3546 despon-

2014 3561 2165 3616 satas,
2195 3551 2358 3606 etiam
2389 3555 2433 3608 si
2467 3568 2558 3609 eas
2583 3569 2613 3609 a
2644 3557 2948 3627 raptoribus
2977 3562 3165 3618 ﬂorem
3210 3565 3431 3634 pudoris
3458 3570 3594 3625 ami-

2015 3642 2152 3699 sisse
2179 3644 2506 3701 constiterit.

2015 3733 2132 3789 XII.
2166 3735 2244 3790 De
2271 3737 2350 3792 liis
2373 3740 2463 3806 qui
2492 3749 2608 3794 ante
2629 3741 2938 3812 baptismum
2977 3747 3392 3816 sacriﬁcaverunt
3420 3754 3594 3810 idolis.

2089 3827 2198 3881 Eos
2224 3829 2313 3896 qui
2341 3837 2467 3883 ante
2495 3829 2819 3897 baptismum
2852 3835 3299 3896 sacriﬁcaverunt
3335 3852 3388 3898 et
3410 3856 3596 3916 postca

2015 3918 2339 3988 baptismum
2370 3921 2644 3975 consecuti
2678 3932 2822 3989 sunt,
2862 3926 3066 3994 placuit
3091 3930 3157 3984 ad
3190 3933 3442 3990 ordinem
3474 3952 3598 4003 pro-

2014 4010 2245 4074 moveri,
2277 4019 2528 4080 tanquam
2561 4012 2629 4067 ab
2682 4014 2828 4068 omni
2857 4016 3085 4074 crimine
3114 4021 3315 4078 lavacri
3347 4025 3599 4083 salutaris

2015 4102 2441 4159 sanctiﬁcatione
2473 4112 2750 4174 purgatos.

2469 4195 2608 4250 XIII.
2642 4196 2718 4251 De
2746 4197 3140 4270 chorepiswpis.

2092 4287 2329 4343 Vicarios
2356 4286 2759 4356 episcOporum,
2785 4304 2922 4357 quos
2954 4289 3126 4346 Grzeci
3170 4293 3589 4366 cborepiscOpos

2022 4379 2209 4434 dicunt
2233 4421 2249 4446 ,
2297 4394 2403 4434 non
2430 4379 2594 4434 licere
2618 4379 2704 4433 vel
2735 4379 3084 4451 presbyteros
3111 4385 3193 4438 vel
3222 4383 3476 4441 diaconos
3503 4402 3599 4443 or-

333 4439 346 4452 .
557 4439 567 4447 .
605 4439 620 4453 .
851 4439 930 4442 η-
994 4439 1152 4459 --τπ
1213 4439 1273 4443 ν-
1605 4439 1740 4445 ---ω

329 4475 612 4529 audientes
645 4479 845 4547 suscipi
883 4519 899 4546 ,
950 4482 1316 4550 paenitentiam
1347 4490 1525 4536 autem
1552 4497 1710 4553 agere
1742 4482 1904 4537 trien-

2019 4439 2246 4539 dinare,
2265 4471 2359 4527 sed
2389 4487 2490 4527 nec
2522 4439 2851 4541 presbyteris
2900 4439 3139 4530 civitatis
3189 4477 3310 4532 sine
3358 4479 3603 4552 episcopi

331 4567 442 4629 nio,
475 4577 528 4620 et
556 4577 674 4636 post
699 4562 835 4623 alios
866 4571 1001 4625 duos
1032 4585 1200 4626 annos
1226 4573 1344 4628 sine
1371 4571 1643 4627 oblatione
1667 4588 1909 4628 commu-

329 4659 540 4725 nicari,
591 4670 645 4714 et
676 4661 746 4715 ita
779 4661 991 4717 demum
1035 4679 1125 4718 sev
1170 4665 1324 4718 annis
1367 4663 1648 4733 completis
1692 4663 1757 4718 ad
1791 4678 1912 4731 per-

333 4751 529 4805 fectum
558 4752 865 4820 pervenire.
892 4753 1045 4819 Quod
1076 4755 1120 4808 si
1151 4753 1312 4822 aliqui
1345 4763 1468 4808 ante
1497 4753 1598 4807 hoc
1631 4753 1912 4808 concilium

329 4843 567 4910 suscepti
601 4850 727 4895 sunt
773 4843 835 4897 ad
882 4843 1274 4912 paenitentiam,
1310 4858 1378 4898 ex
1423 4843 1516 4896 illo
1544 4855 1784 4911 tempore
1815 4841 1916 4896 im-

335 4934 606 5002 potabitur
657 4935 735 4989 eis
791 4935 1000 4989 initium
1057 4935 1302 4990 sesenuii
1349 4936 1624 4990 constituti
1659 4935 1842 5006 :quod
1870 4937 1915 4990 si

330 5027 487 5079 alicui
513 5029 701 5080 borum
734 5027 1214 5096 quodlibctmortis
1238 5027 1529 5096 periculurn
1557 5037 1647 5081 aut
1670 5043 1732 5082 es
1758 5028 1915 5097 aegri-

332 5118 516 5173 tudine
547 5128 639 5172 aut
669 5135 733 5174 ex
767 5121 947 5190 aliqua
978 5135 1136 5176 causa
1161 5119 1442 5186 acciderit,
1471 5120 1554 5175 Iris
1583 5120 1917 5176 communio-

333 5225 450 5266 nem
483 5219 704 5280 propter
727 5212 981 5267 viaticum
1012 5228 1165 5268 suum
1198 5229 1301 5267 non
1332 5213 1536 5284 negari.

438 5301 548 5356 VII.
582 5303 661 5357 De
690 5304 770 5358 his
793 5305 880 5373 qui
906 5309 1197 5374 frequenter
1220 5305 1376 5358 idolis
1399 5303 1810 5357 immolaverunt.

408 5393 482 5448 De
512 5394 597 5448 bis
626 5396 718 5463 qui
776 5395 927 5450 festis
975 5395 1169 5450 diebus
1214 5409 1543 5465 paganorum
1596 5394 1650 5448 in
1697 5393 1920 5449 remotis

343 5497 520 5541 eorum
552 5487 686 5543 locis
717 5489 981 5542 conviviis
1007 5487 1390 5555 interfuerunt,
1419 5495 1474 5544 et
1499 5501 1627 5543 suas
1650 5486 1920 5543 nihilomi-

404 5652 427 5679 "
459 5642 552 5709 U.,
587 5659 686 5697 non
728 5644 921 5711 placuit
950 5645 1128 5698 vetari.

405 5712 432 5750 δ
463 5714 552 5779 υ.,
583 5723 713 5766 reste
741 5716 1029 5778 immutata,
1063 5716 1215 5768 etiam
1242 5731 1416 5772 causa.

619 5807 893 5867 Pnaoc.
928 5807 1278 5871 LXXXIV.

2017 4573 2287 4635 praecepto
2316 4564 2545 4628 amplius
2590 4564 2792 4634 aliquid
2844 4566 3132 4635 imperare,
3157 4568 3237 4622 vel
3268 4570 3386 4624 sine
3412 4580 3602 4628 aucto-

2018 4659 2175 4712 ritate
2208 4657 2508 4711 litterarum
2537 4656 2657 4726 ejus
2689 4658 2740 4711 in
2766 4672 3085 4729 unaquaque
3115 4660 3366 4728 parocbia
3394 4663 3597 4738 aliquid

2019 4763 2197 4821 agere.

2149 4838 2286 4893 XIV.
2323 4838 2400 4894 De
2422 4839 2725 4910 presbyteris
2754 4859 2786 4895 a
2815 4859 2967 4897 carne
2992 4859 3046 4898 se
3070 4844 3458 4904 abstinentibus.

2095 4933 2170 4987 De
2197 4933 2280 4987 Iris
2307 4933 2396 5001 qui
2430 4933 2482 4986 in
2513 4933 2658 4987 clero
2691 4941 2819 4988 sunt
2866 4936 3170 5008 presbyteri
3201 4937 3281 4993 vel
3310 4939 3518 4995 diaconi
3542 4953 3598 4996 et

2019 5028 2288 5081 abstinent
2317 5041 2345 5079 a
2375 5026 2644 5094 carnibus,
2680 5026 2783 5083 hoc
2825 5028 3027 5098 placuit
3053 5030 3236 5095 statui,
3273 5038 3329 5082 ut
3357 5043 3461 5083 non
3507 5046 3600 5084 eas

2022 5128 2272 5187 tanquam
2306 5119 2609 5173 immundas
2639 5131 3006 5185 contemnant,
3040 5121 3347 5188 contingant
3371 5128 3544 5178 tamen
3583 5165 3598 5187 .

2021 5226 2050 5264 a
2079 5213 2269 5282 quibus
2295 5213 2508 5281 quidem
2533 5215 2635 5282 21
2658 5211 2703 5265 si
2726 5212 2992 5267 abstinere
3017 5211 3204 5263 volunt
3240 5209 3471 5267 habeant
3501 5229 3602 5283 po-

2022 5313 2267 5358 testatem
2295 5319 2310 5367 ;
2342 5303 2412 5355 ita
2446 5313 2626 5355 tamen
2657 5308 2715 5352 ut
2741 5302 2785 5353 si
2826 5297 3044 5368 quando
3072 5313 3196 5354 cum
3230 5303 3467 5357 oleribus
3508 5318 3604 5357 co-

2021 5406 2282 5465 quuntur.
2307 5393 2497 5448 eadem
2529 5401 2786 5460 tanquam
2814 5389 3065 5446 carnibus
3099 5392 3301 5460 polluta
3330 5407 3434 5448 non
3463 5393 3606 5463 judi-

2024 5493 2170 5553 cent,
2198 5483 2291 5538 sed
2316 5483 2383 5537 de
2415 5482 2499 5537 bis
2525 5481 2590 5536 ad
2622 5481 2802 5537 cibum
2829 5493 3107 5538 assumant
3157 5482 3400 5552 quamvis
3430 5497 3461 5538 a
3491 5498 3610 5540 caro

2019 5591 2025 5646 ἶ
2098 5649 2122 5677 ε
2155 5639 2262 5702 .43.,
2288 5638 2351 5693 Β.
2387 5638 2476 5702 ll.,
2513 5636 2575 5690 Ε.
2617 5635 2670 5697 5,
2719 5637 2780 5690 Τ.
2815 5637 2840 5689 1
2877 5676 2890 5699 ,
2926 5637 3015 5700 U.,
3079 5633 3392 5706 Episcopum
3438 5645 3610 5693 autem

2031 5712 2166 5768 hinc.
2197 5711 2259 5766 Τ.
2290 5709 2346 5779 ‘2,
2378 5708 2689 5779 Ep'scopum
2723 5717 2890 5762 autem
2923 5709 3074 5760 hanc.

3133 5793 3168 5852 ι
