4048 6182
478 289 576 344 107

1195 286 1573 345 COLLECTIO
1613 282 1943 341 CANONUM
1982 283 2038 337 S.
2083 282 2352 341 lSZ'DORO
2396 285 2655 342 lllSPAl-
2707 288 3067 345 ASCRIPTA.

3650 297 3746 349 108

474 408 629 462 nibus
661 421 718 461 se
750 388 1066 462 abstineant.
1101 406 1254 473 Quod
1286 405 1332 460 si
1362 405 1414 459 in
1444 412 1646 458 tantum
1694 416 1785 457 eas
1827 403 2053 455 immttn-
2084 400 2129 456 Α
2162 398 2490 469 Invenerint,
2526 403 2818 459 seditiones
2862 406 3145 460 excitando
3188 406 3440 462 adversus
3484 423 3608 471 eos,
3655 411 3745 463 hos

472 501 569 553 das
594 508 648 554 et
668 498 1052 554 abominabiles
1079 497 1458 568 judicaverint,
1504 504 1566 551 ιιι
1614 510 1714 551 nec
1754 495 1901 549 olera
1932 508 2053 563 qua:

472 607 593 647 cum
624 591 874 647 carnibus
904 600 1208 661 coquuntur
1237 589 1506 644 aestiment
1551 587 1905 651 comedenda,
1941 594 2055 639 tan-

473 699 630 754 quam
662 699 765 736 non
795 681 1197 737 consentientes
1223 679 1348 733 huic
1377 679 1575 750 regula:
1596 719 1612 745 ,
1642 691 1860 734 cessare
1882 684 1905 713 ἰ
1960 674 2057 729 hos

454 781 687 844 inportet
716 789 745 825 a
794 771 1093 826 ministerio
1137 776 1194 824 rt.
1241 768 1432 823 ordine
1454 783 1568 823 suo.
1621 768 1678 823 Si
1732 768 1851 837 quis
1879 775 2055 820 autem

472 864 609 917 hanc
642 862 878 930 regulam
924 859 1164 921 monitus
1204 874 1311 913 non
1339 856 1366 896 l'
1394 859 1677 925 obedierit,
1730 858 1822 913 sed
1865 871 2057 911 carnes

559 953 758 1007 dictum
790 961 870 1006 est
903 950 1212 1005 immundae
1237 959 1291 1005 et
1321 950 1707 1006 abominandas
1751 950 2055 1004 aestimave-

605 1059 818 1099 cessare
847 1044 1007 1098 debet
1032 1042 1099 1099 ab
1128 1043 1319 1098 ordine
1347 1057 1469 1096 suo.

539 1144 655 1200 XV.
689 1143 811 1198 Non
829 1143 1006 1197 debere
1032 1142 1349 1212 presbyteros
1368 1141 1710 1194 ecclesiastica
1742 1141 1977 1195 vendere.

536 1236 594 1293 Si
624 1252 726 1307 qua
757 1236 822 1291 de
849 1240 1005 1291 rebus
1034 1234 1307 1297 ecclesiae,
1335 1248 1455 1288 curn
1479 1229 1766 1303 episcOpus
1817 1247 1926 1287 non
1953 1238 2059 1298 est,

453 1327 773 1398 presbyteri
803 1325 1156 1391 vendiderint,
1202 1325 1400 1394 placuit
1434 1325 1659 1378 rescisso
1691 1332 1963 1377 contractu
1994 1322 2060 1376 ad

466 1420 553 1487 jus
573 1417 997 1472 ecclesiasticum
1022 1415 1259 1469 revocari
1289 1432 1299 1467 :
1327 1416 1375 1467 in
1399 1413 1598 1482 judicio
1627 1424 1804 1468 autem
1836 1414 2063 1482 eritepi-

465 1507 611 1573 scopi
636 1506 977 1560 constitutum
1003 1504 1045 1558 si
1068 1503 1289 1572 pretium
1313 1502 1506 1558 debeat
1545 1502 1709 1571 recipi
1732 1518 1920 1569 necne,
1942 1517 2064 1567 pro-

471 1608 585 1665 pter
607 1595 748 1664 quod
766 1608 911 1661 sagae
940 1593 1585 1664 contingitdistraetarum
1618 1609 1797 1648 rermn
1827 1594 2063 1649 redditus

464 1685 777 1755 ampliorem
809 1699 1071 1739 summam
1117 1700 1213 1753 pro
1241 1693 1462 1753 accepto
1500 1685 1671 1753 pretio
1718 1683 2029 1739 reddidisse.

666 1779 810 1836 XVI.
840 1782 914 1836 De
941 1783 1016 1835 his
1039 1784 1124 1852 qui
1143 1783 1565 1837 irrationabiliter
1592 1784 1843 1837 vixerunt.

536 1873 599 1927 'In
627 1872 730 1929 hoc
760 1874 913 1928 titulo
934 1873 1116 1928 Graeca
1147 1874 1310 1929 Vrrha
1343 1874 1455 1929 haec
1492 1885 1615 1930 sunt
1644 1892 1656 1928 :
1683 1878 1805 1953 Περὶ
1827 1883 1925 1932 τῶν
1948 1876 2068 1931 ἀλο-

460 1965 785 2037 νευσαμὲνων
808 1963 837 2022 ἦ
862 1968 944 2018 καὶ
970 1965 1360 2038 ἁ).ο·γευομὲνων,
1404 1978 1522 2033 quae
1558 1978 1659 2019 nos
1706 1964 1893 2020 latine
1932 1981 2064 2033 pos-

463 2066 649 2107 sumus
694 2053 874 2107 direre
914 2053 1059 2109 :.lle
1106 2052 1187 2107 his
1240 2055 1330 2123 qui
1386 2053 1817 2109 irrationabiliter
1863 2053 2062 2109 versati

468 2156 598 2198 sunt
626 2146 739 2200 sive
767 2153 1066 2201 versantur.
1100 2145 1301 2202 Sensus
1337 2157 1515 2201 autem
1557 2128 1611 2201 in
1655 2146 1755 2201 hac
1801 2147 2065 2202 sententia

465 2237 663 2306 duplex
702 2251 825 2292 esse
868 2244 1073 2307 potest,
1120 2238 1209 2305 (ιυί
1233 2251 1299 2293 ex
1340 2238 1565 2309 objectis
1611 2238 1927 2309 conjicitur,
1977 2243 2066 2291 aut

463 2329 534 2384 de
558 2328 641 2383 bis
670 2329 758 2403 qui
789 2342 908 2384 eum
942 2330 1224 2399 pecoribus
1245 2330 1386 2385 coitu
1411 2329 1569 2385 mixti
1608 2341 1771 2397 sunt,
1804 2337 1895 2384 aut
1916 2345 2066 2385 more

467 2434 723 2489 pecorum
751 2420 953 2476 incesta
983 2436 1107 2476 cum
1137 2422 1450 2493 propinquis
1490 2424 1752 2495 sanguine
1781 2423 1979 2481 commi
2010 2437 2066 2478 e-

464 2516 607 2561 runt.
662 2507 935 2576 Quotquot
997 2508 1158 2576 igitur
1209 2519 1333 2564 ante
1374 2513 1685 2568 vicesimum
1744 2516 1916 2567 anatis
1956 2529 2066 2568 suae

462 2611 663 2650 annum
717 2596 822 2649 tale
850 2596 1053 2651 crimen
1084 2597 1431 2666 admiserint,
1461 2603 1763 2670 quindecim
1815 2604 1966 2658 annis
2012 2605 2063 2658 in

466 2686 776 2757 pmtiitentia
804 2687 1029 2754 exactis,
1058 2689 1284 2744 orationi
1315 2698 1521 2745 tantum
1550 2693 1802 2763 incipiant
1821 2708 2064 2749 commu—

462 2781 681 2847 nicare,
712 2790 763 2835 et
794 2782 1160 2850 quinquenn‘o
1189 2784 1354 2839 altero
1386 2783 1437 2839 in
1468 2788 1847 2843 communione
1872 2790 2065 2843 oratio-

463 2873 551 2927 nis
574 2871 739 2925 solius
770 2872 1119 2940 perdurantes
1160 2883 1276 2943 post
1302 2875 1613 2931 vicesimum
1640 2892 1760 2932 cum
1793 2879 2065 2934 oblatione

461 2962 527 3016 ad
556 2965 991 3019 communionem
1019 2967 1400 3036 suscipiantur.
1432 2968 1755 3024 Discutiutur
1785 2977 1961 3024 autem
2008 2981 2063 3025 et

2158 495 2426 563 segregari
2452 506 2687 564 oportet.
2720 496 2873 562 Quod
2901 497 2944 551 si
2996 498 3181 554 volunt
3226 498 3279 553 in
3329 499 3653 570 presbyterio
3697 503 3743 555 in

2158 590 2380 644 ecclesia
2401 591 2487 645 ubi
2514 593 2658 659 prius
2684 591 3159 661 fueranttanqnam
3188 593 3480 663 presbyteri
3497 594 3744 658 residere,

2160 694 2264 732 non
2297 680 2623 747 repellantur
2655 697 2687 736 a
2727 683 2939 751 propria
2972 682 3263 750 dignitate:
3315 683 3456 752 quod
3499 684 3543 737 si
3593 688 3744 738 etiam

2161 772 2229 825 ibi
2257 770 2548 827 seditiones
2589 775 2861 831 concitare
2905 777 3196 844 probamur
3240 778 3504 847 episcopis
3560 777 3747 834 ibidem

2160 865 2491 931 constitutis,
2525 868 2791 937 segregari
2837 884 2931 923 eos
2964 883 3184 923 necesse
3212 877 3297 924 est
3323 878 3376 923 ct
3417 872 3751 928 nihilominus

2140 957 2485 1027 presbyterii
2517 958 2773 1027 dignitate
2804 961 3016 1029 privari.

2375 1047 2513 1103 XIX.
2546 1048 2625 1102 De
2649 1050 2725 1103 Itis
2746 1053 2831 1120 qui
2855 1054 3189 1122 virginitatem
3214 1058 3539 1126 profitentur.

2232 1138 2505 1209 Quotquot
2551 1140 2905 1209 virginitatem
2976 1143 3193 1211 polliciti
3250 1146 3578 1213 prmvarieati
3639 1157 3759 1200 sunt

2165 1230 2498 1297 protessrone
2523 1240 2851 1303 contempta,
2884 1234 3023 1289 inter
3064 1236 3326 1307 digatuos,
3380 1238 3430 1291 id
3462 1248 3543 1293 est
3573 1239 3661 1307 qui
3696 1242 3758 1291 ad

2165 1320 2426 1376 secundas
2457 1322 2670 1392 nuptias
2714 1327 3063 1395 transierunt,
3097 1328 3281 1384 haberi
3311 1328 3620 1385 debebunt:
3654 1331 3759 1385 vir-

2166 1412 2315 1481 gines
2362 1422 2537 1469 autem
2584 1415 2819 1485 puellas,
2878 1433 2999 1488 qua:
3066 1427 3313 1489 tanquam
3368 1435 3585 1476 sorores
3644 1436 3761 1476 cum

2167 1504 2434 1557 nonnullis
2461 1506 2587 1561 viris
2616 1506 2860 1564 habitare
2902 1509 3121 1579 volunt,
3163 1512 3231 1565 ab
3269 1524 3458 1567 eorum
3495 1514 3765 1568 consortio

2168 1593 2531 1660 prohibemus.

2718 1687 2835 1745 XX.
2866 1688 2942 1745 De
2968 1691 3233 1747 adulteris.

2094 1758 2138 1816 Β
2239 1774 2294 1829 Si
2356 1776 2476 1843 quis
2514 1776 2832 1833 adulterium
2881 1782 3236 1849 commiserit,
3286 1793 3491 1853 septem
3535 1783 3689 1838 annis
3719 1783 3767 1835 in

2167 1869 2478 1935 poenitentia
2505 1872 2819 1941 completis,
2844 1871 3160 1942 perfectioni
3184 1875 3435 1931 reddatur
3474 1878 3771 1932 secundum

2168 1957 2421 2025 pristinos
2452 1961 2670 2030 gradus.

2202 2048 2342 2104 XXI.
2374 2051 2445 2104 De
2474 2052 2767 2106 mulieribus
2792 2069 2905 2122 qua:
2932 2054 3201 2124 fornicata:
3221 2065 3396 2125 partus
3422 2073 3542 2111 suos
3568 2070 3775 2113 necant.

2240 2138 2318 2194 De
2366 2140 2679 2197 mulieribus
2732 2158 2851 2212 qua:
2908 2142 3241 2200 fornicamur
3289 2158 3350 2201 et
3408 2159 3599 2217 partus
3650 2164 3777 2202 suts

2167 2241 2396 2299 necant,
2445 2233 2538 2287 sed
2566 2241 2621 2287 et
2667 2232 2736 2288 de
2786 2234 2871 2288 bis
2920 2250 3037 2303 quae
3078 2243 3243 2305 agunt
3290 2251 3475 2291 secum
3524 2250 3582 2291 ut
3622 2249 3776 2294 utem

2165 2332 2451 2392 conceptos
2481 2324 2781 2391 excutiant,
2815 2325 3029 2395 antiqua
3074 2326 3287 2395 quidem
3316 2328 3558 2381 deﬁnitio
3609 2345 3777 2399 usque

2166 2412 2232 2466 ad
2284 2414 2481 2469 exitum
2520 2413 2642 2469 vitae
2677 2426 2770 2469 cas
2792 2416 2859 2469 ab
2892 2416 3129 2472 Ecclesia
3180 2419 3440 2473 removit:
3490 2420 3776 2475 humanius

2166 2516 2345 2561 autem
2370 2520 2510 2561 nunc
2533 2507 2816 2562 deﬁnimus
2836 2549 2851 2574 ,
2884 2518 2939 2562 ut
2962 2511 3039 2565 eis
3064 2509 3249 2566 decem
3272 2525 3536 2566 annorum
3564 2521 3775 2583 tempus

2165 2597 2496 2665 paenitentia:
2524 2598 2809 2652 tribuatur.

2220 2732 2227 2737 .
2286 2685 2450 2740 XXII.
2480 2686 2555 2741 De
2578 2688 2657 2741 his
2683 2688 2770 2756 qui
2796 2688 3013 2742 volentes
3034 2690 3367 2745 homicidium
3391 2696 3645 2765 fecerunt.

2234 2775 2334 2843 Qui
2373 2777 2671 2833 voluntarie
2720 2778 3063 2836 homicidium
3108 2782 3349 2841 iecerunt
3398 2791 3463 2842 ad
3515 2792 3777 2860 paeniten-

2166 2869 2292 2923 tiam
2320 2868 2533 2939 quidem
2558 2871 2756 2940 jugiter
2785 2887 2904 2927 sese
2929 2878 3308 2933 committunt:
3349 2882 3453 2952 23
3479 2885 3620 2937 circa
3658 2883 3767 2937 exi-

2162 2966 2275 3014 tum
2322 2973 2501 3017 autem
2547 2962 2668 3016 vita:
2721 2966 3099 3023 communione
3157 2970 3300 3040 digni
3344 2972 3678 3041 habeantur,
3725 2988 3775 3029 et

463 3054 565 3109 vita
593 3070 779 3111 eorum
805 3072 923 3126 quae
947 3056 1106 3113 fuerit
1132 3060 1183 3113 in
1214 3068 1454 3127 tempore
1483 3061 1811 3130 poenitentia:
1831 3103 1844 3125 ,
1891 3070 1944 3115 et
1989 3063 2055 3116 ita

2176 3058 2188 3096 ς
2220 3051 2536 3105 decennium
2568 3051 2878 3123 pteniteant.

2265 3140 2433 3162 ,ην-,η
2503 3145 2538 3162 η
2602 3146 2649 3162 ,.
2776 3148 2785 3158 .

461 3144 603 3201 hanc
630 3148 1013 3203 humanitatem
1045 3159 1439 3220 consequantur
1466 3169 1476 3204 :
1507 3152 1647 3221 quod
1669 3153 1712 3207 si
1758 3151 1844 3221 qui
1881 3166 2059 3222 perse-

462 3242 739 3295 verantius
785 3242 937 3297 abusi
969 3244 1220 3297 sunthoc
1246 3243 1502 3311 crimine,
1550 3255 1573 3283 ε
1614 3245 1900 3313 prolixiore
1938 3256 2069 3299 tem-

464 3346 596 3399 pore
651 3330 705 3386 id
765 3341 851 3389 est
904 3334 1088 3403 viginti
1154 3350 1416 3391 annorum
1476 3337 1849 3408 paenitentiam
1900 3337 2068 3391 solam

461 3423 773 3493 suscipiant.
828 3425 1098 3497 Quotquot
1151 3441 1279 3482 vero
1326 3438 1517 3483 exacta
1564 3428 1749 3499 viginti
1804 3445 2067 3485 annorum

463 3524 620 3571 mtate
647 3526 703 3570 et
732 3532 927 3572 uxores
956 3517 1219 3574 habentes
1247 3520 1299 3574 in
1342 3520 1443 3575 hoc
1464 3522 1691 3576 crimine
1742 3521 2065 3591 inciderunt,

462 3607 651 3675 viginti
691 3610 928 3678 quinque
956 3612 1109 3663 annis
1144 3611 1454 3678 paenitentia
1483 3622 1600 3666 acta
1641 3613 1706 3667 ad
1734 3616 2068 3669 communio-

463 3714 586 3755 nem
648 3699 951 3754 orationum
998 3699 1383 3766 admittantur;
1432 3703 1485 3756 in
1535 3718 1637 3771 qua
1685 3704 2066 3761 communione

464 3789 772 3844 orationum
822 3789 993 3844 altero
1036 3789 1395 3861 quinquennio
1442 3792 1799 3862 perdurantes
1843 3794 2057 3863 plenam

464 3880 895 3936 communionem
940 3893 1066 3937 eum
1111 3881 1383 3938 oblatione
1427 3881 1453 3920 ά
1479 3885 1791 3959 percipiant.
1833 3885 1984 3955 Quod
2013 3886 2060 3945 ei

462 3971 627 4041 aliqui
652 3980 708 4027 et
738 3986 932 4028 uxores
962 3972 1220 4028 habentes
1260 3982 1314 4030 et
1342 3975 1648 4031 excidentes
1689 3978 2063 4050 quinquagesi-

464 4062 817 4119 munrtuatis
842 4079 952 4119 suae
993 4078 1191 4120 annum
1226 4066 1277 4119 in
1324 4066 1425 4122 hoc
1473 4069 1709 4136 prolapsi
1762 4072 1868 4141 22
1913 4084 2056 4139 sunt,

461 4154 526 4210 ad
553 4156 777 4211 exitium
803 4155 929 4209 vitzte
962 4164 1166 4210 tantum
1199 4158 1628 4212 communionem
1662 4169 1987 4216 mereantur.

588 4245 747 4301 XVII.
784 4245 860 4299 De
886 4248 963 4299 his
988 4247 1075 4314 qui
1096 4247 1224 4299 sicut
1253 4247 1501 4299 animalia
1528 4258 1667 4300 muta
1694 4248 1942 4306 vixerunt.

530 4335 641 4390 llos
683 4335 902 4390 eosdem
968 4350 1100 4389 sane
1161 4349 1264 4388 non
1313 4336 1483 4391 solum
1538 4345 1561 4372 ε
1604 4337 1745 4393 idem
1816 4340 2058 4411 leprosos

461 4427 685 4482 crimine
737 4427 1102 4494 hujuscemodi
1142 4427 1343 4495 tactos,
1393 4428 1489 4484 sed
1533 4437 1587 4484 et
1630 4430 1765 4487 alios
1812 4433 1914 4489 isw
1959 4449 2055 4489 suo
2086 4453 2139 4514 υ

459 4516 651 4574 mor-ho
678 4518 948 4586 rapientes
974 4558 990 4581 ,
1018 4517 1218 4585 placuit
1244 4518 1385 4574 inter
1413 4534 1511 4575 eos
1541 4536 1697 4576 orare
1733 4524 1823 4591 qui
1855 4535 2055 4596 tempe-

458 4617 595 4662 state
618 4608 905 4676 jactantur,
928 4607 1015 4677 qui
1045 4622 1075 4660 a
1103 4607 1255 4663 nobis
1283 4611 1627 4680 energumeni
1663 4613 2052 4685 intelliguntur.

528 4698 713 4752 XVIII.
753 4699 825 4752 De
850 4700 1099 4769 episcopis
1120 4701 1208 4769 qui
1236 4704 1460 4755 ordinati
1489 4720 1592 4757 non
1613 4707 1981 4775 suscipiuntur.

530 4787 585 4842 Si
619 4789 709 4857 qui
735 4790 969 4859 episcopi
1001 4794 1232 4859 suscepti
1261 4809 1365 4846 non
1396 4804 1519 4847 sunt
1552 4811 1580 4847 a
1610 4811 1704 4850 sua
1737 4799 1952 4855 dioecesi
2001 4802 2053 4857 in

461 4894 565 4947 qua
614 4880 821 4933 fuerant
879 4879 897 4917 ί
940 4883 1211 4947 denotati,
1263 4885 1329 4938 ad
1381 4886 1624 4940 eamdem
1653 4888 1845 4956 judicis
1875 4892 2054 4947 edicto

458 4967 635 5022 redire
662 4967 1082 5036 compellantur;
1115 4971 1258 5039 quod
1301 4974 1345 5027 si
1397 4976 1659 5029 voluerint
1700 4978 1831 5031 alias
1876 4981 2050 5037 eccle-

458 5061 565 5114 sias
595 5073 859 5129 occupare
889 5068 941 5114 et
973 5059 1076 5113 vim
1121 5061 1294 5117 facere
1323 5064 1444 5118 aliis
1470 5066 1775 5134 episcopis,
1804 5084 1936 5137 quos
1980 5074 2048 5129 ibi

530 5225 555 5251 τι
582 5215 650 5269 Τ.
684 5217 735 5278 t,
767 5216 824 5281 9.,
849 5233 955 5271 eos.

529 5286 678 5349 b1].,
705 5288 1023 5339 custoaicril.

529 5357 680 5436 °_U.,
706 5356 995 5436 .protixiori
1025 5367 1249 5436 tempore
1288 5362 1385 5436 ipti
1447 5378 1536 5432 per
1578 5366 1755 5436 viginti
1798 5382 2050 5423 annorum

458 5426 800 5483 paenitentiam
827 5435 992 5479 actam
1022 5430 1091 5480 ad
1130 5426 1529 5487 communionem
1572 5426 1811 5492 orationis
1855 5444 2053 5494 admit-

458 5505 653 5549 tamur.

528 5565 553 5603 ά
583 5565 667 5619 ΑΞ.
704 5566 762 5619 Β.
796 5565 859 5618 li.
891 5568 1156 5634 rccip’ant.

532 5646 558 5673 ο
606 5638 661 5690 In
693 5638 948 5739 οιιιῐζιὶιηις⁹
974 5638 1270 5739 l(Iudicibus
1322 5642 1593 5701 invenitur
1643 5649 1767 5739 ltmq
1787 5666 1882 5708 vox
1914 5652 2049 5707 idem

534 5723 573 5739 στι
604 5721 763 5739 calnnr
812 5724 868 5739 ιιη
904 5724 964 5739 ιιι,
993 5720 1109 5739 ninn-
1146 5729 1153 5738 σ
1213 5717 1445 5739 ιιιηίιιηεέιι
1492 5718 1605 5739 ἐιμη.

456 5723 573 5777 qua:
604 5708 871 5776 superﬂua
904 5708 1109 5763 videtur
1144 5729 1155 5763 ;
1192 5710 1448 5773 fortassis
1492 5718 1631 5772 itcnt.

2265 3140 2456 3199 XXIII.
2492 3145 2568 3198 De
2594 3146 2673 3199 his
2700 3148 2785 3216 qui
2816 3147 3043 3203 nolentes
3069 3150 3397 3206 homicidium
3430 3157 3686 3223 fecerunt.

2240 3234 2349 3289 Eos
2374 3249 2503 3290 vero
2523 3236 2612 3306 qui
2636 3251 2742 3290 non
2785 3236 3057 3294 voluntate
3101 3241 3197 3295 sed
3240 3256 3367 3296 casu
3420 3245 3778 3302 homicidium

2164 3322 2421 3392 fecerim,
2454 3328 2596 3396 prior
2622 3328 2836 3397 quidem
2876 3331 3053 3399 regula
3098 3340 3218 3401 post
3249 3344 3457 3404 septem
3507 3354 3537 3390 a
3583 3354 3777 3394 norum

2170 3419 2539 3486 penitentiam
2558 3422 2925 3477 communioni
2969 3425 3192 3481 sociavit
3233 3429 3531 3484 secundum
3580 3433 3779 3501 gradus

2167 3511 2531 3566 cnnstitutos:
2566 3511 2679 3566 haec
2707 3528 2837 3568 vero
2862 3514 3148 3574 humanior
3190 3519 3430 3576 detinitio
3470 3526 3777 3593 quinquen-

2167 3598 2241 3653 nii
2274 3608 2482 3668 tempus
2509 3598 2541 3637 δ
2575 3602 2776 3656 tribuit.
3027 3617 3032 3623 '

2383 3689 2571 3745 XXIV.
2606 3690 2683 3746 De
2709 3693 2787 3747 his
2809 3696 2895 3764 qui
2927 3713 3064 3752 more
3080 3701 3344 3770 gentilium
3366 3706 3565 3761 vivunt.

2234 3779 2333 3846 Qui
2353 3781 2867 3852 auguria,au5picia,
2890 3787 3005 3843 sive
3029 3793 3261 3861 somnia,
3296 3795 3377 3849 vel
3406 3796 3517 3851 divi
3535 3799 3785 3853 nationes

2164 3864 2425 3941 quaslibet
2451 3876 2742 3930 secundum
2768 3893 2969 3933 morem
3001 3883 3278 3950 gentilium
3301 3885 3411 3957 24
3436 3890 3743 3945 observant
3762 3931 3777 3954 ,

2163 3973 2255 4019 aut
2278 3965 2328 4019 in
2354 3965 2545 4019 domos
2571 3980 2697 4020 suas
2741 3966 3108 4037 hujuscemodi
3136 3972 3377 4029 homines
3420 3977 3782 4035 introducunt

2160 4053 2217 4110 in
2257 4058 2602 4126 exquirendis
2635 4059 2897 4129 aliquibus
2943 4060 3052 4133 [U.
3086 4064 3209 4118 add.
3245 4065 3435 4137 rebus]
3489 4080 3618 4127 arte
3663 4088 3778 4126 ma-

2163 4145 2345 4213 leﬁca,
2395 4159 2485 4202 aut
2536 4158 2594 4203 ut
2636 4149 2825 4205 domos
2868 4166 2990 4207 suas
3016 4153 3241 4209 Iustrcnt
3271 4172 3285 4223 ;
3313 4159 3589 4229 confessi,
3621 4166 3777 4233 quin-

2161 4240 2396 4309 quennio
2435 4239 2447 4277 ί
2480 4241 2851 4309 paenitentiam
2882 4255 3039 4315 agant
3073 4248 3365 4304 secundum
3395 4253 3650 4324 antiquas
3693 4272 3779 4312 re-

2160 4330 2308 4398 gulas
2338 4332 2671 4387 constitutas.

2304 4420 2468 4476 XXV.
2502 4421 2579 4476 De
2604 4439 2663 4476 eo
2683 4425 2772 4494 qui
2799 4441 3023 4480 sororem
3050 4445 3251 4499 sponsae
3279 4448 3387 4487 sui:
3410 4436 3634 4491 vitiavit.

2232 4511 2287 4568 Si
2319 4513 2436 4581 quis
2462 4527 2712 4582 spousam
2737 4517 2939 4573 habens
2965 4522 3138 4575 sorori
3169 4521 3285 4593 ejus
3314 4525 3538 4579 I'orsitan
3571 4528 3773 4582 intule-

2159 4604 2231 4659 rit
2268 4607 2489 4671 vitium,
2540 4608 2700 4675 eique
2742 4608 3014 4666 inhaeserit
3063 4623 3308 4683 tanquam
3357 4630 3499 4682 suae,
3540 4628 3598 4671 et
3665 4620 3774 4674 sibi

2160 4703 2516 4772 expetendam
2532 4719 2651 4760 esse
2678 4707 3132 4776 conjunctionem,
3154 4714 3252 4765 hac
3272 4723 3450 4767 autem
3470 4714 3483 4761 i
3511 4714 3773 4785 decepta,

2161 4807 2343 4862 postea
2367 4811 2584 4850 uxorem
2623 4798 2832 4851 duxerit
2877 4799 3294 4867 desponsatam;
3338 4801 3423 4853 illa
3471 4817 3600 4856 vero
3646 4824 3775 4873 qua:

2161 4886 2345 4940 vitium
2379 4901 2528 4954 passa
2551 4897 2631 4940 est
2650 4928 2664 4953 ,
2694 4890 2737 4942 si
2762 4890 2896 4943 torte
2918 4903 3101 4943 necem
3130 4888 3228 4942 sibi
3259 4890 3531 4947 intulerit:
3571 4908 3776 4952 omnes

2162 4982 2215 5036 hi
2247 4981 2337 5051 qui
2368 4981 2523 5049 hujus
2551 4980 2669 5035 tacti
2697 4990 2819 5037 sunt
2847 4982 3047 5037 conscii
3080 4984 3265 5038 decem
3298 4987 3451 5039 annis
3493 4987 3544 5040 in
3590 4993 3774 5056 paeni-

2163 5075 2382 5130 tentiam
2415 5071 2724 5141 redigantur
2752 5072 3043 5129 secundum
3066 5088 3303 5129 canones
3324 5076 3674 5133 constitutos.

2235 5229 2253 5268 τ
2290 5229 2375 5285 ΑΒ.
2401 5271 2416 5295 ,
2454 5231 2511 5284 Ε.
2547 5230 2608 5293 ὅ,
2638 5228 2701 5283 Τ.
2737 5231 2797 5290 1,
2830 5229 2895 5297 2,
2930 5231 3261 5286 denominati.

2232 5310 2254 5347 Β
2290 5302 2342 5354 ltt
2376 5303 2429 5355 Β.
2472 5303 2567 5367 IL,
2603 5303 2659 5354 Ε.
2690 5301 2741 5366 5,
2773 5301 2836 5354 Τ.
2864 5305 2884 5354 1
2908 5342 2922 5364 ,
2948 5302 3019 5364 2,
3080 5304 3172 5371 υ.,
3234 5304 3298 5357 G.
3323 5346 3337 5372 ,
3387 5304 3580 5363 desunt
3646 5312 3770 5368 haec

2160 5372 2319 5427 verba
2349 5389 2363 5425 :
2396 5385 2442 5426 et
2475 5373 2774 5425 decennium
2799 5374 3092 5440 pwniteant.

2236 5442 2261 5478 δ
2295 5441 2520 5518 Εξτεὲ
2552 5445 2690 5518 etU.
2726 5446 2778 5495 In
2814 5448 3011 5518 A.,_li.
3052 5446 3139 5511 IL,
3172 5445 3314 5502 13.5.
3354 5488 3369 5513 ,
3421 5449 3480 5504 Τ.
3536 5452 3618 5518 1,
3656 5454 3725 5507 (ι.

2157 5516 2419 5579 temporis.
2452 5514 2503 5567 In
2536 5512 2622 5566 Αἰ.
2652 5555 2667 5578 ,
2695 5514 3021 5583 temporibus.

2236 5584 2249 5659 ξ
2370 5625 2383 5646 ,
2414 5586 2626 5637 lustrant
2656 5586 2805 5659 ;Aqui
2846 5586 3077 5659 confessi
3124 5589 3342 5657 fuerint,
3386 5592 3766 5659 quinquennio.

2154 5723 2171 5773 Ι
2232 5654 2243 5702 i
2285 5656 2345 5707 υ.
2380 5696 2393 5718 ,
2463 5656 2792 5723 expetendam
2839 5657 2889 5709 in
2934 5654 3221 5728 conjunctio
3261 5676 3286 5712 e
3341 5654 3407 5713 se
3432 5654 3761 5731 pro-miserit,

2170 5740 2248 5773 (at:
2279 5736 2469 5773 (ΗΙῙΕΙΠ.

2170 5740 2248 5776 iac
2279 5736 2469 5779 autem.
