4048 6182
1823 574 2065 678 Ill.

1090 758 1771 848 CONCILIUM
1850 756 2843 846 NEOCJESABIENSE

1257 942 1290 980 Α
1340 939 1556 982 DECEM
1604 938 1684 979 ET

1738 935 1955 980 NOVEM
2012 937 2327 982 EPISCOPiS
2383 939 2694 981 HABITUM.

391 1065 456 1118 Et
486 1063 574 1116 isti
611 1061 826 1129 quidem
869 1075 1103 1117 canones
1152 1062 1378 1117 secundi
1426 1071 1551 1118 sunt
1597 1076 1784 1116 eorum
1829 1061 1915 1128 qui
1948 1065 1996 1124 Λ
2029 1060 2150 1130 Quia
2183 1061 2602 1130 uniuscujusque
2634 1062 2685 1114 in
2728 1061 2813 1114 illa
2843 1060 3184 1116 confessione
3217 1061 3434 1117 libertas
3467 1067 3608 1121 arbi-

318 1158 370 1210 in
417 1159 626 1224 Ancyra
669 1164 721 1207 et
760 1150 1003 1207 Caesarea
1050 1157 1278 1222 expositi
1322 1163 1478 1221 sunt,
1519 1153 1745 1208 Nicaenis
1791 1165 1918 1206 vero

321 1255 526 1322 priores
556 1249 916 1305 inveniuntur.
947 1248 1323 1304 Convenerunt
1353 1259 1529 1304 autem
1560 1250 1612 1302 in
1655 1248 1916 1320 synodum

319 1353 671 1398 memoratam
727 1340 1204 1400 Neocaesariensis
1236 1340 1467 1398 civitatis
1528 1341 1581 1395 hi
1639 1339 1730 1411 qui
1780 1339 1916 1395 infra

317 1434 503 1505 scripti
552 1443 674 1489 sunt
701 1451 714 1487 :
768 1433 984 1498 Vitalis,
1015 1432 1311 1488 Germanus
1337 1441 1362 1468 ε
1383 1475 1400 1502 ,
1427 1433 1632 1498 Sedus,
1667 1431 1916 1494 Eristius,

317 1527 525 1596 Lupus,
559 1525 866 1585 Gerontius,
913 1523 1194 1592 Leontius,
1233 1523 1494 1590 Sanctus,
1545 1523 1832 1577 Basiliscus
1857 1521 1917 1588 δ,

321 1619 667 1684 Valentinus,
697 1616 1024 1687 Stephanus,
1072 1617 1384 1687 Gregorius,
1429 1617 1758 1682 Salaminus,
1787 1614 1919 1670 Nar-

318 1713 522 1779 cissus,
577 1709 833 1766 Leontius
858 1747 877 1776 ,
924 1709 1195 1779 Longinus
1226 1749 1242 1774 ,
1303 1709 1588 1776 Decasius,
1643 1709 1920 1765 Iieraelius

320 1804 529 1872 Alipius
555 1818 570 1856 :
595 1818 625 1856 a
656 1803 846 1871 quibus
879 1803 959 1856 ha;
984 1800 1181 1872 regula:
1203 1800 1428 1870 prolata:
1469 1808 1593 1856 sunt
1618 1815 1737 1869 quae
1783 1800 1919 1854 infra

320 1893 538 1964 scripta:
558 1901 703 1947 sunt.

533 2003 574 2058 I.
611 2001 933 2073 Presbyteris
962 2019 1172 2058 uxorem
1203 2003 1386 2058 ducere
1412 2019 1510 2058 non
1535 2005 1704 2059 licere.

389 2116 679 2188 Presbyter
735 2117 779 2170 si
856 2131 1075 2171 uxorem
1127 2119 1370 2183 duxerit,
1416 2117 1484 2170 ab
1531 2117 1720 2173 ordine
1771 2116 1919 2170 illum

321 2209 514 2279 deponi
546 2209 780 2265 debere:
811 2209 951 2279 quod
983 2211 1026 2263 si
1078 2209 1366 2265 fornicatus
1407 2209 1564 2264 fuerit
1591 2211 1674 2265 vel
1724 2209 1924 2265 adulte-

323 2305 457 2359 rium
486 2303 851 2372 commiserit,
879 2312 1032 2359 extra
1068 2303 1363 2360 Ecclesiam
1394 2305 1552 2374 abjici
1574 2315 1630 2360 et
1660 2304 1723 2357 ad
1753 2304 1924 2375 poeni-

323 2396 552 2451 tentiam
581 2396 720 2450 inter
742 2394 906 2451 laicos
934 2394 1102 2467 redigi
1135 2405 1365 2464 oportet.

398 2508 465 2564 Il.
509 2507 590 2562 De
619 2508 825 2564 muliere
842 2526 862 2565 :
888 2509 1086 2565 duobus
1106 2510 1350 2579 fratribus
1375 2510 1562 2566 nubere
1593 2527 1693 2564 non
1717 2511 1887 2566 licere.

394 2619 591 2675 Mulier
608 2620 654 2675 si
683 2620 887 2676 duobus
919 2621 1173 2676 fratribus
1212 2621 1482 2690 nupserit,
1526 2621 1686 2692 abjici
1727 2621 1927 2678 dtbere

321 2726 491 2781 usque
520 2714 586 2767 ad
610 2713 752 2768 diem
796 2715 982 2770 mortis
1007 2731 1022 2780 ;
1075 2713 1169 2770 sed
1198 2722 1416 2785 propter
1445 2717 1829 2771 humanitatem
1877 2715 1927 2770 in

321 2805 581 2859 extremis
624 2805 734 2859 suis
778 2806 1134 2860 sacramentis
1176 2819 1196 2845 ο
1243 2806 1518 2862 conciliari
1563 2815 1803 2876 oportet,
1855 2806 1929 2861 ita

324 2903 499 2948 tamen
523 2901 585 2950 ut
611 2898 655 2950 si
688 2895 826 2952 forte
872 2897 1154 2953 sanitatem
1193 2898 1617 2967 recuperaverit,
1654 2901 1930 2954 matrimo-

323 2988 415 3042 nio
463 2988 677 3053 soluto,
733 2988 800 3043 ad
858 2989 1232 3058 paenitentiam
1299 2989 1628 3044 admittatur.
1681 2989 1833 3058 Quod
1885 2991 1929 3045 si

323 3080 573 3136 defuncta
631 3082 790 3136 fuerit
827 3081 1020 3138 mulier
1051 3083 1103 3137 in
1153 3081 1456 3151 bujusmodi
1500 3084 1770 3138 consortio
1804 3097 1935 3138 con-

325 3173 544 3239 stituta,
604 3172 841 3227 difficilis
879 3174 982 3228 erit
1025 3174 1339 3244 ptenitentia
1413 3175 1756 3228 remanenti:
1811 3189 1951 3252 quae

327 3263 592 3318 sententia
620 3272 725 3318 tam
752 3265 895 3320 viros
914 3279 1072 3335 quam
1103 3265 1354 3320 mulieres
1382 3274 1566 3320 tenere
1596 3265 1834 3322 debebit.

437 3374 530 3430 III.
560 3375 632 3427 De
661 3375 739 3429 Itis
764 3375 853 3446 qui
878 3376 1055 3430 multis
1091 3377 1282 3446 nuptiis
1304 3379 1824 3433 communicaverunt.

408 3485 489 3540 De
519 3485 602 3541 his
639 3487 727 3555 qui
772 3486 1082 3558 frequenter
1123 3504 1318 3545 uxores
1368 3490 1570 3546 ducunt
1613 3499 1668 3546 et
1711 3490 1793 3546 bis
1845 3493 1936 3562 qui

333 3579 532 3649 saepius
562 3580 800 3650 nubunt,
854 3591 1065 3652 tempus
1109 3583 1322 3653 quidem
1374 3586 1514 3654 quod
1546 3585 1627 3642 his
1669 3585 1936 3642 constitu-

333 3681 444 3726 tum
475 3682 558 3727 est
579 3673 920 3729 manifestum
959 3685 1044 3731 est
1089 3675 1113 3712 ά
1145 3676 1432 3733 observare
1465 3693 1480 3742 ;
1512 3679 1618 3750 25
1647 3693 1936 3734 conversa-

334 3766 408 3820 tio
429 3775 608 3821 autem
637 3776 692 3822 et
720 3767 849 3823 fides
876 3781 1063 3824 eorum
1090 3778 1299 3840 tempus
1326 3768 1681 3826 abbreviabit.

556 3877 644 3933 IV.
675 3878 753 3934 De
782 3881 1185 3951 concupiscentia
1211 3897 1312 3935 non
1339 3893 1708 3938 consummata.

405 3990 462 4047 Si
485 3991 608 4061 quis
629 3993 910 4062 concupita
942 3993 1182 4059 muliere,
1215 3993 1424 4050 etiamsi
1454 3992 1773 4049 concubitus
1802 3992 1920 4062 ejus

340 4085 663 4139 desiderium
695 4086 908 4153 habeat,
940 4101 1046 4141 non
1073 4096 1250 4142 autem
1295 4087 1650 4156 subsequatur
1676 4084 1924 4152 effectus,

343 4176 683 4231 manifestum
711 4186 792 4232 est
817 4177 960 4234 hunc
986 4175 1152 4233 fuisse
1172 4193 1270 4248 per
1291 4177 1526 4232 divinam
1551 4175 1772 4248 gratiam
1797 4175 1932 4231 libe-

343 4277 533 4322 ratum.

645 4360 710 4415 V.
749 4358 822 4415 De
869 4361 1241 4416 catechumenis
1269 4362 1612 4430 peccantibus.

414 4451 861 4519 Catecbumenus,
881 4454 934 4508 id
964 4465 1046 4510 est
1068 4455 1313 4519 audiens,
1339 4454 1424 4524 qui
1446 4453 1741 4522 ingreditur
1760 4454 1936 4509 eccle-

347 4543 479 4595 siam
510 4553 561 4597 et
591 4552 698 4598 stat
727 4559 848 4598 cum
879 4545 1301 4612 catechumenis,
1329 4548 1372 4600 si
1416 4561 1638 4613 peccare
1669 4545 1827 4600 fuerit
1856 4545 1934 4598 vi-

347 4649 456 4699 sus,
491 4635 660 4706 ﬁgens
707 4653 877 4706 genua
925 4637 1106 4692 audiat
1133 4639 1374 4702 verbum,
1426 4639 1518 4693 sed
1562 4639 1828 4693 abstineat
1869 4639 1936 4693 ab

349 4724 438 4778 illo
460 4739 682 4794 peccato
710 4729 850 4798 quod
899 4729 1053 4797 fecit;
1087 4731 1227 4800 quod
1273 4731 1318 4785 si
1348 4731 1400 4785 in
1432 4745 1497 4785 eo
1525 4731 1805 4801 perdurat,
1837 4730 1936 4785 ab-

345 4816 440 4886 jici
469 4821 691 4874 omnino
719 4822 938 4877 debere.

660 4914 747 4969 \‘I.
784 4915 859 4970 De
886 4917 1267 4986 prcegnautibus
1296 4918 1617 4989 baptizandis

423 5001 498 5058 De
519 5007 914 5074 przegnantibus
930 5024 942 5060 :
960 5009 1208 5078 quoniam
1225 5018 1436 5076 oportet
1459 5008 1712 5078 baptizari
1727 5008 1939 5079 quando

1957 3771 2007 3838 C

2020 1151 2108 1205 trii
2140 1151 2462 1206 declaratur.

2023 1259 2132 1314 VII.
2192 1259 2268 1312 De
2311 1261 2612 1331 presbyteris
2638 1262 2760 1382 :adl.
2782 1261 3030 1314 secundas
3079 1262 3282 1330 nuptias
3331 1263 3451 1316 ires
3503 1281 3603 1317 non

2744 1346 2891 1382 scere.

2744 1346 2891 1384 scere.

2095 1424 2472 1495 Presbyterum
2514 1425 2767 1479 convivio
2797 1424 3155 1479 secundarum
3189 1425 3492 1493 nuptiarum
3528 1429 3607 1480 in-

2023 1525 2224 1572 tcresse
2270 1531 2377 1571 non
2424 1516 2645 1583 debere,
2699 1516 2933 1570 maxime
2963 1531 3083 1571 cum
3117 1525 3329 1585 petatur
3360 1518 3609 1571 secundis

2021 1609 2220 1679 nuptiis
2251 1609 2625 1680 ptenitentiam
2671 1609 2928 1663 tribuere.
2961 1607 3092 1673 Quis
3120 1621 3250 1675 ergo
3277 1617 3356 1662 est
3389 1609 3607 1679 presby-

2019 1710 2105 1756 ter
2135 1701 2224 1772 qui
2258 1710 2476 1772 propter
2504 1702 2809 1757 convivium
2841 1702 2948 1756 illis
2975 1700 3276 1756 consentiat
3304 1703 3538 1770 nuptiis?

2028 1793 2160 1847 VIII.
2195 1793 2386 1847 Uxoris
2411 1795 2662 1847 adultera:
2688 1794 2850 1846 virum
2885 1793 3128 1846 clericum
3155 1791 3270 1860 fieri
3301 1809 3399 1844 non
3439 1792 3608 1845 licere.

2095 1885 2120 1923 δ
2152 1886 2210 1942 Si
2253 1890 2408 1957 cujus
2454 1901 2682 1942 uxorem
2725 1886 3044 1941 adulterium
3100 1884 3438 1941 commisi~se
3489 1902 3610 1942 cum

2020 1990 2168 2035 esset
2198 1981 2367 2036 laicus
2394 1980 2556 2034 fuerit
2586 1979 3012 2048 comprobatum,
3047 1979 3134 2034 hic
3166 1979 3233 2032 ad
3261 1979 3611 2033 ministerium

2019 2070 2447 2126 ecclesiasticum
2480 2071 2687 2125 admitti
2723 2084 2826 2124 non
2860 2079 3055 2139 potest.
3086 2069 3237 2135 Quod
3267 2070 3333 2132 si,
3366 2069 3418 2122 in
3447 2070 3612 2124 cleri-

2021 2171 2142 2218 catu
2163 2165 2272 2231 jam
2305 2164 2596 2218 constituto
2616 2176 2680 2216 eo
2704 2161 2748 2226 ί,
2781 2161 3118 2230 adulteravit,
3143 2160 3268 2214 dato
3291 2162 3510 2230 repudio
3530 2163 3614 2216 di-

2021 2258 2238 2311 mittere
2263 2271 2382 2312 eam
2415 2256 2610 2312 debet:
2635 2258 2678 2310 si
2707 2269 2832 2310 vero
2856 2256 3088 2310 retinere
3124 2254 3243 2325 ejus
3274 2257 3606 2311 consortium

2019 2349 2176 2415 «velit,
2210 2365 2314 2404 non
2339 2360 2512 2419 potest
2540 2358 2790 2418 suscepto
2813 2349 3115 2403 ministerio
3147 2349 3366 2418 perfrui.

1954 2416 2002 2475 Β
2086 2441 2178 2498 IX.
2213 2441 2292 2496 De
2322 2416 2629 2512 presbyteris
2657 2416 2913 2511 corporali
2942 2416 3159 2510 peccato
3178 2443 3566 2512 praeoccupatis.

2099 2534 2200 2602 Qui
2252 2535 2528 2589 admiserit
2567 2535 2848 2602 corporale
2891 2542 3188 2602 peccatum,
3219 2542 3274 2589 et
3318 2534 3404 2588 hic
3435 2543 3617 2603 postea

2029 2626 2311 2697 presbyter
2337 2625 2615 2680 ordinatus
2643 2632 2747 2689 est,
2771 2626 2814 2678 si
2841 2623 3118 2678 confessus
3149 2624 3308 2678 fuerit
3331 2624 3472 2692 quod
3497 2632 3618 2677 ante

2028 2716 2424 2772 ordinationem
2451 2730 2604 2770 suam
2635 2715 2954 2783 peccaverit,
2986 2715 3094 2784 26
3124 2729 3227 2768 non
3250 2713 3466 2783 quidem
3490 2713 3620 2768 oll'e-

2027 2816 2148 2874 I'at;
2181 2819 2395 2864 maneat
2415 2806 2680 2864 autem-iu
2711 2806 2833 2860 aliis
2857 2805 3050 2860 ofllciis
3076 2813 3294 2874 propter
3321 2807 3438 2875 ejus
3463 2806 3620 2859 studii

2036 2899 2319 2955 utilitatem
2351 2916 2366 2954 :
2401 2915 2522 2953 nam
2552 2909 2608 2953 et
2635 2906 2830 2952 caetera
2860 2906 3077 2967 peccata
3108 2908 3432 2952 censuerunt
3462 2897 3618 2966 pluri-

2033 2991 2106 3044 mi
2151 2990 2311 3046 etiam
2342 2989 2682 3045 ordinatione
2711 2989 2924 3059 privare
2948 2987 2996 3040 i.
3021 2987 3175 3055 Quod
3206 2989 3250 3042 si
3288 2988 3355 3042 de
3401 2987 3483 3042 his
3513 3003 3619 3042 non

2037 3083 2196 3140 fuerit
2219 3084 2500 3140 confessus
2528 3099 2629 3140 nec
2658 3085 2726 3140 ab
2752 3083 2933 3153 aliquo
2963 3083 3157 3152 poterit
3185 3081 3471 3138 manifeste
3493 3096 3622 3138 con-

2038 3175 2202 3244 vinci,
2242 3176 2367 3231 huic
2399 3176 2498 3246 ipsi
2531 3175 2598 3232 de
2629 3191 2688 3230 se
2723 3184 2960 3245 potestas
2991 3185 3073 3229 est
3104 3174 3480 3243 permittenda.

2110 3267 2180 3321 X.
2215 3268 2290 3322 De
2327 3270 2626 3322 diaconibus
2650 3268 2906 3338 corporali
2935 3277 3143 3338 peccato
3172 3271 3554 3338 praeoccupatis.

2112 3357 2372 3412 Similiter
2401 3367 2456 3412 et
2481 3356 2797 3412 lldiaconus
2827 3357 2874 3412 si
2907 3358 2958 3411 in
2987 3357 3178 3411 eodem
3221 3357 3389 3425 culpa:
3432 3371 3624 3428 genere

2040 3445 2202 3502 fuerit
2231 3447 2522 3507 involutus.
2555 3463 2675 3502 sese
2701 3462 2730 3501 a
2763 3447 3057 3502 ministerio
3085 3445 3376 3501 cohibebit.

2041 3561 2128 3615 XI.
2165 3561 2527 3633 Presbyterum
2561 3561 2730 3616 minus
2770 3561 2981 3631 triginta
3011 3576 3263 3615 annorum
3310 3559 3516 3614 minime
3543 3577 3624 3616 or-

2677 3633 2983 3686 dinandum.

2113 3722 2400 3794 Presbyter
2429 3735 2552 3780 ante
2579 3722 2792 3793 triginta
2816 3737 3081 3791 annorum
3110 3729 3320 3778 aitatem
3350 3737 3455 3778 non
3478 3722 3626 3778 ordi-

2039 3821 2218 3877 netur,
2243 3814 2486 3879 quamvis
2512 3813 2581 3867 sit
2619 3813 2909 3882 probabilis
2937 3813 3087 3881 vitae,
3117 3813 3210 3868 sed
3253 3814 3502 3870 observet
3529 3829 3617 3868 us-

2039 3918 2142 3971 que
2171 3903 2234 3956 ad
2264 3903 2582 3972 pra-finitum
2614 3913 2855 3973 tempus;
2891 3903 3149 3957 Dominus
3177 3905 3319 3959 enim
3350 3907 3621 3962 tricesimo

2039 4007 2181 4046 anno
2211 3992 2506 4060 baptizatus
2533 4000 2638 4056 est,
2670 4001 2724 4046 et
2753 4002 2876 4045 tunc
2906 3993 3238 4059 prmdicavit.

2173 4081 2287 4137 XII.
2321 4081 2397 4136 De
2423 4083 2502 4136 his
2530 4084 2617 4151 qui
2641 4083 2692 4135 in
2719 4082 3021 4152 cegritudine
3050 4095 3169 4137 sunt
3196 4085 3460 4150 baptiaati.

2114 4176 2170 4232 Si
2198 4177 2316 4246 quis
2348 4178 2398 4230 in
2430 4175 2747 4247 aegritudine
2769 4176 3089 4231 constitutus
3117 4174 3276 4230 fuerit
3307 4179 3626 4244 baptizatus.

2044 4270 2324 4340 presbyter
2351 4269 2589 4324 ordinari
2633 4285 2738 4323 non
2779 4270 2972 4335 debet;
3005 4281 3110 4323 non
3155 4269 3298 4323 enim
3333 4270 3463 4322 fides
3492 4271 3631 4324 uilius

2045 4361 2340 4415 voluntaria
2385 4362 2482 4416 sed
2534 4376 2600 4415 ex
2645 4364 2965 4416 necessitate
2995 4370 3078 4415 est
3107 4379 3118 4413 :
3152 4360 3252 4415 nisi
3285 4360 3421 4415 forte
3447 4371 3629 4430 postea

2047 4455 2203 4521 hujus
2247 4456 2414 4523 ipsius
2456 4455 2692 4508 studium
2723 4464 2775 4508 et
2807 4453 2938 4509 fides
2989 4454 3285 4524 probabilis
3328 4453 3504 4520 fuerit,
3539 4463 3632 4508 aut

2047 4546 2319 4600 hominum
2352 4546 2542 4599 raritas
2569 4553 2744 4615 cogat.

2294 4637 2434 4692 XIII.
2465 4637 2541 4690 De
2570 4637 2872 4707 presbyteris
2902 4637 3112 4691 alterius
3136 4636 3376 4708 regionis.

2120 4731 2422 4802 Presbyteri
2455 4732 2542 4798 qui
2573 4730 2982 4800 conregionales
3013 4745 3118 4784 non
3147 4738 3274 4784 sunt
3303 4730 3354 4784 in
3382 4728 3626 4792 ecclesia.

2046 4825 2400 4894 pra-sentibus
2420 4821 2682 4890 episcopis
2704 4821 2785 4876 vel
2811 4822 3137 4892 presbyteris
3158 4821 3411 4888 civitatis,
3436 4819 3634 4874 offerre

2049 4932 2152 4970 non
2186 4923 2435 4984 poterunt
2460 4928 2559 4968 nec
2593 4928 2782 4983 panem
2807 4913 2958 4979 dare,
2990 4914 3042 4967 in
3073 4914 3313 4968 oratione
3341 4921 3517 4966 autem
3543 4925 3634 4962 ea-

2047 5009 2201 5062 licem
2245 5007 2465 5062 dabunt.
2511 5008 2662 5075 Quod
2691 5009 2734 5062 si
2775 5007 3028 5063 absentes
3057 5007 3164 5061 sint
3190 5007 3420 5061 civitatis
3451 5015 3636 5054 sacer-

354 5095 558 5158 volunt,
617 5096 748 5151 nihil
778 5099 922 5151 enim
951 5101 1001 5152 in
1034 5098 1136 5154 hoc
1164 5109 1503 5153 sacramento
1526 5115 1811 5155 commune
1833 5111 1936 5162 est,
1972 5140 2025 5199 Ι)
2050 5101 2202 5156 detes
2242 5111 2294 5155 et
2335 5103 2500 5157 fuerit
2547 5102 2818 5166 invitatus,
2868 5102 2920 5155 in
2968 5101 3210 5154 oratione
3239 5096 3384 5149 solus
3417 5093 3618 5160 poterit

358 5194 383 5222 ο
416 5187 664 5254 pariturae
696 5198 750 5244 et
775 5189 850 5244 illi
881 5191 1020 5261 quod
1051 5191 1118 5247 de
1139 5191 1254 5260 ejus
1280 5202 1433 5247 utero
1461 5191 1617 5247 fuerit
1644 5189 1663 5230 ί
1696 5193 1937 5259 editum;

426 5329 449 5357 ⁸
483 5318 572 5374 1E.
601 5360 617 5385 ,
672 5319 992 5389 Germanus,
1020 5323 1268 5378 lristrius.

425 5389 451 5427 δ
485 5389 945 5465 ἑξηί-ϐετεηιὴιδ,
981 5395 1222 5449 Sanctus.
1274 5394 1362 5465 U.,
1418 5393 1724 5463 Gerontius,
1767 5395 1945 5450 Leon-

349 5461 472 5526 tius,
504 5460 802 5517 Basiliscus.

429 5542 451 5568 ι·
479 5533 543 5585 Αἵ
553 5571 569 5586 .
581 5573 596 5598 ,
647 5535 986 5588 reconciliari.

425 5599 449 5638 δ
477 5601 565 5656 Ᾰί.
596 5643 611 5666 ,
645 5604 916 5657 observari.

430 5683 453 5747 ἐ
489 5673 579 5740 U.,
624 5676 953 5747 parturientis
982 5687 1030 5729 et
1078 5677 1218 5730 illius
1246 5678 1332 5745 qui
1385 5678 1449 5730 de
1476 5680 1589 5747 ejus
1625 5686 1770 5731 utero
1798 5677 1951 5745 fuerit

351 5746 558 5817 editus,
593 5745 716 5817 quia
756 5747 1155 5815 uniuscujusque
1184 5749 1234 5799 in
1277 5750 1367 5800 illa
1397 5745 1715 5817 confessione
1742 5747 1949 5800 libertas

355 5815 561 5868 arbitrii
603 5815 914 5888 declaratur,
948 5819 1141 5873 idcirco
1174 5829 1318 5872 natus
1351 5835 1439 5887 per
1485 5815 1536 5873 se
1581 5820 1945 5887 baptizabitur.

2051 5195 2209 5256 dare;
2240 5195 2418 5250 vicarii
2451 5206 2626 5251 autem
2655 5195 3053 5263 episcoporum,
3086 5204 3219 5260 quos
3245 5187 3414 5243 Grzeci
3439 5187 3638 5242 ebore-

2128 5329 2147 5369 ί
2177 5332 2288 5398 ὦ..
2319 5335 2563 5402 genitum.

2128 5410 2152 5448 ε
2183 5403 2261 5456 Ex
2291 5399 2351 5455 Τ.
2382 5403 2435 5454 2.
2469 5405 2523 5455 In
2555 5405 2620 5456 A.
2649 5410 2700 5454 et
2724 5399 2940 5466 reliquis
2970 5399 3255 5456 Codicibus
3283 5420 3294 5453 :
3321 5418 3421 5455 non
3458 5416 3627 5454 orare.

2126 5469 2153 5508 ¹³
2187 5474 2277 5536 U.,
2309 5473 2370 5526 Si
2396 5478 2544 5540 cujus
2581 5487 2710 5526 uxor
2739 5471 3044 5526 adulterium
3072 5473 3390 5540 cognoscitur
3419 5472 3622 5525 commi-

2055 5545 2199 5602 sisse.
2230 5554 2343 5595 'cum
2369 5554 2493 5596 esset
2522 5543 2702 5609 laicus,
2731 5554 2777 5598 et
2799 5543 2948 5612 fuerit
2979 5543 3380 5612 comprobatum.

2137 5612 2152 5650 ί
2185 5613 2271 5674 U.,
2300 5614 2676 5668 adulteraverit.

2129 5683 2142 5732 ἱ
2185 5684 2298 5750 .43.,
2330 5695 2674 5754 propter......
2707 5685 2916 5753 privari.

2126 5754 2148 5791 ¹ί
2184 5756 2292 5826 AL,
2319 5753 2673 5812 diatones.....
2709 5757 2894 5826 fuerint
2921 5753 3273 5811 involuti......
3311 5754 3633 5808 cohibebunt.
