4048 6182
1090 327 1473 386 COLLECTIO
1509 327 1842 384 CANONUM
1885 328 1942 386 S.
1989 329 2263 387 lSlDOllO
2303 329 2569 388 HISPAL.
2615 331 2968 391 ASCRIPTA.

411 456 660 513 ptscopos
681 451 893 507 vocant,
911 443 1183 496 conditui
1204 451 1326 495 sunt
1353 440 1569 509 quidem
1598 441 1663 494 ad
1691 441 1992 511 exemplum
2024 450 2074 506 Α

393 534 750 604 septuaginta
807 537 1101 598 seniorum,
1146 531 1239 587 sed
1301 543 1551 602 tanquam
1589 538 2000 588 consacerdotes

3581 339 3682 392 ’1Ιῖ

3581 366 3586 374 .

2487 445 2626 500 XIV.
2648 445 2733 502 De
2761 449 3061 502 diae-auibus
3087 457 3294 517 septem.

2177 533 2394 590 Diaconi
2438 547 2645 605 septem
2696 555 2818 593 eSse
2865 540 3059 595 dcbcttl
3089 545 3379 595 secundum
3429 543 3679 610 regulam,

417 631 634 692 propter
662 623 1076 677 sollicitudinem
1122 632 1176 676 et
1205 621 1439 676 studium
1483 623 1535 676 in
1581 637 1843 693 pauperes
1872 624 2007 680 offe-
2105 627 2345 694 quamvis
2391 642 2579 696 magna
2627 630 2697 683 sit
2725 630 2913 685 civitas
2940 674 2954 697 ,
2988 640 3014 670 ι
3048 633 3131 687 cui
3177 633 3370 703 regula:
3399 637 3681 692 auctoritas

409 723 534 768 rant
562 721 616 768 et
649 713 988 769 honorabiles
1019 712 1336 766 habeantur.

473 855 504 882 ί·
533 845 594 899 Β.
624 845 713 910 8.,
745 845 908 914 cujus.

407 984 1304 1014 ﬂ

2103 718 2209 775 erit
2242 718 2379 775 liber
2407 721 2634 777 Aetnam
2664 725 3049 793 apostolorum.

1308 985 3682 1025 Ἥ,
1323 1001 1330 1010 ,
1343 1001 2018 1016 ,,,,
2065 1006 2386 1018 __.______,

1945 1117 2182 1223 ιν.

1265 1304 1958 1390 ‘CONCILIUM
2021 1301 2806 1392 ‘GANGRENSE.

973 1474 1124 1518 POST
1178 1473 1478 1519 NICENAM
1541 1477 1840 1519 SYNDDUM
1893 1475 1995 1518 ΕΒ]

2081 1476 2139 1518 VM
2193 1475 2274 1519 ΔΒ
2333 1477 2647 1522 EPISCOPIS
2709 1479 3090 1532 QUINDEGSM.

475 1582 720 1653 27428
752 1579 991 1634 Dominis
1013 1580 1415 1635 honorabilihus
1437 1581 1908 1636 consacerdotibus
1932 1581 1986 1636 in

404 1675 652 1728 Armenia
672 1672 971 1725 censtitutis
986 1672 1262 1737 Eusebius,
1279 1671 1532 1739 Eulalius,
1556 1672 1831 1743 Olympius
1843 1671 1986 1744 {/E.,

402 1764 699 1836 Olympus],
750 1763 986 1819 Philetus
1031 1764 1119 1837 [T.
1155 1766 1206 1832 l,
1242 1766 1469 1831 l’iletus;
1505 1765 1564 1821 T.
1589 1765 1644 1831 2,
1679 1765 1984 1838 Philestus],

400 1859 632 1928 Pappus,
655 1860 900 1925 Basilius,
925 1859 1232 1930 Bithynicus
1249 1858 1396 1932 {/E.,
1418 1860 1670 1933 Binicus],
1688 1862 1983 1929 Hieracius,

402 1953 646 2022 llipatius
676 1950 816 2023 [rE.,
853 1953 1074 2019 Ipanus;
1112 1952 1203 2017 U.,
1236 1954 1526 2024 Lipacius],
1563 1955 1774 2021 Bassus,
1808 1955 1982 2024 Euge-

402 2047 544 2108 nins,
579 2030 1522 2118 Gregoritts,.£lianus,Presitts[B.
1555 2047 1646 2110 IL,
1679 2045 1981 2111 Τ.1,Ρτω-

395 2134 553 2205 sius],
592 2135 884 2203 Eugenio—5,
917 2135 1410 2203 qni'convenerunt
1438 2138 1487 2189 in
1519 2135 1830 2205 Gangrense
1854 2150 1981 2191 con-

397 2227 604 2290 cilium,
664 2226 715 2278 in
767 2224 996 2279 Domino
1045 2225 1293 2279 salutem.
1346 2225 1607 2292 Quoniam
1653 2226 1981 2280 conveniens

400 2329 584 2370 sam-ta
633 2317 867 2387 synodus
905 2317 1278 2386 episcoporum
1322 2316 1375 2371 in
1414 2317 1776 2385 Gangrensem
1807 2318 1980 2372 eccle-

397 2411 530 2465 siam
563 2421 782 2478 propter
809 2410 1064 2478 quasdam
1113 2409 1504 2464 ecclesiasticas
1548 2419 1601 2463 et
1645 2410 1978 2464 nectissarias

395 2515 587 2554 causas
614 2500 979 2568 inquirendas,
1004 2509 1057 2552 et
1081 2513 1142 2554 ea
1165 2514 1285 2568 quae
1309 2501 1603 2554 secundum
1631 2500 1978 2556 Eustachium

396 2582 547 2662 gesta
578 2602 701 2646 sunt
730 2590 1114 2660 dignosceuda,
1148 2588 1348 2645 invenit
1379 2591 1543 2644 multa
1576 2591 1693 2644 fieri
1725 2592 1978 2647 indecen-

399 2693 488 2738 ter
511 2684 578 2736 ab
609 2683 692 2736 his
723 2682 849 2751 ip~is
877 2681 963 2750 qni
1000 2679 1139 2732 hunc
1167 2679 1414 2733 eumdem
1434 2679 1777 2734 Eustachium
1807 2679 1974 2736 secuti

400 2786 558 2841 sunt;
604 2774 909 2829 necessario
943 2773 1148 2838 statuit,
1195 2772 1366 2840 palam
1398 2770 1552 2826 factis
1577 2772 1822 2827 omnibus
1854 2772 1973 2845 [U.,

393 2863 645 2936 cunctis],
705 2873 982 2932 amputare
1031 2863 1276 2916 universa
1321 2876 1437 2932 quae
1491 2862 1559 2916 ab
1598 2862 1786 2919 eodem
1837 2865 1976 2918 male

395 2958 683 3012 commissa
731 2964 877 3010 sunt.
932 2956 1266 3010 Declaratum
1298 2965 1380 3010 est
1422 2955 1565 3010 enim
1613 2956 1711 3011 hos
1756 2958 1973 3012 eosdem

395 3052 605 3118 nuptias
627 3065 912 3117 accusare,
945 3061 995 3104 et
1029 3048 1224 3103 docere
1255 3049 1393 3118 quod
1421 3049 1598 3105 nullus
1627 3049 1677 3104 in
1708 3050 1973 3120 cozijugali
2004 3075 2052 3136 ρ

391 3141 791 3209 positusgradu
820 3155 968 3209 spem
1001 3138 1193 3192 habeat
1219 3138 1357 3206 apud
1382 3137 1544 3193 Deum
1577 3154 1592 3192 :
1617 3138 1758 3192 unde
1783 3139 1980 3194 factum

395 3243 475 3286 i-st
509 3243 565 3286 ut
596 3233 773 3288 multae
804 3232 1062 3287 mulieres
1110 3232 1365 3296 SBdthllB,
1399 3231 1600 3286 relictis
1644 3232 1873 3301 propriis
1902 3233 1980 3285 vi-

379 3329 489 3390 «ris,
517 3335 574 3378 et
617 3326 713 3378 viri
759 3325 1013 3378 uxoribus
1060 3323 1333 3378 destitutis
1381 3322 1651 3377 vinculum
1698 3322 1980 3392 conjugale

389 3416 772 3479 dissolverent,
825 3412 1212 3468 continentiam
1263 3413 1600 3482 proﬁtentes,
1649 3428 1806 3483 quam
1855 3428 1977 3467 cum

390 3508 630 3562 retinere
657 3521 762 3561 non
796 3514 1035 3572 possent,
1060 3504 1324 3558 adulteria
1344 3504 1752 3558 commiserunt.
1773 3501 1974 3556 Inventi

387 3607 515 3651 sunt
542 3598 702 3651 etiam
734 3595 1100 3648 dissensiones
1141 3607 1204 3646 ac
1231 3593 1602 3661 separationes
1631 3608 1661 3646 a
1691 3593 1976 3646 dominicis

390 3687 702 3743 constitutis
751 3686 1111 3773 Ecclesiarum
1154 3682 1251 3738 Dei
1290 3683 1505 3748 docere,
1535 3683 1586 3737 id
1617 3695 1692 3737 est
1724 3692 1778 3738 et
1807 3685 1974 3737 tradi-

388 3779 568 3833 tiones
598 3774 995 3832 ecclesiasticas
1024 3784 1078 3829 et
1124 3788 1188 3828 ea
1229 3789 1348 3843 quae
1396 3774 1448 3829 in
1481 3776 1722 3829 ccclesiis
1749 3786 1977 3845 aguntur

383 3871 586 3924 debere
640 3869 955 3931 contemni,
1006 3866 1225 3935 privatis
1265 3867 1652 3923 conventiculis
1697 3869 1973 3937 institutis,

386 3972 549 4031 atque
579 3959 645 4014 ad
677 3959 1031 4015 imitationem
1055 3974 1241 4014 eorum
1264 3975 1384 4029 quae
1415 3961 1467 4015 in
1496 3961 1656 4016 domo
1685 3962 1776 4016 Dei
1805 3977 1974 4030 agun-

386 4061 474 4107 tur
527 4053 706 4108 omnia
759 4066 1087 4122 prtesumere
1134 4061 1188 4107 et
1237 4052 1516 4107 celebrare
1550 4068 1563 4105 :
1595 4053 1767 4106 adhuc
1810 4052 1972 4107 etiam

387 4143 627 4198 vestibus
656 4143 1031 4198 communibus
1059 4144 1255 4209 spretis
1285 4156 1453 4196 novos
1482 4151 1537 4195 et
1562 4142 1803 4197 insolitos
1826 4142 1972 4197 habi-

381 4243 468 4286 tus
494 4234 885 4302 assumpsisse:
913 4231 1175 4301 primitias
1197 4246 1409 4300 quoque
1439 4230 1708 4286 fructuum
1739 4243 1792 4287 et
1817 4234 1967 4287 obla-

390 4322 564 4376 tiones
589 4335 804 4386 eorum,
853 4334 988 4389 quas
1031 4327 1272 4374 veterum
1316 4319 1576 4374 institutio
1605 4321 1845 4375 ccclesiis
1877 4321 1970 4374 tri-

2093 1597 2252 1651 quam
2303 1583 2512 1640 illicitos
2557 1585 2820 1642 refutasse
2848 1587 2991 1661 {/E.,
3025 1588 3089 1646 T.
3135 1588 3218 1657 2.,
3261 1591 3676 1666 reptttasse}:in

2095 1673 2344 1729 domibus
2371 1677 2673 1748 conjugatis
2705 1677 2850 1752 [1E.,
2887 1679 2980 1747 U.,
3008 1680 3441 1755 coniugatorum]
3465 1699 3531 1739 ne
3558 1699 3676 1740 ora-

2097 1767 2270 1822 tiones
2296 1768 2512 1836 quidem
2544 1769 2745 1827 debere
2788 1772 3045 1828 celebrari
3077 1776 3428 1843 persuasisse,
3473 1777 3523 1830 in
3555 1789 3677 1832 tan.

2096 1865 2202 1911 tum
2254 1866 2313 1911 ut
2353 1859 2567 1914 easdeut
2600 1861 2715 1916 fieri
2765 1873 2966 1929 vetent,
3001 1874 3054 1918 et
3082 1865 3443 1921 oblationibus
3473 1881 3594 1934 qua:
3624 1870 3678 1924 in

2092 1946 2342 2002 domibus
2375 1948 2525 2004 tactae
2555 1949 2752 2004 iuerint
2775 1951 2996 2008 minime
3025 1957 3525 2011 communieamlum
3556 1974 3680 2016 esse

2097 2036 2392 2093 decernant
2418 2054 2431 2091 :
2458 2039 2797 2110 presbyteros
2826 2057 2954 2097 vero
2979 2043 3066 2111 qui
3097 2047 3434 2100 matrimonia
3463 2056 3680 2102 contra-

2092 2137 2281 2181 xerunt
2309 2129 2488 2196 sperni
2517 2129 2715 2184 debere
2740 2131 2941 2198 dicunt,
2973 2148 3069 2187 nec
3095 2146 3426 2190 sacramenta
3458 2153 3577 2206 quin
3603 2139 3674 2194 ab

2090 2215 2174 2271 his
2213 2219 2569 2273 coniiciuntur
2617 2220 2803 2290 attingi
2830 2238 2842 2273 :
2869 2221 2984 2276 loCa
3033 2234 3338 2278 sanctorum
3372 2236 3669 2298 martyrum

2090 2309 2176 2363 vel
2207 2309 2455 2365 basilicas
2485 2320 2858 2376 contemnere,
2891 2324 2946 2368 et
2975 2329 3164 2370 omnes
3201 2317 3288 2384 qui
3322 2317 3676 2375 illuc-conve—

2088 2399 2242 2455 niunt
2261 2411 2316 2456 et
2337 2414 2672 2458 sacramenta
2703 2406 2994 2461 coniiciunt
3021 2407 3418 2478 reprehendere
3443 2429 3457 2466 :
3480 2413 3677 2470 divites

2088 2492 2276 2549 ﬁdeles
2323 2497 2414 2564 qtti
2465 2512 2570 2550 non
2610 2498 2861 2553 omnibus
2892 2500 3202 2556 renuntiant
3238 2518 3354 2571 qua:
3403 2507 3679 2573 possident

2085 2597 2236 2652 Spem
2291 2599 2398 2638 non
2449 2585 2649 2641 habere
2673 2585 2700 2625 δ
2729 2604 2742 2640 :
2768 2596 2825 2642 et
2853 2589 3018 2643 multa
3053 2591 3176 2656 alia,
3222 2607 3339 2662 qua:
3367 2598 3673 2652 enumerari

2075 2674 2216 2730 nulli
2243 2674 2499 2744 possibile
2527 2685 2626 2742 est,
2659 2677 2900 2748 singulos
2930 2695 3171 2750 quosque
3197 2680 3286 2754 [T.
3337 2682 3394 2750 2,
3420 2683 3479 2739 U.
3497 2725 3513 2750 ,
3537 2700 3676 2754 quo-

2086 2764 2211 2836 que]
2251 2780 2437 2820 eorum
2469 2781 2566 2835 pro
2598 2782 2696 2822 suo
2726 2769 2953 2824 arbitrio
3000 2772 3346 2827 constituere.
3381 2774 3680 2844 Unusquis-

2085 2873 2188 2927 que
2217 2858 2358 2912 enim
2387 2873 2572 2913 eorum
2625 2876 2721 2929 per
2763 2860 2923 2916 talem
2977 2861 3366 2918 institutionem
3401 2866 3468 2919 ah
3496 2867 3680 2923 eccle-

2083 2953 2302 3008 siastico
2333 2968 2538 3009 canone
2570 2955 2828 3009 recedens
2860 2965 3109 3025 tanquam
3156 2956 3396 3025 proprias
3415 2957 3567 3025 leges
3597 2958 3681 3012 si-

2087 3045 2253 3098 bimet
2298 3044 2558 3099 condidit.
2603 3045 2709 3101 Sed
2757 3061 2856 3100 nec
2895 3048 3195 3101 communis
3236 3047 3318 3101 his
3344 3049 3588 3104 omnibus
3619 3059 3683 3105 et

2087 3149 2189 3188 una
2222 3136 2487 3188 sententia
2515 3145 2625 3189 est:
2658 3135 2852 3204 singuli
2876 3137 3015 3190 enim
3051 3146 3205 3204 prout
3234 3138 3440 3192 videtur
3465 3148 3518 3193 et
3538 3139 3683 3196 libet

2083 3227 2148 3281 ad
2196 3228 2590 3282 accusationem
2640 3229 2884 3284 ecclesia:
2943 3230 3162 3284 nitendo
3208 3240 3457 3298 tanquam
3489 3241 3681 3288 rector

2081 3331 2185 3370 non
2233 3315 2329 3382 sit,
2373 3316 2456 3371 vel
2501 3316 2646 3371 addit
2691 3317 2906 3374 decreta
2937 3321 3016 3373 vel
3054 3321 3262 3374 minuit.
3297 3320 3522 3390 Propter
3552 3325 3680 3379 hinc

2081 3424 2209 3480 ergo
2235 3420 2476 3464 coactum
2512 3407 2630 3482 [U.,
2663 3407 2865 3481 actum]
2895 3421 2977 3464 est
3006 3410 3107 3466 hoc
3136 3412 3418 3466 concilium
3442 3413 3494 3467 in
3518 3411 3676 3468 Gan-

2079 3501 2259 3569 grensi
2281 3503 2512 3557 ecclesia
2546 3503 2783 3557 habitum
2815 3519 3049 3559 canones
3077 3506 3208 3560 istos
3230 3521 3516 3575 exponere,
3546 3511 3682 3579 qui-

2080 3592 2179 3645 bus
2208 3593 2712 3665 probabunturIU"
2740 3593 2831 3657 G.,
2859 3596 3178 3668 probantur]
3208 3599 3486 3652 memorati
3509 3610 3674 3657 extra

2037 3743 2040 3745 _
2070 3681 2224 3754 ’[Αῑη
2252 3683 2316 3736 Β.
2343 3684 2434 3752 R.,
2457 3683 2531 3740 E.
2565 3685 2619 3751 5,
2647 3684 2740 3751 U.,
2767 3685 2928 3757 intra]
2957 3689 3236 3743 ecclesiam
3268 3705 3386 3744 esse
3413 3707 3426 3744 :
3449 3691 3585 3760 quod
3623 3695 3676 3748 si

2079 3788 2175 3844 per
2224 3777 2592 3843 paenitentiam
2641 3778 3118 3835 condemnaverint
3163 3783 3340 3836 omnia
3394 3783 3508 3837 haec
3544 3799 3675 3854 qua:

2079 3865 2220 3920 male
2247 3877 2556 3936 senserunt,
2589 3879 2838 3938 tanquam
2869 3885 2898 3922 a
2925 3886 2982 3924 se
3010 3887 3116 3924 non
3149 3873 3283 3926 bene
3315 3873 3541 3942 prolata,
3574 3890 3675 3931 ac-

2075 3957 2371 4025 ceptabiles
2400 3959 2550 4028 (iant,
2582 3970 2744 4030 atque
2791 3975 2856 4014 co
2885 3960 3095 4034 singula
3127 3977 3243 4032 qum
3275 3963 3506 4018 debeant
3528 3980 3673 4022 con-

2074 4047 2329 4105 demnare
2353 4051 2590 4120 synodus
2613 4050 2838 4106 credidit
2866 4051 3009 4123 [.E.,
3029 4050 3091 4105 Β.
3115 4053 3206 4118 R.,
3242 4053 3306 4108 E.
3334 4056 3385 4110 3.
3416 4054 3508 4120 1].,
3536 4073 3670 4110 cre-

2073 4135 2170 4208 dit]
2197 4139 2532 4207 exponenda.
2558 4141 2710 4206 Quod
2738 4142 2782 4195 si
2805 4142 2923 4210 quis
2946 4143 3184 4196 renuerit
3216 4142 3328 4197 haec
3350 4159 3468 4210 quze
3498 4145 3671 4202 hodie

2071 4227 2360 4282 constituta
2389 4239 2538 4292 sunt,
2583 4241 2832 4300 tanquam
2865 4232 3150 4288 haereticus
3178 4233 3668 4293 anathematizatus

2070 4329 2124 4376 et
2149 4323 2431 4378 damnatus
2461 4324 2742 4394 abjieiatur
2769 4335 2820 4380 et
2851 4325 2952 4380 erit
2997 4342 3100 4381 non
3155 4330 3327 4383 solum
3362 4331 3670 4388 incommu-

382 4410 522 4478 buit,
577 4408 796 4464 sibimet
851 4407 1156 4463 vindicasse
1207 4406 1303 4479 [1E
1313 4449 1352 4473 .,
1391 4408 1747 4480 vendicasse],
1789 4410 1841 4465 id
1885 4418 1968 4464 est
1996 4428 2046 4488 ι)
2075 4410 2303 4477 nicatus,
2336 4428 2526 4468 verum
2556 4415 2717 4469 etiam
2749 4416 2817 4469 ab
2845 4416 3071 4470 ecclesia
3109 4417 3366 4473 habeatur
3401 4423 3664 4488 exteris,

380 4501 596 4570 prOpria
625 4501 1032 4554 ratiocinatione
1083 4497 1169 4570 [T.
1205 4498 1263 4565 ἓ,
1284 4497 1337 4553 ι]
1361 4538 1399 4565 .,
1449 4499 1678 4570 ratione]
1708 4501 1966 4556 doctrina:

385 4602 633 4660 tanquam
670 4591 868 4645 sanctis
896 4589 997 4644 sibi
1027 4603 1122 4644 eas
1148 4587 1332 4644 oti‘erri
1379 4590 1598 4654 debere.
1640 4593 1780 4660 apud
1825 4608 1884 4648 se
1913 4600 1967 4648 et

384 4681 525 4735 inter
552 4694 611 4736 se
639 4681 1023 4750 dispensandas
1050 4696 1064 4734 :
1088 4694 1272 4735 servos
1299 4695 1330 4734 a
1359 4680 1591 4737 dominis
1633 4682 1962 4750 recedentes,

380 4782 437 4828 et
466 4787 561 4842 per
596 4772 734 4827 hunc
782 4774 1094 4828 inusitatum
1137 4773 1412 4843 regionisl
1453 4790 1564 4830 sua:
1597 4775 1834 4832 habitum
1865 4778 1965 4832 sub

379 4864 564 4934 specie
612 4863 889 4933 religionis
943 4865 1191 4919 dominos
1241 4867 1676 4935 contempsisse:
1711 4867 1962 4922 mulieres

377 4970 590 5026 quoque
620 4964 815 5025 praeter
845 4955 1285 5011 consuetudinem
1310 4965 1362 5012 et
1389 4959 1471 5012 sui
1501 4972 1664 5013 sexus
1691 4967 1961 5023 ornatum,

381 5051 511 5102 hinc
539 5063 599 5104 se
626 5047 907 5117 justillcari
937 5048 1239 5113 credentes,
1269 5049 1477 5105 virilem
1507 5049 1744 5105 habitum
1775 5065 1960 5106 susce-

377 5140 545 5206 pisse,
597 5141 884 5208 pluresque
931 5153 1115 5194 earum
1147 5139 1432 5195 occasione
1480 5139 1750 5209 religionis
1781 5149 1963 5196 tonsas

376 5227 595 5295 genuini
642 5229 854 5285 decoris
903 5244 1087 5286 comas
1133 5232 1343 5300 penitus
1390 5240 1736 5300 amputasse:
1761 5232 1960 5303 jejunia

378 5335 499 5382 qua:
549 5319 601 5372 in
651 5321 878 5372 ecclesia
928 5322 1287 5389 praedicantur
1333 5323 1745 5387 contemnendo,
1788 5325 1959 5378 ventri

376 5411 618 5466 servisse
651 5453 663 5466 .
690 5411 977 5466 nonnullos
1007 5414 1168 5468 etiam
1197 5430 1383 5471 eorum
1410 5415 1560 5471 cibos
1580 5418 1817 5471 carnium
1845 5427 1960 5470 tan-

446 5586 714 5666 ξξῖιᾼῑ..
755 5587 812 5642 Β.
843 5585 936 5654 3.,
978 5586 1044 5642 Τ.
1096 5587 1149 5652 1,
1179 5586 1235 5652 2,
1268 5588 1360 5655 U.,
1400 5589 1467 5645 ϐ.
1514 5591 1568 5646 In
1609 5592 1674 5646 Α.
1705 5598 1761 5646 et
1804 5588 1868 5644 Ε.
1902 5591 1956 5656 5,

374 5655 651 5723 religionis.
1943 5655 1947 5656 ί

360 5786 378 5810 ⁸
444 5725 472 5766 δ
497 5724 610 5787 ΑΞ..
641 5727 696 5781 Β.
729 5727 818 5796 R.,
847 5728 908 5783 Ε.
947 5730 1002 5796 5,
1039 5727 1104 5782 Τ.
1136 5728 1186 5794 Ι,
1221 5727 1276 5796 2,
1327 5727 1414 5798 U.,
1447 5747 1586 5801 spent
1616 5730 1756 5800 apud
1795 5729 1959 5785 Deum

2069 4503 2244 4558 donec
2275 4503 2594 4571 deprecetur
2623 4507 2903 4576 episcOpos
2935 4517 2990 4561 ct
3019 4507 3087 4562 de
3117 4508 3378 4565 universis
3407 4527 3526 4581 quae
3559 4529 3664 4581 pe-

2067 4608 2162 4649 nes
2189 4609 2284 4649 eos
2311 4595 2648 4665 deprehensa
2699 4607 2860 4668 atque
2907 4599 3115 4654 detecta
3163 4610 3286 4654 sunt
3335 4602 3658 4670 prodiderit,

2065 4684 2193 4755 quid
2225 4695 2246 4724 ο
2272 4685 2462 4741 horum
2503 4687 2801 4757 susceperit
2848 4688 3246 4744 observandum
3280 4689 3366 4761 [T.
3397 4691 3454 4759 2,
3486 4693 3664 4748 obse-

2063 4777 2386 4849 quendum].

2340 4891 2448 4960 29
2477 4889 2516 4943 1.
2552 4890 2626 4944 De
2657 4891 2732 4945 his
2760 4891 2848 4960 qui
2877 4898 3081 4961 nuptias
3109 4891 3372 4943 damnant.

2132 5025 2187 5081 Si
2220 5024 2338 5094 quis
2365 5026 2574 5095 nuptias
2604 5025 2657 5081 in
2688 5025 3079 5082 accusationem
3112 5024 3416 5090 deduxerit,
3451 5033 3506 5079 et
3533 5041 3660 5082 mll-

2061 5119 2245 5174 lierem
2280 5117 2490 5172 ﬁdelem
2520 5131 2584 5172 ac
2614 5117 2922 5187 religiosam
2949 5131 3070 5172 cum
3098 5117 3212 5170 viro
3239 5131 3339 5171 suo
3369 5115 3660 5173 dormien-

2064 5217 2168 5262 tem
2190 5207 2600 5260 abominandam
2629 5205 2924 5261 crediderit
2953 5216 3043 5259 aut
3069 5207 3229 5261 etiam
3259 5206 3654 5273 accusandam,

2064 5308 2311 5368 tanquam
2356 5313 2460 5351 non
2505 5312 2666 5367 posse
2705 5298 3016 5369 conjugatos
3061 5299 3113 5355 in
3155 5313 3380 5370 regnum
3424 5298 3517 5353 Dei
3558 5297 3649 5352 in-

2059 5391 2230 5460 gredi,
2260 5390 2540 5445 anathema
2571 5389 2660 5446 sit.

2059 5611 2162 5650 non
2191 5592 2391 5651 habere.

2134 5677 2154 5705 ε
2189 5665 2258 5720 Ex
2290 5662 2403 5733 .43.,
2441 5663 2500 5719 Β.
2525 5663 2614 5730 IL,
2644 5662 2711 5722 U.
2741 5663 2796 5718 ln
2823 5664 2885 5719 Α.
2920 5673 2971 5720 ct
3002 5664 3221 5734 reliquis
3253 5681 3266 5720 :
3300 5665 3462 5734 qun.
