4072 6176
373 317 477 370 113

514 419 580 476 ΙΙ.
618 419 696 476 De
720 421 802 474 liis
827 420 917 490 qui
941 436 1120 476 carnes
1148 425 1508 481 manducantes
1535 429 1806 484 damnant.

441 511 497 568 Si
526 511 645 581 quis
668 525 861 565 carnes
883 511 1292 569 manducantem
1315 531 1378 570 ex
1406 519 1511 572 lide
1532 533 1653 572 cum
1677 518 1958 590 religione,

371 611 570 674 praeter
589 603 907 674 sanguinem
931 613 988 658 et
1009 604 1150 658 idolo
1177 605 1508 662 immolatum
1538 619 1592 663 et
1616 610 1956 676 sulfocatum,

367 694 664 750 crediderit
702 695 1196 764 condemnandum,
1245 709 1496 770 tanquam
1539 716 1691 769 spem
1724 717 1829 756 non
1862 702 1958 755 ha-

369 787 588 843 bentem
623 795 649 824 ι
679 786 822 854 quod
853 801 946 842 eas
977 790 1286 853 manducet,
1319 792 1605 847 anathema
1636 794 1726 847 sit.

371 876 460 936 III.
500 876 625 932 Non
665 878 849 933 debere
879 895 1075 933 servum
1103 882 1366 935 occasione
1395 885 1659 954 religionis
1691 885 1958 940 dominum

913 965 1064 1003 suum
1095 962 1431 1007 contemnere.

443 1036 499 1094 Si
529 1036 648 1106 quis
691 1048 908 1091 servum
952 1037 1185 1091 alienum
1225 1041 1508 1095 occasione
1547 1041 1820 1110 religionis
1862 1043 1958 1098 do-

369 1135 488 1184 ceat
514 1126 796 1182 dominum
826 1139 982 1182 suum
1012 1128 1213 1184 debere
1239 1143 1586 1187 contemnere
1627 1145 1677 1187 et
1713 1134 1828 1200 ejus
1865 1135 1958 1189 mi-

369 1218 628 1273 nisteriun
655 1217 969 1282 destituere,
1002 1232 1066 1273 ac
1091 1234 1197 1274 non
1232 1221 1406 1290 potius
1437 1221 1680 1277 docuerit
1706 1239 1826 1278 eum
1857 1240 1957 1280 suo

369 1309 590 1364 domino
623 1310 764 1364 bona
798 1310 902 1366 (ide
927 1317 982 1366 et
1008 1325 1136 1366 cum
1161 1312 1308 1366 omni
1336 1311 1741 1371 honorificentia
1769 1315 1954 1370 deser-

367 1399 501 1468 vire,
536 1401 826 1455 anathema
858 1401 948 1456 sit.

609 1489 703 1545 IV.
740 1489 816 1544 De
836 1491 1092 1546 oblatione
1117 1493 1398 1563 presbyteri
1426 1496 1713 1567 conjugati.

437 1582 494 1636 Si
515 1583 639 1652 quis
660 1581 924 1637 discernit
945 1582 1314 1654 presbyterum
1339 1586 1684 1655 conjugatum
1703 1595 1952 1656 tanquam

368 1672 649 1727 Occasione
681 1672 992 1740 nuptiarum
1011 1713 1028 1738 ,
1057 1673 1200 1743 quod
1229 1674 1422 1731 oﬂ'erre
1450 1692 1557 1730 non
1586 1677 1778 1742 debet,
1807 1689 1861 1734 et
1885 1679 1953 1736 ab

365 1759 486 1832 ejus
514 1762 784 1817 oblatione
811 1761 934 1817 ideo
962 1777 1022 1816 se
1049 1763 1317 1819 abstineat
1341 1765 1387 1830 δ,
1415 1767 1698 1822 anathema
1725 1769 1816 1824 sit.

539 1853 598 1908 ν.
635 1852 905 1907 Orationes
931 1852 1176 1908 Ecclesia:
1196 1870 1295 1908 non
1317 1856 1497 1910 debere
1523 1861 1795 1914 contemni.

436 1944 493 2002 Si
521 1945 640 2018 quis
669 1945 832 2004 docet
858 1945 1073 2004 domum
1108 1945 1196 2005 Dei
1225 1949 1679 2022 contemptibilem
1710 1967 1829 2012 esse
1855 1954 1952 2013 tle-

363 2043 492 2098 bere
531 2051 586 2099 et
625 2045 1071 2114 congregationes
1113 2058 1232 2112 qua:
1273 2043 1326 2099 in
1366 2058 1430 2099 ea
1475 2047 1625 2113 tiunt,
1666 2049 1968 2104 anathema-

363 2141 436 2187 m
537 2201 620 2257 VI.
656 2201 776 2257 Non
805 2204 955 2259 licere
981 2215 1126 2259 extra
1154 2207 1417 2260 ecclesiam
1447 2210 1765 2278 congregari.

354 2323 388 2345 ο
437 2296 495 2351 Si
527 2297 649 2364 quis
684 2304 834 2350 extra
867 2297 1151 2351 ecclesiam
1187 2298 1433 2368 privatim
1467 2300 1690 2369 populos
1718 2314 1948 2369 congre-

365 2401 504 2455 gans
531 2395 835 2440 contemnat
864 2397 885 2423 ε
918 2387 1316 2442 ecclesiasticas
1343 2391 1646 2444 sanctiones
1673 2391 1948 2461 ipsamque

367 2477 678 2543 ecclesiam,
711 2477 845 2546 apud
871 2492 929 2534 se
953 2488 1129 2534 autem
1159 2480 1279 2534 sine
1306 2481 1535 2536 consilio
1562 2481 1799 2552 episcopi
1826 2498 1946 2539 cum

361 2567 694 2637 presbyteris
726 2567 749 2604 δ
780 2578 924 2640 agat,
955 2569 1240 2626 anathema
1269 2571 1360 2625 sit.

433 2658 544 2713 VII.
577 2657 654 2712 De
675 2662 925 2728 fructibus
954 2662 1004 2715 in
1029 2663 1288 2716 ecclesiam
1311 2672 1358 2716 et
1385 2679 1487 2718 non
1513 2665 1638 2718 alibi
1667 2665 1873 2720 dandis.

429 2749 484 2804 Si
527 2751 647 2819 quis
687 2751 985 2806 oblationes
1025 2751 1290 2808 fructuum
1315 2755 1398 2808 vel
1425 2756 1682 2824 primitias
1708 2758 1946 2814 ecclesia:

357 2840 566 2895 debitas
609 2841 703 2915 [υ.
735 2881 754 2909 ,
781 2840 1011 2913 deditas]
1050 2845 1280 2900 voluerit
1321 2857 1472 2900 extra
1513 2848 1796 2903 ecclesiam
1839 2849 1948 2919 3o

357 2932 602 3000 accipere
651 2931 733 2986 vel
765 2933 914 2999 dare,
958 2945 1152 3002 prmter
1181 2934 1566 2991 conscientiam
1595 2937 1832 3006 episcopi
1864 2938 1944 2993 vel

356 3023 472 3089 ejus
501 3021 587 3075 cui
614 3021 878 3090 ejusmodi
906 3021 1080 3076 olllcia
1109 3025 1400 3078 commissa
1426 3035 1570 3091 sunt,
1602 3037 1658 3082 et
1689 3042 1794 3081 non
1828 3042 1945 3081 ma-

354 3115 436 3183 gis
463 3129 585 3167 cum
613 3113 843 3168 consilio
867 3113 983 3183 ejus
1007 3115 1075 3171 de
1101 3116 1183 3171 bis
1205 3117 1469 3186 agendum
1492 3119 1782 3188 putaverit,
1814 3134 1941 3174 ana-
1965 3132 2018 3197 α

359 3203 534 3257 thema
567 3203 674 3258 sit-

451 3314 585 3368 VIII.
624 3314 699 3369 De
727 3315 920 3386 Itis-qui
949 3317 1004 3371 in
1031 3334 1151 3372 usus
1182 3337 1463 3391 pauperum
1490 3323 1844 3393 conferuntur.

433 3424 506 3480 Si'
530 3427 648 3494 quis
687 3427 896 3483 dederit
931 3429 1015 3484 vel
1039 3433 1304 3500 acceperit
1345 3434 1605 3489 fructuum
1647 3435 1942 3493 oblationes

359 3527 506 3571 extra
536 3520 849 3589 episcopo
875 3523 956 3576 vel
979 3537 1099 3578 eum
1126 3527 1213 3592 qui
1238 3527 1559 3583 conStitutus
1585 3537 1667 3583 est
1695 3530 1762 3585 ab
1788 3544 1853 3585 eo
1875 3530 1956 3585 ad.

357 3606 770 3678 dispensandam
802 3613 1221 3671 misericordiam
1251 3617 1339 3692 [T.
1371 3619 1420 3686 I,
1448 3621 1778 3693 mercedem]
1814 3639 1943 3693 pau-

359 3699 578 3766 peribus
605 3717 621 3763 ;
652 3712 705 3755 et
731 3703 819 3770 qui
845 3703 932 3758 dat
965 3713 1021 3759 et
1046 3705 1136 3776 qui
1164 3710 1379 3778 accipit,
1411 3713 1696 3768 anathema
1724 3715 1813 3768 sit.

358 3808 449 3865 IX.
485 3809 784 3881 Virginitati
808 3817 1096 3872 studentem
1117 3836 1214 3875 non
1237 3821 1418 3877 debere
1439 3825 1646 3890 nuptias
1667 3828 1943 3883 exsecrari.

427 3923 486 3979 Si
513 3924 634 3994 quis
663 3926 744 3980 vel
771 3930 1128 3999 virginitatem
1153 3935 1236 3990 vel
1259 3939 1644 3994 continentiam
1668 3939 1940 4009 professus

357 4023 616 4084 tanquam
649 4017 1037 4077 abominabiles
1069 4029 1280 4095 nuptias
1307 4026 1532 4096 judieat,
1566 4039 1618 4085 et
1650 4045 1754 4085 non
1785 4047 1943 4101 prop-

359 4116 439 4160 ter
468 4109 647 4161 solum
679 4108 800 4177 hoc,
826 4114 966 4180 quod
993 4120 1321 4174 continentia
1351 4130 1404 4175 et
1432 4122 1710 4191 virginitas
1740 4124 1952 4180 bonum

358 4209 716 4271 sanctumque
746 4207 1078 4273 propositum
1108 4210 1198 4276 sit,
1230 4212 1514 4269 anathema
1546 4214 1640 4270 sit.

573 4290 614 4343 Χ
629 4332 642 4345 .
672 4290 748 4345 De
779 4293 857 4347 Itis
879 4297 967 4365 qui
991 4313 1084 4366 pro
1106 4298 1393 4368 virginitate
1414 4306 1734 4371 superbiant.

427 4380 484 4436 Si
537 4383 662 4446 quis
712 4395 928 4456 propter
965 4389 1133 4445 Deum
1175 4393 1533 4463 virginitatem
1578 4399 1848 4466 professus
1889 4401 1940 4454 in

358 4473 606 4544 coniugio
635 4477 835 4544 positos
864 4494 959 4549 per
987 4484 1342 4551 arrogantiam
1375 4485 1774 4556 vituperaverit,
1814 4504 1941 4544 ana-
1972 4487 2026 4548 Ι)

359 4565 534 4619 thema
566 4567 656 4621 sit.

525 4654 619 4711 ΧΙ.
651 4659 877 4731 Agapem
909 4663 1128 4731 fratrum
1155 4681 1256 4719 non
1285 4668 1463 4720 debere
1490 4671 1761 4724 contemni.

425 4747 482 4804 Si
513 4749 638 4819 quis
666 4755 1090 4810 contemnendos
1117 4755 1575 4827 duxeritagapem
1609 4760 1862 4816 iacientes
1887 4772 1942 4818 et

355 4857 579 4913 propter
604 4844 864 4901 honorem
892 4847 1104 4906 Domini
1133 4851 1328 4907 fratres
1356 4866 1615 4920 pauperes
1643 4868 1943 4911 convocan-

357 4943 472 4998 tes,
515 4945 571 4990 et
611 4938 842 4992 noluerit
883 4944 1284 4999 communicare
1323 4945 1692 5000 vacationibus
1729 4960 1938 5014 eorum,

355 5033 610 5095 tanquam
636 5029 688 5082 in
720 5029 943 5085 nihilum
975 5040 999 5068 ε
1027 5034 1168 5103 quod
1198 5034 1256 5089 lit
1280 5035 1552 5093 deducens
1582 5035 1602 5076 ι
1616 5079 1631 5104 ,
1656 5038 1940 5095 anathema

354 5118 444 5171 sit.

563 5291 577 5314 ,
610 5269 752 5320 spem
782 5256 921 5326 apud
953 5257 1112 5311 Deum
1137 5275 1237 5312 non
1269 5260 1552 5314 habentem.

561 5362 601 5387 .,
631 5326 799 5389 ιλιι..
835 5327 900 5380 Ε.
935 5329 989 5392 3,
1021 5329 1106 5391 U.,
1137 5332 1367 5385 abstinet.

630 5413 662 5464 p

430 5259 457 5286 ι

431 5319 458 5358 b

432 5403 454 5430 ο

426 5458 452 5497 d

428 5541 454 5569 ο

583 5507 599 5531 ,
720 5466 808 5542 δη
941 5465 993 5542 5,
1017 5465 1172 5542 -ΊἿᾹ,
1199 5472 1255 5534 2,
1292 5471 1379 5537 U.,
1411 5475 1720 5542 presbytero.

582 5535 695 5610 εΒο
717 5535 919 5610 [ἴητε
944 5540 1061 5610 1.2,
1095 5535 1186 5605 U.,
1217 5535 1458 5610 tanquam
1485 5535 1722 5597 iii/litum.

591 5607 681 5682 Ιξτ.
717 5605 778 5661 Τ.
811 5608 864 5674 1,
895 5608 950 5682 2,
979 5609 1070 5675 U.,
1101 5605 1414 5682 dijudicans.

601 5675 785 5746 Siqua
812 5681 992 5736 mulier
1016 5675 1337 5739 continentia:
1355 5685 1670 5754 propositum
1693 5686 1938 5756 judicans

487 5250 575 5314 υ..

487 5321 575 5375 ea.

486 5393 574 5447 AS.

485 5525 575 5590 Δί.

494 5605 552 5658 e.

483 5674 570 5741 U.,

346 5746 429 5799 uti

431 5599 452 5639 ι

429 5680 456 5717 s

432 5743 482 5800 le

1321 314 1724 376 GRIECORUM
1766 319 2104 377 CONCILIA.
2144 350 2214 364 —
2253 323 2690 384 GANGRENSE.

1989 430 2044 490 Α

3538 339 3640 395 IN

2299 433 2410 489 XII.
2438 434 2516 489 De
2541 439 2911 495 continentibus
2935 454 2986 497 et
3009 459 3102 498 usu
3127 444 3423 514 palliorum.

2131 521 2188 577 Si
2228 524 2347 592 quis
2385 525 2621 581 virorum
2655 531 2915 596 putaverit
2945 546 3128 590 saneto
3159 539 3432 606 proposito
3463 537 3633 596 id'est

2060 611 2404 699 continentia:
2433 617 2720 672 convenire
2752 629 2807 672 ut
2833 622 2991 689 pallio
3021 623 3119 697 [Δί
3150 665 3166 691 ,
3191 624 3254 679 Β.
3286 627 3372 691 Η..
3403 628 3493 696 υ.,
3525 631 3641 699 pal-

2062 697 2170 769 leo]
2195 710 2396 767 utatur,
2428 712 2678 774 tanquam
2702 722 2766 763 ex
2790 725 2855 763 eo
2871 709 3133 779 justitiam
3162 715 3457 784 habiturus,
3481 697 3539 776 et
3556 736 3640 776 re-

2061 791 2361 855 prehendat
2387 794 2472 848 vel
2500 795 2706 864 judieet
2731 799 2866 854 alios
2885 802 2975 870 qui
3005 818 3128 859 eum
3144 807 3454 863 reverentia
3478 809 3639 867 hirris

2059 888 2366 939 utuntur-et
2395 887 2506 941 alia.
2529 899 2678 946 veste
2706 895 2979 951 communi
3001 911 3125 965 qua:
3155 899 3208 953 in
3236 916 3334 955 usu
3361 911 3478 970 est,
3507 917 3636 960 ana-

2060 969 2236 1025 thema
2253 975 2358 1026 «sit.

2060 1059 2198 1117 XIII.
2241 1064 2363 1120 Non
2399 1069 2577 1125 debere
2615 1075 2874 1128 mulierem
2904 1078 3230 1134 continentia:
3264 1097 3419 1135 causa
3441 1085 3638 1140 virilem

2592 1142 2820 1197 habitum
2849 1162 3114 1217 usurpare.

2126 1221 2180 1276 Si
2213 1237 2316 1292 qua
2347 1226 2541 1282 mulier
2570 1228 2672 1284 hoc
2701 1235 2973 1302 proposito
2998 1238 3128 1292 utile
3161 1247 3186 1286 ι
3210 1239 3458 1308 judicans
3490 1244 3633 1301 virili

2057 1323 2204 1367 veste
2244 1323 2444 1382 utatur,
2482 1318 2548 1373 ad
2591 1319 2694 1376 hoc
2731 1330 2789 1376 ut
2827 1325 2924 1379 viri
2957 1324 3194 1383 habitum
3224 1330 3477 1401 imitetur,
3507 1351 3635 1391 ana-

2057 1403 2235 1458 thema
2266 1407 2356 1460 sit.

2055 1492 2329 1565 31XIV.
2373 1497 2499 1555 Non
2542 1504 3180 1632 deberacondtiemnantem
3222 1515 3426 1584 nuptias
3454 1532 3487 1570 a
3524 1519 3635 1574 viro

2738 1593 2839 1630 rsce
2906 1595 2980 1632 re.
3038 1585 3052 1602 ⁸

2738 1585 2980 1633 recedere.
3038 1585 3052 1602 ’

2125 1654 2182 1710 Si
2200 1672 2300 1727 qua
2326 1659 2518 1716 mulier
2539 1662 2794 1720 derelicto
2824 1669 2940 1723 viro
2967 1670 3245 1727 discedere
3265 1673 3519 1744 voluerit,
3543 1692 3633 1734 so-

1977 1777 2026 1838 B
2056 1743 2166 1838 luto
2207 1750 2422 1806 vinculo
2460 1753 2747 1825 conjugali,
2793 1759 3009 1830 nuptias
3049 1763 3481 1835 condemnanda,
3507 1743 3638 1825 arta-

2057 1837 2233 1891 thema
2264 1839 2354 1892 sit.

2053 1922 2094 1983 X
2107 1924 2164 1986 V.
2194 1926 2314 1987 Non
2333 1929 2514 1992 debere
2528 1941 3178 2067 quemqvamcantinentitr
3190 1961 3348 2004 causa
3362 1948 3499 2023 ﬁlios
3515 1965 3635 2009 suos

2702 2030 2798 2067 nea
2823 2032 2978 2067 were.

2702 2030 2978 2085 negligere.

2125 2091 2182 2149 Si
2206 2093 2234 2131 δ
2261 2097 2380 2165 quis
2402 2097 2748 2171 dereliquerit
2771 2105 2910 2161 lilios
2933 2111 3179 2177 proprios
3199 2123 3254 2167 et
3274 2128 3379 2168 non
3404 2129 3498 2170 eos
3517 2117 3631 2184 alit,

2049 2193 2103 2239 et
2134 2189 2426 2244 secundum
2469 2194 2610 2262 quod
2657 2197 2865 2265 pietatis
2895 2208 2979 2255 est
3017 2206 3318 2260 necessaria
3349 2222 3453 2262 non
3492 2223 3630 2277 prte-

2049 2275 2256 2346 buerit,
2289 2281 2384 2336 sed
2415 2285 2701 2344 occasione
2729 2293 3073 2350 continentia:
3104 2298 3452 2368 negligendos
3482 2275 3633 2372 puta-

2048 2370 2206 2434 verit,
2239 2374 2521 2430 anathema
2549 2379 2640 2432 sit.

2050 2459 2188 2516 XVI.
2232 2463 2314 2519 Ne
2338 2465 2436 2534 ﬁlii
2470 2473 2735 2528 occasione
2756 2477 3016 2599 religionis
3048 2491 3283 2551 parentes
3312 2501 3432 2541 suos
3458 2488 3631 2557 despi-

2762 2563 2876 2599 etan
2904 2587 2920 2599 .
3327 2595 3333 2599 .

2762 2563 2920 2601 erant.

2119 2622 2172 2678 Si
2203 2627 2293 2694 qui
2329 2627 2421 2683 lilii
2445 2638 2703 2699 parentes
2736 2638 3184 2696 maxime-ﬁdeles
3212 2641 3548 2702 deseruerint
3575 2636 3627 2704 in

2047 2717 2328 2772 occasione
2368 2721 2545 2777 cultus
2582 2721 2626 2790 ί,
2669 2724 2768 2780 hoc
2805 2727 3006 2794 justum
3046 2745 3167 2786 esse
3202 2733 3534 2801 iudicantes.
3575 2748 3630 2793 et

2048 2824 2155 2863 non
2183 2813 2355 2877 potius
2381 2812 2620 2870 debitum
2649 2817 2916 2874 honorem
2940 2824 3245 2890 parentibus
3273 2827 3628 2894 reddiderint,-

2047 2909 2106 2954 ut
2151 2902 2252 2958 hoc
2297 2904 2470 2973 ipsum
2509 2907 2564 2962 in
2601 2909 2680 2965 eis
2706 2923 3043 2981 .venerentur
3087 2915 3443 2986 quod‘lidcles
3481 2935 3638 2989 sunt,

2046 2991 2326 3048 anathema
2358 2996 2448 3050 sit.

2276 3085 2436 3142 XVII.
2464 3087 2629 3161 Caput
2649 3093 2857 3148 tondere
2877 3095 3081 3151 mulieri
3107 3113 3208 3152 non
3233 3099 3400 3154 licere.

2117 3173 2458 3248 Qumcunque
2499 3183 2727 3237 mulieri
2771 3185 3014 3253 religioni
3056 3187 3304 3256 judicans
3339 3193 3627 3248 convenire

2045 3276 2253 3319 comam
2275 3267 2374 3321 sibi
2397 3273 2777 3337 amputaverit,
2800 3290 2958 3344 quam
2990 3277 3127 3332 Deus
3154 3279 3220 3332 ad
3245 3279 3487 3335 velamen
3510 3281 3627 3348 ejus

2045 3363 2100 3406 et
2129 3353 2194 3406 ad
2228 3359 2537 3411 memoriam
2570 3361 2921 3429 subjectionis
2949 3366 3024 3420 illi
3053 3367 3222 3434 dedit,
3257 3378 3504 3438 tanquam
3535 3384 3625 3425 re-

2044 3443 2261 3500 solvens
2288 3445 2406 3515 jura
2434 3449 2802 3518 subjectionis,
2828 3456 3117 3510 anathema
3145 3457 3234 3512 sit.

2223 3537 2409 3594 XVIII.
2443 3539 2564 3596 Non
2593 3543 2744 3599 licere
2769 3545 2850 3600 die
2877 3545 3148 3602 Dominico
3160 3550 3424 3620 jejunare.

2117 3628 2171 3684 Si
2203 3631 2344 3699 quis,
2379 3641 2628 3702 tanquam
2661 3635 2762 3692 hoc
2791 3639 3136 3695 continentia:
3164 3642 3457 3697 convenire
3483 3642 3626 3712 judi-

1954 3755 1962 3763 -
2044 3732 2203 3786 cans,
2236 3723 2323 3778 die
2353 3722 2633 3781 Dominico
2657 3725 2980 3796 jejunaverit
3010 3730 3344 3801 iuejusdem
3362 3733 3468 3790 diei
3494 3749 3632 3790 conn.

2046 3821 2329 3881 templum,
2361 3821 2648 3872 anathema
2679 3819 2772 3873 sit.

2105 3957 2116 3970 .
2213 3921 2346 3977 th.
2380 3924 2504 3979 Non
2532 3926 2686 3981 licere
2699 3930 2907 4000 jeiunia
2929 3936 3222 3990 communia
3248 3937 3460 3992 solvere.

2114 4033 2171 4089 Si
2215 4035 2305 4104 qui
2344 4049 2530 4091 eorum
2576 4039 2665 4106 qui
2703 4040 2755 4093 in
2803 4044 3075 4112 proposito
3117 4057 3244 4100 sunt
3275 4049 3618 4109 continentia;

2043 4139 2238 4197 prteter
2267 4129 2640 4186 necessitatem
2667 4134 3002 4203 corporalem
3038 4137 3313 4205 superbiat
3345 4149 3397 4193 et
3421 4140 3625 4208 jejunis

2041 4222 2342 4276 communia
2385 4223 2548 4278 totius
2594 4225 2846 4280 Ecclesiae
2890 4229 3157 4295 putaverit
3195 4231 3622 4301 contemnenda,

2042 4314 2331 4381 perfectam
2362 4314 2412 4367 in
2441 4314 2547 4386 32
2574 4329 2669 4370 sua
2697 4316 2924 4372 scientia
2952 4317 3095 4390 [Ᾰίη
3127 4320 3475 4393 conscientia]
3505 4325 3624 4379 vin-

2042 4403 2227 4460 dicans
2256 4405 2375 4477 [U.,
2399 4406 2666 4481 judicans]
2691 4412 2975 4478 rationem,
3006 4414 3288 4469 anathema
3318 4416 3407 4469 sit.

2183 4497 2303 4553 XX.
2337 4499 2831 4556 Communicandum
2857 4505 2909 4559 in
2939 4506 3164 4561 basilicis
3189 4518 3486 4577 martyrum.

2112 4591 2166 4643 Si
2194 4592 2312 4660 quis
2337 4607 2430 4659 per
2455 4594 2759 4663 superbiam
2791 4606 3040 4665 tanquam
3068 4597 3092 4634 ll
3125 4597 3416 4666 perlectum
3444 4613 3505 4652 se
3525 4612 3626 4653 ωε·
3686 4600 3694 4606 ’

2043 4680 2256 4747 limans,
2309 4693 2607 4738 conventus
2642 4685 2732 4754 qui
2769 4699 2864 4755 per
2893 4686 3007 4740 loca
3045 4697 3098 4741 et
3136 4687 3384 4741 basilicas
3413 4697 3627 4742 saneto-

2041 4787 2156 4826 rnm
2189 4782 2483 4843 martyrum
2516 4773 2651 4828 ﬂunt
2683 4775 2762 4830 vel
2791 4781 3138 4843 accusaverit,
3171 4777 3253 4831 vel
3283 4779 3444 4832 etiam
3475 4779 3627 4834 obla-

2043 4861 2214 4916 tiones
2251 4878 2372 4933 quae
2400 4863 2597 4920 ibidem
2636 4866 2972 4921 celebrantur
3003 4867 3333 4937 spernendas
3359 4883 3480 4923 esse
3508 4884 3627 4923 cre-

2040 4952 2255 5022 diderit,
2281 4954 2684 5028 memoriasque
2705 4967 3016 5015 sanctorum
3034 4959 3474 5024 contemnendas,
3499 4973 3626 5013 ana-

2043 5044 2220 5100 thema
2250 5047 2341 5102 sit.

2113 5134 2242 5190 llaee
2263 5147 2442 5192 autem
2474 5138 2792 5210 scripsimus
2821 5155 2928 5194 non
2955 5137 3292 5193 abscidentes
3321 5153 3415 5193 eos
3445 5138 3538 5212 qui
3569 5139 3637 5196 in-

2114 5269 2137 5305 δ
2173 5272 2252 5345 Ex
2276 5271 2343 5328 υ.
2381 5273 2434 5327 in
2465 5275 2529 5328 A.
2553 5285 2606 5345 et
2626 5277 2839 5345 Vctrteris
2876 5273 3163 5329 Codicibus
3194 5291 3205 5325 :
3241 5275 3301 5330 Si
3327 5280 3442 5345 quis
3471 5278 3623 5333 dere-

2040 5341 2240 5415 liquerit
2262 5345 2516 5415 _proprios
2557 5343 2689 5415 ﬁlios
2725 5353 2774 5415 et
2812 5361 2912 5397 non
2951 5359 3037 5398 eos
3076 5345 3181 5398 alat
3209 5356 3256 5399 et
3294 5341 3430 5415 quod
3456 5347 3519 5400 ab
3558 5365 3621 5402 eo

2043 5413 2154 5477 (A.,
2182 5412 2354 5481 habet)
2386 5413 2662 5466 secundum
2699 5414 2904 5480 pietatis
2946 5425 3037 5482 est,
3092 5417 3171 5471 Itis
3194 5412 3479 5472 necessaria
3519 5436 3623 5474 non

2077 5482 2323 5535 ra'btterit.

2041 5498 2323 5549 pra'oqeru.

2119 5549 2132 5586 ί
2309 5552 2368 5606 Β.
2395 5551 2481 5619 3.,
2507 5553 2570 5608 E.
2593 5553 2647 5620 5,
2671 5553 2734 5608 Τ.
2761 5554 2815 5621 1,
2843 5554 2899 5622 2,
2919 5555 3289 5621 U.,occasione
3306 5555 3402 5613 Dei
3428 5557 3619 5614 cultus.

2115 5622 2128 5696 _i
2316 5625 2374 5678 Β.
2403 5625 2486 5689 IL,
2523 5626 2658 5691 E.5,
2695 5620 3024 5696 Qumcunque
3050 5627 3336 5684 mulierum.

2110 5692 2135 5729 ³
2169 5693 2255 5762 U.,
2289 5697 2331 5748 si
2357 5698 2470 5766 quis
2496 5699 2736 5766 superbus
2770 5692 3026 5768 tanquam.
