  <div class='ocr_page' id='page_1' title='image "/cluster/home/n/w/nwhite01/storage/ocr_20150623/84/hvd.32044054758883/063.png"; bbox 0 0 4072 6176; ppageno 0'>
   <div class='ocr_carea' id='block_1_1' title="bbox 350 316 479 373">
    <p class='ocr_par' dir='ltr' id='par_1_1' title="bbox 350 316 479 373">
     <span class='ocr_line' id='line_1_1' title="bbox 350 316 479 373; baseline -0.008 -1"><span class='ocrx_word' id='word_1_1' title='bbox 350 316 479 373; x_wconf 73' lang='lat'><strong>&quot;5-</strong></span> 
     </span>
    </p>
   </div>
   <div class='ocr_carea' id='block_1_2' title="bbox 1048 308 2921 370">
    <p class='ocr_par' dir='ltr' id='par_1_2' title="bbox 1048 308 2921 370">
     <span class='ocr_line' id='line_1_2' title="bbox 1048 308 2921 370; baseline -0.002 0"><span class='ocrx_word' id='word_1_2' title='bbox 1048 310 1433 370; x_wconf 77' lang='lat' dir='ltr'><strong>COLLECTIU</strong></span> <span class='ocrx_word' id='word_1_3' title='bbox 1469 309 1800 369; x_wconf 75' lang='lat' dir='ltr'><strong>CANONUM</strong></span> <span class='ocrx_word' id='word_1_4' title='bbox 1840 308 1902 368; x_wconf 82' lang='lat' dir='ltr'><strong>S.</strong></span> <span class='ocrx_word' id='word_1_5' title='bbox 1943 308 2218 370; x_wconf 74' lang='grc' dir='ltr'>ιδιυοιιο</span> <span class='ocrx_word' id='word_1_6' title='bbox 2257 311 2524 370; x_wconf 72' lang='grc' dir='ltr'>ιιιεΡΑι.</span> <span class='ocrx_word' id='word_1_7' title='bbox 2564 310 2921 370; x_wconf 67' lang='grc' dir='ltr'>Αεειιιιδτιι.</span> 
     </span>
    </p>
   </div>
   <div class='ocr_carea' id='block_1_3' title="bbox 3536 308 3642 374">
    <p class='ocr_par' dir='ltr' id='par_1_3' title="bbox 3536 308 3642 374">
     <span class='ocr_line' id='line_1_3' title="bbox 3536 308 3642 374; baseline 0.047 -5"><span class='ocrx_word' id='word_1_8' title='bbox 3536 308 3642 374; x_wconf 77' lang='lat' dir='ltr'><strong>HG</strong></span> 
     </span>
    </p>
   </div>
   <div class='ocr_carea' id='block_1_4' title="bbox 348 427 3643 499">
    <p class='ocr_par' dir='ltr' id='par_1_4' title="bbox 348 427 3643 499">
     <span class='ocr_line' id='line_1_4' title="bbox 348 427 3643 499; baseline 0.001 -14"><span class='ocrx_word' id='word_1_9' title='bbox 348 428 591 485; x_wconf 79' lang='lat' dir='ltr'><strong>Ecclesia</strong></span> <span class='ocrx_word' id='word_1_10' title='bbox 626 427 719 484; x_wconf 85' lang='lat' dir='ltr'><strong>Dei</strong></span> <span class='ocrx_word' id='word_1_11' title='bbox 748 427 1047 485; x_wconf 81' lang='lat' dir='ltr'><strong>secundum</strong></span> <span class='ocrx_word' id='word_1_12' title='bbox 1078 428 1389 499; x_wconf 85' lang='lat' dir='ltr'><strong>Scriptura‘s</strong></span> <span class='ocrx_word' id='word_1_13' title='bbox 1415 434 1661 483; x_wconf 88' lang='lat' dir='ltr'><strong>sanctum</strong></span> <span class='ocrx_word' id='word_1_14' title='bbox 1697 429 1937 499; x_wconf 84' lang='lat' dir='ltr'><strong>proposi-</strong></span> <span class='ocrx_word' id='word_1_15' title='bbox 1966 432 2019 493; x_wconf 80' lang='grc' dir='ltr'><strong>Δ</strong></span> <span class='ocrx_word' id='word_1_16' title='bbox 2044 429 2159 487; x_wconf 89' lang='lat' dir='ltr'><strong>mili</strong></span> <span class='ocrx_word' id='word_1_17' title='bbox 2198 445 2303 485; x_wconf 87' lang='lat' dir='ltr'><strong>non</strong></span> <span class='ocrx_word' id='word_1_18' title='bbox 2334 429 2686 497; x_wconf 85' lang='lat' dir='ltr'><strong>reprobamus</strong></span> <span class='ocrx_word' id='word_1_19' title='bbox 2720 446 2733 481; x_wconf 91' lang='lat'><strong>:</strong></span> <span class='ocrx_word' id='word_1_20' title='bbox 2767 428 2907 483; x_wconf 91' lang='lat' dir='ltr'><strong>sicut</strong></span> <span class='ocrx_word' id='word_1_21' title='bbox 2937 427 3096 484; x_wconf 84' lang='lat' dir='ltr'><strong>etiam</strong></span> <span class='ocrx_word' id='word_1_22' title='bbox 3135 436 3385 483; x_wconf 87' lang='lat' dir='ltr'><strong>ornatum</strong></span> <span class='ocrx_word' id='word_1_23' title='bbox 3416 440 3643 499; x_wconf 74' lang='lat' dir='ltr'><strong>promer</strong></span> 
     </span>
    </p>
   </div>
   <div class='ocr_carea' id='block_1_5' title="bbox 353 519 1933 591">
    <p class='ocr_par' dir='ltr' id='par_1_5' title="bbox 353 519 1933 591">
     <span class='ocr_line' id='line_1_5' title="bbox 353 519 1933 591; baseline -0.001 -16"><span class='ocrx_word' id='word_1_24' title='bbox 353 532 466 575; x_wconf 91' lang='lat' dir='ltr'><strong>tum</strong></span> <span class='ocrx_word' id='word_1_25' title='bbox 496 520 842 577; x_wconf 70' lang='lat' dir='ltr'><strong>continentiae</strong></span> <span class='ocrx_word' id='word_1_26' title='bbox 880 521 1105 591; x_wconf 68' lang='lat' dir='ltr'><strong>eligunt,</strong></span> <span class='ocrx_word' id='word_1_27' title='bbox 1140 522 1235 575; x_wconf 89' lang='lat' dir='ltr'><strong>sed</strong></span> <span class='ocrx_word' id='word_1_28' title='bbox 1264 534 1361 575; x_wconf 87' lang='lat' dir='ltr'><strong>eos</strong></span> <span class='ocrx_word' id='word_1_29' title='bbox 1390 520 1478 588; x_wconf 86' lang='lat' dir='ltr'><strong>qui</strong></span> <span class='ocrx_word' id='word_1_30' title='bbox 1506 520 1806 589; x_wconf 81' lang='lat' dir='ltr'><strong>suspiciunt</strong></span> <span class='ocrx_word' id='word_1_31' title='bbox 1837 519 1933 575; x_wconf 78' lang='lat' dir='ltr'><strong>ha-</strong></span> 
     </span>
    </p>
   </div>
   <div class='ocr_carea' id='block_1_6' title="bbox 352 609 1939 682">
    <p class='ocr_par' dir='ltr' id='par_1_6' title="bbox 352 609 1939 682">
     <span class='ocr_line' id='line_1_6' title="bbox 352 609 1939 682; baseline 0.002 -16"><span class='ocrx_word' id='word_1_32' title='bbox 352 613 521 666; x_wconf 82' lang='lat' dir='ltr'><strong>bitum</strong></span> <span class='ocrx_word' id='word_1_33' title='bbox 561 610 679 682; x_wconf 83' lang='lat' dir='ltr'><strong>ejus</strong></span> <span class='ocrx_word' id='word_1_34' title='bbox 709 620 763 667; x_wconf 88' lang='lat' dir='ltr'><strong>et</strong></span> <span class='ocrx_word' id='word_1_35' title='bbox 792 611 847 665; x_wconf 89' lang='lat' dir='ltr'><strong>in</strong></span> <span class='ocrx_word' id='word_1_36' title='bbox 878 612 1183 681; x_wconf 81' lang='lat' dir='ltr'><strong>superbiam</strong></span> <span class='ocrx_word' id='word_1_37' title='bbox 1209 609 1505 665; x_wconf 68' lang='lat' dir='ltr'><strong>ederentur</strong></span> <span class='ocrx_word' id='word_1_38' title='bbox 1541 613 1801 668; x_wconf 87' lang='lat' dir='ltr'><strong>adversus</strong></span> <span class='ocrx_word' id='word_1_39' title='bbox 1844 627 1939 669; x_wconf 88' lang='lat' dir='ltr'><strong>eos</strong></span> 
     </span>
    </p>
   </div>
   <div class='ocr_carea' id='block_1_7' title="bbox 348 699 1939 775">
    <p class='ocr_par' dir='ltr' id='par_1_7' title="bbox 348 699 1939 775">
     <span class='ocr_line' id='line_1_7' title="bbox 348 699 1939 775; baseline 0.001 -19"><span class='ocrx_word' id='word_1_40' title='bbox 348 704 439 771; x_wconf 83' lang='lat' dir='ltr'><strong>qui</strong></span> <span class='ocrx_word' id='word_1_41' title='bbox 465 702 762 771; x_wconf 86' lang='lat' dir='ltr'><strong>simplicius</strong></span> <span class='ocrx_word' id='word_1_42' title='bbox 788 702 972 757; x_wconf 89' lang='lat' dir='ltr'><strong>vivunt</strong></span> <span class='ocrx_word' id='word_1_43' title='bbox 992 699 1135 775; x_wconf 66' lang='grc' dir='ltr'><strong>[Δῖη</strong></span> <span class='ocrx_word' id='word_1_44' title='bbox 1164 700 1437 769; x_wconf 84' lang='lat' dir='ltr'><strong>simplices</strong></span> <span class='ocrx_word' id='word_1_45' title='bbox 1458 700 1625 773; x_wconf 90' lang='lat' dir='ltr'><strong>sunt].</strong></span> <span class='ocrx_word' id='word_1_46' title='bbox 1659 703 1764 758; x_wconf 88' lang='lat' dir='ltr'><strong>Sed</strong></span> <span class='ocrx_word' id='word_1_47' title='bbox 1791 717 1885 758; x_wconf 89' lang='lat' dir='ltr'><strong>eos</strong></span> <span class='ocrx_word' id='word_1_48' title='bbox 1912 710 1939 740; x_wconf 74' lang='grc' dir='ltr'><strong>α</strong></span> 
     </span>
    </p>
   </div>
   <div class='ocr_carea' id='block_1_8' title="bbox 353 791 1940 864">
    <p class='ocr_par' dir='ltr' id='par_1_8' title="bbox 353 791 1940 864">
     <span class='ocr_line' id='line_1_8' title="bbox 353 791 1940 864; baseline 0.003 -19"><span class='ocrx_word' id='word_1_49' title='bbox 353 793 782 849; x_wconf 68' lang='grc' dir='ltr'>ευιιιιθιιιιιιιιιιιιε</span> <span class='ocrx_word' id='word_1_50' title='bbox 820 794 912 863; x_wconf 88' lang='lat' dir='ltr'><strong>qui</strong></span> <span class='ocrx_word' id='word_1_51' title='bbox 952 806 1017 848; x_wconf 88' lang='lat' dir='ltr'><strong>se</strong></span> <span class='ocrx_word' id='word_1_52' title='bbox 1051 791 1317 847; x_wconf 86' lang='lat' dir='ltr'><strong>extollunt</strong></span> <span class='ocrx_word' id='word_1_53' title='bbox 1344 793 1602 849; x_wconf 65' lang='lat' dir='ltr'><strong>adVersus</strong></span> <span class='ocrx_word' id='word_1_54' title='bbox 1633 794 1940 864; x_wconf 87' lang='lat' dir='ltr'><strong>Scripturas</strong></span> 
     </span>
    </p>
   </div>
   <div class='ocr_carea' id='block_1_9' title="bbox 357 886 1939 956">
    <p class='ocr_par' dir='ltr' id='par_1_9' title="bbox 357 886 1939 956">
     <span class='ocr_line' id='line_1_9' title="bbox 357 886 1939 956; baseline 0.001 -16"><span class='ocrx_word' id='word_1_55' title='bbox 357 898 412 940; x_wconf 87' lang='lat' dir='ltr'><strong>et</strong></span> <span class='ocrx_word' id='word_1_56' title='bbox 450 887 846 942; x_wconf 78' lang='lat' dir='ltr'><strong>ecclesiasticos</strong></span> <span class='ocrx_word' id='word_1_57' title='bbox 883 898 1124 942; x_wconf 90' lang='lat' dir='ltr'><strong>canones</strong></span> <span class='ocrx_word' id='word_1_58' title='bbox 1160 894 1214 941; x_wconf 89' lang='lat' dir='ltr'><strong>et</strong></span> <span class='ocrx_word' id='word_1_59' title='bbox 1243 899 1383 941; x_wconf 84' lang='lat' dir='ltr'><strong>nova</strong></span> <span class='ocrx_word' id='word_1_60' title='bbox 1413 886 1762 942; x_wconf 82' lang='lat' dir='ltr'><strong>introducunt</strong></span> <span class='ocrx_word' id='word_1_61' title='bbox 1800 902 1939 956; x_wconf 71' lang='lat' dir='ltr'><strong>pra:-</strong></span> 
     </span>
    </p>
   </div>
   <div class='ocr_carea' id='block_1_10' title="bbox 354 975 1943 1046">
    <p class='ocr_par' dir='ltr' id='par_1_10' title="bbox 354 975 1943 1046">
     <span class='ocr_line' id='line_1_10' title="bbox 354 975 1943 1046; baseline 0.001 -17"><span class='ocrx_word' id='word_1_62' title='bbox 354 986 530 1045; x_wconf 83' lang='lat' dir='ltr'><strong>ccpta.</strong></span> <span class='ocrx_word' id='word_1_63' title='bbox 564 975 675 1031; x_wconf 83' lang='lat' dir='ltr'><strong>Nos</strong></span> <span class='ocrx_word' id='word_1_64' title='bbox 694 985 873 1030; x_wconf 89' lang='lat' dir='ltr'><strong>autem</strong></span> <span class='ocrx_word' id='word_1_65' title='bbox 904 983 961 1030; x_wconf 91' lang='lat' dir='ltr'><strong>et</strong></span> <span class='ocrx_word' id='word_1_66' title='bbox 982 975 1345 1046; x_wconf 79' lang='lat' dir='ltr'><strong>virginitatem</strong></span> <span class='ocrx_word' id='word_1_67' title='bbox 1375 991 1497 1030; x_wconf 88' lang='lat' dir='ltr'><strong>cum</strong></span> <span class='ocrx_word' id='word_1_68' title='bbox 1526 976 1825 1032; x_wconf 78' lang='lat' dir='ltr'><strong>humilitate</strong></span> <span class='ocrx_word' id='word_1_69' title='bbox 1846 976 1943 1030; x_wconf 58' lang='lat' dir='ltr'><strong>ad.</strong></span> 
     </span>
    </p>
   </div>
   <div class='ocr_carea' id='block_1_11' title="bbox 359 1064 1948 1136">
    <p class='ocr_par' dir='ltr' id='par_1_11' title="bbox 359 1064 1948 1136">
     <span class='ocr_line' id='line_1_11' title="bbox 359 1064 1948 1136; baseline 0 -15"><span class='ocrx_word' id='word_1_70' title='bbox 359 1069 637 1133; x_wconf 81' lang='lat' dir='ltr'><strong>miramur,</strong></span> <span class='ocrx_word' id='word_1_71' title='bbox 667 1074 721 1121; x_wconf 92' lang='lat' dir='ltr'><strong>et</strong></span> <span class='ocrx_word' id='word_1_72' title='bbox 748 1065 1133 1121; x_wconf 81' lang='lat' dir='ltr'><strong>continentiam</strong></span> <span class='ocrx_word' id='word_1_73' title='bbox 1165 1080 1287 1120; x_wconf 90' lang='lat' dir='ltr'><strong>cum</strong></span> <span class='ocrx_word' id='word_1_74' title='bbox 1331 1066 1575 1122; x_wconf 80' lang='lat' dir='ltr'><strong>castitate</strong></span> <span class='ocrx_word' id='word_1_75' title='bbox 1602 1074 1657 1121; x_wconf 82' lang='lat' dir='ltr'><strong>et</strong></span> <span class='ocrx_word' id='word_1_76' title='bbox 1686 1064 1948 1136; x_wconf 80' lang='lat' dir='ltr'><strong>religione</strong></span> 
     </span>
    </p>
   </div>
   <div class='ocr_carea' id='block_1_12' title="bbox 362 1155 1946 1228">
    <p class='ocr_par' dir='ltr' id='par_1_12' title="bbox 362 1155 1946 1228">
     <span class='ocr_line' id='line_1_12' title="bbox 362 1155 1946 1228; baseline -0.002 -16"><span class='ocrx_word' id='word_1_77' title='bbox 362 1161 472 1214; x_wconf 77' lang='lat' dir='ltr'><strong>Deo</strong></span> <span class='ocrx_word' id='word_1_78' title='bbox 494 1157 927 1228; x_wconf 84' lang='lat' dir='ltr'><strong>acceptissimam</strong></span> <span class='ocrx_word' id='word_1_79' title='bbox 948 1155 1201 1223; x_wconf 83' lang='lat' dir='ltr'><strong>dicimus,</strong></span> <span class='ocrx_word' id='word_1_80' title='bbox 1225 1165 1279 1211; x_wconf 91' lang='lat' dir='ltr'><strong>et</strong></span> <span class='ocrx_word' id='word_1_81' title='bbox 1298 1156 1749 1211; x_wconf 89' lang='lat' dir='ltr'><strong>renuntiationem</strong></span> <span class='ocrx_word' id='word_1_82' title='bbox 1771 1170 1946 1211; x_wconf 75' lang='lat' dir='ltr'><strong>smcu-</strong></span> 
     </span>
    </p>
   </div>
   <div class='ocr_carea' id='block_1_13' title="bbox 357 1243 1950 1320">
    <p class='ocr_par' dir='ltr' id='par_1_13' title="bbox 357 1243 1950 1320">
     <span class='ocr_line' id='line_1_13' title="bbox 357 1243 1950 1320; baseline -0.002 -16"><span class='ocrx_word' id='word_1_83' title='bbox 357 1251 549 1304; x_wconf 78' lang='lat' dir='ltr'><strong>larium</strong></span> <span class='ocrx_word' id='word_1_84' title='bbox 577 1249 910 1319; x_wconf 76' lang='lat' dir='ltr'><strong>negotiorum</strong></span> <span class='ocrx_word' id='word_1_85' title='bbox 924 1255 1083 1317; x_wconf 86' lang='lat' dir='ltr'><strong>atque</strong></span> <span class='ocrx_word' id='word_1_86' title='bbox 1109 1245 1451 1320; x_wconf 84' lang='lat' dir='ltr'><strong>actuum[U.,</strong></span> <span class='ocrx_word' id='word_1_87' title='bbox 1477 1243 1681 1319; x_wconf 88' lang='lat' dir='ltr'><strong>aptum]</strong></span> <span class='ocrx_word' id='word_1_88' title='bbox 1704 1260 1825 1301; x_wconf 91' lang='lat' dir='ltr'><strong>cum</strong></span> <span class='ocrx_word' id='word_1_89' title='bbox 1851 1246 1950 1301; x_wconf 90' lang='lat' dir='ltr'><strong>hu-</strong></span> 
     </span>
    </p>
   </div>
   <div class='ocr_carea' id='block_1_14' title="bbox 360 1334 1944 1407">
    <p class='ocr_par' dir='ltr' id='par_1_14' title="bbox 360 1334 1944 1407">
     <span class='ocr_line' id='line_1_14' title="bbox 360 1334 1944 1407; baseline -0.002 -16"><span class='ocrx_word' id='word_1_90' title='bbox 360 1339 588 1395; x_wconf 88' lang='lat' dir='ltr'><strong>militate</strong></span> <span class='ocrx_word' id='word_1_91' title='bbox 614 1338 910 1394; x_wconf 78' lang='lat' dir='ltr'><strong>discesSum</strong></span> <span class='ocrx_word' id='word_1_92' title='bbox 943 1336 1286 1407; x_wconf 81' lang='lat' dir='ltr'><strong>approbanda</strong></span> <span class='ocrx_word' id='word_1_93' title='bbox 1316 1334 1622 1399; x_wconf 86' lang='lat' dir='ltr'><strong>laudamus,</strong></span> <span class='ocrx_word' id='word_1_94' title='bbox 1651 1344 1706 1390; x_wconf 92' lang='lat' dir='ltr'><strong>et</strong></span> <span class='ocrx_word' id='word_1_95' title='bbox 1734 1335 1944 1405; x_wconf 91' lang='lat' dir='ltr'><strong>nuptia-</strong></span> 
     </span>
    </p>
   </div>
   <div class='ocr_carea' id='block_1_15' title="bbox 353 1427 1947 1500">
    <p class='ocr_par' dir='ltr' id='par_1_15' title="bbox 353 1427 1947 1500">
     <span class='ocr_line' id='line_1_15' title="bbox 353 1427 1947 1500; baseline -0.005 -14"><span class='ocrx_word' id='word_1_96' title='bbox 353 1447 478 1486; x_wconf 86' lang='lat' dir='ltr'><strong>rum</strong></span> <span class='ocrx_word' id='word_1_97' title='bbox 503 1430 774 1486; x_wconf 77' lang='lat' dir='ltr'><strong>vinculum</strong></span> <span class='ocrx_word' id='word_1_98' title='bbox 801 1428 942 1500; x_wconf 87' lang='lat' dir='ltr'><strong>quod</strong></span> <span class='ocrx_word' id='word_1_99' title='bbox 970 1427 1264 1484; x_wconf 81' lang='lat' dir='ltr'><strong>secundum</strong></span> <span class='ocrx_word' id='word_1_100' title='bbox 1287 1429 1587 1482; x_wconf 84' lang='lat' dir='ltr'><strong>castitatem</strong></span> <span class='ocrx_word' id='word_1_101' title='bbox 1617 1438 1798 1481; x_wconf 87' lang='lat' dir='ltr'><strong>secum</strong></span> <span class='ocrx_word' id='word_1_102' title='bbox 1824 1439 1947 1496; x_wconf 87' lang='lat' dir='ltr'><strong>per-</strong></span> 
     </span>
    </p>
   </div>
   <div class='ocr_carea' id='block_1_16' title="bbox 358 1518 1947 1591">
    <p class='ocr_par' dir='ltr' id='par_1_16' title="bbox 358 1518 1947 1591">
     <span class='ocr_line' id='line_1_16' title="bbox 358 1518 1947 1591; baseline 0 -16"><span class='ocrx_word' id='word_1_103' title='bbox 358 1523 517 1578; x_wconf 81' lang='lat' dir='ltr'><strong>durat</strong></span> <span class='ocrx_word' id='word_1_104' title='bbox 546 1523 902 1588; x_wconf 82' lang='lat' dir='ltr'><strong>honoramus,</strong></span> <span class='ocrx_word' id='word_1_105' title='bbox 932 1524 986 1577; x_wconf 89' lang='lat' dir='ltr'><strong>et</strong></span> <span class='ocrx_word' id='word_1_106' title='bbox 1014 1520 1203 1576; x_wconf 75' lang='lat' dir='ltr'><strong>divites</strong></span> <span class='ocrx_word' id='word_1_107' title='bbox 1234 1534 1355 1574; x_wconf 90' lang='lat' dir='ltr'><strong>cum</strong></span> <span class='ocrx_word' id='word_1_108' title='bbox 1378 1518 1587 1591; x_wconf 85' lang='lat' dir='ltr'><strong>justitia</strong></span> <span class='ocrx_word' id='word_1_109' title='bbox 1614 1526 1670 1575; x_wconf 85' lang='lat' dir='ltr'><strong>et</strong></span> <span class='ocrx_word' id='word_1_110' title='bbox 1696 1518 1947 1589; x_wconf 85' lang='lat' dir='ltr'><strong>operibus</strong></span> 
     </span>
    </p>
   </div>
   <div class='ocr_carea' id='block_1_17' title="bbox 364 1612 1945 1686">
    <p class='ocr_par' dir='ltr' id='par_1_17' title="bbox 364 1612 1945 1686">
     <span class='ocr_line' id='line_1_17' title="bbox 364 1612 1945 1686; baseline -0.001 -17"><span class='ocrx_word' id='word_1_111' title='bbox 364 1616 517 1670; x_wconf 84' lang='lat' dir='ltr'><strong>bonis</strong></span> <span class='ocrx_word' id='word_1_112' title='bbox 548 1631 654 1669; x_wconf 85' lang='lat' dir='ltr'><strong>non</strong></span> <span class='ocrx_word' id='word_1_113' title='bbox 684 1615 984 1686; x_wconf 89' lang='lat' dir='ltr'><strong>abjicimus,</strong></span> <span class='ocrx_word' id='word_1_114' title='bbox 1017 1623 1071 1670; x_wconf 92' lang='lat' dir='ltr'><strong>et</strong></span> <span class='ocrx_word' id='word_1_115' title='bbox 1099 1613 1485 1684; x_wconf 88' lang='lat' dir='ltr'><strong>parcimoniam</strong></span> <span class='ocrx_word' id='word_1_116' title='bbox 1509 1628 1630 1668; x_wconf 88' lang='lat' dir='ltr'><strong>cum</strong></span> <span class='ocrx_word' id='word_1_117' title='bbox 1661 1624 1809 1670; x_wconf 80' lang='lat' dir='ltr'><strong>veste</strong></span> <span class='ocrx_word' id='word_1_118' title='bbox 1841 1612 1945 1668; x_wconf 85' lang='lat' dir='ltr'><strong>hu-</strong></span> 
     </span>
    </p>
   </div>
   <div class='ocr_carea' id='block_1_18' title="bbox 433 1716 1589 1792">
    <p class='ocr_par' dir='ltr' id='par_1_18' title="bbox 433 1716 1589 1792">
     <span class='ocr_line' id='line_1_18' title="bbox 433 1716 1589 1792; baseline -0.002 -13"><span class='ocrx_word' id='word_1_119' title='bbox 433 1735 455 1760; x_wconf 81' lang='grc' dir='ltr'><strong>ι</strong></span> <span class='ocrx_word' id='word_1_120' title='bbox 490 1716 606 1792; x_wconf 55' lang='grc' dir='ltr'><strong>ᾹΞἿ</strong></span> <span class='ocrx_word' id='word_1_121' title='bbox 638 1726 742 1782; x_wconf 84' lang='lat' dir='ltr'><strong>Sed</strong></span> <span class='ocrx_word' id='word_1_122' title='bbox 771 1736 815 1781; x_wconf 83' lang='lat' dir='ltr'><strong>et</strong></span> <span class='ocrx_word' id='word_1_123' title='bbox 842 1741 944 1781; x_wconf 78' lang='lat' dir='ltr'><strong>eos.</strong></span> <span class='ocrx_word' id='word_1_124' title='bbox 973 1724 1083 1781; x_wconf 70' lang='lat' dir='ltr'><strong>B.“</strong></span> <span class='ocrx_word' id='word_1_125' title='bbox 1111 1764 1127 1792; x_wconf 93' lang='lat'><strong>,</strong></span> <span class='ocrx_word' id='word_1_126' title='bbox 1154 1724 1244 1791; x_wconf 92' lang='lat' dir='ltr'><strong>U.,</strong></span> <span class='ocrx_word' id='word_1_127' title='bbox 1273 1724 1380 1780; x_wconf 77' lang='lat' dir='ltr'><strong>Sed</strong></span> <span class='ocrx_word' id='word_1_128' title='bbox 1405 1725 1589 1781; x_wconf 77' lang='lat' dir='ltr'><strong>ethos.</strong></span> 
     </span>
    </p>
   </div>
   <div class='ocr_carea' id='block_1_19' title="bbox 2045 518 3639 592">
    <p class='ocr_par' dir='ltr' id='par_1_19' title="bbox 2045 518 3639 592">
     <span class='ocr_line' id='line_1_19' title="bbox 2045 518 3639 592; baseline -0.001 -15"><span class='ocrx_word' id='word_1_129' title='bbox 2045 523 2289 590; x_wconf 89' lang='lat' dir='ltr'><strong>corporis</strong></span> <span class='ocrx_word' id='word_1_130' title='bbox 2320 521 2655 592; x_wconf 76' lang='lat' dir='ltr'><strong>diligentiam</strong></span> <span class='ocrx_word' id='word_1_131' title='bbox 2684 518 2975 574; x_wconf 84' lang='lat' dir='ltr'><strong>infucatum</strong></span> <span class='ocrx_word' id='word_1_132' title='bbox 3009 518 3308 583; x_wconf 86' lang='lat' dir='ltr'><strong>laudamus,</strong></span> <span class='ocrx_word' id='word_1_133' title='bbox 3341 520 3639 576; x_wconf 54' lang='lat' dir='ltr'><strong>dissolutos</strong></span> 
     </span>
    </p>
   </div>
   <div class='ocr_carea' id='block_1_20' title="bbox 2045 608 3634 681">
    <p class='ocr_par' dir='ltr' id='par_1_20' title="bbox 2045 608 3634 681">
     <span class='ocr_line' id='line_1_20' title="bbox 2045 608 3634 681; baseline -0.002 -11"><span class='ocrx_word' id='word_1_134' title='bbox 2045 622 2223 669; x_wconf 83' lang='lat' dir='ltr'><strong>autem</strong></span> <span class='ocrx_word' id='word_1_135' title='bbox 2244 622 2298 669; x_wconf 90' lang='lat' dir='ltr'><strong>et</strong></span> <span class='ocrx_word' id='word_1_136' title='bbox 2319 611 2513 668; x_wconf 85' lang='lat' dir='ltr'><strong>fractos</strong></span> <span class='ocrx_word' id='word_1_137' title='bbox 2538 612 2591 666; x_wconf 89' lang='lat' dir='ltr'><strong>in</strong></span> <span class='ocrx_word' id='word_1_138' title='bbox 2613 612 2850 668; x_wconf 86' lang='lat' dir='ltr'><strong>vestibus</strong></span> <span class='ocrx_word' id='word_1_139' title='bbox 2874 612 3114 665; x_wconf 81' lang='lat' dir='ltr'><strong>incessus</strong></span> <span class='ocrx_word' id='word_1_140' title='bbox 3132 608 3159 649; x_wconf 68' lang='grc'><strong><em>⁵</em></strong></span> <span class='ocrx_word' id='word_1_141' title='bbox 3181 624 3289 665; x_wconf 87' lang='lat' dir='ltr'><strong>non</strong></span> <span class='ocrx_word' id='word_1_142' title='bbox 3310 609 3634 681; x_wconf 82' lang='lat' dir='ltr'><strong>recipimus;</strong></span> 
     </span>
    </p>
   </div>
   <div class='ocr_carea' id='block_1_21' title="bbox 2046 704 3639 772">
    <p class='ocr_par' dir='ltr' id='par_1_21' title="bbox 2046 704 3639 772">
     <span class='ocr_line' id='line_1_21' title="bbox 2046 704 3639 772; baseline -0.002 -10"><span class='ocrx_word' id='word_1_143' title='bbox 2046 715 2100 762; x_wconf 89' lang='lat' dir='ltr'><strong>et</strong></span> <span class='ocrx_word' id='word_1_144' title='bbox 2124 706 2315 761; x_wconf 91' lang='lat' dir='ltr'><strong>domos</strong></span> <span class='ocrx_word' id='word_1_145' title='bbox 2358 706 2450 760; x_wconf 86' lang='lat' dir='ltr'><strong>Dei</strong></span> <span class='ocrx_word' id='word_1_146' title='bbox 2490 705 2843 770; x_wconf 88' lang='lat' dir='ltr'><strong>honoramus,</strong></span> <span class='ocrx_word' id='word_1_147' title='bbox 2884 713 2937 759; x_wconf 90' lang='lat' dir='ltr'><strong>et</strong></span> <span class='ocrx_word' id='word_1_148' title='bbox 2975 711 3273 757; x_wconf 86' lang='lat' dir='ltr'><strong>conventus</strong></span> <span class='ocrx_word' id='word_1_149' title='bbox 3312 704 3403 772; x_wconf 88' lang='lat' dir='ltr'><strong>qui</strong></span> <span class='ocrx_word' id='word_1_150' title='bbox 3450 704 3506 758; x_wconf 88' lang='lat' dir='ltr'><strong>in</strong></span> <span class='ocrx_word' id='word_1_151' title='bbox 3550 704 3639 760; x_wconf 87' lang='lat' dir='ltr'><strong>his</strong></span> 
     </span>
    </p>
   </div>
   <div class='ocr_carea' id='block_1_22' title="bbox 2050 793 3643 863">
    <p class='ocr_par' dir='ltr' id='par_1_22' title="bbox 2050 793 3643 863">
     <span class='ocr_line' id='line_1_22' title="bbox 2050 793 3643 863; baseline -0.001 -12"><span class='ocrx_word' id='word_1_152' title='bbox 2050 796 2181 851; x_wconf 76' lang='lat' dir='ltr'><strong>fiunt</strong></span> <span class='ocrx_word' id='word_1_153' title='bbox 2220 808 2469 863; x_wconf 87' lang='lat' dir='ltr'><strong>tanquam</strong></span> <span class='ocrx_word' id='word_1_154' title='bbox 2502 806 2719 851; x_wconf 86' lang='lat' dir='ltr'><strong>sanctos</strong></span> <span class='ocrx_word' id='word_1_155' title='bbox 2753 802 2807 849; x_wconf 87' lang='lat' dir='ltr'><strong>et</strong></span> <span class='ocrx_word' id='word_1_156' title='bbox 2836 794 2993 849; x_wconf 77' lang='lat' dir='ltr'><strong>utiles</strong></span> <span class='ocrx_word' id='word_1_157' title='bbox 3021 793 3341 863; x_wconf 83' lang='lat' dir='ltr'><strong>recipimus,</strong></span> <span class='ocrx_word' id='word_1_158' title='bbox 3382 794 3643 863; x_wconf 81' lang='lat' dir='ltr'><strong>pietatem</strong></span> 
     </span>
    </p>
   </div>
   <div class='ocr_carea' id='block_1_23' title="bbox 2048 882 3637 956">
    <p class='ocr_par' dir='ltr' id='par_1_23' title="bbox 2048 882 3637 956">
     <span class='ocr_line' id='line_1_23' title="bbox 2048 882 3637 956; baseline -0.001 -15"><span class='ocrx_word' id='word_1_159' title='bbox 2048 887 2103 941; x_wconf 89' lang='lat' dir='ltr'><strong>in</strong></span> <span class='ocrx_word' id='word_1_160' title='bbox 2132 882 2353 956; x_wconf 86' lang='lat' dir='ltr'><strong>privatis</strong></span> <span class='ocrx_word' id='word_1_161' title='bbox 2379 883 2629 941; x_wconf 86' lang='lat' dir='ltr'><strong>domibus</strong></span> <span class='ocrx_word' id='word_1_162' title='bbox 2657 894 2763 939; x_wconf 90' lang='lat' dir='ltr'><strong>non</strong></span> <span class='ocrx_word' id='word_1_163' title='bbox 2792 883 3202 949; x_wconf 82' lang='lat' dir='ltr'><strong>concludentes,</strong></span> <span class='ocrx_word' id='word_1_164' title='bbox 3233 892 3288 938; x_wconf 90' lang='lat' dir='ltr'><strong>et</strong></span> <span class='ocrx_word' id='word_1_165' title='bbox 3314 897 3530 939; x_wconf 89' lang='lat' dir='ltr'><strong>omnem</strong></span> <span class='ocrx_word' id='word_1_166' title='bbox 3559 888 3637 939; x_wconf 86' lang='lat' dir='ltr'><strong>lo-</strong></span> 
     </span>
    </p>
   </div>
   <div class='ocr_carea' id='block_1_24' title="bbox 2048 974 3645 1042">
    <p class='ocr_par' dir='ltr' id='par_1_24' title="bbox 2048 974 3645 1042">
     <span class='ocr_line' id='line_1_24' title="bbox 2048 974 3645 1042; baseline -0.001 -10"><span class='ocrx_word' id='word_1_167' title='bbox 2048 992 2171 1033; x_wconf 89' lang='lat' dir='ltr'><strong>cum</strong></span> <span class='ocrx_word' id='word_1_168' title='bbox 2210 978 2262 1031; x_wconf 91' lang='lat' dir='ltr'><strong>in</strong></span> <span class='ocrx_word' id='word_1_169' title='bbox 2294 977 2511 1032; x_wconf 82' lang='lat' dir='ltr'><strong>nomine</strong></span> <span class='ocrx_word' id='word_1_170' title='bbox 2551 976 2644 1032; x_wconf 88' lang='lat' dir='ltr'><strong>Dei</strong></span> <span class='ocrx_word' id='word_1_171' title='bbox 2693 974 3013 1031; x_wconf 61' lang='lat' dir='ltr'><strong>aedificatum</strong></span> <span class='ocrx_word' id='word_1_172' title='bbox 3050 975 3399 1042; x_wconf 80' lang='lat' dir='ltr'><strong>hanoramus,</strong></span> <span class='ocrx_word' id='word_1_173' title='bbox 3434 984 3490 1030; x_wconf 93' lang='lat' dir='ltr'><strong>et</strong></span> <span class='ocrx_word' id='word_1_174' title='bbox 3518 992 3645 1031; x_wconf 87' lang='lat' dir='ltr'><strong>con-</strong></span> 
     </span>
    </p>
   </div>
   <div class='ocr_carea' id='block_1_25' title="bbox 2050 1066 3641 1140">
    <p class='ocr_par' dir='ltr' id='par_1_25' title="bbox 2050 1066 3641 1140">
     <span class='ocr_line' id='line_1_25' title="bbox 2050 1066 3641 1140; baseline 0.001 -17"><span class='ocrx_word' id='word_1_175' title='bbox 2050 1070 2414 1140; x_wconf 73' lang='lat' dir='ltr'><strong>gregationem</strong></span> <span class='ocrx_word' id='word_1_176' title='bbox 2440 1071 2492 1126; x_wconf 86' lang='lat' dir='ltr'><strong>in</strong></span> <span class='ocrx_word' id='word_1_177' title='bbox 2524 1071 2754 1128; x_wconf 85' lang='lat' dir='ltr'><strong>ecclesia</strong></span> <span class='ocrx_word' id='word_1_178' title='bbox 2776 1066 2968 1127; x_wconf 85' lang='lat' dir='ltr'><strong>factam</strong></span> <span class='ocrx_word' id='word_1_179' title='bbox 2991 1070 3056 1126; x_wconf 91' lang='lat' dir='ltr'><strong>ad</strong></span> <span class='ocrx_word' id='word_1_180' title='bbox 3080 1070 3367 1125; x_wconf 88' lang='lat' dir='ltr'><strong>utilitatem</strong></span> <span class='ocrx_word' id='word_1_181' title='bbox 3390 1086 3641 1127; x_wconf 87' lang='lat' dir='ltr'><strong>commu-</strong></span> 
     </span>
    </p>
   </div>
   <div class='ocr_carea' id='block_1_26' title="bbox 2054 1163 3636 1233">
    <p class='ocr_par' dir='ltr' id='par_1_26' title="bbox 2054 1163 3636 1233">
     <span class='ocr_line' id='line_1_26' title="bbox 2054 1163 3636 1233; baseline -0.001 -15"><span class='ocrx_word' id='word_1_182' title='bbox 2054 1178 2179 1219; x_wconf 89' lang='lat' dir='ltr'><strong>nem</strong></span> <span class='ocrx_word' id='word_1_183' title='bbox 2216 1165 2533 1233; x_wconf 88' lang='lat' dir='ltr'><strong>recipimus;</strong></span> <span class='ocrx_word' id='word_1_184' title='bbox 2573 1172 2628 1220; x_wconf 92' lang='lat' dir='ltr'><strong>et</strong></span> <span class='ocrx_word' id='word_1_185' title='bbox 2667 1166 2805 1221; x_wconf 88' lang='lat' dir='ltr'><strong>bona</strong></span> <span class='ocrx_word' id='word_1_186' title='bbox 2844 1179 3005 1233; x_wconf 80' lang='lat' dir='ltr'><strong>Opera</strong></span> <span class='ocrx_word' id='word_1_187' title='bbox 3036 1179 3156 1233; x_wconf 72' lang='lat' dir='ltr'><strong>quae</strong></span> <span class='ocrx_word' id='word_1_188' title='bbox 3196 1177 3359 1233; x_wconf 85' lang='lat' dir='ltr'><strong>supra</strong></span> <span class='ocrx_word' id='word_1_189' title='bbox 3410 1164 3557 1218; x_wconf 65' lang='lat' dir='ltr'><strong>virus</strong></span> <span class='ocrx_word' id='word_1_190' title='bbox 3588 1163 3636 1217; x_wconf 83' lang='lat' dir='ltr'><strong>in</strong></span> 
     </span>
    </p>
   </div>
   <div class='ocr_carea' id='block_1_27' title="bbox 2056 1248 3641 1326">
    <p class='ocr_par' dir='ltr' id='par_1_27' title="bbox 2056 1248 3641 1326">
     <span class='ocr_line' id='line_1_27' title="bbox 2056 1248 3641 1326; baseline -0.001 -15"><span class='ocrx_word' id='word_1_191' title='bbox 2056 1248 2251 1311; x_wconf 84' lang='lat' dir='ltr'><strong>fratres</strong></span> <span class='ocrx_word' id='word_1_192' title='bbox 2280 1268 2541 1326; x_wconf 84' lang='lat' dir='ltr'><strong>pauperes</strong></span> <span class='ocrx_word' id='word_1_193' title='bbox 2568 1265 2885 1311; x_wconf 84' lang='lat' dir='ltr'><strong>exercentur</strong></span> <span class='ocrx_word' id='word_1_194' title='bbox 2914 1255 3212 1310; x_wconf 90' lang='lat' dir='ltr'><strong>secundum</strong></span> <span class='ocrx_word' id='word_1_195' title='bbox 3239 1252 3641 1310; x_wconf 89' lang='lat' dir='ltr'><strong>ecclesiasticas</strong></span> 
     </span>
    </p>
   </div>
   <div class='ocr_carea' id='block_1_28' title="bbox 2054 1348 3645 1417">
    <p class='ocr_par' dir='ltr' id='par_1_28' title="bbox 2054 1348 3645 1417">
     <span class='ocr_line' id='line_1_28' title="bbox 2054 1348 3645 1417; baseline -0.001 -13"><span class='ocrx_word' id='word_1_196' title='bbox 2054 1348 2365 1404; x_wconf 87' lang='lat' dir='ltr'><strong>traditiones</strong></span> <span class='ocrx_word' id='word_1_197' title='bbox 2396 1348 2787 1413; x_wconf 80' lang='lat' dir='ltr'><strong>beatificamus,</strong></span> <span class='ocrx_word' id='word_1_198' title='bbox 2830 1358 2885 1403; x_wconf 90' lang='lat' dir='ltr'><strong>et</strong></span> <span class='ocrx_word' id='word_1_199' title='bbox 2936 1348 3116 1403; x_wconf 90' lang='lat' dir='ltr'><strong>omnia</strong></span> <span class='ocrx_word' id='word_1_200' title='bbox 3148 1363 3269 1417; x_wconf 78' lang='lat' dir='ltr'><strong>qua:</strong></span> <span class='ocrx_word' id='word_1_201' title='bbox 3308 1348 3645 1403; x_wconf 88' lang='lat' dir='ltr'><strong>conveniunt</strong></span> 
     </span>
    </p>
   </div>
   <div class='ocr_carea' id='block_1_29' title="bbox 2054 1437 3641 1511">
    <p class='ocr_par' dir='ltr' id='par_1_29' title="bbox 2054 1437 3641 1511">
     <span class='ocr_line' id='line_1_29' title="bbox 2054 1437 3641 1511; baseline 0.001 -18"><span class='ocrx_word' id='word_1_202' title='bbox 2054 1439 2426 1497; x_wconf 88' lang='lat' dir='ltr'><strong>traditionibus</strong></span> <span class='ocrx_word' id='word_1_203' title='bbox 2462 1440 2776 1510; x_wconf 88' lang='lat' dir='ltr'><strong>apostolicis</strong></span> <span class='ocrx_word' id='word_1_204' title='bbox 2800 1450 2856 1495; x_wconf 89' lang='lat' dir='ltr'><strong>et</strong></span> <span class='ocrx_word' id='word_1_205' title='bbox 2896 1448 3202 1495; x_wconf 86' lang='lat' dir='ltr'><strong>sanctarum</strong></span> <span class='ocrx_word' id='word_1_206' title='bbox 3235 1437 3641 1511; x_wconf 87' lang='lat' dir='ltr'><strong>Scripturarum</strong></span> 
     </span>
    </p>
   </div>
   <div class='ocr_carea' id='block_1_30' title="bbox 2054 1530 3209 1601">
    <p class='ocr_par' dir='ltr' id='par_1_30' title="bbox 2054 1530 3209 1601">
     <span class='ocr_line' id='line_1_30' title="bbox 2054 1530 3209 1601; baseline 0.001 -17"><span class='ocrx_word' id='word_1_207' title='bbox 2054 1531 2356 1601; x_wconf 68' lang='lat' dir='ltr'><strong>prreceptis,</strong></span> <span class='ocrx_word' id='word_1_208' title='bbox 2390 1530 2443 1585; x_wconf 89' lang='lat' dir='ltr'><strong>in</strong></span> <span class='ocrx_word' id='word_1_209' title='bbox 2473 1530 2697 1587; x_wconf 89' lang='lat' dir='ltr'><strong>ecclesia</strong></span> <span class='ocrx_word' id='word_1_210' title='bbox 2724 1530 2835 1587; x_wconf 84' lang='lat' dir='ltr'><strong>ﬂeri</strong></span> <span class='ocrx_word' id='word_1_211' title='bbox 2865 1540 3209 1601; x_wconf 86' lang='lat' dir='ltr'><strong>exoptamus.</strong></span> 
     </span>
    </p>
   </div>
   <div class='ocr_carea' id='block_1_31' title="bbox 2126 1723 2855 1791">
    <p class='ocr_par' dir='ltr' id='par_1_31' title="bbox 2126 1723 2855 1791">
     <span class='ocr_line' id='line_1_31' title="bbox 2126 1723 2855 1791; baseline -0.001 -9"><span class='ocrx_word' id='word_1_212' title='bbox 2126 1723 2155 1762; x_wconf 64' lang='grc' dir='ltr'>ι’</span> <span class='ocrx_word' id='word_1_213' title='bbox 2184 1724 2273 1791; x_wconf 88' lang='lat' dir='ltr'><strong>U.,</strong></span> <span class='ocrx_word' id='word_1_214' title='bbox 2302 1726 2353 1779; x_wconf 88' lang='lat' dir='ltr'><strong>in</strong></span> <span class='ocrx_word' id='word_1_215' title='bbox 2384 1726 2594 1780; x_wconf 86' lang='lat' dir='ltr'><strong>vestiunt</strong></span> <span class='ocrx_word' id='word_1_216' title='bbox 2622 1726 2855 1781; x_wconf 64' lang='lat' dir='ltr'><strong>incessu.’</strong></span> 
     </span>
    </p>
   </div>
   <div class='ocr_carea' id='block_1_32' title="bbox 363 1860 3645 1897">
    <p class='ocr_par' dir='ltr' id='par_1_32' title="bbox 363 1860 3645 1897">
     <span class='ocr_line' id='line_1_32' title="bbox 363 1860 3645 1897; baseline -0.002 0"><span class='ocrx_word' id='word_1_217' title='bbox 363 1860 3645 1897; x_wconf 43' lang='grc' dir='ltr'>Μ</span> 
     </span>
    </p>
   </div>
   <div class='ocr_carea' id='block_1_33' title="bbox 1908 1987 2080 2093">
    <p class='ocr_par' dir='ltr' id='par_1_33' title="bbox 1908 1987 2080 2093">
     <span class='ocr_line' id='line_1_33' title="bbox 1908 1987 2080 2093; baseline -0.017 0"><span class='ocrx_word' id='word_1_218' title='bbox 1908 1987 2080 2093; x_wconf 81' lang='grc' dir='ltr'><strong>ν.</strong></span> 
     </span>
    </p>
   </div>
   <div class='ocr_carea' id='block_1_34' title="bbox 1244 2171 2763 2263">
    <p class='ocr_par' dir='ltr' id='par_1_34' title="bbox 1244 2171 2763 2263">
     <span class='ocr_line' id='line_1_34' title="bbox 1244 2171 2763 2263; baseline -0.001 -5"><span class='ocrx_word' id='word_1_219' title='bbox 1244 2173 1913 2258; x_wconf 86' lang='lat' dir='ltr'><strong>CONCILIUM</strong></span> <span class='ocrx_word' id='word_1_220' title='bbox 1988 2171 2120 2257; x_wconf 83' lang='lat' dir='ltr'><strong>SA</strong></span> <span class='ocrx_word' id='word_1_221' title='bbox 2134 2176 2763 2263; x_wconf 79' lang='lat' dir='ltr'><strong>RDICENSE.</strong></span> 
     </span>
    </p>
   </div>
   <div class='ocr_carea' id='block_1_35' title="bbox 1507 2353 2488 2404">
    <p class='ocr_par' dir='ltr' id='par_1_35' title="bbox 1507 2353 2488 2404">
     <span class='ocr_line' id='line_1_35' title="bbox 1507 2353 2488 2404; baseline 0.008 -8"><span class='ocrx_word' id='word_1_222' title='bbox 1507 2353 1881 2397; x_wconf 76' lang='lat' dir='ltr'><strong>TRECENTOB</strong></span> <span class='ocrx_word' id='word_1_223' title='bbox 1891 2354 1980 2398; x_wconf 72' lang='grc' dir='ltr'><strong>ΗΜ</strong></span> <span class='ocrx_word' id='word_1_224' title='bbox 2050 2356 2488 2404; x_wconf 74' lang='grc' dir='ltr'><strong>ΕΡιεοοΡοιιυΜ</strong></span> 
     </span>
    </p>
   </div>
   <div class='ocr_carea' id='block_1_36' title="bbox 1467 2470 2543 2541">
    <p class='ocr_par' dir='ltr' id='par_1_36' title="bbox 1467 2470 2543 2541">
     <span class='ocr_line' id='line_1_36' title="bbox 1467 2470 2543 2541; baseline 0.007 -9"><span class='ocrx_word' id='word_1_225' title='bbox 1467 2478 1558 2532; x_wconf 81' lang='grc' dir='ltr'><strong>ΕΤ</strong></span> <span class='ocrx_word' id='word_1_226' title='bbox 1599 2478 1663 2533; x_wconf 69' lang='grc' dir='ltr'><strong>ῙΝ</strong></span> <span class='ocrx_word' id='word_1_227' title='bbox 1705 2475 1793 2532; x_wconf 86' lang='grc' dir='ltr'>ΕΟ</span> <span class='ocrx_word' id='word_1_228' title='bbox 1829 2470 2145 2536; x_wconf 72' lang='lat' dir='ltr'><strong>CANONES</strong></span> <span class='ocrx_word' id='word_1_229' title='bbox 2184 2482 2543 2541; x_wconf 76' lang='lat' dir='ltr'><strong>INSTITUTI.</strong></span> 
     </span>
    </p>
   </div>
   <div class='ocr_carea' id='block_1_37' title="bbox 436 2589 3646 2670">
    <p class='ocr_par' dir='ltr' id='par_1_37' title="bbox 436 2589 3646 2670">
     <span class='ocr_line' id='line_1_37' title="bbox 436 2589 3646 2670; baseline 0.006 -27"><span class='ocrx_word' id='word_1_230' title='bbox 436 2598 542 2670; x_wconf 77' lang='lat'><strong>33</strong></span> <span class='ocrx_word' id='word_1_231' title='bbox 563 2626 589 2639; x_wconf 85' lang='lat'><strong>-</strong></span> <span class='ocrx_word' id='word_1_232' title='bbox 617 2594 726 2667; x_wconf 64' lang='grc'><strong>34</strong></span> <span class='ocrx_word' id='word_1_233' title='bbox 789 2594 946 2648; x_wconf 82' lang='lat' dir='ltr'><strong>Anno</strong></span> <span class='ocrx_word' id='word_1_234' title='bbox 987 2599 1138 2648; x_wconf 89' lang='lat' dir='ltr'><strong>sexto</strong></span> <span class='ocrx_word' id='word_1_235' title='bbox 1185 2591 1483 2646; x_wconf 84' lang='lat' dir='ltr'><strong>Constantii</strong></span> <span class='ocrx_word' id='word_1_236' title='bbox 1514 2599 1539 2626; x_wconf 80' lang='grc'><strong><em>⁸</em></strong></span> <span class='ocrx_word' id='word_1_237' title='bbox 1570 2589 1911 2658; x_wconf 75' lang='lat' dir='ltr'><strong>imperatoris</strong></span> <span class='ocrx_word' id='word_1_238' title='bbox 1931 2629 1947 2655; x_wconf 86' lang='lat'><strong>,</strong></span> <span class='ocrx_word' id='word_1_239' title='bbox 1981 2594 2027 2655; x_wconf 81' lang='grc' dir='ltr'><strong>Β</strong></span> <span class='ocrx_word' id='word_1_240' title='bbox 2056 2592 2119 2649; x_wconf 88' lang='lat' dir='ltr'><strong>ll.</strong></span> <span class='ocrx_word' id='word_1_241' title='bbox 2166 2596 2473 2668; x_wconf 84' lang='lat' dir='ltr'><strong>Episcopum</strong></span> <span class='ocrx_word' id='word_1_242' title='bbox 2504 2599 2569 2652; x_wconf 86' lang='lat' dir='ltr'><strong>de</strong></span> <span class='ocrx_word' id='word_1_243' title='bbox 2602 2600 2863 2666; x_wconf 82' lang='lat' dir='ltr'><strong>provincia</strong></span> <span class='ocrx_word' id='word_1_244' title='bbox 2897 2600 2963 2654; x_wconf 86' lang='lat' dir='ltr'><strong>ad</strong></span> <span class='ocrx_word' id='word_1_245' title='bbox 2994 2600 3311 2669; x_wconf 84' lang='lat' dir='ltr'><strong>provinciam</strong></span> <span class='ocrx_word' id='word_1_246' title='bbox 3340 2618 3440 2657; x_wconf 86' lang='lat' dir='ltr'><strong>non</strong></span> <span class='ocrx_word' id='word_1_247' title='bbox 3473 2612 3646 2661; x_wconf 82' lang='lat' dir='ltr'><strong>trans-</strong></span> 
     </span>
    </p>
   </div>
   <div class='ocr_carea' id='block_1_38' title="bbox 374 2678 1955 2746">
    <p class='ocr_par' dir='ltr' id='par_1_38' title="bbox 374 2678 1955 2746">
     <span class='ocr_line' id='line_1_38' title="bbox 374 2678 1955 2746; baseline -0.008 -1"><span class='ocrx_word' id='word_1_248' title='bbox 374 2688 601 2745; x_wconf 74' lang='lat' dir='ltr'><strong>Lcontio</strong></span> <span class='ocrx_word' id='word_1_249' title='bbox 636 2697 691 2741; x_wconf 90' lang='lat' dir='ltr'><strong>et</strong></span> <span class='ocrx_word' id='word_1_250' title='bbox 724 2683 982 2741; x_wconf 84' lang='lat' dir='ltr'><strong>Sallustio</strong></span> <span class='ocrx_word' id='word_1_251' title='bbox 1005 2682 1317 2739; x_wconf 90' lang='lat' dir='ltr'><strong>consulibus</strong></span> <span class='ocrx_word' id='word_1_252' title='bbox 1344 2695 1455 2736; x_wconf 75' lang='lat' dir='ltr'><strong>mra</strong></span> <span class='ocrx_word' id='word_1_253' title='bbox 1478 2679 1504 2718; x_wconf 73' lang='grc' dir='ltr'>ι)</span> <span class='ocrx_word' id='word_1_254' title='bbox 1537 2694 1795 2746; x_wconf 73' lang='lat' dir='ltr'><strong>ccccxxr,</strong></span> <span class='ocrx_word' id='word_1_255' title='bbox 1827 2678 1955 2734; x_wconf 90' lang='lat' dir='ltr'><strong>Sar-</strong></span> 
     </span>
    </p>
   </div>
   <div class='ocr_carea' id='block_1_39' title="bbox 377 2768 1952 2847">
    <p class='ocr_par' dir='ltr' id='par_1_39' title="bbox 377 2768 1952 2847">
     <span class='ocr_line' id='line_1_39' title="bbox 377 2768 1952 2847; baseline -0.009 -13"><span class='ocrx_word' id='word_1_256' title='bbox 377 2777 612 2834; x_wconf 74' lang='lat' dir='ltr'><strong>tliceusis</strong></span> <span class='ocrx_word' id='word_1_257' title='bbox 639 2774 879 2847; x_wconf 88' lang='lat' dir='ltr'><strong>synodus</strong></span> <span class='ocrx_word' id='word_1_258' title='bbox 907 2780 1228 2843; x_wconf 77' lang='lat' dir='ltr'><strong>congregata</strong></span> <span class='ocrx_word' id='word_1_259' title='bbox 1260 2781 1380 2837; x_wconf 87' lang='lat' dir='ltr'><strong>est,</strong></span> <span class='ocrx_word' id='word_1_260' title='bbox 1430 2771 1521 2825; x_wconf 90' lang='lat' dir='ltr'><strong>ubi</strong></span> <span class='ocrx_word' id='word_1_261' title='bbox 1553 2784 1741 2825; x_wconf 90' lang='lat' dir='ltr'><strong>omnes</strong></span> <span class='ocrx_word' id='word_1_262' title='bbox 1792 2768 1952 2841; x_wconf 82' lang='lat' dir='ltr'><strong>[/E.,</strong></span> 
     </span>
    </p>
   </div>
   <div class='ocr_carea' id='block_1_40' title="bbox 381 2861 1954 2937">
    <p class='ocr_par' dir='ltr' id='par_1_40' title="bbox 381 2861 1954 2937">
     <span class='ocr_line' id='line_1_40' title="bbox 381 2861 1954 2937; baseline -0.005 -16"><span class='ocrx_word' id='word_1_263' title='bbox 381 2870 561 2937; x_wconf 64' lang='lat' dir='ltr'><strong>illique</strong></span> <span class='ocrx_word' id='word_1_264' title='bbox 589 2864 799 2937; x_wconf 86' lang='lat' dir='ltr'><strong>omnes]</strong></span> <span class='ocrx_word' id='word_1_265' title='bbox 849 2879 943 2935; x_wconf 90' lang='lat' dir='ltr'><strong>per</strong></span> <span class='ocrx_word' id='word_1_266' title='bbox 990 2864 1263 2919; x_wconf 88' lang='lat' dir='ltr'><strong>Orientem</strong></span> <span class='ocrx_word' id='word_1_267' title='bbox 1306 2862 1491 2917; x_wconf 83' lang='lat' dir='ltr'><strong>Ariani</strong></span> <span class='ocrx_word' id='word_1_268' title='bbox 1537 2861 1775 2929; x_wconf 81' lang='lat' dir='ltr'><strong>episcOpi</strong></span> <span class='ocrx_word' id='word_1_269' title='bbox 1820 2874 1954 2914; x_wconf 90' lang='lat' dir='ltr'><strong>con-</strong></span> 
     </span>
    </p>
   </div>
   <div class='ocr_carea' id='block_1_41' title="bbox 374 2951 1958 3025">
    <p class='ocr_par' dir='ltr' id='par_1_41' title="bbox 374 2951 1958 3025">
     <span class='ocr_line' id='line_1_41' title="bbox 374 2951 1958 3025; baseline -0.004 -13"><span class='ocrx_word' id='word_1_270' title='bbox 374 2956 611 3013; x_wconf 83' lang='lat' dir='ltr'><strong>demnati</strong></span> <span class='ocrx_word' id='word_1_271' title='bbox 642 2964 798 3024; x_wconf 89' lang='lat' dir='ltr'><strong>sunt,</strong></span> <span class='ocrx_word' id='word_1_272' title='bbox 846 2956 937 3025; x_wconf 92' lang='lat' dir='ltr'><strong>qui</strong></span> <span class='ocrx_word' id='word_1_273' title='bbox 962 2954 1211 3009; x_wconf 83' lang='lat' dir='ltr'><strong>cunventi</strong></span> <span class='ocrx_word' id='word_1_274' title='bbox 1242 2951 1311 3007; x_wconf 89' lang='lat' dir='ltr'><strong>ad</strong></span> <span class='ocrx_word' id='word_1_275' title='bbox 1340 2952 1629 3007; x_wconf 89' lang='lat' dir='ltr'><strong>concilium</strong></span> <span class='ocrx_word' id='word_1_276' title='bbox 1668 2964 1958 3006; x_wconf 89' lang='lat' dir='ltr'><strong>occurrere</strong></span> 
     </span>
    </p>
   </div>
   <div class='ocr_carea' id='block_1_42' title="bbox 377 3045 1958 3115">
    <p class='ocr_par' dir='ltr' id='par_1_42' title="bbox 377 3045 1958 3115">
     <span class='ocr_line' id='line_1_42' title="bbox 377 3045 1958 3115; baseline -0.008 -6"><span class='ocrx_word' id='word_1_277' title='bbox 377 3063 528 3109; x_wconf 72' lang='lat' dir='ltr'><strong>reatu</strong></span> <span class='ocrx_word' id='word_1_278' title='bbox 558 3051 902 3108; x_wconf 67' lang='lat' dir='ltr'><strong>conscientiae</strong></span> <span class='ocrx_word' id='word_1_279' title='bbox 935 3059 957 3088; x_wconf 72' lang='grc' dir='ltr'><strong>ο</strong></span> <span class='ocrx_word' id='word_1_280' title='bbox 987 3050 1313 3104; x_wconf 89' lang='lat' dir='ltr'><strong>noluerunt:</strong></span> <span class='ocrx_word' id='word_1_281' title='bbox 1345 3048 1397 3102; x_wconf 92' lang='lat' dir='ltr'><strong>in</strong></span> <span class='ocrx_word' id='word_1_282' title='bbox 1427 3060 1535 3115; x_wconf 91' lang='lat' dir='ltr'><strong>quo</strong></span> <span class='ocrx_word' id='word_1_283' title='bbox 1556 3045 1786 3101; x_wconf 84' lang='lat' dir='ltr'><strong>concilio</strong></span> <span class='ocrx_word' id='word_1_284' title='bbox 1818 3045 1958 3099; x_wconf 90' lang='lat' dir='ltr'><strong>inter</strong></span> 
     </span>
    </p>
   </div>
   <div class='ocr_carea' id='block_1_43' title="bbox 380 3135 1958 3213">
    <p class='ocr_par' dir='ltr' id='par_1_43' title="bbox 380 3135 1958 3213">
     <span class='ocr_line' id='line_1_43' title="bbox 380 3135 1958 3213; baseline -0.006 -14"><span class='ocrx_word' id='word_1_285' title='bbox 380 3155 573 3199; x_wconf 69' lang='lat' dir='ltr'><strong>caztera</strong></span> <span class='ocrx_word' id='word_1_286' title='bbox 602 3143 684 3198; x_wconf 75' lang='lat' dir='ltr'><strong>ba:</strong></span> <span class='ocrx_word' id='word_1_287' title='bbox 715 3142 911 3213; x_wconf 73' lang='lat' dir='ltr'><strong>regula:</strong></span> <span class='ocrx_word' id='word_1_288' title='bbox 952 3155 1048 3211; x_wconf 90' lang='lat' dir='ltr'><strong>pro</strong></span> <span class='ocrx_word' id='word_1_289' title='bbox 1077 3139 1364 3209; x_wconf 86' lang='lat' dir='ltr'><strong>disciplina</strong></span> <span class='ocrx_word' id='word_1_290' title='bbox 1398 3136 1764 3194; x_wconf 87' lang='lat' dir='ltr'><strong>ecclesiastica</strong></span> <span class='ocrx_word' id='word_1_291' title='bbox 1803 3135 1958 3190; x_wconf 86' lang='lat' dir='ltr'><strong>iusti—</strong></span> 
     </span>
    </p>
   </div>
   <div class='ocr_carea' id='block_1_44' title="bbox 380 3246 678 3291">
    <p class='ocr_par' dir='ltr' id='par_1_44' title="bbox 380 3246 678 3291">
     <span class='ocr_line' id='line_1_44' title="bbox 380 3246 678 3291; baseline 0.007 -4"><span class='ocrx_word' id='word_1_292' title='bbox 380 3247 506 3291; x_wconf 71' lang='grc' dir='ltr'>ιυιειε</span> <span class='ocrx_word' id='word_1_293' title='bbox 533 3246 678 3290; x_wconf 85' lang='lat' dir='ltr'><strong>sunt.</strong></span> 
     </span>
    </p>
   </div>
   <div class='ocr_carea' id='block_1_45' title="bbox 374 3362 1979 3437">
    <p class='ocr_par' dir='ltr' id='par_1_45' title="bbox 374 3362 1979 3437">
     <span class='ocr_line' id='line_1_45' title="bbox 374 3362 1979 3437; baseline -0.003 -15"><span class='ocrx_word' id='word_1_294' title='bbox 374 3368 414 3423; x_wconf 87' lang='grc' dir='ltr'><strong>Ι.</strong></span> <span class='ocrx_word' id='word_1_295' title='bbox 477 3366 792 3437; x_wconf 67' lang='grc' dir='ltr'><strong>Ερὲιεοίιιηι</strong></span> <span class='ocrx_word' id='word_1_296' title='bbox 850 3380 951 3419; x_wconf 86' lang='lat' dir='ltr'><strong>non</strong></span> <span class='ocrx_word' id='word_1_297' title='bbox 1005 3364 1183 3417; x_wconf 81' lang='lat' dir='ltr'><strong>debere</strong></span> <span class='ocrx_word' id='word_1_298' title='bbox 1241 3364 1309 3417; x_wconf 82' lang='lat' dir='ltr'><strong>ad</strong></span> <span class='ocrx_word' id='word_1_299' title='bbox 1366 3363 1523 3416; x_wconf 86' lang='lat' dir='ltr'><strong>aliam</strong></span> <span class='ocrx_word' id='word_1_300' title='bbox 1591 3362 1843 3416; x_wconf 82' lang='lat' dir='ltr'><strong>civitatem</strong></span> <span class='ocrx_word' id='word_1_301' title='bbox 1907 3372 1979 3417; x_wconf 87' lang='lat' dir='ltr'><strong>se‘</strong></span> 
     </span>
    </p>
   </div>
   <div class='ocr_carea' id='block_1_46' title="bbox 1019 3438 1318 3503">
    <p class='ocr_par' dir='ltr' id='par_1_46' title="bbox 1019 3438 1318 3503">
     <span class='ocr_line' id='line_1_46' title="bbox 1019 3438 1318 3503; baseline -0.003 -15"><span class='ocrx_word' id='word_1_302' title='bbox 1019 3438 1318 3503; x_wconf 73' lang='lat' dir='ltr'><strong>transferre.</strong></span> 
     </span>
    </p>
   </div>
   <div class='ocr_carea' id='block_1_47' title="bbox 448 3543 1961 3620">
    <p class='ocr_par' dir='ltr' id='par_1_47' title="bbox 448 3543 1961 3620">
     <span class='ocr_line' id='line_1_47' title="bbox 448 3543 1961 3620; baseline -0.005 -14"><span class='ocrx_word' id='word_1_303' title='bbox 448 3551 609 3607; x_wconf 82' lang='lat' dir='ltr'><strong>tlsins</strong></span> <span class='ocrx_word' id='word_1_304' title='bbox 636 3551 923 3620; x_wconf 87' lang='lat' dir='ltr'><strong>episcopus</strong></span> <span class='ocrx_word' id='word_1_305' title='bbox 962 3547 1098 3604; x_wconf 89' lang='lat' dir='ltr'><strong>dixit</strong></span> <span class='ocrx_word' id='word_1_306' title='bbox 1128 3564 1142 3601; x_wconf 91' lang='lat'><strong>:</strong></span> <span class='ocrx_word' id='word_1_307' title='bbox 1170 3546 1286 3602; x_wconf 86' lang='lat' dir='ltr'><strong>Non</strong></span> <span class='ocrx_word' id='word_1_308' title='bbox 1335 3545 1512 3601; x_wconf 86' lang='lat' dir='ltr'><strong>minus</strong></span> <span class='ocrx_word' id='word_1_309' title='bbox 1557 3543 1694 3599; x_wconf 86' lang='lat' dir='ltr'><strong>mala</strong></span> <span class='ocrx_word' id='word_1_310' title='bbox 1734 3558 1961 3600; x_wconf 87' lang='lat' dir='ltr'><strong>consue-</strong></span> 
     </span>
    </p>
   </div>
   <div class='ocr_carea' id='block_1_48' title="bbox 378 3634 1960 3711">
    <p class='ocr_par' dir='ltr' id='par_1_48' title="bbox 378 3634 1960 3711">
     <span class='ocr_line' id='line_1_48' title="bbox 378 3634 1960 3711; baseline -0.008 -11"><span class='ocrx_word' id='word_1_311' title='bbox 378 3641 508 3700; x_wconf 89' lang='lat' dir='ltr'><strong>tudo</strong></span> <span class='ocrx_word' id='word_1_312' title='bbox 526 3657 688 3711; x_wconf 90' lang='lat' dir='ltr'><strong>quam</strong></span> <span class='ocrx_word' id='word_1_313' title='bbox 714 3637 1012 3709; x_wconf 88' lang='lat' dir='ltr'><strong>perniciosa</strong></span> <span class='ocrx_word' id='word_1_314' title='bbox 1039 3638 1343 3707; x_wconf 83' lang='lat' dir='ltr'><strong>corruptela</strong></span> <span class='ocrx_word' id='word_1_315' title='bbox 1376 3636 1611 3690; x_wconf 87' lang='lat' dir='ltr'><strong>funditus</strong></span> <span class='ocrx_word' id='word_1_316' title='bbox 1641 3634 1960 3690; x_wconf 89' lang='lat' dir='ltr'><strong>eradicanda</strong></span> 
     </span>
    </p>
   </div>
   <div class='ocr_carea' id='block_1_49' title="bbox 366 3726 1957 3801">
    <p class='ocr_par' dir='ltr' id='par_1_49' title="bbox 366 3726 1957 3801">
     <span class='ocr_line' id='line_1_49' title="bbox 366 3726 1957 3801; baseline -0.007 -9"><span class='ocrx_word' id='word_1_317' title='bbox 366 3744 489 3799; x_wconf 85' lang='lat' dir='ltr'><strong>.est,</strong></span> <span class='ocrx_word' id='word_1_318' title='bbox 538 3749 606 3790; x_wconf 87' lang='lat' dir='ltr'><strong>ne</strong></span> <span class='ocrx_word' id='word_1_319' title='bbox 626 3734 713 3788; x_wconf 92' lang='lat' dir='ltr'><strong>cui</strong></span> <span class='ocrx_word' id='word_1_320' title='bbox 742 3733 900 3787; x_wconf 83' lang='lat' dir='ltr'><strong>liceat</strong></span> <span class='ocrx_word' id='word_1_321' title='bbox 923 3730 1179 3801; x_wconf 86' lang='lat' dir='ltr'><strong>episcopo</strong></span> <span class='ocrx_word' id='word_1_322' title='bbox 1204 3729 1274 3785; x_wconf 91' lang='lat' dir='ltr'><strong>de</strong></span> <span class='ocrx_word' id='word_1_323' title='bbox 1314 3728 1536 3783; x_wconf 81' lang='lat' dir='ltr'><strong>civitate</strong></span> <span class='ocrx_word' id='word_1_324' title='bbox 1575 3740 1670 3781; x_wconf 91' lang='lat' dir='ltr'><strong>sua</strong></span> <span class='ocrx_word' id='word_1_325' title='bbox 1702 3727 1770 3781; x_wconf 92' lang='lat' dir='ltr'><strong>ad</strong></span> <span class='ocrx_word' id='word_1_326' title='bbox 1800 3726 1957 3781; x_wconf 91' lang='lat' dir='ltr'><strong>aliam</strong></span> 
     </span>
    </p>
   </div>
   <div class='ocr_carea' id='block_1_50' title="bbox 381 3819 1960 3888">
    <p class='ocr_par' dir='ltr' id='par_1_50' title="bbox 381 3819 1960 3888">
     <span class='ocr_line' id='line_1_50' title="bbox 381 3819 1960 3888; baseline -0.003 -8"><span class='ocrx_word' id='word_1_327' title='bbox 381 3826 653 3882; x_wconf 88' lang='lat' dir='ltr'><strong>civitatem</strong></span> <span class='ocrx_word' id='word_1_328' title='bbox 678 3824 927 3879; x_wconf 83' lang='lat' dir='ltr'><strong>transire.</strong></span> <span class='ocrx_word' id='word_1_329' title='bbox 962 3820 1239 3876; x_wconf 80' lang='lat' dir='ltr'><strong>Manifesta</strong></span> <span class='ocrx_word' id='word_1_330' title='bbox 1263 3826 1348 3875; x_wconf 87' lang='lat' dir='ltr'><strong>est</strong></span> <span class='ocrx_word' id='word_1_331' title='bbox 1376 3820 1520 3875; x_wconf 88' lang='lat' dir='ltr'><strong>enim</strong></span> <span class='ocrx_word' id='word_1_332' title='bbox 1543 3833 1701 3875; x_wconf 89' lang='lat' dir='ltr'><strong>causa</strong></span> <span class='ocrx_word' id='word_1_333' title='bbox 1729 3828 1831 3888; x_wconf 81' lang='lat' dir='ltr'><strong>qua</strong></span> <span class='ocrx_word' id='word_1_334' title='bbox 1858 3819 1960 3875; x_wconf 88' lang='lat' dir='ltr'><strong>hoc</strong></span> 
     </span>
    </p>
   </div>
   <div class='ocr_carea' id='block_1_51' title="bbox 380 3912 1959 3983">
    <p class='ocr_par' dir='ltr' id='par_1_51' title="bbox 380 3912 1959 3983">
     <span class='ocr_line' id='line_1_51' title="bbox 380 3912 1959 3983; baseline -0.004 -10"><span class='ocrx_word' id='word_1_335' title='bbox 380 3918 561 3973; x_wconf 85' lang='lat' dir='ltr'><strong>facere</strong></span> <span class='ocrx_word' id='word_1_336' title='bbox 598 3924 837 3983; x_wconf 88' lang='lat' dir='ltr'><strong>tentant,</strong></span> <span class='ocrx_word' id='word_1_337' title='bbox 880 3930 1002 3971; x_wconf 90' lang='lat' dir='ltr'><strong>cum</strong></span> <span class='ocrx_word' id='word_1_338' title='bbox 1044 3914 1219 3969; x_wconf 90' lang='lat' dir='ltr'><strong>nullus</strong></span> <span class='ocrx_word' id='word_1_339' title='bbox 1251 3912 1303 3968; x_wconf 91' lang='lat' dir='ltr'><strong>in</strong></span> <span class='ocrx_word' id='word_1_340' title='bbox 1355 3913 1455 3967; x_wconf 88' lang='lat' dir='ltr'><strong>hac</strong></span> <span class='ocrx_word' id='word_1_341' title='bbox 1496 3929 1555 3967; x_wconf 86' lang='lat' dir='ltr'><strong>re</strong></span> <span class='ocrx_word' id='word_1_342' title='bbox 1601 3913 1852 3967; x_wconf 82' lang='lat' dir='ltr'><strong>inventus</strong></span> <span class='ocrx_word' id='word_1_343' title='bbox 1888 3913 1959 3968; x_wconf 92' lang='lat' dir='ltr'><strong>sit</strong></span> 
     </span>
    </p>
   </div>
   <div class='ocr_carea' id='block_1_52' title="bbox 383 4007 1958 4081">
    <p class='ocr_par' dir='ltr' id='par_1_52' title="bbox 383 4007 1958 4081">
     <span class='ocr_line' id='line_1_52' title="bbox 383 4007 1958 4081; baseline -0.002 -14"><span class='ocrx_word' id='word_1_344' title='bbox 383 4012 668 4081; x_wconf 81' lang='lat' dir='ltr'><strong>episcopus</strong></span> <span class='ocrx_word' id='word_1_345' title='bbox 695 4011 784 4081; x_wconf 88' lang='lat' dir='ltr'><strong>qui</strong></span> <span class='ocrx_word' id='word_1_346' title='bbox 826 4009 896 4065; x_wconf 91' lang='lat' dir='ltr'><strong>de</strong></span> <span class='ocrx_word' id='word_1_347' title='bbox 923 4010 1124 4078; x_wconf 83' lang='lat' dir='ltr'><strong>majore</strong></span> <span class='ocrx_word' id='word_1_348' title='bbox 1152 4008 1372 4064; x_wconf 82' lang='lat' dir='ltr'><strong>civitate</strong></span> <span class='ocrx_word' id='word_1_349' title='bbox 1394 4008 1459 4063; x_wconf 90' lang='lat' dir='ltr'><strong>ad</strong></span> <span class='ocrx_word' id='word_1_350' title='bbox 1492 4007 1753 4063; x_wconf 83' lang='lat' dir='ltr'><strong>minorem</strong></span> <span class='ocrx_word' id='word_1_351' title='bbox 1778 4018 1958 4064; x_wconf 90' lang='lat' dir='ltr'><strong>trans-</strong></span> 
     </span>
    </p>
   </div>
   <div class='ocr_carea' id='block_1_53' title="bbox 381 4100 1959 4173">
    <p class='ocr_par' dir='ltr' id='par_1_53' title="bbox 381 4100 1959 4173">
     <span class='ocr_line' id='line_1_53' title="bbox 381 4100 1959 4173; baseline -0.003 -14"><span class='ocrx_word' id='word_1_352' title='bbox 381 4105 482 4160; x_wconf 90' lang='lat' dir='ltr'><strong>iret</strong></span> <span class='ocrx_word' id='word_1_353' title='bbox 505 4100 531 4141; x_wconf 75' lang='grc' dir='ltr'><em>δ</em></span> <span class='ocrx_word' id='word_1_354' title='bbox 560 4122 575 4171; x_wconf 88' lang='lat'><strong>;</strong></span> <span class='ocrx_word' id='word_1_355' title='bbox 600 4103 741 4159; x_wconf 91' lang='lat' dir='ltr'><strong>unde</strong></span> <span class='ocrx_word' id='word_1_356' title='bbox 761 4112 984 4173; x_wconf 86' lang='lat' dir='ltr'><strong>apparet</strong></span> <span class='ocrx_word' id='word_1_357' title='bbox 1010 4102 1249 4157; x_wconf 70' lang='lat' dir='ltr'><strong>avaritia:</strong></span> <span class='ocrx_word' id='word_1_358' title='bbox 1277 4116 1371 4157; x_wconf 92' lang='lat' dir='ltr'><strong>eos</strong></span> <span class='ocrx_word' id='word_1_359' title='bbox 1403 4102 1597 4156; x_wconf 74' lang='lat' dir='ltr'><strong>ardore</strong></span> <span class='ocrx_word' id='word_1_360' title='bbox 1636 4100 1959 4156; x_wconf 82' lang='lat' dir='ltr'><strong>inﬂammari</strong></span> 
     </span>
    </p>
   </div>
   <div class='ocr_carea' id='block_1_54' title="bbox 382 4194 1959 4261">
    <p class='ocr_par' dir='ltr' id='par_1_54' title="bbox 382 4194 1959 4261">
     <span class='ocr_line' id='line_1_54' title="bbox 382 4194 1959 4261; baseline -0.005 -7"><span class='ocrx_word' id='word_1_361' title='bbox 382 4208 438 4254; x_wconf 91' lang='lat' dir='ltr'><strong>et</strong></span> <span class='ocrx_word' id='word_1_362' title='bbox 475 4197 752 4253; x_wconf 82' lang='lat' dir='ltr'><strong>ambitioni</strong></span> <span class='ocrx_word' id='word_1_363' title='bbox 785 4197 1013 4261; x_wconf 80' lang='lat' dir='ltr'><strong>servire,</strong></span> <span class='ocrx_word' id='word_1_364' title='bbox 1044 4205 1097 4251; x_wconf 91' lang='lat' dir='ltr'><strong>ct</strong></span> <span class='ocrx_word' id='word_1_365' title='bbox 1120 4204 1175 4249; x_wconf 90' lang='lat' dir='ltr'><strong>ut</strong></span> <span class='ocrx_word' id='word_1_366' title='bbox 1196 4194 1616 4249; x_wconf 89' lang='lat' dir='ltr'><strong>dominationem</strong></span> <span class='ocrx_word' id='word_1_367' title='bbox 1648 4202 1959 4248; x_wconf 87' lang='lat' dir='ltr'><strong>exerceant.</strong></span> 
     </span>
    </p>
   </div>
   <div class='ocr_carea' id='block_1_55' title="bbox 381 4282 1960 4360">
    <p class='ocr_par' dir='ltr' id='par_1_55' title="bbox 381 4282 1960 4360">
     <span class='ocr_line' id='line_1_55' title="bbox 381 4282 1960 4360; baseline -0.004 -16"><span class='ocrx_word' id='word_1_368' title='bbox 381 4289 437 4343; x_wconf 91' lang='lat' dir='ltr'><strong>Si</strong></span> <span class='ocrx_word' id='word_1_369' title='bbox 479 4304 609 4360; x_wconf 72' lang='lat' dir='ltr'><strong>ergo</strong></span> <span class='ocrx_word' id='word_1_370' title='bbox 646 4287 895 4342; x_wconf 87' lang='lat' dir='ltr'><strong>omnibus</strong></span> <span class='ocrx_word' id='word_1_371' title='bbox 925 4286 1098 4354; x_wconf 79' lang='lat' dir='ltr'><strong>placet</strong></span> <span class='ocrx_word' id='word_1_372' title='bbox 1124 4293 1183 4338; x_wconf 92' lang='lat' dir='ltr'><strong>ut</strong></span> <span class='ocrx_word' id='word_1_373' title='bbox 1217 4283 1520 4353; x_wconf 72' lang='lat' dir='ltr'><strong>huiusmodi</strong></span> <span class='ocrx_word' id='word_1_374' title='bbox 1558 4282 1824 4353; x_wconf 86' lang='lat' dir='ltr'><strong>pernicies</strong></span> <span class='ocrx_word' id='word_1_375' title='bbox 1862 4298 1960 4338; x_wconf 86' lang='lat' dir='ltr'><strong>au-</strong></span> 
     </span>
    </p>
   </div>
   <div class='ocr_carea' id='block_1_56' title="bbox 386 4375 1963 4443">
    <p class='ocr_par' dir='ltr' id='par_1_56' title="bbox 386 4375 1963 4443">
     <span class='ocr_line' id='line_1_56' title="bbox 386 4375 1963 4443; baseline -0.004 -8"><span class='ocrx_word' id='word_1_376' title='bbox 386 4380 586 4435; x_wconf 83' lang='lat' dir='ltr'><strong>sterius</strong></span> <span class='ocrx_word' id='word_1_377' title='bbox 613 4378 934 4443; x_wconf 82' lang='lat' dir='ltr'><strong>vindicetur,</strong></span> <span class='ocrx_word' id='word_1_378' title='bbox 968 4391 1066 4432; x_wconf 62' lang='lat' dir='ltr'><strong>nec</strong></span> <span class='ocrx_word' id='word_1_379' title='bbox 1096 4375 1284 4431; x_wconf 89' lang='lat' dir='ltr'><strong>laicam</strong></span> <span class='ocrx_word' id='word_1_380' title='bbox 1308 4377 1740 4431; x_wconf 86' lang='lat' dir='ltr'><strong>communionem</strong></span> <span class='ocrx_word' id='word_1_381' title='bbox 1769 4377 1963 4432; x_wconf 80' lang='lat' dir='ltr'><strong>habeat</strong></span> 
     </span>
    </p>
   </div>
   <div class='ocr_carea' id='block_1_57' title="bbox 377 4466 1962 4542">
    <p class='ocr_par' dir='ltr' id='par_1_57' title="bbox 377 4466 1962 4542">
     <span class='ocr_line' id='line_1_57' title="bbox 377 4466 1962 4542; baseline -0.003 -16"><span class='ocrx_word' id='word_1_382' title='bbox 377 4473 465 4542; x_wconf 93' lang='lat' dir='ltr'><strong>qui</strong></span> <span class='ocrx_word' id='word_1_383' title='bbox 497 4468 615 4527; x_wconf 86' lang='lat' dir='ltr'><strong>talis</strong></span> <span class='ocrx_word' id='word_1_384' title='bbox 641 4478 745 4527; x_wconf 85' lang='lat' dir='ltr'><strong>est.</strong></span> <span class='ocrx_word' id='word_1_385' title='bbox 773 4468 1015 4526; x_wconf 84' lang='lat' dir='ltr'><strong>Uuiversi</strong></span> <span class='ocrx_word' id='word_1_386' title='bbox 1042 4466 1292 4523; x_wconf 82' lang='lat' dir='ltr'><strong>dixerunt</strong></span> <span class='ocrx_word' id='word_1_387' title='bbox 1331 4486 1344 4521; x_wconf 88' lang='lat'><strong>:</strong></span> <span class='ocrx_word' id='word_1_388' title='bbox 1379 4468 1560 4524; x_wconf 85' lang='lat' dir='ltr'><strong>Placet</strong></span> <span class='ocrx_word' id='word_1_389' title='bbox 1583 4469 1745 4523; x_wconf 90' lang='lat' dir='ltr'><strong>etiam</strong></span> <span class='ocrx_word' id='word_1_390' title='bbox 1774 4469 1817 4522; x_wconf 87' lang='lat' dir='ltr'><strong>si</strong></span> <span class='ocrx_word' id='word_1_391' title='bbox 1843 4467 1962 4522; x_wconf 91' lang='lat' dir='ltr'><strong>talis</strong></span> 
     </span>
    </p>
   </div>
   <div class='ocr_carea' id='block_1_58' title="bbox 379 4559 1960 4631">
    <p class='ocr_par' dir='ltr' id='par_1_58' title="bbox 379 4559 1960 4631">
     <span class='ocr_line' id='line_1_58' title="bbox 379 4559 1960 4631; baseline 0 -18"><span class='ocrx_word' id='word_1_392' title='bbox 379 4561 575 4631; x_wconf 84' lang='lat' dir='ltr'><strong>aliquis</strong></span> <span class='ocrx_word' id='word_1_393' title='bbox 603 4560 872 4619; x_wconf 74' lang='lat' dir='ltr'><strong>exstiterit</strong></span> <span class='ocrx_word' id='word_1_394' title='bbox 898 4560 1214 4614; x_wconf 88' lang='lat' dir='ltr'><strong>temerarius</strong></span> <span class='ocrx_word' id='word_1_395' title='bbox 1239 4568 1295 4614; x_wconf 92' lang='lat' dir='ltr'><strong>ut</strong></span> <span class='ocrx_word' id='word_1_396' title='bbox 1316 4559 1537 4614; x_wconf 83' lang='lat' dir='ltr'><strong>forsitan</strong></span> <span class='ocrx_word' id='word_1_397' title='bbox 1561 4561 1960 4615; x_wconf 83' lang='lat' dir='ltr'><strong>excusationem</strong></span> 
     </span>
    </p>
   </div>
   <div class='ocr_carea' id='block_1_59' title="bbox 380 4650 1962 4721">
    <p class='ocr_par' dir='ltr' id='par_1_59' title="bbox 380 4650 1962 4721">
     <span class='ocr_line' id='line_1_59' title="bbox 380 4650 1962 4721; baseline 0.001 -16"><span class='ocrx_word' id='word_1_398' title='bbox 380 4651 593 4719; x_wconf 82' lang='lat' dir='ltr'><strong>atl‘erat,</strong></span> <span class='ocrx_word' id='word_1_399' title='bbox 623 4652 767 4721; x_wconf 91' lang='lat' dir='ltr'><strong>quod</strong></span> <span class='ocrx_word' id='word_1_400' title='bbox 801 4652 979 4720; x_wconf 84' lang='lat' dir='ltr'><strong>pOpuli</strong></span> <span class='ocrx_word' id='word_1_401' title='bbox 1022 4651 1226 4706; x_wconf 85' lang='lat' dir='ltr'><strong>litteras</strong></span> <span class='ocrx_word' id='word_1_402' title='bbox 1256 4652 1543 4719; x_wconf 84' lang='lat' dir='ltr'><strong>acceperit,</strong></span> <span class='ocrx_word' id='word_1_403' title='bbox 1593 4662 1715 4703; x_wconf 90' lang='lat' dir='ltr'><strong>cum</strong></span> <span class='ocrx_word' id='word_1_404' title='bbox 1735 4650 1962 4706; x_wconf 78' lang='lat' dir='ltr'><strong>manife-</strong></span> 
     </span>
    </p>
   </div>
   <div class='ocr_carea' id='block_1_60' title="bbox 382 4741 1963 4815">
    <p class='ocr_par' dir='ltr' id='par_1_60' title="bbox 382 4741 1963 4815">
     <span class='ocr_line' id='line_1_60' title="bbox 382 4741 1963 4815; baseline 0.001 -20"><span class='ocrx_word' id='word_1_405' title='bbox 382 4754 525 4795; x_wconf 84' lang='lat' dir='ltr'><strong>stum</strong></span> <span class='ocrx_word' id='word_1_406' title='bbox 557 4741 627 4797; x_wconf 86' lang='lat' dir='ltr'><strong>sit</strong></span> <span class='ocrx_word' id='word_1_407' title='bbox 642 4745 860 4812; x_wconf 70' lang='lat' dir='ltr'><strong>praemio</strong></span> <span class='ocrx_word' id='word_1_408' title='bbox 891 4752 945 4798; x_wconf 93' lang='lat' dir='ltr'><strong>et</strong></span> <span class='ocrx_word' id='word_1_409' title='bbox 976 4743 1222 4799; x_wconf 88' lang='lat' dir='ltr'><strong>mercede</strong></span> <span class='ocrx_word' id='word_1_410' title='bbox 1254 4758 1451 4813; x_wconf 90' lang='lat' dir='ltr'><strong>paucos</strong></span> <span class='ocrx_word' id='word_1_411' title='bbox 1482 4745 1571 4815; x_wconf 88' lang='lat' dir='ltr'><strong>qui</strong></span> <span class='ocrx_word' id='word_1_412' title='bbox 1598 4748 1865 4799; x_wconf 86' lang='lat' dir='ltr'><strong>sinceram</strong></span> <span class='ocrx_word' id='word_1_413' title='bbox 1900 4744 1963 4797; x_wconf 86' lang='lat' dir='ltr'><strong>fi-</strong></span> 
     </span>
    </p>
   </div>
   <div class='ocr_carea' id='block_1_61' title="bbox 379 4833 1961 4907">
    <p class='ocr_par' dir='ltr' id='par_1_61' title="bbox 379 4833 1961 4907">
     <span class='ocr_line' id='line_1_61' title="bbox 379 4833 1961 4907; baseline 0.001 -19"><span class='ocrx_word' id='word_1_414' title='bbox 379 4836 501 4888; x_wconf 88' lang='lat' dir='ltr'><strong>dem</strong></span> <span class='ocrx_word' id='word_1_415' title='bbox 525 4848 633 4889; x_wconf 92' lang='lat' dir='ltr'><strong>non</strong></span> <span class='ocrx_word' id='word_1_416' title='bbox 663 4833 862 4889; x_wconf 88' lang='lat' dir='ltr'><strong>habent</strong></span> <span class='ocrx_word' id='word_1_417' title='bbox 900 4835 1135 4902; x_wconf 58' lang='lat' dir='ltr'><strong>potuisse</strong></span> <span class='ocrx_word' id='word_1_418' title='bbox 1156 4837 1455 4907; x_wconf 89' lang='lat' dir='ltr'><strong>corrumpi,</strong></span> <span class='ocrx_word' id='word_1_419' title='bbox 1497 4846 1554 4890; x_wconf 94' lang='lat' dir='ltr'><strong>ut</strong></span> <span class='ocrx_word' id='word_1_420' title='bbox 1579 4837 1881 4891; x_wconf 80' lang='lat' dir='ltr'><strong>clamarent</strong></span> <span class='ocrx_word' id='word_1_421' title='bbox 1909 4837 1961 4890; x_wconf 93' lang='lat' dir='ltr'><strong>in</strong></span> 
     </span>
    </p>
   </div>
   <div class='ocr_carea' id='block_1_62' title="bbox 386 4924 1959 4996">
    <p class='ocr_par' dir='ltr' id='par_1_62' title="bbox 386 4924 1959 4996">
     <span class='ocr_line' id='line_1_62' title="bbox 386 4924 1959 4996; baseline 0.002 -19"><span class='ocrx_word' id='word_1_422' title='bbox 386 4924 617 4979; x_wconf 68' lang='lat' dir='ltr'><strong>cci-lesia</strong></span> <span class='ocrx_word' id='word_1_423' title='bbox 666 4933 725 4978; x_wconf 93' lang='lat' dir='ltr'><strong>ut</strong></span> <span class='ocrx_word' id='word_1_424' title='bbox 773 4925 946 4992; x_wconf 88' lang='lat' dir='ltr'><strong>ipsum</strong></span> <span class='ocrx_word' id='word_1_425' title='bbox 998 4934 1178 4993; x_wconf 89' lang='lat' dir='ltr'><strong>petere</strong></span> <span class='ocrx_word' id='word_1_426' title='bbox 1226 4926 1538 4980; x_wconf 85' lang='lat' dir='ltr'><strong>viderentur</strong></span> <span class='ocrx_word' id='word_1_427' title='bbox 1584 4927 1896 4996; x_wconf 88' lang='lat' dir='ltr'><strong>episcopum</strong></span> <span class='ocrx_word' id='word_1_428' title='bbox 1945 4942 1959 4980; x_wconf 92' lang='lat'><strong>:</strong></span> 
     </span>
    </p>
   </div>
   <div class='ocr_carea' id='block_1_63' title="bbox 377 5013 1963 5083">
    <p class='ocr_par' dir='ltr' id='par_1_63' title="bbox 377 5013 1963 5083">
     <span class='ocr_line' id='line_1_63' title="bbox 377 5013 1963 5083; baseline 0.003 -13"><span class='ocrx_word' id='word_1_429' title='bbox 377 5017 599 5070; x_wconf 88' lang='lat' dir='ltr'><strong>omnino</strong></span> <span class='ocrx_word' id='word_1_430' title='bbox 630 5014 727 5071; x_wconf 85' lang='lat' dir='ltr'><strong>has</strong></span> <span class='ocrx_word' id='word_1_431' title='bbox 755 5013 967 5070; x_wconf 85' lang='lat' dir='ltr'><strong>fraudes</strong></span> <span class='ocrx_word' id='word_1_432' title='bbox 997 5015 1326 5071; x_wconf 89' lang='lat' dir='ltr'><strong>damnaudas</strong></span> <span class='ocrx_word' id='word_1_433' title='bbox 1355 5032 1475 5072; x_wconf 91' lang='lat' dir='ltr'><strong>esse</strong></span> <span class='ocrx_word' id='word_1_434' title='bbox 1505 5018 1757 5083; x_wconf 88' lang='lat' dir='ltr'><strong>arbitror,</strong></span> <span class='ocrx_word' id='word_1_435' title='bbox 1802 5018 1875 5072; x_wconf 91' lang='lat' dir='ltr'><strong>ita</strong></span> <span class='ocrx_word' id='word_1_436' title='bbox 1909 5029 1963 5074; x_wconf 91' lang='lat' dir='ltr'><strong>ut</strong></span> 
     </span>
    </p>
   </div>
   <div class='ocr_carea' id='block_1_64' title="bbox 381 5109 1961 5180">
    <p class='ocr_par' dir='ltr' id='par_1_64' title="bbox 381 5109 1961 5180">
     <span class='ocr_line' id='line_1_64' title="bbox 381 5109 1961 5180; baseline 0.003 -17"><span class='ocrx_word' id='word_1_437' title='bbox 381 5124 478 5163; x_wconf 76' lang='lat' dir='ltr'><strong>nec</strong></span> <span class='ocrx_word' id='word_1_438' title='bbox 498 5112 688 5166; x_wconf 89' lang='lat' dir='ltr'><strong>laicam</strong></span> <span class='ocrx_word' id='word_1_439' title='bbox 712 5109 1143 5165; x_wconf 88' lang='lat' dir='ltr'><strong>communionem</strong></span> <span class='ocrx_word' id='word_1_440' title='bbox 1174 5109 1227 5164; x_wconf 93' lang='lat' dir='ltr'><strong>in</strong></span> <span class='ocrx_word' id='word_1_441' title='bbox 1265 5111 1372 5165; x_wconf 86' lang='lat' dir='ltr'><strong>line</strong></span> <span class='ocrx_word' id='word_1_442' title='bbox 1403 5111 1523 5165; x_wconf 88' lang='lat' dir='ltr'><strong>talis</strong></span> <span class='ocrx_word' id='word_1_443' title='bbox 1545 5111 1795 5178; x_wconf 84' lang='lat' dir='ltr'><strong>accipiat;</strong></span> <span class='ocrx_word' id='word_1_444' title='bbox 1820 5113 1961 5180; x_wconf 85' lang='lat' dir='ltr'><strong>quod</strong></span> 
     </span>
    </p>
   </div>
   <div class='ocr_carea' id='block_1_65' title="bbox 384 5201 1957 5271">
    <p class='ocr_par' dir='ltr' id='par_1_65' title="bbox 384 5201 1957 5271">
     <span class='ocr_line' id='line_1_65' title="bbox 384 5201 1957 5271; baseline 0.003 -17"><span class='ocrx_word' id='word_1_445' title='bbox 384 5204 429 5254; x_wconf 86' lang='lat' dir='ltr'><strong>si</strong></span> <span class='ocrx_word' id='word_1_446' title='bbox 464 5202 614 5255; x_wconf 82' lang='lat' dir='ltr'><strong>vobis</strong></span> <span class='ocrx_word' id='word_1_447' title='bbox 642 5201 891 5256; x_wconf 90' lang='lat' dir='ltr'><strong>omnibus</strong></span> <span class='ocrx_word' id='word_1_448' title='bbox 916 5203 1107 5271; x_wconf 87' lang='lat' dir='ltr'><strong>placet,</strong></span> <span class='ocrx_word' id='word_1_449' title='bbox 1131 5202 1368 5258; x_wconf 84' lang='lat' dir='ltr'><strong>statuite.</strong></span> <span class='ocrx_word' id='word_1_450' title='bbox 1400 5201 1645 5258; x_wconf 91' lang='lat' dir='ltr'><strong>Uuivcrsi</strong></span> <span class='ocrx_word' id='word_1_451' title='bbox 1670 5202 1957 5260; x_wconf 82' lang='lat' dir='ltr'><strong>dixerunt:</strong></span> 
     </span>
    </p>
   </div>
   <div class='ocr_carea' id='block_1_66' title="bbox 383 5295 579 5349">
    <p class='ocr_par' dir='ltr' id='par_1_66' title="bbox 383 5295 579 5349">
     <span class='ocr_line' id='line_1_66' title="bbox 383 5295 579 5349; baseline -0.015 0"><span class='ocrx_word' id='word_1_452' title='bbox 383 5295 579 5349; x_wconf 79' lang='lat' dir='ltr'><strong>Placet.</strong></span> 
     </span>
    </p>
   </div>
   <div class='ocr_carea' id='block_1_67' title="bbox 456 5445 1953 5511">
    <p class='ocr_par' dir='ltr' id='par_1_67' title="bbox 456 5445 1953 5511">
     <span class='ocr_line' id='line_1_67' title="bbox 456 5445 1953 5511; baseline 0.007 -11"><span class='ocrx_word' id='word_1_453' title='bbox 456 5456 478 5481; x_wconf 81' lang='lat'><strong>&quot;</strong></span> <span class='ocrx_word' id='word_1_454' title='bbox 505 5445 571 5501; x_wconf 71' lang='grc' dir='ltr'><strong>ΑΞ</strong></span> <span class='ocrx_word' id='word_1_455' title='bbox 592 5488 605 5500; x_wconf 94' lang='grc'><strong>.</strong></span> <span class='ocrx_word' id='word_1_456' title='bbox 638 5446 700 5502; x_wconf 81' lang='grc' dir='ltr'><strong>Β.</strong></span> <span class='ocrx_word' id='word_1_457' title='bbox 731 5446 821 5509; x_wconf 66' lang='lat' dir='ltr'><strong>IL,</strong></span> <span class='ocrx_word' id='word_1_458' title='bbox 855 5446 915 5499; x_wconf 81' lang='grc' dir='ltr'><strong>Τ.</strong></span> <span class='ocrx_word' id='word_1_459' title='bbox 954 5449 1009 5505; x_wconf 78' lang='grc'><strong>1.</strong></span> <span class='ocrx_word' id='word_1_460' title='bbox 1039 5448 1107 5508; x_wconf 70' lang='grc'><strong>2.</strong></span> <span class='ocrx_word' id='word_1_461' title='bbox 1150 5450 1239 5511; x_wconf 87' lang='lat' dir='ltr'><strong>U.,</strong></span> <span class='ocrx_word' id='word_1_462' title='bbox 1274 5450 1611 5505; x_wconf 82' lang='lat' dir='ltr'><strong>Constantini.</strong></span> <span class='ocrx_word' id='word_1_463' title='bbox 1639 5452 1692 5507; x_wconf 83' lang='lat' dir='ltr'><strong>In</strong></span> <span class='ocrx_word' id='word_1_464' title='bbox 1727 5453 1953 5510; x_wconf 84' lang='lat' dir='ltr'><strong>Lucensi</strong></span> 
     </span>
    </p>
   </div>
   <div class='ocr_carea' id='block_1_68' title="bbox 384 5517 1915 5592">
    <p class='ocr_par' dir='ltr' id='par_1_68' title="bbox 384 5517 1915 5592">
     <span class='ocr_line' id='line_1_68' title="bbox 384 5517 1915 5592; baseline 0.004 -20"><span class='ocrx_word' id='word_1_465' title='bbox 384 5517 585 5592; x_wconf 65' lang='lat' dir='ltr'><strong>Codice</strong></span> <span class='ocrx_word' id='word_1_466' title='bbox 616 5517 754 5573; x_wconf 86' lang='lat' dir='ltr'><strong>idem</strong></span> <span class='ocrx_word' id='word_1_467' title='bbox 796 5517 1497 5592; x_wconf 46' lang='lat' dir='ltr'><strong>impcratorfonstautiuus</strong></span> <span class='ocrx_word' id='word_1_468' title='bbox 1524 5525 1915 5592; x_wconf 79' lang='lat' dir='ltr'><strong>assignabatur.</strong></span> 
     </span>
    </p>
   </div>
   <div class='ocr_carea' id='block_1_69' title="bbox 454 5584 1744 5653">
    <p class='ocr_par' dir='ltr' id='par_1_69' title="bbox 454 5584 1744 5653">
     <span class='ocr_line' id='line_1_69' title="bbox 454 5584 1744 5653; baseline 0.006 -13"><span class='ocrx_word' id='word_1_469' title='bbox 454 5586 480 5622; x_wconf 72' lang='lat'>“</span> <span class='ocrx_word' id='word_1_470' title='bbox 512 5586 626 5651; x_wconf 51' lang='lat' dir='ltr'><strong>AL,</strong></span> <span class='ocrx_word' id='word_1_471' title='bbox 660 5604 764 5642; x_wconf 69' lang='lat' dir='ltr'><strong>arra</strong></span> <span class='ocrx_word' id='word_1_472' title='bbox 793 5602 1056 5643; x_wconf 69' lang='lat' dir='ltr'><strong>cccuxll.</strong></span> <span class='ocrx_word' id='word_1_473' title='bbox 1089 5584 1181 5652; x_wconf 91' lang='lat' dir='ltr'><strong>U.,</strong></span> <span class='ocrx_word' id='word_1_474' title='bbox 1207 5591 1296 5653; x_wconf 87' lang='lat' dir='ltr'><strong>G.,</strong></span> <span class='ocrx_word' id='word_1_475' title='bbox 1327 5606 1433 5643; x_wconf 75' lang='lat' dir='ltr'><strong>trra</strong></span> <span class='ocrx_word' id='word_1_476' title='bbox 1455 5584 1744 5649; x_wconf 55' lang='lat' dir='ltr'><strong>cccuixt.</strong></span> 
     </span>
    </p>
   </div>
   <div class='ocr_carea' id='block_1_70' title="bbox 456 5656 1951 5723">
    <p class='ocr_par' dir='ltr' id='par_1_70' title="bbox 456 5656 1951 5723">
     <span class='ocr_line' id='line_1_70' title="bbox 456 5656 1951 5723; baseline 0.006 -13"><span class='ocrx_word' id='word_1_477' title='bbox 456 5668 474 5697; x_wconf 69' lang='grc' dir='ltr'><strong>ε</strong></span> <span class='ocrx_word' id='word_1_478' title='bbox 515 5657 906 5718; x_wconf 61' lang='grc' dir='ltr'><strong>[Εηοοηυεηίνε</strong></span> <span class='ocrx_word' id='word_1_479' title='bbox 927 5660 994 5710; x_wconf 81' lang='lat' dir='ltr'><strong>ad</strong></span> <span class='ocrx_word' id='word_1_480' title='bbox 1015 5656 1284 5711; x_wconf 71' lang='lat' dir='ltr'><strong>concilium</strong></span> <span class='ocrx_word' id='word_1_481' title='bbox 1310 5660 1368 5711; x_wconf 90' lang='lat' dir='ltr'><strong>ob</strong></span> <span class='ocrx_word' id='word_1_482' title='bbox 1388 5671 1586 5716; x_wconf 84' lang='lat' dir='ltr'><strong>reatum</strong></span> <span class='ocrx_word' id='word_1_483' title='bbox 1611 5666 1951 5723; x_wconf 70' lang='lat' dir='ltr'><strong>conscientia.</strong></span> 
     </span>
    </p>
   </div>
   <div class='ocr_carea' id='block_1_71' title="bbox 456 5726 1379 5798">
    <p class='ocr_par' dir='ltr' id='par_1_71' title="bbox 456 5726 1379 5798">
     <span class='ocr_line' id='line_1_71' title="bbox 456 5726 1379 5798; baseline 0 -15"><span class='ocrx_word' id='word_1_484' title='bbox 456 5729 481 5766; x_wconf 76' lang='grc'><strong>¹¹</strong></span> <span class='ocrx_word' id='word_1_485' title='bbox 516 5727 670 5794; x_wconf 42' lang='lat' dir='ltr'><strong>illi,</strong></span> <span class='ocrx_word' id='word_1_486' title='bbox 697 5726 764 5782; x_wconf 71' lang='lat'><strong>‘1&#39;.</strong></span> <span class='ocrx_word' id='word_1_487' title='bbox 800 5728 857 5795; x_wconf 76' lang='lat' dir='ltr'><strong>i,</strong></span> <span class='ocrx_word' id='word_1_488' title='bbox 890 5728 947 5798; x_wconf 73' lang='lat'><strong>‘2,</strong></span> <span class='ocrx_word' id='word_1_489' title='bbox 979 5729 1064 5795; x_wconf 86' lang='lat' dir='ltr'><strong>U.,</strong></span> <span class='ocrx_word' id='word_1_490' title='bbox 1100 5729 1379 5784; x_wconf 77' lang='lat' dir='ltr'><strong>transierit.</strong></span> 
     </span>
    </p>
   </div>
   <div class='ocr_carea' id='block_1_72' title="bbox 2506 2671 3181 2739">
    <p class='ocr_par' dir='ltr' id='par_1_72' title="bbox 2506 2671 3181 2739">
     <span class='ocr_line' id='line_1_72' title="bbox 2506 2671 3181 2739; baseline 0.006 -17"><span class='ocrx_word' id='word_1_491' title='bbox 2506 2671 2582 2723; x_wconf 85' lang='lat' dir='ltr'><strong>ire</strong></span> <span class='ocrx_word' id='word_1_492' title='bbox 2610 2671 2709 2724; x_wconf 85' lang='lat' dir='ltr'><strong>nisi</strong></span> <span class='ocrx_word' id='word_1_493' title='bbox 2737 2672 2892 2739; x_wconf 77' lang='lat' dir='ltr'><strong>fuerit</strong></span> <span class='ocrx_word' id='word_1_494' title='bbox 2917 2671 3181 2727; x_wconf 82' lang='lat' dir='ltr'><strong>invitatus.</strong></span> 
     </span>
    </p>
   </div>
   <div class='ocr_carea' id='block_1_73' title="bbox 2138 2754 3646 2835">
    <p class='ocr_par' dir='ltr' id='par_1_73' title="bbox 2138 2754 3646 2835">
     <span class='ocr_line' id='line_1_73' title="bbox 2138 2754 3646 2835; baseline 0.007 -24"><span class='ocrx_word' id='word_1_495' title='bbox 2138 2754 2296 2812; x_wconf 81' lang='lat' dir='ltr'><strong>Osius</strong></span> <span class='ocrx_word' id='word_1_496' title='bbox 2328 2760 2614 2830; x_wconf 87' lang='lat' dir='ltr'><strong>episcopus</strong></span> <span class='ocrx_word' id='word_1_497' title='bbox 2645 2762 2777 2817; x_wconf 89' lang='lat' dir='ltr'><strong>dixit</strong></span> <span class='ocrx_word' id='word_1_498' title='bbox 2806 2781 2818 2815; x_wconf 95' lang='lat'><strong>:</strong></span> <span class='ocrx_word' id='word_1_499' title='bbox 2854 2762 2987 2818; x_wconf 88' lang='lat' dir='ltr'><strong>Illud</strong></span> <span class='ocrx_word' id='word_1_500' title='bbox 3021 2779 3233 2834; x_wconf 88' lang='lat' dir='ltr'><strong>quoque</strong></span> <span class='ocrx_word' id='word_1_501' title='bbox 3259 2774 3513 2821; x_wconf 85' lang='lat' dir='ltr'><strong>statutum</strong></span> <span class='ocrx_word' id='word_1_502' title='bbox 3542 2768 3646 2835; x_wconf 90' lang='lat' dir='ltr'><strong>sit,</strong></span> 
     </span>
    </p>
   </div>
   <div class='ocr_carea' id='block_1_74' title="bbox 2066 2850 3646 2926">
    <p class='ocr_par' dir='ltr' id='par_1_74' title="bbox 2066 2850 3646 2926">
     <span class='ocr_line' id='line_1_74' title="bbox 2066 2850 3646 2926; baseline 0.008 -25"><span class='ocrx_word' id='word_1_503' title='bbox 2066 2858 2121 2902; x_wconf 93' lang='lat' dir='ltr'><strong>ut</strong></span> <span class='ocrx_word' id='word_1_504' title='bbox 2160 2850 2443 2921; x_wconf 81' lang='lat' dir='ltr'><strong>episcOpus</strong></span> <span class='ocrx_word' id='word_1_505' title='bbox 2471 2852 2540 2908; x_wconf 93' lang='lat' dir='ltr'><strong>de</strong></span> <span class='ocrx_word' id='word_1_506' title='bbox 2579 2864 2675 2908; x_wconf 84' lang='lat' dir='ltr'><strong>sua</strong></span> <span class='ocrx_word' id='word_1_507' title='bbox 2714 2856 2985 2923; x_wconf 85' lang='lat' dir='ltr'><strong>provincia</strong></span> <span class='ocrx_word' id='word_1_508' title='bbox 3024 2855 3091 2910; x_wconf 89' lang='lat' dir='ltr'><strong>ad</strong></span> <span class='ocrx_word' id='word_1_509' title='bbox 3123 2854 3282 2911; x_wconf 88' lang='lat' dir='ltr'><strong>aliam</strong></span> <span class='ocrx_word' id='word_1_510' title='bbox 3315 2860 3646 2926; x_wconf 85' lang='lat' dir='ltr'><strong>provinciam</strong></span> 
     </span>
    </p>
   </div>
   <div class='ocr_carea' id='block_1_75' title="bbox 2065 2938 3648 3011">
    <p class='ocr_par' dir='ltr' id='par_1_75' title="bbox 2065 2938 3648 3011">
     <span class='ocr_line' id='line_1_75' title="bbox 2065 2938 3648 3011; baseline 0.006 -20"><span class='ocrx_word' id='word_1_511' title='bbox 2065 2938 2118 2992; x_wconf 88' lang='lat' dir='ltr'><strong>in</strong></span> <span class='ocrx_word' id='word_1_512' title='bbox 2148 2952 2251 3007; x_wconf 88' lang='lat' dir='ltr'><strong>qua</strong></span> <span class='ocrx_word' id='word_1_513' title='bbox 2285 2949 2410 2995; x_wconf 92' lang='lat' dir='ltr'><strong>sunt</strong></span> <span class='ocrx_word' id='word_1_514' title='bbox 2442 2942 2683 3011; x_wconf 90' lang='lat' dir='ltr'><strong>episcopi</strong></span> <span class='ocrx_word' id='word_1_515' title='bbox 2716 2958 2821 2998; x_wconf 92' lang='lat' dir='ltr'><strong>non</strong></span> <span class='ocrx_word' id='word_1_516' title='bbox 2855 2952 3130 3011; x_wconf 88' lang='lat' dir='ltr'><strong>transeat,</strong></span> <span class='ocrx_word' id='word_1_517' title='bbox 3160 2946 3264 3000; x_wconf 89' lang='lat' dir='ltr'><strong>nisi</strong></span> <span class='ocrx_word' id='word_1_518' title='bbox 3295 2945 3436 3003; x_wconf 84' lang='lat' dir='ltr'><strong>forte</strong></span> <span class='ocrx_word' id='word_1_519' title='bbox 3467 2964 3493 3001; x_wconf 89' lang='lat' dir='ltr'><strong>a</strong></span> <span class='ocrx_word' id='word_1_520' title='bbox 3528 2949 3648 3003; x_wconf 90' lang='lat' dir='ltr'><strong>fra-</strong></span> 
     </span>
    </p>
   </div>
   <div class='ocr_carea' id='block_1_76' title="bbox 2066 3030 3647 3110">
    <p class='ocr_par' dir='ltr' id='par_1_76' title="bbox 2066 3030 3647 3110">
     <span class='ocr_line' id='line_1_76' title="bbox 2066 3030 3647 3110; baseline 0.009 -27"><span class='ocrx_word' id='word_1_521' title='bbox 2066 3030 2238 3085; x_wconf 86' lang='lat' dir='ltr'><strong>tribus</strong></span> <span class='ocrx_word' id='word_1_522' title='bbox 2276 3033 2387 3088; x_wconf 89' lang='lat' dir='ltr'><strong>suis</strong></span> <span class='ocrx_word' id='word_1_523' title='bbox 2417 3032 2667 3092; x_wconf 87' lang='lat' dir='ltr'><strong>lnvitatus</strong></span> <span class='ocrx_word' id='word_1_524' title='bbox 2696 3044 2719 3073; x_wconf 86' lang='grc'>⁶</span> <span class='ocrx_word' id='word_1_525' title='bbox 2742 3078 2757 3105; x_wconf 89' lang='grc'><em>,</em></span> <span class='ocrx_word' id='word_1_526' title='bbox 2795 3052 2861 3093; x_wconf 89' lang='lat' dir='ltr'><strong>ne</strong></span> <span class='ocrx_word' id='word_1_527' title='bbox 2899 3038 3175 3095; x_wconf 88' lang='lat' dir='ltr'><strong>videamur</strong></span> <span class='ocrx_word' id='word_1_528' title='bbox 3214 3038 3432 3110; x_wconf 88' lang='lat' dir='ltr'><strong>januam</strong></span> <span class='ocrx_word' id='word_1_529' title='bbox 3468 3040 3647 3097; x_wconf 87' lang='lat' dir='ltr'><strong>chart-</strong></span> 
     </span>
    </p>
   </div>
   <div class='ocr_carea' id='block_1_77' title="bbox 2064 3121 2491 3180">
    <p class='ocr_par' dir='ltr' id='par_1_77' title="bbox 2064 3121 2491 3180">
     <span class='ocr_line' id='line_1_77' title="bbox 2064 3121 2491 3180; baseline 0.012 -5"><span class='ocrx_word' id='word_1_530' title='bbox 2064 3121 2186 3177; x_wconf 91' lang='lat' dir='ltr'><strong>tatis</strong></span> <span class='ocrx_word' id='word_1_531' title='bbox 2207 3123 2491 3180; x_wconf 86' lang='lat' dir='ltr'><strong>clausisse.</strong></span> 
     </span>
    </p>
   </div>
   <div class='ocr_carea' id='block_1_78' title="bbox 2064 3214 3651 3292">
    <p class='ocr_par' dir='ltr' id='par_1_78' title="bbox 2064 3214 3651 3292">
     <span class='ocr_line' id='line_1_78' title="bbox 2064 3214 3651 3292; baseline 0.008 -24"><span class='ocrx_word' id='word_1_532' title='bbox 2064 3214 2153 3269; x_wconf 50' lang='lat' dir='ltr'><strong>l‘ll.</strong></span> <span class='ocrx_word' id='word_1_533' title='bbox 2213 3215 2292 3271; x_wconf 82' lang='lat' dir='ltr'><strong>De</strong></span> <span class='ocrx_word' id='word_1_534' title='bbox 2339 3219 2539 3274; x_wconf 85' lang='lat' dir='ltr'><strong>duobus</strong></span> <span class='ocrx_word' id='word_1_535' title='bbox 2580 3221 2831 3291; x_wconf 72' lang='lat' dir='ltr'><strong>episcopis</strong></span> <span class='ocrx_word' id='word_1_536' title='bbox 2890 3223 3042 3276; x_wconf 83' lang='lat' dir='ltr'><strong>unius</strong></span> <span class='ocrx_word' id='word_1_537' title='bbox 3092 3224 3369 3292; x_wconf 69' lang='lat' dir='ltr'><strong>provinciae</strong></span> <span class='ocrx_word' id='word_1_538' title='bbox 3415 3226 3548 3280; x_wconf 88' lang='lat' dir='ltr'><strong>inter</strong></span> <span class='ocrx_word' id='word_1_539' title='bbox 3594 3240 3651 3281; x_wconf 72' lang='lat' dir='ltr'><strong>se</strong></span> 
     </span>
    </p>
   </div>
   <div class='ocr_carea' id='block_1_79' title="bbox 2495 3293 3215 3348">
    <p class='ocr_par' dir='ltr' id='par_1_79' title="bbox 2495 3293 3215 3348">
     <span class='ocr_line' id='line_1_79' title="bbox 2495 3293 3215 3348; baseline 0.006 -4"><span class='ocrx_word' id='word_1_540' title='bbox 2495 3294 2868 3347; x_wconf 86' lang='lat' dir='ltr'><strong>contentionem</strong></span> <span class='ocrx_word' id='word_1_541' title='bbox 2894 3293 3215 3348; x_wconf 76' lang='lat' dir='ltr'><strong>habentibus.</strong></span> 
     </span>
    </p>
   </div>
   <div class='ocr_carea' id='block_1_80' title="bbox 2132 3378 3651 3451">
    <p class='ocr_par' dir='ltr' id='par_1_80' title="bbox 2132 3378 3651 3451">
     <span class='ocr_line' id='line_1_80' title="bbox 2132 3378 3651 3451; baseline 0.006 -17"><span class='ocrx_word' id='word_1_542' title='bbox 2132 3378 2293 3435; x_wconf 90' lang='lat' dir='ltr'><strong>Osius</strong></span> <span class='ocrx_word' id='word_1_543' title='bbox 2335 3381 2618 3451; x_wconf 89' lang='lat' dir='ltr'><strong>episcopus</strong></span> <span class='ocrx_word' id='word_1_544' title='bbox 2648 3384 2787 3439; x_wconf 88' lang='lat' dir='ltr'><strong>dixit</strong></span> <span class='ocrx_word' id='word_1_545' title='bbox 2814 3402 2826 3437; x_wconf 90' lang='lat'><strong>:</strong></span> <span class='ocrx_word' id='word_1_546' title='bbox 2862 3383 3259 3440; x_wconf 84' lang='lat' dir='ltr'><strong>Providendum</strong></span> <span class='ocrx_word' id='word_1_547' title='bbox 3288 3393 3375 3442; x_wconf 90' lang='lat' dir='ltr'><strong>est</strong></span> <span class='ocrx_word' id='word_1_548' title='bbox 3401 3387 3563 3443; x_wconf 86' lang='lat' dir='ltr'><strong>etiam</strong></span> <span class='ocrx_word' id='word_1_549' title='bbox 3589 3396 3651 3443; x_wconf 89' lang='lat' dir='ltr'><strong>ut</strong></span> 
     </span>
    </p>
   </div>
   <div class='ocr_carea' id='block_1_81' title="bbox 2062 3468 3647 3546">
    <p class='ocr_par' dir='ltr' id='par_1_81' title="bbox 2062 3468 3647 3546">
     <span class='ocr_line' id='line_1_81' title="bbox 2062 3468 3647 3546; baseline 0.006 -21"><span class='ocrx_word' id='word_1_550' title='bbox 2062 3469 2107 3525; x_wconf 89' lang='lat' dir='ltr'><strong>si</strong></span> <span class='ocrx_word' id='word_1_551' title='bbox 2140 3469 2192 3523; x_wconf 91' lang='lat' dir='ltr'><strong>in</strong></span> <span class='ocrx_word' id='word_1_552' title='bbox 2220 3471 2399 3541; x_wconf 89' lang='lat' dir='ltr'><strong>aliqua</strong></span> <span class='ocrx_word' id='word_1_553' title='bbox 2431 3468 2703 3541; x_wconf 84' lang='lat' dir='ltr'><strong>provincia</strong></span> <span class='ocrx_word' id='word_1_554' title='bbox 2742 3475 2879 3529; x_wconf 87' lang='lat' dir='ltr'><strong>forte</strong></span> <span class='ocrx_word' id='word_1_555' title='bbox 2902 3474 3096 3545; x_wconf 87' lang='lat' dir='ltr'><strong>aliquis</strong></span> <span class='ocrx_word' id='word_1_556' title='bbox 3140 3477 3428 3546; x_wconf 88' lang='lat' dir='ltr'><strong>episcopus</strong></span> <span class='ocrx_word' id='word_1_557' title='bbox 3459 3489 3647 3534; x_wconf 87' lang='lat' dir='ltr'><strong>contra</strong></span> 
     </span>
    </p>
   </div>
   <div class='ocr_carea' id='block_1_82' title="bbox 2063 3559 3648 3635">
    <p class='ocr_par' dir='ltr' id='par_1_82' title="bbox 2063 3559 3648 3635">
     <span class='ocr_line' id='line_1_82' title="bbox 2063 3559 3648 3635; baseline 0.008 -20"><span class='ocrx_word' id='word_1_558' title='bbox 2063 3559 2283 3616; x_wconf 79' lang='lat' dir='ltr'><strong>fratrem</strong></span> <span class='ocrx_word' id='word_1_559' title='bbox 2337 3578 2493 3618; x_wconf 91' lang='lat' dir='ltr'><strong>suum</strong></span> <span class='ocrx_word' id='word_1_560' title='bbox 2540 3566 2851 3635; x_wconf 89' lang='lat' dir='ltr'><strong>episcopum</strong></span> <span class='ocrx_word' id='word_1_561' title='bbox 2901 3566 3051 3623; x_wconf 93' lang='lat' dir='ltr'><strong>litem</strong></span> <span class='ocrx_word' id='word_1_562' title='bbox 3100 3566 3368 3634; x_wconf 85' lang='lat' dir='ltr'><strong>habuerit,</strong></span> <span class='ocrx_word' id='word_1_563' title='bbox 3431 3585 3567 3626; x_wconf 90' lang='lat' dir='ltr'><strong>unus</strong></span> <span class='ocrx_word' id='word_1_564' title='bbox 3612 3588 3648 3626; x_wconf 86' lang='lat' dir='ltr'><strong>e</strong></span> 
     </span>
    </p>
   </div>
   <div class='ocr_carea' id='block_1_83' title="bbox 2063 3646 3649 3734">
    <p class='ocr_par' dir='ltr' id='par_1_83' title="bbox 2063 3646 3649 3734">
     <span class='ocr_line' id='line_1_83' title="bbox 2063 3646 3649 3734; baseline 0.007 -27"><span class='ocrx_word' id='word_1_565' title='bbox 2063 3646 2276 3708; x_wconf 89' lang='lat' dir='ltr'><strong>duobus</strong></span> <span class='ocrx_word' id='word_1_566' title='bbox 2310 3670 2376 3709; x_wconf 87' lang='lat' dir='ltr'><strong>cx</strong></span> <span class='ocrx_word' id='word_1_567' title='bbox 2410 3656 2513 3710; x_wconf 90' lang='lat' dir='ltr'><strong>alia</strong></span> <span class='ocrx_word' id='word_1_568' title='bbox 2547 3657 2821 3725; x_wconf 86' lang='lat' dir='ltr'><strong>provincia</strong></span> <span class='ocrx_word' id='word_1_569' title='bbox 2866 3675 2972 3715; x_wconf 90' lang='lat' dir='ltr'><strong>non</strong></span> <span class='ocrx_word' id='word_1_570' title='bbox 3006 3660 3231 3716; x_wconf 85' lang='lat' dir='ltr'><strong>advocet</strong></span> <span class='ocrx_word' id='word_1_571' title='bbox 3271 3662 3552 3734; x_wconf 89' lang='lat' dir='ltr'><strong>episcopos</strong></span> <span class='ocrx_word' id='word_1_572' title='bbox 3578 3662 3649 3718; x_wconf 89' lang='lat' dir='ltr'><strong>ad</strong></span> 
     </span>
    </p>
   </div>
   <div class='ocr_carea' id='block_1_84' title="bbox 2060 3744 2379 3814">
    <p class='ocr_par' dir='ltr' id='par_1_84' title="bbox 2060 3744 2379 3814">
     <span class='ocr_line' id='line_1_84' title="bbox 2060 3744 2379 3814; baseline 0.019 -15"><span class='ocrx_word' id='word_1_573' title='bbox 2060 3744 2341 3814; x_wconf 84' lang='lat' dir='ltr'><strong>judicium.</strong></span> <span class='ocrx_word' id='word_1_574' title='bbox 2374 3800 2379 3805; x_wconf 70' lang='grc'>,</span> 
     </span>
    </p>
   </div>
   <div class='ocr_carea' id='block_1_85' title="bbox 2444 3840 3262 3917">
    <p class='ocr_par' dir='ltr' id='par_1_85' title="bbox 2444 3840 3262 3917">
     <span class='ocr_line' id='line_1_85' title="bbox 2444 3840 3262 3917; baseline 0.002 -20"><span class='ocrx_word' id='word_1_575' title='bbox 2444 3840 2531 3897; x_wconf 79' lang='grc' dir='ltr'><strong>ιν.</strong></span> <span class='ocrx_word' id='word_1_576' title='bbox 2575 3840 2651 3897; x_wconf 87' lang='lat' dir='ltr'><strong>De</strong></span> <span class='ocrx_word' id='word_1_577' title='bbox 2681 3845 2920 3913; x_wconf 84' lang='lat' dir='ltr'><strong>episcopo</strong></span> <span class='ocrx_word' id='word_1_578' title='bbox 2943 3846 3262 3917; x_wconf 79' lang='lat' dir='ltr'><strong>adjudicalo.</strong></span> 
     </span>
    </p>
   </div>
   <div class='ocr_carea' id='block_1_86' title="bbox 2139 3931 3653 4008">
    <p class='ocr_par' dir='ltr' id='par_1_86' title="bbox 2139 3931 3653 4008">
     <span class='ocr_line' id='line_1_86' title="bbox 2139 3931 3653 4008; baseline 0.005 -21"><span class='ocrx_word' id='word_1_579' title='bbox 2139 3931 2305 3987; x_wconf 77' lang='lat' dir='ltr'><strong>Osius</strong></span> <span class='ocrx_word' id='word_1_580' title='bbox 2334 3932 2623 4003; x_wconf 87' lang='lat' dir='ltr'><strong>episcopus</strong></span> <span class='ocrx_word' id='word_1_581' title='bbox 2653 3934 2795 3989; x_wconf 84' lang='lat' dir='ltr'><strong>dixit</strong></span> <span class='ocrx_word' id='word_1_582' title='bbox 2827 3953 2839 3988; x_wconf 92' lang='lat'>:</span> <span class='ocrx_word' id='word_1_583' title='bbox 2875 3936 3027 4003; x_wconf 82' lang='lat' dir='ltr'><strong>Quod</strong></span> <span class='ocrx_word' id='word_1_584' title='bbox 3060 3937 3105 3992; x_wconf 91' lang='lat' dir='ltr'><strong>si</strong></span> <span class='ocrx_word' id='word_1_585' title='bbox 3141 3935 3335 4008; x_wconf 86' lang='lat' dir='ltr'><strong>aliquis</strong></span> <span class='ocrx_word' id='word_1_586' title='bbox 3364 3936 3653 4008; x_wconf 85' lang='lat' dir='ltr'><strong>episcopus</strong></span> 
     </span>
    </p>
   </div>
   <div class='ocr_carea' id='block_1_87' title="bbox 2067 4021 3651 4097">
    <p class='ocr_par' dir='ltr' id='par_1_87' title="bbox 2067 4021 3651 4097">
     <span class='ocr_line' id='line_1_87' title="bbox 2067 4021 3651 4097; baseline 0.005 -21"><span class='ocrx_word' id='word_1_587' title='bbox 2067 4022 2409 4093; x_wconf 88' lang='lat' dir='ltr'><strong>adjudicatus</strong></span> <span class='ocrx_word' id='word_1_588' title='bbox 2434 4021 2598 4080; x_wconf 78' lang='lat' dir='ltr'><strong>fuerit</strong></span> <span class='ocrx_word' id='word_1_589' title='bbox 2620 4027 2673 4080; x_wconf 91' lang='lat' dir='ltr'><strong>in</strong></span> <span class='ocrx_word' id='word_1_590' title='bbox 2696 4026 2870 4096; x_wconf 83' lang='lat' dir='ltr'><strong>aliqua</strong></span> <span class='ocrx_word' id='word_1_591' title='bbox 2894 4039 3075 4093; x_wconf 82' lang='lat' dir='ltr'><strong>causa,</strong></span> <span class='ocrx_word' id='word_1_592' title='bbox 3106 4034 3160 4081; x_wconf 91' lang='lat' dir='ltr'><strong>et</strong></span> <span class='ocrx_word' id='word_1_593' title='bbox 3185 4036 3335 4097; x_wconf 90' lang='lat' dir='ltr'><strong>putat</strong></span> <span class='ocrx_word' id='word_1_594' title='bbox 3362 4042 3422 4081; x_wconf 90' lang='lat' dir='ltr'><strong>sc</strong></span> <span class='ocrx_word' id='word_1_595' title='bbox 3447 4026 3651 4084; x_wconf 86' lang='lat' dir='ltr'><strong>habere</strong></span> 
     </span>
    </p>
   </div>
   <div class='ocr_carea' id='block_1_88' title="bbox 2066 4112 3647 4189">
    <p class='ocr_par' dir='ltr' id='par_1_88' title="bbox 2066 4112 3647 4189">
     <span class='ocr_line' id='line_1_88' title="bbox 2066 4112 3647 4189; baseline 0.006 -23"><span class='ocrx_word' id='word_1_596' title='bbox 2066 4112 2262 4167; x_wconf 87' lang='lat' dir='ltr'><strong>bonam</strong></span> <span class='ocrx_word' id='word_1_597' title='bbox 2294 4128 2542 4180; x_wconf 65' lang='lat' dir='ltr'><strong>cauum,</strong></span> <span class='ocrx_word' id='word_1_598' title='bbox 2585 4124 2640 4171; x_wconf 82' lang='lat' dir='ltr'><strong>et</strong></span> <span class='ocrx_word' id='word_1_599' title='bbox 2687 4114 2793 4189; x_wconf 76' lang='grc' dir='ltr'><strong>[Ε.</strong></span> <span class='ocrx_word' id='word_1_600' title='bbox 2824 4115 2877 4183; x_wconf 78' lang='grc'><strong>5,</strong></span> <span class='ocrx_word' id='word_1_601' title='bbox 2916 4116 3007 4184; x_wconf 83' lang='grc' dir='ltr'><strong>υ.,</strong></span> <span class='ocrx_word' id='word_1_602' title='bbox 3045 4117 3135 4189; x_wconf 82' lang='grc' dir='ltr'>ιιι]</span> <span class='ocrx_word' id='word_1_603' title='bbox 3168 4118 3360 4174; x_wconf 88' lang='lat' dir='ltr'><strong>iterum</strong></span> <span class='ocrx_word' id='word_1_604' title='bbox 3386 4118 3647 4188; x_wconf 83' lang='lat' dir='ltr'><strong>judicium</strong></span> 
     </span>
    </p>
   </div>
   <div class='ocr_carea' id='block_1_89' title="bbox 2066 4206 3651 4281">
    <p class='ocr_par' dir='ltr' id='par_1_89' title="bbox 2066 4206 3651 4281">
     <span class='ocr_line' id='line_1_89' title="bbox 2066 4206 3651 4281; baseline 0.004 -22"><span class='ocrx_word' id='word_1_605' title='bbox 2066 4213 2383 4271; x_wconf 89' lang='lat' dir='ltr'><strong>renovetur,</strong></span> <span class='ocrx_word' id='word_1_606' title='bbox 2413 4206 2460 4262; x_wconf 90' lang='lat' dir='ltr'><strong>si</strong></span> <span class='ocrx_word' id='word_1_607' title='bbox 2488 4206 2640 4261; x_wconf 88' lang='lat' dir='ltr'><strong>vobis</strong></span> <span class='ocrx_word' id='word_1_608' title='bbox 2672 4211 2866 4277; x_wconf 87' lang='lat' dir='ltr'><strong>placet,</strong></span> <span class='ocrx_word' id='word_1_609' title='bbox 2902 4210 3076 4263; x_wconf 89' lang='lat' dir='ltr'><strong>sancti</strong></span> <span class='ocrx_word' id='word_1_610' title='bbox 3108 4210 3248 4266; x_wconf 82' lang='lat' dir='ltr'><strong>Petri</strong></span> <span class='ocrx_word' id='word_1_611' title='bbox 3280 4212 3509 4281; x_wconf 79' lang='lat' dir='ltr'><strong>apostoli</strong></span> <span class='ocrx_word' id='word_1_612' title='bbox 3535 4226 3651 4266; x_wconf 82' lang='lat' dir='ltr'><strong>me-</strong></span> 
     </span>
    </p>
   </div>
   <div class='ocr_carea' id='block_1_90' title="bbox 2065 4297 3646 4374">
    <p class='ocr_par' dir='ltr' id='par_1_90' title="bbox 2065 4297 3646 4374">
     <span class='ocr_line' id='line_1_90' title="bbox 2065 4297 3646 4374; baseline 0.004 -23"><span class='ocrx_word' id='word_1_613' title='bbox 2065 4297 2289 4352; x_wconf 90' lang='lat' dir='ltr'><strong>moriam</strong></span> <span class='ocrx_word' id='word_1_614' title='bbox 2338 4298 2696 4367; x_wconf 82' lang='lat' dir='ltr'><strong>honoremus,</strong></span> <span class='ocrx_word' id='word_1_615' title='bbox 2748 4312 2805 4355; x_wconf 90' lang='lat' dir='ltr'><strong>ut</strong></span> <span class='ocrx_word' id='word_1_616' title='bbox 2834 4302 3137 4368; x_wconf 85' lang='lat' dir='ltr'><strong>scribatur,</strong></span> <span class='ocrx_word' id='word_1_617' title='bbox 3188 4304 3271 4359; x_wconf 86' lang='lat' dir='ltr'><strong>vel</strong></span> <span class='ocrx_word' id='word_1_618' title='bbox 3318 4304 3387 4358; x_wconf 87' lang='lat' dir='ltr'><strong>ab</strong></span> <span class='ocrx_word' id='word_1_619' title='bbox 3429 4304 3513 4360; x_wconf 91' lang='lat' dir='ltr'><strong>his</strong></span> <span class='ocrx_word' id='word_1_620' title='bbox 3556 4305 3646 4374; x_wconf 87' lang='lat' dir='ltr'><strong>qui</strong></span> 
     </span>
    </p>
   </div>
   <div class='ocr_carea' id='block_1_91' title="bbox 2064 4392 3652 4471">
    <p class='ocr_par' dir='ltr' id='par_1_91' title="bbox 2064 4392 3652 4471">
     <span class='ocr_line' id='line_1_91' title="bbox 2064 4392 3652 4471; baseline 0.005 -23"><span class='ocrx_word' id='word_1_621' title='bbox 2064 4392 2456 4461; x_wconf 89' lang='lat' dir='ltr'><strong>examinarunt,</strong></span> <span class='ocrx_word' id='word_1_622' title='bbox 2495 4395 2577 4450; x_wconf 82' lang='lat' dir='ltr'><strong>vel</strong></span> <span class='ocrx_word' id='word_1_623' title='bbox 2610 4395 2770 4451; x_wconf 86' lang='lat' dir='ltr'><strong>etiam</strong></span> <span class='ocrx_word' id='word_1_624' title='bbox 2804 4396 2871 4452; x_wconf 89' lang='lat' dir='ltr'><strong>ab</strong></span> <span class='ocrx_word' id='word_1_625' title='bbox 2900 4397 3015 4451; x_wconf 84' lang='lat' dir='ltr'><strong>aliis</strong></span> <span class='ocrx_word' id='word_1_626' title='bbox 3047 4394 3191 4471; x_wconf 70' lang='lat' dir='ltr'><strong>[/E.,</strong></span> <span class='ocrx_word' id='word_1_627' title='bbox 3225 4398 3354 4471; x_wconf 89' lang='lat' dir='ltr'><strong>illis]</strong></span> <span class='ocrx_word' id='word_1_628' title='bbox 3384 4402 3652 4471; x_wconf 86' lang='lat' dir='ltr'><strong>episcopis</strong></span> 
     </span>
    </p>
   </div>
   <div class='ocr_carea' id='block_1_92' title="bbox 2065 4485 3650 4563">
    <p class='ocr_par' dir='ltr' id='par_1_92' title="bbox 2065 4485 3650 4563">
     <span class='ocr_line' id='line_1_92' title="bbox 2065 4485 3650 4563; baseline 0.006 -26"><span class='ocrx_word' id='word_1_629' title='bbox 2065 4485 2155 4553; x_wconf 87' lang='lat' dir='ltr'><strong>qui</strong></span> <span class='ocrx_word' id='word_1_630' title='bbox 2194 4486 2246 4539; x_wconf 88' lang='lat' dir='ltr'><strong>in</strong></span> <span class='ocrx_word' id='word_1_631' title='bbox 2287 4486 2560 4553; x_wconf 88' lang='lat' dir='ltr'><strong>provincia</strong></span> <span class='ocrx_word' id='word_1_632' title='bbox 2610 4489 2854 4557; x_wconf 84' lang='lat' dir='ltr'><strong>proxima</strong></span> <span class='ocrx_word' id='word_1_633' title='bbox 2908 4500 3207 4555; x_wconf 86' lang='lat' dir='ltr'><strong>morantur,</strong></span> <span class='ocrx_word' id='word_1_634' title='bbox 3242 4491 3489 4547; x_wconf 79' lang='lat' dir='ltr'><strong>Romano</strong></span> <span class='ocrx_word' id='word_1_635' title='bbox 3535 4493 3650 4563; x_wconf 86' lang='lat' dir='ltr'><strong>epi-</strong></span> 
     </span>
    </p>
   </div>
   <div class='ocr_carea' id='block_1_93' title="bbox 2066 4576 3647 4653">
    <p class='ocr_par' dir='ltr' id='par_1_93' title="bbox 2066 4576 3647 4653">
     <span class='ocr_line' id='line_1_93' title="bbox 2066 4576 3647 4653; baseline 0.006 -25"><span class='ocrx_word' id='word_1_636' title='bbox 2066 4589 2259 4644; x_wconf 89' lang='lat' dir='ltr'><strong>sc0po;</strong></span> <span class='ocrx_word' id='word_1_637' title='bbox 2292 4584 2347 4631; x_wconf 91' lang='lat' dir='ltr'><strong>et</strong></span> <span class='ocrx_word' id='word_1_638' title='bbox 2377 4576 2421 4630; x_wconf 93' lang='lat' dir='ltr'><strong>si</strong></span> <span class='ocrx_word' id='word_1_639' title='bbox 2456 4576 2475 4614; x_wconf 72' lang='grc' dir='ltr'><strong>ί</strong></span> <span class='ocrx_word' id='word_1_640' title='bbox 2498 4577 2816 4645; x_wconf 88' lang='lat' dir='ltr'><strong>judicaverit</strong></span> <span class='ocrx_word' id='word_1_641' title='bbox 2839 4581 3199 4637; x_wconf 90' lang='lat' dir='ltr'><strong>renovandum</strong></span> <span class='ocrx_word' id='word_1_642' title='bbox 3225 4582 3647 4653; x_wconf 88' lang='lat' dir='ltr'><strong>essejndicium,</strong></span> 
     </span>
    </p>
   </div>
   <div class='ocr_carea' id='block_1_94' title="bbox 2068 4660 3650 4742">
    <p class='ocr_par' dir='ltr' id='par_1_94' title="bbox 2068 4660 3650 4742">
     <span class='ocr_line' id='line_1_94' title="bbox 2068 4660 3650 4742; baseline 0.007 -23"><span class='ocrx_word' id='word_1_643' title='bbox 2068 4677 2387 4734; x_wconf 86' lang='lat' dir='ltr'><strong>renovetur,</strong></span> <span class='ocrx_word' id='word_1_644' title='bbox 2415 4676 2471 4722; x_wconf 92' lang='lat' dir='ltr'><strong>et</strong></span> <span class='ocrx_word' id='word_1_645' title='bbox 2498 4668 2590 4725; x_wconf 87' lang='lat' dir='ltr'><strong>det</strong></span> <span class='ocrx_word' id='word_1_646' title='bbox 2616 4660 2826 4739; x_wconf 87' lang='lat' dir='ltr'><strong>judices</strong></span> <span class='ocrx_word' id='word_1_647' title='bbox 2856 4673 2881 4719; x_wconf 69' lang='grc' dir='ltr'><strong>ι</strong></span> <span class='ocrx_word' id='word_1_648' title='bbox 2912 4691 2924 4727; x_wconf 90' lang='lat'><strong>:</strong></span> <span class='ocrx_word' id='word_1_649' title='bbox 2949 4672 2992 4728; x_wconf 92' lang='lat' dir='ltr'><strong>si</strong></span> <span class='ocrx_word' id='word_1_650' title='bbox 3027 4682 3211 4727; x_wconf 88' lang='lat' dir='ltr'><strong>autem</strong></span> <span class='ocrx_word' id='word_1_651' title='bbox 3240 4673 3543 4742; x_wconf 88' lang='lat' dir='ltr'><strong>probaverit</strong></span> <span class='ocrx_word' id='word_1_652' title='bbox 3570 4686 3650 4731; x_wconf 81' lang='lat' dir='ltr'><strong>ta-</strong></span> 
     </span>
    </p>
   </div>
   <div class='ocr_carea' id='block_1_95' title="bbox 2067 4757 3646 4834">
    <p class='ocr_par' dir='ltr' id='par_1_95' title="bbox 2067 4757 3646 4834">
     <span class='ocr_line' id='line_1_95' title="bbox 2067 4757 3646 4834; baseline 0.006 -24"><span class='ocrx_word' id='word_1_653' title='bbox 2067 4757 2172 4812; x_wconf 86' lang='lat' dir='ltr'><strong>lem</strong></span> <span class='ocrx_word' id='word_1_654' title='bbox 2212 4766 2425 4813; x_wconf 81' lang='lat' dir='ltr'><strong>causant</strong></span> <span class='ocrx_word' id='word_1_655' title='bbox 2458 4768 2517 4813; x_wconf 91' lang='grc' dir='ltr'><strong>ιιι</strong></span> <span class='ocrx_word' id='word_1_656' title='bbox 2552 4775 2617 4816; x_wconf 90' lang='lat' dir='ltr'><strong>ea</strong></span> <span class='ocrx_word' id='word_1_657' title='bbox 2648 4775 2752 4816; x_wconf 89' lang='lat' dir='ltr'><strong>non</strong></span> <span class='ocrx_word' id='word_1_658' title='bbox 2779 4763 3105 4831; x_wconf 81' lang='lat' dir='ltr'><strong>replicentur</strong></span> <span class='ocrx_word' id='word_1_659' title='bbox 3129 4760 3156 4799; x_wconf 72' lang='grc' dir='ltr'><strong>ιι</strong></span> <span class='ocrx_word' id='word_1_660' title='bbox 3187 4774 3304 4834; x_wconf 70' lang='lat' dir='ltr'><strong>quae</strong></span> <span class='ocrx_word' id='word_1_661' title='bbox 3332 4774 3449 4819; x_wconf 89' lang='lat' dir='ltr'><strong>acta</strong></span> <span class='ocrx_word' id='word_1_662' title='bbox 3480 4774 3605 4820; x_wconf 89' lang='lat' dir='ltr'><strong>sunt</strong></span> <span class='ocrx_word' id='word_1_663' title='bbox 3631 4808 3646 4831; x_wconf 91' lang='lat'><strong>,</strong></span> 
     </span>
    </p>
   </div>
   <div class='ocr_carea' id='block_1_96' title="bbox 2065 4850 3643 4926">
    <p class='ocr_par' dir='ltr' id='par_1_96' title="bbox 2065 4850 3643 4926">
     <span class='ocr_line' id='line_1_96' title="bbox 2065 4850 3643 4926; baseline 0.006 -22"><span class='ocrx_word' id='word_1_664' title='bbox 2065 4864 2185 4920; x_wconf 71' lang='lat' dir='ltr'><strong>quae</strong></span> <span class='ocrx_word' id='word_1_665' title='bbox 2200 4850 2498 4907; x_wconf 82' lang='lat' dir='ltr'><strong>decreverit</strong></span> <span class='ocrx_word' id='word_1_666' title='bbox 2523 4854 2795 4909; x_wconf 79' lang='lat' dir='ltr'><strong>Romanus</strong></span> <span class='ocrx_word' id='word_1_667' title='bbox 2813 4854 3099 4926; x_wconf 76' lang='lat' dir='ltr'><strong>episcopus</strong></span> <span class='ocrx_word' id='word_1_668' title='bbox 3119 4858 3435 4913; x_wconf 84' lang='lat' dir='ltr'><strong>confirmata</strong></span> <span class='ocrx_word' id='word_1_669' title='bbox 3457 4869 3643 4915; x_wconf 90' lang='lat' dir='ltr'><strong>erunt:</strong></span> 
     </span>
    </p>
   </div>
   <div class='ocr_carea' id='block_1_97' title="bbox 2065 4943 3647 5022">
    <p class='ocr_par' dir='ltr' id='par_1_97' title="bbox 2065 4943 3647 5022">
     <span class='ocr_line' id='line_1_97' title="bbox 2065 4943 3647 5022; baseline 0.007 -26"><span class='ocrx_word' id='word_1_670' title='bbox 2065 4943 2108 4996; x_wconf 86' lang='lat' dir='ltr'><strong>si</strong></span> <span class='ocrx_word' id='word_1_671' title='bbox 2147 4957 2276 5013; x_wconf 74' lang='lat' dir='ltr'><strong>ergo</strong></span> <span class='ocrx_word' id='word_1_672' title='bbox 2306 4944 2405 4998; x_wconf 91' lang='lat' dir='ltr'><strong>hoc</strong></span> <span class='ocrx_word' id='word_1_673' title='bbox 2431 4945 2681 5002; x_wconf 86' lang='lat' dir='ltr'><strong>omnibus</strong></span> <span class='ocrx_word' id='word_1_674' title='bbox 2712 4948 2913 5017; x_wconf 88' lang='lat' dir='ltr'><strong>placet,</strong></span> <span class='ocrx_word' id='word_1_675' title='bbox 2948 4958 3231 5005; x_wconf 82' lang='lat' dir='ltr'><strong>statuatur.</strong></span> <span class='ocrx_word' id='word_1_676' title='bbox 3282 4949 3533 5022; x_wconf 79' lang='lat' dir='ltr'><strong>Synodus</strong></span> <span class='ocrx_word' id='word_1_677' title='bbox 3560 4963 3647 5007; x_wconf 80' lang='lat' dir='ltr'><strong>ro-</strong></span> 
     </span>
    </p>
   </div>
   <div class='ocr_carea' id='block_1_98' title="bbox 2065 5034 2560 5103">
    <p class='ocr_par' dir='ltr' id='par_1_98' title="bbox 2065 5034 2560 5103">
     <span class='ocr_line' id='line_1_98' title="bbox 2065 5034 2560 5103; baseline 0.01 -17"><span class='ocrx_word' id='word_1_678' title='bbox 2065 5034 2278 5103; x_wconf 87' lang='lat' dir='ltr'><strong>spondit</strong></span> <span class='ocrx_word' id='word_1_679' title='bbox 2314 5052 2328 5087; x_wconf 92' lang='lat'><strong>:</strong></span> <span class='ocrx_word' id='word_1_680' title='bbox 2364 5035 2560 5091; x_wconf 83' lang='lat' dir='ltr'><strong>Placet.</strong></span> 
     </span>
    </p>
   </div>
   <div class='ocr_carea' id='block_1_99' title="bbox 2328 5126 3364 5202">
    <p class='ocr_par' dir='ltr' id='par_1_99' title="bbox 2328 5126 3364 5202">
     <span class='ocr_line' id='line_1_99' title="bbox 2328 5126 3364 5202; baseline 0.009 -25"><span class='ocrx_word' id='word_1_681' title='bbox 2328 5126 2391 5181; x_wconf 87' lang='lat' dir='ltr'><strong>V.</strong></span> <span class='ocrx_word' id='word_1_682' title='bbox 2436 5126 2513 5182; x_wconf 89' lang='lat' dir='ltr'><strong>De</strong></span> <span class='ocrx_word' id='word_1_683' title='bbox 2544 5129 2792 5199; x_wconf 81' lang='lat' dir='ltr'><strong>episcOpis</strong></span> <span class='ocrx_word' id='word_1_684' title='bbox 2815 5146 2847 5183; x_wconf 86' lang='grc' dir='ltr'><em>α</em></span> <span class='ocrx_word' id='word_1_685' title='bbox 2874 5132 3069 5200; x_wconf 82' lang='lat' dir='ltr'><strong>synodo</strong></span> <span class='ocrx_word' id='word_1_686' title='bbox 3100 5132 3364 5202; x_wconf 71' lang='lat' dir='ltr'><strong>depositis.</strong></span> 
     </span>
    </p>
   </div>
   <div class='ocr_carea' id='block_1_100' title="bbox 2138 5217 3645 5291">
    <p class='ocr_par' dir='ltr' id='par_1_100' title="bbox 2138 5217 3645 5291">
     <span class='ocr_line' id='line_1_100' title="bbox 2138 5217 3645 5291; baseline 0.007 -18"><span class='ocrx_word' id='word_1_687' title='bbox 2138 5217 2468 5274; x_wconf 76' lang='lat' dir='ltr'><strong>Gaudentius</strong></span> <span class='ocrx_word' id='word_1_688' title='bbox 2518 5222 2800 5291; x_wconf 86' lang='lat' dir='ltr'><strong>episcopus</strong></span> <span class='ocrx_word' id='word_1_689' title='bbox 2843 5224 2977 5277; x_wconf 82' lang='lat' dir='ltr'><strong>dixit</strong></span> <span class='ocrx_word' id='word_1_690' title='bbox 3028 5241 3042 5277; x_wconf 91' lang='lat'><strong>:</strong></span> <span class='ocrx_word' id='word_1_691' title='bbox 3089 5225 3409 5281; x_wconf 80' lang='lat' dir='ltr'><strong>Addendom</strong></span> <span class='ocrx_word' id='word_1_692' title='bbox 3443 5236 3545 5291; x_wconf 77' lang='lat' dir='ltr'><strong>est,</strong></span> <span class='ocrx_word' id='word_1_693' title='bbox 3598 5227 3645 5283; x_wconf 86' lang='lat' dir='ltr'><strong>si</strong></span> 
     </span>
    </p>
   </div>
   <div class='ocr_carea' id='block_1_101' title="bbox 1991 5310 3643 5389">
    <p class='ocr_par' dir='ltr' id='par_1_101' title="bbox 1991 5310 3643 5389">
     <span class='ocr_line' id='line_1_101' title="bbox 1991 5310 3643 5389; baseline 0.006 -24"><span class='ocrx_word' id='word_1_694' title='bbox 1991 5321 2044 5382; x_wconf 80' lang='grc' dir='ltr'>ι)</span> <span class='ocrx_word' id='word_1_695' title='bbox 2072 5310 2270 5383; x_wconf 86' lang='lat' dir='ltr'><strong>placet,</strong></span> <span class='ocrx_word' id='word_1_696' title='bbox 2306 5310 2427 5366; x_wconf 89' lang='lat' dir='ltr'><strong>huic</strong></span> <span class='ocrx_word' id='word_1_697' title='bbox 2457 5314 2741 5368; x_wconf 77' lang='lat' dir='ltr'><strong>sententia:</strong></span> <span class='ocrx_word' id='word_1_698' title='bbox 2768 5328 2926 5385; x_wconf 84' lang='lat' dir='ltr'><strong>quam</strong></span> <span class='ocrx_word' id='word_1_699' title='bbox 2965 5316 3174 5385; x_wconf 83' lang='lat' dir='ltr'><strong>plenam</strong></span> <span class='ocrx_word' id='word_1_700' title='bbox 3204 5318 3491 5375; x_wconf 86' lang='lat' dir='ltr'><strong>sanctitate</strong></span> <span class='ocrx_word' id='word_1_701' title='bbox 3519 5333 3643 5389; x_wconf 72' lang='lat' dir='ltr'><strong>pro-</strong></span> 
     </span>
    </p>
   </div>
   <div class='ocr_carea' id='block_1_102' title="bbox 2134 5464 2955 5533">
    <p class='ocr_par' dir='ltr' id='par_1_102' title="bbox 2134 5464 2955 5533">
     <span class='ocr_line' id='line_1_102' title="bbox 2134 5464 2955 5533; baseline 0.01 -16"><span class='ocrx_word' id='word_1_702' title='bbox 2134 5475 2155 5502; x_wconf 72' lang='grc' dir='ltr'><strong>ε</strong></span> <span class='ocrx_word' id='word_1_703' title='bbox 2192 5466 2248 5519; x_wconf 75' lang='lat' dir='ltr'><strong>li.</strong></span> <span class='ocrx_word' id='word_1_704' title='bbox 2284 5464 2372 5531; x_wconf 85' lang='grc' dir='ltr'><strong>1ι.,</strong></span> <span class='ocrx_word' id='word_1_705' title='bbox 2406 5467 2509 5519; x_wconf 64' lang='lat' dir='ltr'><strong>suis</strong></span> <span class='ocrx_word' id='word_1_706' title='bbox 2532 5467 2955 5533; x_wconf 72' lang='lat' dir='ltr'><strong>fueritinriialas.</strong></span> 
     </span>
    </p>
   </div>
   <div class='ocr_carea' id='block_1_103' title="bbox 2136 5533 2805 5604">
    <p class='ocr_par' dir='ltr' id='par_1_103' title="bbox 2136 5533 2805 5604">
     <span class='ocr_line' id='line_1_103' title="bbox 2136 5533 2805 5604; baseline 0.007 -16"><span class='ocrx_word' id='word_1_707' title='bbox 2136 5533 2154 5573; x_wconf 68' lang='grc' dir='ltr'>ί</span> <span class='ocrx_word' id='word_1_708' title='bbox 2188 5538 2248 5589; x_wconf 89' lang='grc' dir='ltr'><strong>Ἰ“.</strong></span> <span class='ocrx_word' id='word_1_709' title='bbox 2278 5536 2330 5599; x_wconf 70' lang='grc'><strong>2,</strong></span> <span class='ocrx_word' id='word_1_710' title='bbox 2363 5539 2622 5604; x_wconf 71' lang='grc' dir='ltr'><strong>ερέεεορο,</strong></span> <span class='ocrx_word' id='word_1_711' title='bbox 2660 5550 2715 5591; x_wconf 79' lang='lat' dir='ltr'><strong>ut</strong></span> <span class='ocrx_word' id='word_1_712' title='bbox 2739 5542 2805 5594; x_wconf 76' lang='lat' dir='ltr'><strong>si.</strong></span> 
     </span>
    </p>
   </div>
   <div class='ocr_carea' id='block_1_104' title="bbox 2133 5605 2979 5677">
    <p class='ocr_par' dir='ltr' id='par_1_104' title="bbox 2133 5605 2979 5677">
     <span class='ocr_line' id='line_1_104' title="bbox 2133 5605 2979 5677; baseline 0.008 -19"><span class='ocrx_word' id='word_1_713' title='bbox 2133 5616 2157 5677; x_wconf 68' lang='grc' dir='ltr'>β</span> <span class='ocrx_word' id='word_1_714' title='bbox 2192 5605 2304 5671; x_wconf 62' lang='grc' dir='ltr'><strong>ΑΕ..</strong></span> <span class='ocrx_word' id='word_1_715' title='bbox 2334 5608 2417 5659; x_wconf 86' lang='lat' dir='ltr'><strong>det</strong></span> <span class='ocrx_word' id='word_1_716' title='bbox 2437 5609 2627 5677; x_wconf 81' lang='lat' dir='ltr'><strong>judicii</strong></span> <span class='ocrx_word' id='word_1_717' title='bbox 2656 5611 2979 5665; x_wconf 84' lang='lat' dir='ltr'><strong>sententiam.</strong></span> 
     </span>
    </p>
   </div>
   <div class='ocr_carea' id='block_1_105' title="bbox 2130 5674 3535 5755">
    <p class='ocr_par' dir='ltr' id='par_1_105' title="bbox 2130 5674 3535 5755">
     <span class='ocr_line' id='line_1_105' title="bbox 2130 5674 3535 5755; baseline 0.004 -22"><span class='ocrx_word' id='word_1_718' title='bbox 2130 5674 2155 5714; x_wconf 72' lang='grc' dir='ltr'><strong>ιι</strong></span> <span class='ocrx_word' id='word_1_719' title='bbox 2191 5677 2247 5734; x_wconf 82' lang='grc' dir='ltr'><strong>ιιι</strong></span> <span class='ocrx_word' id='word_1_720' title='bbox 2279 5674 2500 5749; x_wconf 81' lang='lat' dir='ltr'><strong>reliquis</strong></span> <span class='ocrx_word' id='word_1_721' title='bbox 2519 5679 2827 5745; x_wconf 69' lang='lat' dir='ltr'><strong>(iudicibus,</strong></span> <span class='ocrx_word' id='word_1_722' title='bbox 2858 5691 3057 5753; x_wconf 66' lang='lat' dir='ltr'><strong>printer</strong></span> <span class='ocrx_word' id='word_1_723' title='bbox 3086 5682 3177 5753; x_wconf 79' lang='lat' dir='ltr'><strong>A.,</strong></span> <span class='ocrx_word' id='word_1_724' title='bbox 3208 5683 3535 5755; x_wconf 74' lang='lat' dir='ltr'><strong>refricentur.</strong></span> 
     </span>
    </p>
   </div>
  </div>
