4072 6176
310 340 409 396 Il?

1282 335 1692 401 GRECORUM
1733 336 2069 395 CONClLlA.
2109 367 2179 381 --
2209 338 2656 396 SARDICENSE.

3500 356 3617 411 H8“

305 453 511 510 tulistis
535 494 553 518 ,
598 458 657 506 ut
695 464 817 506 cum
866 447 1065 518 aliquis
1107 448 1397 518 episcopus
1438 450 1714 520 depositus
1744 451 1905 507 fuerit
1931 451 1979 511 Α
2008 450 2188 518 scopi,
2241 459 2295 503 et
2326 450 2557 509 maxime
2587 449 2739 519 Afri,
2791 453 2877 521 qui
2906 453 3062 510 sicuti
3109 459 3455 522 cognovimus
3480 478 3602 517 sau-

314 560 511 602 eorum
558 544 939 613 episcoporum
976 540 1181 610 judicio
1219 540 1313 611 qui
1353 540 1407 594 in
1436 541 1627 597 vicinis
1671 556 1909 597 commo-

310 649 506 697 rantur
532 638 688 704 locis,
720 645 777 692 et
803 634 1220 706 proclamaverit
1243 634 1509 706 agendum
1534 635 1634 690 sibi
1666 650 1788 690 esse
1816 648 1911 689 ne-

310 733 521 803 gotium
555 731 611 785 in
641 730 778 783 urbe
804 726 1005 790 Roma;
1034 724 1171 781 alter
1193 729 1481 795 episcopus
1513 725 1565 779 in
1601 725 1787 779 eadem
1817 739 1910 778 ca-

314 824 507 879 thedra
541 820 650 892 35
683 828 806 889 post
835 817 1255 887 appellationem
1284 817 1403 885 ejus
1433 816 1524 884 qui
1556 816 1768 870 videtur
1793 827 1913 871 esse

314 915 603 986 depositus
634 912 856 967 omnino
880 925 986 965 non
1015 909 1318 975 ordinetur,
1345 909 1446 963 nisi
1474 922 1637 965 causa
1667 908 1832 964 fuerit
1859 909 1912 963 in

313 1005 524 1077 judicio
554 1001 786 1058 Romani
816 1000 1058 1070 episcopi
1090 1000 1467 1056 determinata.

810 1091 898 1147 Vl.
941 1090 1018 1145 De
1048 1092 1229 1158 quibus
1258 1108 1434 1161 supra.

394 1188 556 1243 Osies
586 1184 873 1254 episcopus
917 1182 1055 1235 dixit
1086 1199 1097 1233 :
1128 1181 1183 1238 Si
1211 1181 1499 1251 contigerit
1542 1182 1595 1236 in
1640 1196 1742 1235 una
1790 1194 1913 1248 pro-

321 1280 498 1332 vincia
531 1278 585 1331 in
617 1290 721 1347 qua
762 1272 962 1328 fuerint
984 1273 1135 1326 duo‘l
1167 1273 1429 1344 episcopi,
1460 1288 1625 1327 unum
1658 1272 1793 1326 forte
1829 1285 1917 1324 re-

326 1383 551 1424 manere
586 1367 898 1436 episcopum
921 1405 936 1431 ,
986 1364 1076 1419 ille
1103 1378 1233 1418 vero
1282 1380 1379 1433 per
1422 1365 1797 1435 negligentiam
1827 1376 1919 1415 no-

326 1462 490 1515 luerit
531 1458 787 1513 ordinare
820 1455 1169 1524 episcopum,
1211 1463 1266 1508 et
1306 1455 1487 1524 populi
1534 1453 1916 1521 eottvetterint,

326 1552 569 1623 episcopi
602 1549 629 1588 δ
663 1548 858 1603 vicina:
888 1546 1179 1616 provinciae
1210 1545 1409 1602 debent
1442 1547 1591 1600 illum
1622 1547 1765 1617 prius
1795 1562 1924 1601 con-

328 1646 522 1700 venire
549 1643 861 1711 episcopum
891 1641 981 1712 qui
1021 1641 1072 1695 in
1106 1640 1297 1695 eadem
1343 1641 1615 1707 provincia
1647 1649 1887 1693 moratur
1907 1679 1923 1704 ,

344 1748 400 1792 et
430 1734 717 1790 ostendere
747 1733 886 1803 quod
920 1732 1102 1802 populi
1132 1741 1318 1801 petant
1338 1734 1438 1787 sibi
1465 1741 1729 1788 rectorem
1752 1743 1805 1786 et
1826 1732 1926 1785 hoc

334 1830 538 1899 justum
570 1841 689 1882 esse
722 1834 781 1879 ut
823 1832 877 1879 et
904 1826 1019 1892 ipse
1059 1825 1240 1879 veniat
1285 1834 1337 1879 et
1377 1840 1497 1879 cum
1528 1826 1643 1895 ipso
1672 1825 1923 1879 Ordinent
1958 1803 2000 1862 Β

338 1920 679 1985 episcOpum.
727 1915 879 1983 Quod
921 1915 966 1970 si
1016 1926 1313 1970 conventus
1355 1916 1549 1970 litteris
1601 1917 1827 1971 tacuerit
1872 1926 1928 1972 et

334 2006 765 2061 dissimulaverit
814 2005 1056 2073 nihilque
1113 2005 1479 2076 rescripserit,
1529 2015 1655 2063 tunc
1708 2008 1924 2062 satisfa-

338 2098 588 2152 ciendum
619 2112 742 2151 esse
767 2096 977 2165 populis
1002 2104 1060 2149 ut
1084 2096 1300 2151 veniant
1323 2109 1342 2135 ο
1368 2112 1434 2151 ex
1457 2098 1627 2153 vicina
1652 2100 1924 2168 provincia

334 2202 390 2245 et
434 2188 687 2244 ordinent
727 2188 1074 2256 episcopum;
1117 2186 1211 2241 sed
1262 2188 1453 2242 iterum
1494 2188 1708 2244 licentia
1753 2191 1926 2245 danda

337 2283 546 2354 passim
578 2296 685 2337 non
712 2290 815 2337 est.
846 2280 902 2336 Si
933 2282 1076 2335 enim
1111 2282 1292 2337 subito
1321 2291 1411 2335 aut
1440 2283 1584 2337 vicus
1614 2283 1805 2352 aliquis
1836 2293 1928 2340 aut

347 2370 565 2435 modica
595 2372 804 2441 civitas,
833 2371 918 2426 cui
950 2371 1078 2426 satis
1097 2380 1181 2427 est
1208 2386 1341 2426 unus
1364 2373 1665 2443 presbyter,
1702 2375 1932 2431 voluerit

339 2465 452 2520 sibi
496 2464 809 2534 episcopum
858 2463 1094 2520 ordinari
1134 2464 1201 2520 ad
1233 2468 1334 2519 hoc
1374 2475 1430 2518 ut
1470 2466 1693 2520 vilescat
1735 2483 1928 2525 nomen

338 2558 586 2627 episcopi
617 2567 669 2612 et
693 2560 1003 2621 auctoritas,
1038 2572 1142 2613 non
1173 2556 1371 2613 debent
1397 2557 1472 2612 illi
1497 2572 1561 2612 ex
1589 2558 1688 2612 alia
1718 2562 1931 2629 provin-

338 2651 423 2701 cia
454 2646 663 2701 invitati
695 2648 878 2703 facere
907 2648 1247 2718 episcopum,
1288 2647 1387 2702 nisi
1419 2656 1515 2702 aut
1544 2647 1598 2702 in
1630 2650 1711 2705 his
1740 2650 1931 2706 civita-

343 2742 485 2795 tibus
506 2755 627 2809 quze
650 2739 935 2809 episcopos
962 2739 1199 2795 habuero
1213 2750 1290 2805 nt,
1320 2749 1410 2797 aut
1435 2739 1479 2794 si
1502 2755 1605 2809 qua
1630 2752 1733 2795 tam
1762 2758 1932 2813 pepu-

344 2832 456 2884 losa
487 2839 572 2883 est
600 2830 793 2884 civitas
824 2831 907 2884 vel
953 2830 1101 2885 locus
1145 2828 1232 2899 qui
1265 2838 1537 2887 mereatur
1570 2832 1769 2888 habere
1815 2836 1932 2904 epi-

342 2938 584 2993 scopum.
611 2922 864 2994 Synodus
896 2922 1172 2992 respondit
1195 2937 1208 2975 :
1229 2922 1429 2979 Placet.

734 3013 847 3071 γιι.
892 3014 967 3069 De
994 3014 1247 3083 episcopis
1275 3014 1550 3070 accusatis.

416 3107 573 3163 Osius
600 3106 887 3176 episc0pus
908 3106 1043 3161 dixit
1068 3122 1083 3162 :
1115 3105 1181 3159 Et
1211 3106 1310 3159 hoc
1335 3106 1533 3173 placuit
1564 3114 1620 3160 ut
1652 3106 1696 3162 si
1723 3107 1931 3177 episco-

346 3217 444 3270 pus
474 3210 760 3255 accusatus
793 3198 975 3264 fuerit,
1001 3209 1052 3252 et
1081 3198 1771 3271 judicaverintcongregati
1819 3200 1933 3269 epi-

346 3294 492 3360 sc0pi
525 3292 761 3361 regionis
789 3292 931 3344 illius
953 3286 976 3324 δ
1003 3299 1056 3344 et
1080 3289 1148 3345 de
1173 3291 1338 3360 gradu
1358 3305 1457 3345 suo
1478 3290 1931 3360 dejecerinteum,

354 3386 399 3437 si
432 3382 784 3454 appellaverit
818 3382 906 3450 qui
950 3380 1194 3450 deiectus
1220 3381 1431 3437 videtur
1458 3391 1509 3436 et
1541 3380 1839 3452 confugerit
1868 3383 1933 3437 ad

354 3476 723 3531 beatissimum
751 3474 1006 3529 Ecclesiae
1034 3475 1287 3529 Romana:
1312 3475 1647 3544 episcopum,
1672 3484 1726 3530 et
1751 3475 1937 3531 volue-

350 3572 417 3623 rit
438 3569 609 3623 andiri
634 3610 649 3635 ,
682 3568 727 3622 si
760 3568 965 3637 justum
994 3567 1259 3635 putaverit
1284 3578 1340 3622 ιιι
1366 3574 1658 3625 renovetur
1688 3583 1933 3634 examen,

349 3677 438 3716 scr
462 3663 593 3716 bere
642 3661 914 3729 episcopis
944 3659 1192 3728 dignetur
1225 3657 1284 3712 ἢ
1309 3674 1498 3714 manus
1541 3660 1825 3729 episcopus
1855 3660 1939 3716 his

346 3755 438 3814 qui
482 3754 533 3804 in
565 3751 795 3805 finitima
835 3760 891 3803 et
934 3749 1227 3819 propinqua
1256 3749 1421 3804 altera
1472 3750 1741 3818 provincia
1779 3761 1935 3820 sunt,

348 3858 403 3904 et
434 3853 454 3878 ε
483 3844 587 3913 ipsi
637 3843 923 3916 diligenter
959 3841 1137 3899 omnia
1181 3843 1457 3912 requirant
1497 3849 1551 3898 et
1585 3832 1737 3915 juxta
1780 3843 1938 3900 ﬁdem

350 3940 595 3995 veritatis
643 3936 925 3993 deliniant.
981 3936 1134 4004 Quod
1181 3939 1225 3990 si
1277 3937 1356 4003 is,
1398 3937 1489 4005 qni
1521 3946 1674 4009 rogat
1720 3952 1938 3992 causam

350 4048 506 4088 suam
564 4028 808 4085 iterumf
859 4030 1076 4096 audiri,
1134 4029 1516 4098 deprecatione
1562 4044 1655 4082 sua
1714 4032 1942 4086 moverit

349 4126 668 4192 episcopum
704 4122 1001 4176 Romanum
1036 4129 1093 4174 ut
1132 4135 1163 4175 e
1204 4121 1369 4174 latere
1397 4134 1495 4174 suo
1542 4118 1887 4190 presbyteros
1913 4129 1937 4168 ι

353 4217 553 4282 mittat,
607 4215 713 4269 erit
757 4215 811 4267 in
850 4220 1114 4282 potestate
1166 4212 1337 4282 ipsius
1381 4211 1508 4279 quid
1542 4211 1670 4266 velit
1711 4220 1768 4267 et
1812 4211 1939 4281 quid

353 4310 591 4363 a'stimct
621 4324 635 4361 :
667 4316 721 4361 et
763 4307 808 4361 si
837 4305 1137 4361 decreverit
1183 4304 1474 4360 mittendos
1503 4320 1623 4360 esse
1664 4304 1756 4377 qui
1807 4320 1942 4373 prae.-

355 4410 538 4455 sentcs
568 4415 691 4454 cum
722 4399 986 4470 episcopis
1008 4397 1252 4468 judicent
1293 4406 1352 4451 ut
1382 4398 1542 4451 etiam
1575 4397 1806 4451 habeant
1850 4412 1941 4450 au-

1961 3156 2007 3218 C

2010 538 2236 594 ctissimi
2283 539 2462 593 fratris
2506 548 2562 594 et
2599 541 2904 611 coepiscOpi
2955 546 3125 601 nostri
3157 547 3304 605 Grati
3350 550 3601 606 salutaria

2012 629 2235 684 consilia
2274 639 2529 700 spernant
2564 643 2726 701 atque
2764 643 3149 704 contemnant,
3192 649 3381 697 etnon
3429 643 3604 699 solum

2012 724 2078 779 ad
2108 726 2422 780 comitatum
2450 726 2645 781 multas
2673 738 2728 782 et
2770 727 3015 786 diversas
3047 730 3308 789 Ecclesia:
3336 750 3443 790 non
3474 750 3603 805 pro-

2014 816 2223 872 futuras
2256 817 2524 887 perferant
2553 834 2765 885 causas,
2800 830 2859 875 ut
2887 822 3003 876 fieri
3026 824 3185 889 solet,
3240 834 3333 879 aut
3363 836 3605 894 oportet.

2017 920 2074 964 ut
2095 921 2183 964 aut
2209 910 2551 980 pauperibus,
2572 911 2870 978 autvidttis,
2888 922 2979 967 aut
2999 914 3210 983 pupillis
3234 916 3605 980 subveniatur,

2017 1002 2112 1056 sed
2148 1011 2203 1056 et
2230 1001 2516 1071 dignitates
2551 1003 2839 1059 sicculares
2862 1014 2919 1058 et
2959 1004 3453 1069 administrationes
3479 1011 3615 1077 qui--

2018 1092 2240 1147 busdam
2272 1094 2572 1162 postulent.
2608 1094 2733 1149 Haec
2761 1096 2941 1163 itaque
2972 1099 3203 1163 pravitas
3233 1099 3361 1153 olim
3385 1114 3490 1154 nou
3521 1113 3609 1155 so-

2021 1184 2128 1237 lum
2161 1185 2610 1239 murmurationes
2641 1185 2737 1239 sed
2772 1194 2827 1240 et
2872 1188 3123 1241 scandala
3153 1189 3409 1243 excitavit
3452 1206 3467 1243 :
3513 1189 3607 1244 lto-

2021 1290 2233 1331 nesmm
2256 1286 2337 1331 est
2364 1286 2544 1331 autem
2575 1287 2632 1330 ut
2661 1279 2945 1347 episc0pus
2980 1280 3427 1337 intercessionem
3456 1295 3619 1337 suam

2024 1369 2105 1424 his
2130 1378 2377 1439 praestet,
2420 1371 2512 1439 qui
2542 1371 2716 1439 aliqua
2750 1372 2927 1439 iniqua
2950 1372 2998 1426 vi
3028 1372 3407 1441 opprimuntur
3439 1383 3531 1429 aut
3558 1374 3604 1428 si

2026 1462 2186 1515 vidua
2214 1460 2467 1529 afﬂigitur
2491 1470 2579 1516 aut
2604 1462 2836 1531 pupillus
2858 1463 3211 1532 exspoliatur,
3240 1474 3415 1519 tamen
3438 1475 3490 1519 et
3513 1467 3621 1520 ista-

2025 1555 2200 1607 omnia
2222 1592 2239 1617 ,
2283 1554 2326 1608 si
2348 1552 2547 1622 justam
2578 1555 2808 1610 habeant
2836 1570 3054 1611 causam
3081 1565 3136 1610 et
3162 1555 3498 1625 petitionem.
3552 1556 3611 1611 Si

2025 1640 2181 1694 vobis
2224 1657 2353 1712 ergo
2373 1682 2388 1708 ,
2422 1643 2618 1697 fratres
2652 1645 2978 1712 charissimi,
3010 1646 3207 1714 placet,
3237 1646 3512 1703 decernite
3541 1662 3608 1700 ne

2028 1734 2269 1802 episcopi
2300 1735 2365 1789 ad
2391 1735 2699 1790 comitatum
2719 1736 2998 1802 accedant,
3033 1736 3136 1793 nisi
3167 1737 3306 1793 forte
3328 1738 3384 1795 hi
3414 1737 3504 1808 qui
3527 1753 3613 1791 re-

2028 1824 2346 1895 ligiosissimi
2373 1825 2713 1894 imperatoris
2740 1825 2932 1881 litteris
2954 1827 3035 1882 vel
3060 1828 3269 1883 invitati
3298 1826 3503 1884 fuerint
3520 1831 3607 1884 vel

2026 1918 2251 1972 evocati.
2306 1917 2412 1974 Sed
2442 1919 2693 1987 quoniam
2724 1933 2870 1987 stepe
2905 1920 3169 1989 contingit
3212 1928 3270 1975 ut
3296 1920 3362 1976 ad
3393 1917 3625 1976 miseri-.

2026 2007 2271 2062 cordiam
2307 2007 2570 2063 Ecclesiae
2591 2007 2901 2090 cgnfugiant
2927 2010 3019 2079 qui
3046 2008 3296 2079 injuriam
3319 2009 3621 2079 patiuntur,

2025 2107 2083 2155 et
2114 2099 2203 2169 qui
2234 2108 2518 2169 peccantes
2541 2099 2594 2162 in
2623 2099 2872 2157 exsilium
2903 2100 2989 2156 vel
3018 2101 3071 2162 in
3105 2101 3309 2158 insulas
3352 2101 3631 2157 damnum.

2027 2197 2138 2257 tur,
2180 2200 2275 2244 aut
2294 2198 2444 2246 certe
2470 2191 2775 2261 quicunque
2794 2191 3116 2247 sententiam
3139 2191 3435 2260 excipiunt,
3464 2190 3627 2247 ideo-,

2028 2296 2131 2351 que
2153 2283 2582 2343 subveniendum
2604 2293 2687 2339 est
2709 2290 2765 2338 et
2784 2284 2903 2340 sine
2926 2284 3260 2341 dubitatione
3283 2284 3362 2339 eis
3385 2283 3625 2353 petenda

2028 2390 2126 2445 per
2156 2375 2454 2431 Ecclesiam
2486 2376 2813 2445 indulgentia
2846 2395 2859 2431 :
2887 2376 2933 2432 si
2954 2391 3082 2447 ergo
3107 2377 3211 2434 hoe
3234 2377 3391 2435 vobis
3414 2377 3613 2445 placet,

2029 2475 2313 2523 statuatur.
2343 2466 2586 2523 Universi
2618 2467 2867 2527 dixerunt
2899 2484 2911 2520 :
2945 2468 3130 2524 Placet
3158 2475 3212 2523 et
3232 2468 3619 2525 constituatur.

2512 2559 2601 2613 IX.
2651 2558 2722 2614 De
2750 2560 2934 2631 quibus
2962 2577 3139 2631 supra.

2101 2650 2263 2705 Usius
2293 2651 2579 2721 episcopus
2609 2651 2747 2707 dixit
2777 2670 2791 2705 :
2826 2652 2954 2708 [late
2980 2667 3194 2723 quoque
3223 2652 3502 2723 prudentia
3527 2668 3617 2709 ve-

2032 2748 2143 2794 stra
2177 2749 2407 2799 tractare
2436 2742 2632 2808 debet,
2680 2751 2735 2797 ut
2762 2743 2885 2812 quia
2923 2744 3233 2799 decreviStis
3276 2759 3343 2798 ne
3378 2743 3614 2813 episcopi

2033 2832 2347 2901 improbitas
2375 2842 2590 2889 notetur
2616 2834 2681 2889 ad
2715 2835 3025 2890 comitatum
3057 2835 3348 2905 pergendo,
3382 2837 3611 2903 quicun-

2033 2936 2137 2990 que
2173 2936 2304 2989 ergo
2344 2922 2533 2991 quales
2577 2922 2824 2993 superius
2865 2924 3281 2979 memoravimus
3310 2939 3495 2993 preces
3524 2923 3620 2977 ha-

2035 3012 2247 3067 buerint
2274 3013 2358 3068 vel
2384 3015 2717 3083 acceperint,
2755 3030 2847 3081 per
2875 3013 3157 3068 diaconum
3188 3030 3340 3069 suum
3375 3017 3614 3079 mittant;

2036 3106 2160 3173 quia
2192 3118 2419 3174 persona
2449 3104 2680 3159 ministri
2714 3120 2819 3161 non
2851 3106 2953 3161 erit
2980 3105 3239 3161 invidiosa
3262 3146 3278 3171 ,
3324 3120 3443 3174 qua:
3472 3104 3617 3160 cele-

2040 3196 2150 3251 rius
2184 3197 2375 3264 poterit
2403 3212 2522 3265 qua:
2546 3198 2915 3266 impetraverit
2935 3197 3143 3253 referre
3176 3217 3188 3251 :
3220 3209 3272 3253 et
3301 3201 3400 3253 hoc
3429 3213 3621 3254 conse~

2038 3301 2209 3355 quens
2250 3301 2370 3340 esse
2403 3286 2641 3351 videtur,
2694 3295 2751 3341 ut
2789 3288 3150 3357 unusquisque
3187 3289 3275 3358 qui
3306 3303 3493 3358 preces
3525 3288 3621 3341 ha-

2039 3376 2215 3429 buerit
2252 3389 2344 3428 eas
2383 3375 2449 3427 ad
2482 3372 2677 3430 fratres
2709 3384 2761 3430 et
2790 3378 3142 3446 coepiscopos
3180 3393 3412 3444 nostros,
3444 3379 3534 3447 qui
3564 3379 3619 3432 itt

2038 3468 2266 3522 maxima
2289 3466 2523 3533 civitate,
2562 3467 2614 3520 id
2662 3474 2744 3522 est
2785 3470 2876 3539 qui
2924 3468 3229 3536 metmpoli,
3278 3469 3615 3533 consistunt,

2040 3563 2217 3617 mittat
2244 3569 2302 3615 et
2339 3559 2417 3614 illi
2461 3576 2555 3631 per
2587 3575 2715 3616 suos
2745 3560 3001 3617 diaconos
3031 3562 3299 3628 destinet,
3338 3562 3623 3618 tribuendo

2038 3655 2503 3712 commendatitias
2537 3655 2792 3725 epistolas
2834 3656 2951 3725 pari
2997 3658 3205 3712 ratione
3242 3655 3310 3709 ad
3344 3654 3535 3711 fratres
3564 3667 3623 3711 et.

2038 3750 2396 3819 coepiscopos
2426 3757 2663 3815 nostros,
2693 3749 2781 3817 qui
2805 3748 2857 3802 in
2880 3748 2975 3803 illo
3003 3756 3243 3816 tempore
3270 3748 3322 3801 in
3347 3747 3427 3802 his
3449 3750 3615 3818 regio.

2041 3839 2198 3897 nibus
2221 3847 2277 3895 et
2306 3840 2529 3896 urbibus
2562 3848 2872 3905 morantur,
2903 3838 2957 3894 in
2982 3839 3175 3910 quibus
3202 3838 3328 3895 felix
3358 3846 3411 3893 et
3437 3839 3622 3896 beatus

2040 3935 2315 4002 Augustus
2349 3932 2737 3999 rempublicam
2757 3932 3041 3999 gubernat.
3072 3932 3127 3987 Si
3154 3946 3283 3987 vero
3314 3933 3473 3986 habet
3500 3932 3627 3999 quis

2040 4026 2410 4094 episcoporum
2441 4024 2545 4092 37
2577 4026 2781 4077 amicos
2809 4024 2862 4076 in
2891 4023 3085 4090 palatio
3110 4022 3199 4092 qui
3222 4023 3370 4092 cupit
3421 4023 3622 4091 aliquid

2041 4116 2180 4187 quod
2214 4125 2392 4172 tamen
2425 4115 2706 4172 honestum
2738 4126 2821 4170 est
2851 4115 3165 4183 impetrare,
3196 4130 3303 4169 non
3335 4115 3624 4182 prohibea-

2044 4221 2129 4266 tur
2160 4227 2256 4281 per
2305 4211 2586 4266 diaconem
2635 4226 2790 4265 suum
2840 4222 3029 4278 rogare
3074 4216 3130 4264 et
3166 4208 3468 4277 signiﬁcare
3504 4209 3627 4273 eis,

2042 4320 2177 4375 quos
2223 4304 2329 4360 scit
2371 4304 2599 4375 benigne
2626 4302 2640 4340 ί
2671 4302 3059 4358 intercessione
3106 4302 3209 4359 sibi
3249 4300 3455 4357 absenti
3487 4314 3625 4369 pra:-

2044 4410 2189 4455 stare
2223 4401 2447 4469 posset.
2479 4398 2579 4465 Qui
2623 4411 2752 4452 vero
2799 4395 3024 4450 Romam
3056 4395 3291 4460 venerit,
3343 4395 3501 4449 sicuti
3544 4392 3629 4447 di-

357 4493 664 4547 ctoritatem
708 4505 949 4558 personat
988 4489 1130 4544 illius
1169 4503 1197 4540 a
1228 4503 1336 4558 quo
1366 4486 1613 4541 destinati
1646 4496 1798 4554 sunt,
1842 4488 1932 4545 erit

2053 4504 2197 4550 ctum
2224 4502 2334 4558 est,
2392 4490 2732 4545 sanctissimo
2790 4488 2941 4543 fratri
2997 4497 3053 4543 et
3101 4488 3422 4556 coepiscopo
3440 4495 3629 4541 nostro

360 4586 415 4637 in
447 4582 561 4650 ejus
589 4580 817 4634 arbitrio
842 4598 857 4646 ;
907 4579 953 4639 si
983 4594 1110 4634 vero
1136 4578 1429 4634 crediderit
1456 4578 1699 4633 sufficere
1729 4578 1940 4645 episco-

360 4690 459 4743 pos
489 4672 853 4741 provinciales
886 4681 941 4726 ut
969 4672 1183 4741 negotio
1215 4672 1501 4726 terminum
1532 4670 1829 4738 imponant,
1861 4668 1944 4725 fa-

357 4768 464 4827 ciet
496 4764 638 4835 quod
668 4764 1062 4833 sapientissimo
1089 4764 1316 4820 consilio
1348 4778 1446 4817 suo
1468 4760 1805 4830 jttdicaverit.

358 4864 469 4934 35
492 4861 627 4914 Vill.
648 4860 713 4914 Ut
742 4860 963 4930 episcopi
989 4860 1179 4930 passim
1198 4860 1266 4913 ad
1287 4859 1581 4912 comitatum
1600 4872 1698 4909 non
1712 4863 1946 4924 pergant.

433 4954 599 5009 Osius
629 4956 916 5023 episcopus
970 4953 1107 5007 dixit
1143 4970 1155 5004 :
1190 4951 1608 5021 lmportunitatis
1638 4960 1834 5004 uestra:
1872 4949 1950 5002 ni-

362 5045 471 5097 mia
514 5044 810 5110 frequentia
858 5050 913 5096 et
960 5043 1384 5112 injustojudicio
1415 5039 1439 5077 ιι
1475 5041 1760 5110 petitiones
1806 5039 1950 5093 fece-

364 5144 496 5187 runt
536 5148 635 5187 nos
668 5149 773 5187 non
816 5141 1018 5187 tantam
1064 5133 1261 5187 habere
1284 5133 1510 5202 gratiam
1547 5140 1635 5184 aut
1667 5129 1912 5185 fiduciam
1936 5170 1952 5195 ,

364 5231 497 5284 dum
547 5226 763 5295 quidam
806 5242 911 5280 non
955 5234 1170 5287 cessant
1224 5226 1287 5279 ad
1335 5224 1639 5284 comitatum
1690 5224 1770 5280 ire
1835 5224 1952 5293 epi-

442 5370 468 5397 δ
504 5360 560 5413 In
591 5360 811 5413 caneris
837 5358 1152 5422 Codicibus,
1186 5364 1383 5421 preter
1415 5355 1502 5415 Δ..
1548 5355 1776 5425 plurimi.

438 5430 466 5467 δ
503 5429 578 5481 Ex
612 5429 677 5482 Ε.
713 5430 767 5482 In
801 5436 864 5483 Α.
900 5437 973 5483 'et
1016 5429 1238 5496 reliquis
1269 5445 1280 5479 :
1317 5429 1582 5493 episcopus
1627 5426 1803 5477 vicina:
1830 5439 1954 5491 pro-

366 5503 551 5555 vincia!
574 5500 714 5552 debet
742 5500 832 5553 ille
860 5502 1002 5563 prius
1023 5498 1279 5551 conveniri
1301 5499 1561 5565 episcopos
1584 5496 1672 5565 qui
1702 5496 1753 5547 in
1780 5498 1953 5547 eadem

368 5574 640 5639 prouincia
667 5580 935 5623 morantur
963 5579 1007 5621 et
1039 5570 1258 5622 ostendi.

443 5656 463 5679 ε
504 5640 596 5703 U.,
628 5643 1050 5705 satisfaciendum
1076 5649 1146 5692 est
1171 5639 1398 5704 pupulis;
1434 5640 1601 5707 sicque
1624 5635 1841 5690 veniunt.

439 5711 462 5746 ἀ
509 5711 620 5771 Λολ,
658 5709 716 5760 tt.
743 5710 833 5771 η..
863 5711 922 5761 te.
954 5708 1009 5767 5.
1043 5708 1137 5763 U..
1172 5710 1351 5775 ipsius.

446 5792 467 5818 ⁸
504 5779 618 5844 112.,
654 5780 709 5832 υ.
748 5778 838 5843 R.,
866 5780 928 5833 Τ.
961 5779 1004 5843 1,
1030 5781 1086 5846 2,
1122 5777 1211 5844 U.,
1249 5789 1299 5832 ttt

2048 4589 2305 4642 Romana:
2335 4584 2590 4640 Ecclesiae
2630 4596 2817 4651 preces
2861 4596 2994 4651 quas
3035 4580 3194 4635 habet
3240 4578 3448 4643 tradat,
3491 4586 3551 4632 ut
3571 4587 3629 4632 et

2048 4677 2164 4749 ipse
2209 4677 2356 4746 prius
2393 4673 2662 4730 examinet
2701 4673 2745 4725 si
2796 4671 3035 4725 honesta:
3080 4680 3135 4725 et
3175 4669 3334 4737 iuste
3375 4676 3531 4731 sunt,
3572 4676 3629 4721 et

2048 4767 2415 4841 praestetlU.,
2444 4764 2725 4837 procuret]
2756 4763 3088 4834 diligentiam
3121 4773 3279 4830 atque
3304 4761 3628 4816 sollicitudi-

2053 4876 2173 4916 nem
2204 4868 2265 4914 ut
2291 4858 2355 4912 ad
2381 4858 2689 4912 comitatum
2718 4853 3042 4924 perferatur.
3100 4853 3352 4910 Universi
3381 4854 3632 4907 dixerunt

2053 4952 2266 5020 placere
2285 4950 2383 5005 sibi
2413 4957 2467 5003 et
2495 4948 2777 5002 honestum
2802 4959 2924 5000 esse
2951 4946 3254 5001 consilium.

2552 5038 2620 5091 Χ.
2652 5036 2729 5090 De
2757 5038 2938 5100 quibus
2958 5052 3135 5105 supra.

2128 5131 2329 5200 Alipitts
2356 5131 2638 5199 episcopus
2667 5127 2801 5182 dixit
2830 5144 2843 5180 :
2874 5127 2930 5182 Si
2964 5135 3177 5195 prapter
3207 5121 3432 5190 pupillos
3470 5128 3523 5173 et
3551 5120 3632 5173 vi-

2057 5225 2190 5280 duas
2220 5226 2300 5279 vel
2335 5225 2657 5288 laborantes,
2692 5220 2782 5290 qui
2813 5233 3001 5273 causas
3029 5232 3133 5269 non
3166 5214 3372 5283 iniquas
3402 5214 3625 5278 habent,

2136 5363 2149 5401 ί
2187 5362 2251 5416 U.
2271 5400 2287 5422 ,
2323 5364 2504 5413 iterum
2536 5360 2704 5411 audiri
2732 5356 2971 5420 voluerit,
3018 5366 3065 5408 et
3087 5353 3404 5407 admonuerit
3432 5353 3633 5421 episco-

2058 5451 2177 5500 pum
2214 5430 2520 5483 Romanum.

2130 5513 2155 5548 8
2188 5502 2299 5563 Αὲη
2346 5502 2401 5552 Β.
2438 5503 2523 5564 IL,
2555 5498 2930 5566 presbyterum.

2131 5570 2154 5608 ιι
2340 5570 2399 5621 Ε.
2434 5570 2486 5628 5,
2513 5554 2581 5619 v'l".
2618 5567 2667 5625 l,
2693 5554 2748 5628 (Ξ,
2776 5567 2980 5629 iniusta
3011 5564 3293 5635 petitioncs.

2137 5641 2285 5701 ίιίῑύη
2322 5641 2375 5692 Β.
2403 5638 2490 5695 Β..
2522 5636 2854 5703 U.,bettigna.

2133 5715 2144 5759 t
2188 5710 2275 5776 U.,
2307 5711 2496 5763 absenti
2529 5724 2672 5776 posse
2696 5722 2991 5777 procurarc.
