4048 6182
427 358 532 417 “9

1128 358 1503 416 COLLEC'HO
1537 360 1868 420 CANONUM
1905 362 1964 421 S.
2007 364 2281 424 lSIDOllO
2320 369 2591 428 lllSPAL.
2631 371 2989 432 ASCRIPTA.

3613 378 3712 436 1Ξο

427 471 764 541 susceperint
794 471 1230 541 peregrinationis
1260 471 1596 527 incommoda
1630 483 1655 510 η
1682 517 1696 540 ,
1733 474 2003 531 habebunt
2035 481 2082 540 Α
2111 481 2245 537 betis
2286 492 2344 538 ut
2380 489 2664 558 episcopus
2711 505 2776 545 ex
2822 490 2926 544 alia
2966 490 3208 564 civitate,
3239 506 3361 547 cum
3404 496 3610 550 venerit
3645 496 3711 550 ad

424 560 626 631 aliquid
652 561 810 630 justas
832 563 1095 622 rationis;
1141 575 1280 616 nunc
1311 576 1437 616 vero
1467 577 1587 616 cum
1617 578 1678 617 ea
1710 566 2002 633 postulent,

427 667 547 717 quite
573 651 688 706 sine
715 650 909 704 invidia
937 651 1177 704 omnium
1209 661 1261 703 et
1301 651 1718 717 reprehensione
1749 668 1870 710 esse
1899 672 2008 712 non

429 754 670 814 possunt,
703 761 807 801 non
832 759 1052 800 necesse
1074 754 1156 799 est
1182 743 1258 798 ire
1287 745 1404 800 illos
1431 747 1496 800 ad
1527 749 1861 804 comitatum.

910 835 998 888 ΧΙ.
1037 835 1115 888 De
1143 835 1322 903 quibus
1353 853 1527 906 supra.

501 912 832 968 Gaudentius
870 914 1151 982 episcopus
1199 917 1332 969 dixit
1387 932 1402 969 :
1454 917 1528 970 Ea
1569 934 1686 988 qua:
1725 919 2011 976 salubriter

430 1005 739 1073 providistis
765 1007 1138 1061 convenientia
1179 1018 1232 1062 et
1261 1009 1618 1066 aestimatione
1645 1014 1923 1077 omnium,’
1948 1028 2010 1070 ac

428 1099 540 1154 Deo
569 1099 826 1167 placitura
857 1109 910 1154 et
943 1101 1264 1164 hominibus,
1298 1112 1482 1159 tenere
1513 1105 1772 1159 hactenus
1803 1105 2010 1161 fortitu-

425 1189 606 1242 dinem
637 1197 899 1256 possunt,
946 1190 991 1244 si
1035 1199 1208 1244 metus
1246 1191 1372 1245 huic
1400 1194 1684 1248 sententia:
1715 1196 2008 1265 c0njnnga-

425 1291 530 1334 tur.
555 1279 765 1336 Scimus
803 1281 944 1336 enim
975 1285 1134 1337 etiam
1165 1285 1262 1352 ipsi
1296 1286 1596 1352 saepissime
1623 1297 1844 1355 pr0pter
1874 1303 2009 1357 pau-

423 1386 609 1426 corum
643 1373 1023 1440 impudentiam
1064 1389 1278 1428 sacrum
1311 1390 1373 1428 ac
1413 1376 1724 1444 religiosum
1757 1379 2004 1433 sacerdo-

423 1464 531 1519 tale
561 1479 756 1519 nomen
779 1465 942 1520 fuisse
960 1466 1367 1535 reprehensum.
1390 1467 1444 1522 Si
1475 1468 1634 1534 igitur
1664 1471 1856 1538 aliquis
1878 1484 2010 1524 con-

425 1566 504 1609 tra
535 1557 772 1611 omnium
798 1558 1118 1611 sententiam
1160 1558 1307 1612 nisus
1324 1559 1554 1613 voluerit
1579 1560 1857 1614 ambitioni
1887 1575 2010 1614 ma-

421 1647 504 1716 gis
534 1647 744 1718 placere
772 1663 928 1716 quam
964 1648 1092 1713 Deo,
1134 1647 1292 1703 debet
1320 1650 1461 1704 scire
1489 1691 1504 1714 ,
1545 1650 1720 1705 causis
1749 1651 2004 1717 redditis,

424 1736 683 1793 honorem
715 1747 876 1806 atque
893 1737 1204 1806 dignitatem
1229 1753 1288 1792 se
1317 1739 1661 1793 amissurum.
1693 1740 1802 1794 lloc
1832 1749 2008 1796 autem

2112 573 2271 628 aliam
2295 574 2562 632 civitatem
2585 581 2670 634 vel
2699 596 2764 634 ex
2793 582 3062 649 provincia
3090 596 3185 637 sua
3211 583 3276 637 ad
3309 585 3468 639 aliam
3494 588 3708 653 provin-

2114 665 2273 730 ciam,
2304 677 2357 721 et
2377 667 2656 724 ambitioni
2688 670 2856 739 magis
2885 673 3088 727 serviat
3115 687 3278 742 quam
3311 663 3614 744 devotioni,
3641 676 3712 731 ita

2115 764 2170 811 ut
2199 757 2245 811 si
2270 759 2497 814 voluerit
2537 761 2589 815 in
2630 762 2807 816 aliena
2839 763 3057 818 civitate
3094 764 3260 819 multo
3308 773 3551 835 tempore
3583 768 3714 822 resi-

2113 847 2242 905 dere
2267 890 2282 914 ,
2324 862 2379 905 et
2417 852 2693 923 contingat
2731 863 2789 909 ut
2825 855 3111 925 episcopus
3137 858 3366 912 civitatis
3400 859 3570 928 ipsius
3601 877 3706 916 non

2114 951 2220 997 tam
2252 943 2543 1000 instructus
2568 947 2638 1001 sit
2667 962 2765 1002 nec
2799 956 2903 1002 tam
2935 949 3156 1016 doctus,
3191 951 3234 1004 is
3263 965 3394 1005 vero
3416 952 3506 1021 qui
3542 953 3708 1008 adve-

2112 1033 2192 1087 nit
2216 1034 2432 1104 incipiat
2459 1044 2806 1093 contemnere
2835 1053 2956 1093 eum
2989 1049 3042 1093 et
3069 1041 3375 1109 frequenter
3398 1041 3571 1096 facere
3593 1059 3708 1097 ser-

2111 1139 2326 1177 monem
2354 1165 2368 1189 ,
2411 1136 2470 1179 ut
2509 1126 2828 1184 debonestet
2858 1139 2910 1184 et
2942 1130 3176 1186 infirmet
3217 1132 3358 1187 illius
3389 1149 3674 1201 personam
3696 1176 3709 1200 ,

2111 1228 2214 1281 qua
2245 1216 2530 1271 occasione
2562 1216 2618 1272 ﬁt
2659 1229 2714 1272 ut
2742 1235 2846 1274 non
2891 1221 3097 1276 dubitet
3136 1222 3440 1292 relinquere
3466 1228 3713 1297 assigna-

2112 1314 2219 1359 tam
2243 1305 2342 1361 sibi
2366 1308 2647 1364 ecclesiam
2677 1320 2731 1366 et
2758 1313 2985 1368 transire
3015 1314 3082 1368 ad
3105 1315 3260 1369 aliain
3290 1325 3311 1350 ε
3337 1333 3352 1369 :
3379 1315 3602 1373 deﬁnite
3631 1335 3714 1372 er-

2110 1411 2178 1466 go
2209 1405 2440 1467 tempus,
2466 1400 2592 1469 quia
2613 1411 2665 1456 et
2696 1418 2800 1456 non
2835 1404 3077 1473 recipere
3099 1407 3410 1476 episcopum
3438 1409 3713 1478 coepisco-

2112 1503 2238 1556 pum
2261 1503 2415 1544 suum
2448 1491 2792 1548 inhumanum
2818 1504 2920 1560 est,
2952 1506 3006 1551 et
3035 1496 3230 1566 djntius
3261 1499 3499 1554 residere
3525 1505 3705 1570 perni—

2109 1579 2317 1635 ciosum
2347 1597 2361 1634 :
2386 1596 2455 1636 ne
2488 1583 2579 1638 ﬁat
2603 1599 2731 1654 ergo
2755 1586 3140 1654 providendum
3171 1599 3254 1643 est
3295 1587 3338 1644 ί.
3380 1591 3593 1644 Memini
3621 1609 3713 1645 au-

2112 1679 2217 1726 tem
2266 1674 2533 1742 superiori
2577 1676 2805 1732 concilio
2837 1678 3026 1734 fratres
3075 1691 3288 1736 nostros
3316 1684 3666 1739 constituisse
3693 1727 3708 1749 ,

2115 1771 2170 1816 ut
2196 1762 2239 1818 si
2270 1765 2387 1834 quis
2415 1766 2583 1822 laicus
2619 1768 2671 1822 in
2702 1783 2763 1824 ea
2803 1784 2904 1837 qna
2947 1781 3313 1826 commoratur
3354 1772 3568 1828 civitate
3603 1784 3712 1829 tres

421 1827 549 1882 sciri
598 1836 654 1882 et
697 1827 982 1896 comperiri
1029 1828 1244 1896 poterit,
1289 1828 1334 1881 si
1369 1830 1738 1897 unusquisque
1767 1840 2007 1888 nostrum

2118 1852 2444 1922 Dominicas,
2466 1856 2516 1910 id
2541 1867 2623 1911 est
2643 1873 2739 1925 per
2763 1867 2870 1914 tres
2896 1861 3222 1928 septimanas
3249 1876 3354 1915 non
3385 1863 3713 1919 celebrasset

424 1920 515 1986 qui
547 1916 599 1970 in
631 1916 805 1971 canali
833 1917 1152 1970 constitutus
1179 1927 1278 1976 est,
1307 1931 1426 1972 cum
1447 1919 1867 1988 progredientem
1893 1919 2009 1992 [U.,

424 2005 784 2079 prodentem]
823 2007 1131 2078 episcopum
1178 2008 1369 2062 viderit
1394 2049 1419 2074 ,_
1452 2010 1682 2079 inquirat
1727 2013 2010 2067 transitum

418 2099 559 2168 ejus,
583 2113 771 2154 causas
793 2098 990 2164 videat,
1013 2113 1119 2168 quo
1142 2099 1312 2152 tendit
1336 2107 1611 2168 agnrscat,
1640 2110 1693 2155 et
1722 2101 1766 2156 si
1794 2102 2010 2170 quidem

418 2206 542 2246 eum
574 2189 853 2261 agnoverit
882 2190 959 2247 ire
987 2191 1051 2245 ad
1075 2191 1409 2255 comitatum,
1439 2194 1676 2260 requirat
1707 2193 1831 2247 illud
1863 2195 2007 2265 quod

420 2286 670 2353 superius
707 2284 1154 2355 comprehensum
1195 2292 1277 2340 est
1308 2326 1323 2350 ,
1365 2299 1437 2340 ne
1473 2282 1612 2339 forte
1643 2286 1894 2341 invitatus
1926 2295 2009 2342 est

420 2374 542 2449 [U.,
570 2373 699 2446 sit],
728 2384 787 2431 ut
815 2378 863 2432 ei
890 2373 1117 2431 facultas
1145 2376 1303 2431 eundi
1328 2378 1668 2446 permittatur
1699 2395 1713 2433 :
1749 2377 1831 2432 sin
1857 2393 2007 2446 vero,

421 2477 482 2523 ut
508 2468 754 2537 superius
775 2469 1018 2524 meminit
1044 2469 1300 2523 sanctitas
1320 2478 1522 2534 vestra,
1555 2479 1770 2538 propter
1799 2471 2008 2526 deside-

418 2559 498 2612 ria
527 2565 582 2612 et
605 2557 922 2612 ambitiones
953 2559 1031 2612 ire
1055 2557 1120 2612 ad
1151 2559 1459 2612 comitatum
1492 2559 1795 2623 tentaverit,
1829 2576 2006 2628 neque

428 2648 617 2702 litteris
647 2647 763 2717 ejus
788 2647 1156 2702 subseribatur
1202 2662 1378 2717 neque
1407 2645 1434 2683 δ
1468 2648 1522 2702 in
1575 2651 2007 2705 communionem

421 2738 762 2808 recipiendus
788 2747 892 2794 est.
914 2739 970 2795 Si
1009 2737 1159 2794 vobis
1199 2738 1391 2807 placet,
1423 2739 1580 2795 debet
1610 2740 1847 2796 omnium
1876 2758 2005 2798 sen-

425 2833 588 2887 tentia
635 2833 961 2888 conﬁrmari.
1014 2831 1258 2886 Universi
1301 2831 1551 2887 dixerunt
1588 2831 1689 2887 hoc
1719 2832 2005 2890 bonesmm

421 2941 543 2982 esse
565 2933 620 2982 et
648 2926 863 2996 placere
890 2925 989 2980 sibi
1017 2925 1454 2980 constitutionem
1484 2936 1533 2980 ε.

883 3018 997 3074 ΧΙΙ.
1044 3018 1119 3073 De
1139 3019 1325 3089 quibus
1363 3035 1542 3088 supra.

497 3114 656 3170 Osius
679 3114 962 3183 episcopus
990 3111 1126 3167 dixit
1156 3128 1171 3168 :
1201 3111 1305 3168 Sed
1341 3120 1394 3166 et
1423 3111 1719 3165 moderatio
1752 3124 2004 3166 necessa-

2114 1957 2457 2016 conventum,
2491 1949 2871 2005 communione
2920 1952 3269 2020 privaretur:
3319 1953 3363 2008 si
3421 1969 3551 2024 ergo
3592 1956 3712 2010 haec

2113 2037 2258 2093 circa
2297 2039 2460 2094 laicos
2485 2043 2772 2096 constituta
2801 2054 2924 2098 sunt
2950 2085 2964 2108 ,
3015 2055 3217 2111 quanto
3255 2049 3421 2116 magis
3452 2063 3552 2102 nec
3583 2048 3709 2102 licet

2114 2146 2210 2187 nec
2242 2132 2396 2188 decet
2441 2142 2498 2188 ut
2535 2136 2642 2206 39
2684 2136 2985 2207 episcopus,
3017 2138 3060 2192 si
3111 2138 3308 2192 nullam
3340 2148 3446 2193 tam
3485 2155 3709 2209 gravem

2115 2225 2275 2280 habet
2297 2228 2692 2295 necessitatem,
2725 2245 2822 2285 nec
2854 2239 2958 2284 tam
2990 2231 3258 2286 difﬁcilem
3280 2234 3562 2299 rationem,
3591 2243 3712 2288 tan-

2111 2319 2201 2373 diu
2231 2320 2370 2373 absit
2399 2320 2466 2376 ab
2489 2321 2722 2376 Ecclesia
2751 2338 2842 2377 sua
2871 2335 2924 2379 et
2952 2325 3203 2396 pupulum
3229 2328 3548 2382 contristet?
3581 2329 3710 2384 l'ni-

2113 2412 2248 2465 versi
2273 2410 2518 2466 dixerunt
2545 2414 2750 2480 placere
2772 2414 2896 2469 sibi.

2195 2499 2309 2556 XV.
2346 2501 2421 2556 De
2441 2503 2688 2573 episwpis
2718 2505 3261 2630 inhall’ienabprovincia
3285 2513 3625 2580 possessiones
3683 2489 3687 2494 ⁵

2798 2593 2825 2627 (ι
2861 2586 2960 2629 eat:
3000 2594 3080 2630 us.

2798 2586 3080 2632 abenttbus.

2181 2661 2339 2716 Osius
2363 2662 2643 2732 episcopus
2672 2665 2988 2734 dixitzQuia
3022 2669 3153 2723 nihil
3187 2669 3520 2737 praetermitti
3546 2685 3710 2740 opor-

2110 2761 2208 2820 tet,
2249 2765 2371 2810 sunt
2402 2754 2614 2823 quidam
2648 2756 2836 2812 fratres
2865 2767 2920 2814 et
2948 2761 3252 2829 coepiscopi
3284 2761 3455 2815 nostri
3481 2763 3570 2831 qui
3601 2780 3708 2818 non

2108 2845 2160 2901 in
2184 2861 2246 2900 ea
2277 2845 2492 2903 civitate
2520 2849 2798 2916 possident
2825 2851 2878 2906 in
2904 2866 3005 2922 qua
3036 2852 3270 2922 episcopi
3301 2854 3557 2908 videntur
3585 2867 3707 2909 esse

2108 2939 2410 3004 constituti,
2439 2939 2522 2994 vel
2543 2949 2691 2995 certe
2721 2956 2940 3011 parvam
2974 2959 3088 2998 rem
3123 2943 3231 2999 iliic
3262 2944 3459 2999 habent
3482 2945 3568 2998 ubi
3604 2945 3705 2996 ha-

2108 3027 2297 3094 bitant,
2338 3027 2463 3083 alibi
2493 3039 2670 3085 autem
2699 3031 2886 3087 idonea
2919 3033 3115 3103 praedia
3151 3034 3351 3089 habere
3382 3043 3698 3098 noscuntur,

2121 3121 2210 3175 vel
2237 3120 2546 3178 affectiones
2577 3126 2942 3194 proximorum
2969 3129 3158 3198 quibus
3186 3129 3495 3200 indulgeant
3527 3147 3541 3184 :
3576 3132 3703 3185 hac-

431 3209 511 3262 tia
564 3215 647 3261 est
669 3246 685 3272 ,
719 3182 1068 3261 dilectissimi
1123 3204 1317 3260 fratres
1341 3244 1356 3269 ,
1389 3217 1456 3259 ne
1484 3203 1659 3258 subito
1703 3204 1811 3274 38
1839 3203 2007 3258 adhuc

2125 3223 2279 3272 tenus
2309 3217 2468 3285 igitur
2497 3219 2578 3273 eis
2608 3221 2840 3288 permitti
2863 3231 3074 3290 oportet
3102 3232 3157 3276 ut
3187 3223 3450 3277 accedant
3477 3222 3543 3276 ad
3579 3237 3702 3291 pos-

431 3302 668 3370 quidam,
702 3303 1001 3356 nescientes
1030 3301 1157 3372 quid
1187 3299 1463 3356 decretum
1494 3300 1563 3354 sit
1593 3301 1645 3353 in
1669 3300 1893 3370 synodo,
1923 3315 2013 3356 ve-

425 3394 603 3448 nerint
625 3392 801 3448 subito
829 3392 893 3446 ad
916 3393 1161 3448 civitates
1190 3408 1283 3448 eas
1319 3407 1437 3462 quae
1460 3391 1514 3446 in
1535 3392 1705 3447 canali
1735 3401 1878 3458 sunt,
1910 3393 2011 3448 de-

427 3484 515 3537 bet
540 3483 821 3554 episcopus
851 3483 1083 3540 civitatis
1121 3482 1288 3552 ipsius
1326 3483 1615 3538 admonere
1651 3492 1704 3538 et
1745 3484 2012 3538 instruere

427 3573 601 3640 illum,
630 3584 685 3628 ut
709 3589 775 3628 ex
801 3589 865 3628 eo
893 3574 1011 3629 loco
1041 3573 1130 3628 ille
1153 3574 1331 3627 mittat
1358 3573 1635 3627 diaconem
1663 3589 1679 3638 ;
1709 3572 2012 3628 admonitus

428 3676 606 3720 tamen
635 3665 746 3733 ipse
772 3664 957 3719 redeat
978 3665 1043 3718 ad
1073 3663 1376 3732 parochiam
1407 3677 1580 3716 suam.

498 3755 634 3810 XIII.
681 3754 748 3810 Ut
774 3771 836 3809 ne
865 3770 928 3808 ea:
967 3754 1099 3808 laico
1119 3754 1324 3823 quilibet
1354 3753 1619 3825 rpiswpus
1648 3755 1931 3808 ordinetur.

498 3845 654 3900 Osius
697 3844 978 3914 episcopus
1020 3843 1151 3899 dixit
1202 3860 1214 3896 :
1263 3843 1632 3899 Necessarium
1681 3845 1910 3898 arbitror
1950 3853 2008 3899 ut

429 3939 834 4010 diligentissime
887 3946 1143 3993 tractetur
1191 3934 1244 4001 ἀ,
1285 3936 1328 3990 si
1383 3936 1516 3991 forte
1567 3945 1657 3990 aut
1713 3937 1862 3991 dives
1916 3945 2008 3992 aut

427 4030 777 4085 scholasticus
821 4029 888 4084 de
915 4028 1031 4083 foro
1057 4037 1147 4083 aut
1182 4043 1244 4083 ex
1270 4027 1699 4084 administratore
1725 4029 2008 4099 episcopus

425 4118 588 4174 fuerit
621 4121 938 4189 postulatus.
984 4134 1087 4174 non
1129 4119 1274 4187 prius
1308 4118 1618 4183 ordinetur,
1659 4118 1759 4172 nisi
1802 4128 1924 4173 ante
1954 4130 2009 4174 et

431 4213 644 4269 lectoris
675 4230 894 4269 munere
925 4220 978 4269 et
1007 4212 1182 4266 ofﬁcio
1209 4211 1439 4265 diaconii
1468 4220 1519 4264 et
1544 4211 1853 4281 presbyterii
1887 4211 2006 4265 fue-

424 4306 492 4358 rit
518 4305 856 4374 perfunctus;
889 4311 944 4357 et
989 4303 1061 4355 ita
1091 4314 1184 4368 per
1210 4299 1447 4370 singulos
1476 4299 1691 4368 gradus,
1731 4299 1778 4353 si
1810 4299 2004 4369 dignus

424 4394 600 4458 fuerit,
628 4392 880 4446 ascendat
911 4390 976 4444 ad
1006 4390 1218 4444 culmen
1248 4392 1603 4457 episcopatus.
1647 4389 1832 4444 Potest
1861 4389 2006 4443 enim

428 4497 522 4551 per
550 4481 647 4536 bas
677 4480 1040 4552 promotiones
1066 4521 1080 4546 ,
1123 4495 1239 4548 qua:
1277 4476 1480 4534 habent
1517 4479 1696 4549 utique
1739 4479 2002 4546 prolixum

427 4583 657 4641 tempus,
698 4571 913 4643 probari
942 4587 1043 4641 qua
1075 4571 1178 4626 ﬁde
1206 4572 1276 4626 sit
1299 4586 1468 4641 quave
1499 4572 1759 4626 modestia
1797 4582 1852 4627 et
1881 4588 2005 4642 gra-

431 4661 592 4715 vitate
619 4670 670 4714 et
699 4659 1042 4724 verecundia,
1069 4671 1124 4714 ut
1150 4660 1195 4714 si
1223 4660 1412 4730 dignus
1435 4660 1593 4716 fuerit
1623 4661 1896 4730 probatus,
1930 4661 2007 4716 di~

428 4752 552 4804 vino
581 4751 880 4806 sacerdotio
911 4751 1203 4807 illustretur
1235 4769 1247 4804 :
1279 4767 1401 4806 nam
1421 4767 1518 4807 nec
1548 4753 1876 4808 conveniens
1902 4761 2006 4820 est,

428 4855 528 4895 nec
557 4840 692 4893 ratio
715 4855 813 4897 nec
835 4842 1114 4910 disciplina
1147 4843 1365 4910 patitur,
1408 4855 1462 4896 ut
1494 4852 1694 4900 temere
1724 4860 1786 4898 ac
1817 4844 2008 4898 leviter

428 4933 706 4988 ordinetur
747 4942 838 4988 aut
871 4937 1150 5004 episcopus
1201 4943 1292 4989 aut
1321 4935 1601 5006 presbyter
1628 4945 1719 4988 aut
1748 4936 2005 4989 diaconus

429 5028 518 5095 qui
572 5027 641 5082 sit
685 5027 1004 5097 neophytus,
1048 5026 1280 5081 maxime
1317 5040 1436 5080 cum
1476 5025 1817 5079 beatissimus
1867 5026 2007 5094 Apo-

426 5121 593 5173 stolus
613 5120 865 5190 magister
891 5117 1130 5187 gentium
1154 5132 1223 5172 ne
1253 5117 1354 5171 hoc
1382 5117 1535 5170 ﬁeret
1572 5115 1922 5170 denuntiasse
1950 5125 2006 5172 et

426 5209 759 5277 prohibuisse
803 5211 1089 5278 videatur,
1139 5209 1233 5264 sed
1284 5209 1334 5262 hi
1380 5223 1604 5278 quorum
1653 5223 1745 5276 per
1788 5207 2002 5277 longum

425 5315 638 5372 tempus
683 5305 984 5357 examinata
1035 5305 1105 5359 sit
1153 5303 1257 5358 vita
1307 5311 1361 5356 et
1402 5300 1592 5355 merita
1637 5303 2001 5370 comprobata.

428 5389 670 5442 Universi
701 5388 951 5442 dixerunt
976 5389 1187 5454 placere
1217 5390 1316 5444 sibi
1341 5390 1473 5443 haec.

429 5479 567 5534 XIV.
616 5480 682 5534 Ut
713 5476 974 5552 episcOpus
1003 5481 1056 5532 in
1082 5482 1250 5533 aliena
1270 5482 1531 5550 provincia
1555 5498 1652 5534 non
1684 5483 1997 5534 immoretur.

495 5571 653 5625 Osius
679 5573 963 5641 episcopus
1004 5570 1140 5623 dixit
1193 5586 1205 5621 :
1249 5570 1358 5624 lloe
1397 5587 1607 5640 quoque
1647 5583 1880 5625 statuere
1910 5571 2000 5623 de-

500 5675 520 5736 f‘
699 5666 1127 5736 peregrinationes
1157 5665 1519 5718 incommodus.

501 5733 525 5770 ι’
559 5734 645 5796 U.,
677 5733 831 5801 neque
861 5738 1040 5790 littera:
1066 5738 1176 5804 ejus
1207 5736 1510 5796 scribantur,
1545 5753 1668 5790 non.

505 5813 528 5844 ο
558 5805 646 5862 .112.
700 5805 894 5874 platers
915 5807 1008 5861 sibi
1041 5806 1169 5860 hanc
1200 5805 1628 5860 constitutionem.

2115 3309 2384 3364 sessiones
2414 3323 2538 3365 suas
2567 3319 2621 3366 et
2648 3311 2932 3382 disponant
2976 3325 3031 3369 et
3059 3315 3310 3369 ordinent
3357 3315 3584 3369 fructum
3625 3313 3702 3367 la-

2117 3401 2262 3457 boris
2300 3402 2405 3469 sui,
2445 3413 2502 3457 ut
2541 3412 2663 3473 post
2694 3413 2804 3460 tres
2836 3405 3158 3473 Dominicas,
3192 3407 3242 3461 id
3274 3417 3356 3462 est
3386 3416 3505 3475 post
3540 3406 3701 3473 septi-

2115 3509 2302 3549 manas
2330 3505 2438 3549 tres
2466 3494 2511 3549 si
2550 3498 2746 3551 morari
2776 3512 2996 3553 necesse
3026 3498 3114 3564 sit,
3156 3498 3208 3552 in
3240 3498 3352 3552 suis
3385 3497 3556 3566 potius
3582 3495 3701 3550 fun~

2113 3583 2196 3637 dis
2227 3593 2502 3638 morentur
2537 3602 2549 3637 :
2581 3594 2636 3639 et
2656 3587 2702 3639 si
2731 3596 2813 3641 est
2841 3588 3080 3656 proxima
3111 3589 3296 3643 civitas
3327 3590 3377 3642 in
3407 3601 3508 3653 qua
3536 3601 3698 3654 pres-

2114 3673 2266 3744 byter
2288 3683 2390 3739 est,
2415 3691 2480 3730 ne
2501 3676 2618 3732 sine
2639 3678 2864 3732 ecclesia
2888 3678 3063 3734 facere
3087 3680 3327 3735 videatur
3341 3679 3693 3739 Dominicum,

2111 3767 2387 3834 accedant,
2429 3776 2485 3822 ut
2514 3783 2610 3824 nec
2642 3785 2727 3825 res
2766 3772 2882 3839 ejus
2922 3772 3231 3828 domestica:
3272 3789 3365 3842 per
3395 3773 3690 3827 absentiam

2111 3859 2227 3928 ejus
2258 3859 2634 3916 detrimentum
2681 3863 3002 3929 sustineant,
3040 3873 3094 3920 et
3129 3880 3232 3920 non
3267 3865 3572 3934 frequenter
3605 3880 3691 3920 ve-

2112 3949 2307 4003 niendo
2337 3950 2401 4004 ad
2432 3950 2591 4004 aliam
2619 3953 2891 4008 civitatem
2924 3956 2977 4008 in
3006 3969 3106 4024 qua
3137 3963 3216 4008 est
3240 3955 3546 4024 episcopus,
3575 3968 3694 4008 sus-

2111 4041 2377 4109 picionem
2403 4041 2675 4110 iactantiae
2696 4054 2752 4099 et
2787 4045 3094 4100 ambitionis
3125 4047 3415 4101 incurrant.
3449 4045 3693 4102 Universi

2108 4129 2356 4186 dixerunt
2379 4133 2588 4198 placere
2618 4134 2744 4190 sibi.

2330 4232 2465 4287 XVI.
2500 4233 2578 4288 De
2603 4235 2900 4291 clericorum
2927 4240 3467 4295 excommunicatione.

2179 4323 2334 4378 Osius
2363 4326 2645 4394 episc0pus
2667 4328 2799 4381 dixit
2827 4344 2840 4381 :
2865 4329 2919 4384 Si
2945 4329 3043 4384 hoc
3066 4345 3278 4399 quoque
3300 4332 3547 4386 omnibus
3574 4331 3690 4400 pla-

2106 4425 2210 4479 cet,
2235 4418 2707 4479 utsivediaconus.
2739 4421 2851 4474 sive
2874 4423 3172 4490 presbyter,
3204 4424 3315 4476 sive
3339 4424 3457 4490 quis
3477 4424 3692 4479 clerico~

2037 4529 2085 4589 Β
2112 4522 2226 4558 rum
2250 4507 2318 4560 ab
2345 4508 2595 4576 episcopo
2624 4523 2724 4563 suo
2749 4510 3125 4567 communione
3154 4511 3312 4568 fuerit
3345 4515 3603 4582 privatus,
3636 4523 3692 4568 et

2110 4595 2176 4650 ad
2215 4596 2440 4650 alterum
2481 4601 2746 4666 perexerit
2785 4602 3088 4672 episcopum
3115 4644 3129 4667 .
3162 4613 3216 4660 et
3265 4606 3450 4659 scierit
3489 4604 3578 4657 ille
3621 4605 3690 4668 ad

2109 4702 2263 4757 quem
2295 4688 2594 4760 confugerit
2633 4706 2755 4747 eum
2798 4695 2864 4748 ab
2902 4696 3154 4764 episcopo
3183 4709 3282 4748 suo
3314 4696 3476 4747 fuisse
3503 4694 3708 4768 abjecg.

2110 4789 2258 4847 tum;
2304 4797 2408 4836 non
2457 4793 2666 4851 oportet
2713 4795 2770 4838 ut
2815 4786 2862 4838 ei
2904 4788 3344 4844 communionem.
3373 4783 3682 4852 indulgeat:

2107 4874 2246 4941 quod
2277 4875 2319 4928 si
2350 4874 2568 4938 fecerit,
2609 4874 2742 4929 sciat
2781 4889 2841 4931 se
2875 4877 3180 4929 convocatis
3201 4875 3464 4943 episcopis
3494 4889 3687 4930 causas

2107 4979 2226 5018 esse
2255 4964 2539 5019 dicturum.
2584 4965 2825 5020 Universi
2855 4967 3103 5019 dixerunt
3146 4983 3159 5018 :
3206 4967 3314 5022 lloc
3343 4977 3600 5022 statutum
3631 4979 3686 5024 et

2108 5069 2290 5123 pacem
2315 5055 2546 5110 servabit
2574 5065 2626 5108 et
2648 5058 2912 5112 custodiet
2936 5058 3302 5113 concordiam.

2108 5169 2270 5225 XVII.
2321 5169 2493 5224 Licere
2526 5171 2752 5232 clericis.
2801 5172 2846 5223 si
2888 5172 3074 5233 iniuste
3116 5173 3303 5241 fuerint
3337 5174 3682 5227 excommuni-

2483 5241 2604 5304 cati,
2637 5241 2823 5294 ricinos
2848 5243 2992 5295 adire
3017 5243 3300 5314 episcopos.

2175 5355 2332 5410 Osius
2354 5355 2634 5420 episcopus
2673 5353 2805 5406 dixit
2837 5372 2850 5406 :
2884 5354 3018 5421 Quid
3046 5370 3132 5410 me
3153 5357 3327 5411 adhuc
3352 5365 3565 5411 moveat
3597 5371 3680 5411 re-

2107 5449 2271 5502 ticere
2300 5461 2404 5501 non
2433 5444 2602 5499 debeo
2634 5463 2645 5497 2
2679 5445 2722 5500 si
2755 5448 3036 5515 episcopus
3062 5450 3179 5516 quis
3207 5450 3342 5502 forte
3369 5449 3675 5512 iracundus,

2105 5544 2243 5613 quod
2286 5557 2407 5598 esse
2454 5556 2556 5595 non
2593 5541 2774 5606 debet,
2805 5545 2911 5597 cito
2936 5552 3027 5596 aut
3055 5557 3244 5612 aSpere
3278 5550 3676 5598 commoveatur

2175 5655 2199 5693 ά
2229 5657 2338 5719 1F...
2365 5656 2424 5708 Β.
2445 5655 2531 5715 Β..
2561 5651 2622 5706 Ε.
2650 5654 2703 5711 5.
2741 5652 2829 5715 U.,
2862 5657 3102 5706 lracletis.

2179 5738 2198 5762 θ
2233 5729 2344 5790 ΙΕ.,
2382 5725 2548 5782 8.3.,
2578 5725 2634 5776 E.
2669 5726 2719 5782 5,
2752 5723 2814 5777 Τ.
2851 5725 2894 5781 l,
2926 5724 2982 5785 2,
3011 5724 3090 5778 U..
3113 5729 3363 5791 alienam.

2180 5796 2196 5835 t
2235 5799 2295 5855 Τ.
2333 5799 2382 5861 ι,
2413 5795 2470 5864 9.,
2503 5793 2590 5860 U.,
2621 5795 2982 5863 prohibendam
3007 5808 3103 5850 est.
