4072 6176
377 330 472 388 ΙΞΙ
1312 325 1713 387 οηῶεοιιυδι
1750 327 1979 386 CONCII.

2066 367 2084 386 .
2117 359 2187 372 —
2225 330 2746 392 AN'I'IOCIIENUSI.

372 448 636 502 adversus
669 443 1044 513 presbyterum
1085 447 1176 497 aut
1211 441 1494 498 diaconum
1538 457 1689 498 suum
1713 453 1766 499 et
1793 451 1973 500 exter-
2001 445 2055 503 Α

371 539 584 594 minare
612 551 740 588 eum
777 534 846 588 de
877 533 1114 588 Ecclesia
1142 535 1413 600 voluerit,
1459 535 1855 605 providendum
1896 546 1978 591 est

3564 341 3669 398 £23

2533 446 2675 503 XIX.
2722 446 2799 502 De
2826 448 3007 520 quibus
3035 467 3214 522 supra.

2147 535 2306 591 Osius
2343 538 2626 609 episcopus
2662 542 2796 596 dixit
2827 559 2840 597 :
2877 544 2941 598 Et
2983 546 3084 600 hoc
3113 545 3345 601 universi
3385 550 3666 606 constitui-

371 646 441 684 ne
469 628 735 683 innocens
764 626 1052 681 damnetur
1079 635 1170 680 aut
1201 627 1386 694 perdat
1406 629 1840 682 communionem
1871 645 1886 692 ;
1922 635 1975 682 et

371 724 496 778 ideo
527 722 727 775 habeat
755 730 1078 788 potestatem
1109 720 1201 790 qui
1232 719 1471 789 dejectus
1502 729 1605 784 est,
1639 730 1694 775 ut
1719 721 1974 774 finitimos

370 815 660 883 episcopos
690 811 1022 880 interpellet,
1064 820 1117 865 et
1147 825 1306 865 causa
1335 813 1452 879 ejus
1483 812 1733 865 audiatur
1762 821 1815 866 et
1847 811 1971 865 dili-

368 907 583 976 gentius
611 912 894 969 tractetur,
926 903 1048 972 quia
1075 917 1181 956 non
1212 911 1426 970 Oportet
1456 903 1503 958 ei
1538 904 1718 974 negari
1749 902 1972 956 audien-

371 1001 500 1052 tiam
527 993 732 1068 roganti
755 1005 778 1031 α
803 1012 818 1060 ;
850 1005 904 1051 et
930 994 1016 1051 ille
1036 997 1342 1064 episcopus,
1365 996 1452 1064 qui
1481 1005 1569 1049 aut
1593 997 1737 1064 juste
1767 1007 1858 1051 aut
1887 997 1970 1050 in-

363 1091 513 1160 juste
565 1087 764 1159 abjecit
805 1103 969 1152 eum,
1022 1087 1288 1156 patienter
1326 1087 1547 1153 accipiat
1596 1097 1652 1140 ut
1695 1088 1966 1157 negotium

366 1179 480 1251 ω
503 1179 822 1233 discutiatur
855 1187 913 1231 ut
934 1177 1016 1231 vel
1059 1177 1316 1246 probetur
1344 1177 1610 1232 sententia
1636 1179 1750 1245 ejus
1781 1193 1810 1230 a
1841 1178 1971 1246 plu-

367 1273 523 1326 rimis
551 1270 637 1326 vel
667 1271 984 1325 emendetur
1013 1271 1058 1322 υ.
1094 1269 1296 1324 Tamen
1328 1268 1636 1339 priusquam
1669 1271 1846 1324 omnia
1881 1269 1964 1323 di-

367 1363 596 1434 ligenter
623 1373 677 1416 et
709 1360 937 1415 fideliter
969 1359 1167 1415 fuerint
1193 1362 1498 1415 examinata
1521 1403 1536 1426 ,
1577 1376 1698 1416 eum
1725 1363 1812 1431 qui
1845 1361 1963 1416 fue-

365 1464 450 1510 rat
477 1452 861 1510 communione
906 1461 1187 1519 separatus
1216 1492 1232 1520 ,
1275 1452 1452 1506 nullus
1479 1452 1614 1506 alius
1637 1452 1795 1506 debet
1828 1468 1960 1522 prte-

365 1562 586 1602 szimere
611 1555 666 1601 ut
698 1546 920 1615 recipiat
946 1554 1000 1600 et
1024 1545 1388 1601 communioni
1431 1545 1621 1600 societ.
1654 1543 1759 1613 Qui
1784 1556 1960 1600 autem

361 1639 716 1696 convenerint
741 1639 807 1693 ad
843 1637 1164 1694 audiendum
1191 1680 1204 1705 ,
1246 1639 1291 1694 si
1319 1637 1638 1694 clericorum
1661 1652 1782 1693 esse
1813 1638 1962 1692 fasti-

366 1735 516 1789 dium
542 1734 774 1789 viderint
792 1743 846 1788 et
875 1733 1200 1802 superbiam,
1226 1733 1348 1802 quia
1373 1747 1478 1788 non
1502 1733 1655 1788 decet
1675 1741 1735 1788 ut
1755 1735 1962 1804 episco-

2078 643 2216 696 mus,
2249 642 2304 682 ut
2333 631 2636 702 quicunque
2665 650 2729 689 ex
2761 636 2864 691 alia
2893 639 3140 704 parochia
3175 641 3401 698 voluerit
3427 644 3659 701 alienum

2076 724 2380 778 ministrum
2418 727 2536 780 sine
2575 743 2842 783 consensu
2875 733 3110 802 episcopi
3157 735 3322 803 ipsius
3350 746 3402 791 et
3425 740 3540 791 sine
3567 752 3664 794 vo-

2075 813 2276 868 luntate
2326 816 2612 882 ordinare,
2658 835 2763 872 non
2813 822 2882 875 sit
2922 833 3034 876 rata
3073 825 3339 879 ordinatio
3365 829 3499 896 ejus.
3533 831 3661 896 Qui-

2073 922 2282 978 cunque
2311 920 2489 965 autem
2522 912 2622 965 hoc
2652 916 3010 982 usurpaverit,
3052 933 3082 970 a
3114 919 3365 975 fratribus
3394 931 3448 977 et
3471 926 3653 992 coepi-

2070 1001 2247 1068 scopis
2276 1003 2473 1056 nostris
2494 1013 2548 1056 et
2576 1004 2849 1059 admoneri
2883 1005 3044 1061 debet
3068 1017 3119 1062 et
3148 1011 3364 1080 corrigi.

2215 1094 2331 1148 XX.
2359 1094 2425 1150 Ut
2455 1098 2683 1149 extranei
2724 1097 3064 1220 clericidapud
3101 1100 3514 1160 Thessalonicam

2672 1184 2774 1220 non
2816 1179 2894 1220 tar
2931 1180 3038 1220 ent.

2672 1184 2774 1220 non
2816 1179 3038 1222 tardent.

2139 1253 2318 1310 Elius
2355 1256 2637 1326 episcopus
2679 1257 2814 1311 dixit
2861 1275 2876 1312 :
2923 1259 3038 1313 Non
3081 1261 3336 1331 ignoratis
3381 1276 3575 1336 quanta
3603 1277 3657 1323 et

2065 1347 2238 1415 qualis
2268 1349 2339 1402 sit
2367 1347 2921 1404 Thessalonicensium
2961 1351 3148 1406 civitas
3193 1372 3204 1406 :
3247 1369 3390 1424 stupe
3435 1359 3501 1412 ad
3533 1374 3652 1414 eam

2064 1436 2287 1490 veniunt
2316 1454 2381 1491 cx
2413 1439 2536 1492 aliis
2566 1439 2872 1508 regionibus
2905 1441 3202 1510 presbyteri
3239 1455 3291 1498 ct
3327 1446 3560 1515 diaconi,
3600 1461 3655 1505 et

2065 1543 2171 1582 non
2205 1536 2333 1582 sunt
2361 1529 2598 1584 contenti
2640 1539 2696 1583 ut
2748 1531 2906 1600 brevi,
2939 1540 3177 1602 temporc
3199 1549 3537 1594 remorentur
3563 1553 3654 1596 aut

2065 1620 2336 1675 resideant
2378 1623 2490 1689 ibi,
2538 1634 2630 1677 aut
2672 1633 2818 1680 certe
2849 1626 2934 1680 vix
2976 1636 3096 1693 post
3141 1629 3293 1697 longa
3327 1633 3495 1700 spatia
3526 1633 3592 1687 ad
3627 1643 3651 1672 ε

2062 1726 2211 1764 suatn
2243 1713 2420 1768 redire
2445 1726 2723 1785 cogantur.
2759 1717 3001 1772 Universi
3029 1719 3280 1775 dixerunt
3315 1740 3328 1776 :
3359 1738 3422 1778 ea
3452 1731 3653 1794 tempo-

367 1839 464 1891 pus
493 1831 586 1878 aut
616 1825 868 1896 injuriam
897 1835 986 1878 aut
1009 1825 1390 1880 contumeliam
1418 1826 1670 1893 patiatur,
1702 1827 1957 1881 austcrio-

2065 1821 2123 1859 ra
2152 1848 2166 1872 ,
2209 1822 2328 1876 qua:
2351 1810 2639 1864 conSIituta
2660 1820 2784 1866 sunt
2814 1813 2955 1867 circa
2987 1816 3288 1887 episcopos,
3319 1827 3370 1874 et
3397 1835 3521 1891 erga
3551 1820 3652 1876 ho-

364 1919 512 1972 ribus
542 1933 637 1972 eos
667 1918 844 1972 verbis
865 1919 1128 1989 castigent
1158 1927 1214 1973 ut
1239 1917 1490 1974 obediant
1521 1918 1742 1974 honesta
1771 1919 1958 1989 pra-ci-

362 2009 530 2076 pienti
581 2011 876 2078 episcopo;
921 2009 1044 2079 quia
1081 2010 1217 2064 sicut
1260 2010 1349 2065 ille
1399 2011 1668 2065 sincerum
1715 2027 1955 2067 amorem

359 2101 520 2156 debet
549 2101 761 2156 clericis
792 2101 1046 2156 exbibcrc
1071 2111 1123 2156 et
1144 2101 1481 2170 charitatem,
1527 2103 1595 2157 ita
1626 2118 1838 2173 quoque
1869 2103 1955 2159 vi.

358 2193 545 2246 cissim
576 2193 799 2248 ministri
823 2193 1052 2247 infucata
1079 2192 1278 2250 debent
1298 2196 1553 2266 episcopo
1580 2210 1677 2250 suo
1699 2195 1953 2267 obsequia

357 2282 639 2338 exhibere.

360 2395 558 2452 XVIII.
600 2397 723 2454 Non
766 2399 911 2454 licere
929 2385 1174 2469 episcopo
1218 2403 1434 2455 alterius
1471 2402 1715 2456 clericum
1759 2403 1812 2456 in
1858 2419 1956 2457 sua

881 2470 1113 2526 Ecclesia
1151 2473 1413 2528 ordinare.

429 2576 718 2634 Ianuarius
757 2582 1043 2652 episcopus
1073 2583 1207 2637 dixit
1239 2601 1252 2636 :
1288 2583 1416 2638 Illud
1457 2599 1668 2654 quoque
1694 2582 1950 2638 sanctitas

354 2678 536 2722 vestra
564 2677 787 2738 statuat,
821 2680 879 2725 ut
908 2672 1036 2726 nulli
1060 2671 1310 2741 episcopo
1331 2672 1487 2728 liceat
1510 2673 1730 2728 alterius
1759 2671 1952 2726 civita-

352 2764 425 2817 tis
451 2763 878 2819 ecclesiasticum
921 2766 1211 2820 sollicitare
1245 2777 1295 2822 et
1336 2768 1387 2822 in
1418 2783 1511 2821 sua
1542 2767 1762 2822 dioecesi
1794 2765 1946 2820 ordi-

353 2870 485 2909 nare
507 2857 790 2923 clericum,
822 2856 945 2926 quia
971 2872 1034 2911 ex
1070 2857 1152 2912 bis
1179 2859 1609 2912 contentionibus
1631 2857 1769 2914 solet
1799 2856 1945 2912 nasci

349 2947 617 3001 discordia
653 2965 666 3001 :
699 2957 753 3002 et
783 2948 902 3002 ideo
946 2949 1195 3016 prohibet
1251 2947 1337 3021 [Β.
1364 2949 1451 3013 R.,
1489 2949 1555 3004 Π.
1579 2991 1594 3016 ,
1642 2947 1943 3020 prohibeat]

349 3040 591 3095 omnium
612 3040 881 3096 sententia
913 3055 981 3096 ue
1008 3041 1126 3110 quis
1166 3042 1267 3096 hoc
1294 3040 1475 3098 facere
1504 3043 1723 3100 audeat.

423 3184 448 3245 ἒ
479 3173 597 3245 Ᾱίη
630 3174 689 3228 Β.
719 3173 806 3236 η..
836 3175 899 3228 Τ.
921 3174 974 3241 1,
1001 3173 1056 3239 2,
1091 3175 1180 3240 0.,
1211 3177 1446 3245 ragattdi.

423 3244 450 3283 δ
481 3244 572 3311 U.,
603 3247 947 3315 abjeciteum,
980 3257 1032 3297 ut
1050 3244 1299 3316 patienter
1320 3248 1541 3316 accipiat
1563 3265 1662 3314 quo
1685 3252 1945 3318 negotium

348 3317 683 3382 discutiatur,
723 3326 775 3370 et
809 3317 1066 3386 sententia,
1093 3319 1203 3387 ejus
1236 3319 1280 3371 si
1311 3335 1492 3387 aspera
1524 3329 1597 3372 est
1635 3337 1666 3372 a
1711 3317 1946 3386 plurimis

1978 3128 2026 3190 C

2064 1915 2180 1953 rum
2214 1915 2469 1967 personas
2495 1903 2770 1958 observari
2793 1905 3009 1960 debent.

2064 1989 2204 2047 ΧΧΙ.
2249 1991 2432 2046 Clerici
2478 1996 2576 2047 vim
2607 1998 2743 2062 passi
2771 2007 2857 2049 aut
2891 2000 3288 2065 persecutionem
3319 2003 3364 2055 si
3393 2004 3462 2056 ad
3489 2004 3650 2059 aliam

2131 2065 2727 2144 accesserint.civitatem
2766 2085 2867 2121 non
2908 2080 3139 2122 vetentur
3168 2072 3234 2124 ibi
3266 2077 3457 2127 morari
3485 2093 3649 2144 quan-

2133 2133 2223 2184 diu
2253 2137 2510 2198 potuerint
2538 2137 2724 2190 redire.

2131 2225 2289 2281 Osius
2327 2231 2612 2299 episcopus
2651 2231 2787 2285 dixit
2828 2249 2841 2286 :
2884 2232 3214 2304 Suggerente
3245 2231 3408 2289 fratre
3434 2245 3488 2290 et
3512 2250 3647 2292 coc-

2061 2323 2283 2391 piscopo
2329 2337 2512 2380 nostro
2568 2327 2815 2397 Olympio
2862 2328 2948 2399 |_T.
2989 2329 3043 2395 ἓ,
3079 2327 3294 2400 Alipio],
3347 2330 3448 2384 hoc
3485 2333 3644 2386 etiam

2061 2413 2276 2483 placuit,
2306 2424 2364 2469 ut
2393 2416 2436 2470 si
2462 2417 2655 2487 aliquis
2686 2419 2790 2472 vim
2823 2435 3105 2488 perpessus
3131 2430 3216 2474 est
3244 2431 3298 2475 et
3321 2423 3500 2489 inique
3530 2423 3646 2487 pul-

2057 2518 2150 2559 sus
2192 2520 2290 2574 pro
2327 2507 2607 2576 disciplina
2650 2509 2729 2561 vel
2768 2510 3026 2563 catholica
3069 2509 3380 2565 defensione
3413 2511 3517 2583 ἀι
3560 2514 3644 2568 vel

2058 2599 2245 2653 confes
2277 2599 2400 2655 ioue
2423 2600 2679 2664 veritatis,
2708 2601 2914 2670 fugiens
2942 2602 3172 2669 pericula
3199 2603 3452 2658 innocens
3479 2614 3530 2658 et
3551 2603 3644 2659 de-

2059 2690 2268 2744 volutus
2298 2690 2363 2744 ad
2400 2690 2554 2746 aliam
2591 2707 2740 2748 vene:
2760 2694 2798 2746 it
2834 2693 3127 2759 civitatem,
3159 2710 3262 2748 non
3298 2695 3642 2765 prohibeatur

2057 2781 2330 2835 immorari
2363 2781 2595 2850 quandiu
2617 2792 2706 2836 attt
2737 2782 2912 2838 redire
2943 2783 3172 2852 potuerit
3193 2794 3284 2839 aut
3306 2784 3493 2854 injuria
3523 2783 3642 2855 ejus

2054 2870 2160 2942 42
2189 2872 2480 2925 remedium
2523 2873 2812 2941 acceperit;
2858 2872 3048 2927 durum
3092 2883 3174 2928 est
3211 2875 3350 2928 enim
3391 2875 3477 2944 qui
3524 2891 3642 2942 per-

2054 2965 2382 3016 secutionem
2427 2963 2627 3031 patitur
2652 2977 2756 3017 non
2799 2964 2963 3032 recipi
3007 2979 3023 3019 :
3061 2963 3224 3018 etiam
3265 2977 3318 3018 et
3361 2964 3504 3036 larga
3546 2967 3642 3020 be-

2057 3051 2355 3106 nevolentia
2384 3061 2440 3107 et
2469 3052 2771 3109 humanitas
2792 3062 2876 3109 est
2901 3054 2950 3108 ei
2979 3053 3294 3109 exhibenda.

2059 3187 2372 3242 emendetur.

2134 3269 2156 3295 °
2187 3257 2302 3321 Δὶ,
2328 3257 2492 3323 B.R.,
2521 3257 2583 3312 E.
2616 3259 2671 3324 3,
2700 3253 2762 3307 Τ.
2799 3256 2848 3324 1,
2874 3257 2930 3324 9.,
2961 3259 3030 3310 ad
3055 3275 3167 3311 sua.

355 3457 3638 3492 m

1881 3593 2116 3699 VI.

1154 3774 1822 3866 CONCILIUM
1903 3776 2820 3866 ANTIOCHENUM.

1391 3950 1689 3994 TRIGINTA
1746 3952 1826 3993 ΕΤ
1882 3953 2069 3997 UNIUS
2126 3955 2588 3999 EPISCOPORL’M.

415 4063 618 4119 Sancta
643 4067 698 4116 et
721 4057 1056 4127 pacatissima
1083 4054 1317 4126 synodus
1346 4055 1397 4109 iu
1425 4070 1585 4109 unum
1613 4065 1934 4126 congregata
1968 4059 2015 4119 ι)
2042 4060 2346 4117 adnitentes
2377 4065 2544 4131 magis
2590 4057 2803 4125 muniti,
2850 4068 2905 4115 et
2957 4061 3008 4114 in
3055 4059 3256 4129 Spiritu
3288 4070 3472 4114 sancto
3502 4076 3638 4129 pra).

347 4155 427 4208 his
456 4155 549 4221 qui
584 4166 679 4222 per
701 4150 935 4221 singulas
965 4147 1268 4218 provincias
1301 4156 1423 4200 sunt
1451 4147 1788 4200 unanimibus
1817 4163 1944 4202 san-

344 4248 446 4300 ctis
475 4256 529 4300 et
578 4240 1056 4298 consacerdotibus
1104 4239 1155 4293 in
1200 4239 1425 4292 Domino
1457 4240 1704 4292 salutem.
1760 4238 1945 4293 Gratia

345 4349 398 4392 et
429 4337 633 4391 veritas
663 4334 790 4388 Jesu
841 4333 1044 4386 Christi
1100 4331 1310 4385 Domini
1360 4341 1414 4386 et
1459 4330 1750 4385 Salvatoris
1782 4331 1949 4385 nostri

346 4437 588 4480 sanctam
619 4422 1009 4480 Antiochenam
1044 4421 1338 4475 Ecclesiam
1359 4421 1582 4474 visitans
1612 4428 1667 4473 et
1697 4421 1748 4472 in
1781 4436 1948 4475 unum

346 4527 679 4573 connectens
733 4532 832 4586 per
885 4515 1230 4571 concordiam
1304 4513 1635 4584 pacatissimi
1693 4513 1944 4583 Spiritus,

347 4613 514 4664 multa
546 4611 767 4680 quidem
823 4620 878 4664 et
925 4609 1026 4663 alia
1070 4609 1335 4679 perfecit:
1367 4606 1423 4662 in
1475 4609 1723 4661 oumibus
1768 4615 1947 4662 autem

345 4713 672 4775 suggerente
721 4711 908 4758 sancto
961 4713 1015 4758 et
1065 4701 1290 4773 pacifico
1341 4701 1587 4769 Spiritu,
1629 4699 1790 4753 etiam
1844 4698 1948 4754 hoc

349 4797 599 4865 perfecit,
632 4807 690 4850 ut
729 4811 848 4865 qua!
876 4805 900 4833 ι
928 4797 1037 4850 visa
1063 4807 1188 4852 sunt
1221 4804 1368 4849 recte
1393 4789 1648 4847 constitui
1679 4805 1801 4845 cum
1833 4793 1951 4860 plu-

348 4892 481 4942 rima
531 4889 967 4944 consideratione
1013 4899 1070 4942 et
1118 4887 1323 4957 judicio
1369 4901 1472 4940 una
1519 4900 1642 4940 cum
1699 4885 1948 4939 omnibus

352 4979 510 5033 uobis
541 4980 830 5035 Antiochia
874 4995 938 5034 ex
969 4977 1198 5034 diversis
1228 4978 1516 5047 provinciis
1549 4977 1601 5029 in
1635 4992 1796 5029 mmm
1827 4977 1946 5031 col-

352 5067 507 5123 lectis
547 5069 841 5139 episcopis,
893 5070 944 5123 in
997 5079 1232 5124 vestram
1291 5067 1534 5122 notitiam
1580 5065 1944 5121 deferrentur.

348 5159 632 5214 Credimus
671 5171 850 5214 autem
897 5161 1085 5230 gratiae
1142 5158 1352 5214 Domini
1397 5165 1453 5212 et
1497 5167 1686 5211 sancto
1716 5157 1944 5224 Spiritui

353 5251 498 5318 pacis
539 5249 682 5321 quod
736 5259 790 5305 et
821 5250 921 5320 ipsi
963 5249 1337 5318 conspirabitis
1388 5249 1544 5304 nobis
1599 5259 1844 5317 tanquam
1892 5250 1944 5302 in

351 5357 512 5395 unam
543 5341 780 5396 fuissetis
808 5343 1058 5396 virtutem
1093 5341 1148 5408 ι’,
1195 5350 1250 5395 et
1296 5341 1573 5394 nobiscum
1607 5340 1944 5395 orationibus

426 5492 449 5518 ⁸
497 5483 571 5537 Ex
603 5484 717 5545 Ᾱῖη
744 5486 801 5539 Β.
829 5485 915 5548 IL,
948 5483 1013 5537 U.
1045 5484 1098 5536 In
1133 5486 1194 5538 Δ.
1228 5492 1281 5538 et
1305 5483 1521 5552 reliquis
1552 5499 1564 5535 :
1597 5491 1772 5552 atque.

424 5552 452 5590 ι’
496 5552 610 5618 .45.,
647 5558 697 5606 in
729 5573 885 5608 unum
912 5556 1134 5616 fuissetis
1165 5556 1362 5608 virtute.

423 5643 444 5668 τ
489 5631 604 5691 Ai,
641 5629 697 5682 Β.
731 5628 819 5694 IL,
863 5630 950 5692 U.,
989 5629 1300 5700 Hesychius.

425 5701 448 5739 ά
491 5701 576 5761 U.,
626 5701 847 5754 Passus.

431 5783 452 5811 ⁸
498 5771 559 5828 Τ.
603 5775 650 5834 I.
692 5773 746 5835 ‘2,
790 5773 1035 5828 Sit'icitts.

2051 4162 2234 4207 sentes
2264 4151 2453 4206 iisdem
2505 4151 2634 4221 ipsis
2675 4166 2794 4221 quae
2824 4148 3038 4204 definita
3087 4158 3210 4203 sunt
3238 4153 3636 4205 consentientes

2052 4256 2106 4299 et
2135 4259 2194 4298 ea
2229 4260 2346 4312 qua:
2371 4243 2482 4298 visa
2514 4251 2640 4297 sunt
2668 4251 2814 4296 recta
2846 4241 3184 4310 roborautes,
3217 4256 3336 4292 cum
3363 4256 3634 4294 consensu

2051 4336 2220 4391 sancti
2253 4337 2487 4405 Spiritus
2533 4336 2939 4406 cunsignabitis.
2980 4334 3116 4389 Sunt
3163 4343 3340 4387 autem
3388 4332 3636 4402 praefinitl

2051 4444 2286 4484 canones
2329 4428 2678 4484 ecclesiastici
2735 4427 2789 4480 hi
2837 4426 2926 4496 qui
2968 4425 3101 4478 inira
3148 4423 3333 4493 scripti
3385 4432 3528 4477 sunt.
3579 4423 3635 4477 In

2050 4535 2154 4590 qua
2187 4519 2394 4591 synodo
2419 4517 2635 4574 fuerunt
2666 4518 2900 4587 episcopi
2936 4535 2948 4568 :
2984 4517 3266 4580 Eusebius,
3299 4515 3502 4577 Niceta,
3527 4515 3637 4568 Au-

2053 4613 2280 4678 tiocbus,
2313 4612 2631 4679 Archelaus,
2664 4611 2850 4666 Isicius
2887 4621 2934 4674 ο,
2963 4608 3215 4672 Jacobus,
3265 4606 3485 4670 Aiueas,
3512 4607 3638 4662 Bas-

2051 4719 2144 4761 sus
2173 4703 2224 4771 ἀ,
2259 4706 2490 4774 Moyses,
2523 4702 2885 4766 Macedonius,
2917 4699 3254 4763 Theodorus,
3298 4697 3433 4751 alius
3457 4698 3636 4752 Theo-

2050 4796 2237 4861 dorus,
2271 4793 2486 4858 Paulus,
2515 4792 2857 4855 Eustachius,
2892 4790 3166 4850 Mauicius,
3201 4787 3453 4854 Agapius,
3481 4789 3638 4842 Alex-

2049 4887 2236 4952 ander,
2281 4884 2556 4949 Patritius,
2582 4883 2794 4944 Petrus,
2825 4881 3161 4943 Theodorus,
3207 4880 3505 4941 Narcissus,
3536 4877 3638 4946 Sy-

2051 4983 2192 5034 ricus
2225 4987 2286 5042 °,
2329 4976 2585 5031 Manicius
2629 4973 2686 5041 ί,
2721 4973 3016 5040 (Etherius,
3061 4973 3300 5040 Magnus,
3331 4970 3536 5038 Alipius
3571 4976 3594 5010 ε
3616 5005 3633 5030 ,

2049 5069 2344 5123 Tarcodius
2392 5065 2457 5132 ιι,
2509 5067 2742 5132 Mantus,
2790 5065 3003 5128 Petrus,
3065 5061 3364 5120 Anatolius,
3417 5065 3470 5108 ct
3511 5055 3637 5107 Chi-

2050 5161 2164 5216 tion
2214 5160 2265 5228 ί,
2308 5175 2372 5215 ex
2405 5160 2692 5229 provinciis
2735 5157 2904 5226 Syria:
2933 5154 3132 5214 Cwles,
3163 5151 3460 5210 I’hmnices,
3487 5155 3636 5199 vete-

2051 5253 2124 5306 ris
2157 5252 2387 5315 Arabiae,
2434 5249 2852 5317 MesOpotamiac,
2886 5243 3109 5305 Ciliciae,
3139 5239 3352 5293 Isauria:
3383 5255 3398 5294 :
3430 5247 3483 5292 et
3514 5233 3634 5293 hac

2049 5345 2446 5398 constituerunt
2474 5358 2594 5411 qua:
2619 5339 2751 5392 infra
2790 5337 2993 5405 scripta
3023 5341 3169 5388 sunt.

2135 5478 2153 5517 ί
2198 5479 2314 5543 1453.,
2343 5478 2401 5531 Β.
2425 5477 2511 5542 IL,
2533 5476 2621 5538 U.,
2657 5474 2927 5527 llocimus.

2127 5561 2153 5597 8
2195 5549 2308 5615 Αἰ,
2337 5549 2394 5600 Β.
2431 5547 2516 5610 IL,
2552 5547 2637 5611 U.,
2666 5545 2901 5617 Alphitts.
2929 5615 2947 5617 _
3011 5609 3051 5617 _
3149 5607 3162 5617 .
3234 5607 3262 5617 η

2126 5618 2152 5658 ⁸³
2341 5619 2430 5683 U.,
2463 5607 2768 5672 'I'ltarcordi.
2810 5615 2871 5668 T.
2921 5615 2976 5673 2,
3010 5607 3493 5683 Targltodimattltts.

2132 5691 2145 5728 ⁵
2191 5679 2305 5758 ΔΕ..
2347 5679 2426 5747 Β(
2452 5690 2534 5757 IL,
2566 5689 2625 5744 Ε.
2656 5691 2708 5756 3,
2733 5685 2942 5756 Cyria".
2983 5683 3070 5746 U.,
3101 5679 3298 5736 Sirion.
