4048 6182
442 365 544 420 123

1122 354 1503 413 COLLECTIO
1541 347 1877 409 CANONUM
1920 348 1980 405 5.
2020 345 2040 401 1

2146 325 2294 400 otio
2337 322 2599 399 iitSl’AL.
2645 338 3006 396 ASCRIPTA.

3623 334 3718 389 ηδ

475 483 511 535 ι,
561 476 680 532 Non
711 476 865 531 licere
910 473 1098 542 pascha
1128 472 1325 525 diverso
1358 480 1581 542 tempore
1626 466 1795 536 facere
1823 479 1983 532 neque
2051 463 2098 522 Α
2128 457 2528 526 increpationis,
2601 461 2855 526 tanquam
2923 452 3289 509 ceciesiaStica
3336 452 3455 522 jura
3523 451 3718 517 dissolg

899 540 1016 598 cum
1055 542 1255 597 Judwis
1286 540 1560 595 celebrare.

508 664 709 717 Omnes
758 661 847 730 qui
893 659 1089 713 audent
1143 656 1438 711 dissolvere
1488 652 1727 721 regulam
1770 648 1943 704 sancti
1974 656 2029 702 et

441 753 617 823 magni
647 753 859 807 concilii
890 750 1112 812 Niezcni,
1163 747 1304 815 quod
1334 745 1661 802 celebratum
1692 754 1774 798 est
1804 743 1858 796 in
1886 755 2027 810 pra:-

440 846 611 900 seotia
638 845 727 899 Dei
758 853 813 899 et
841 840 1243 896 amantissimi“
1275 838 1613 894 Constantini
1662 834 2025 904 imperatoris,

443 936 511 989 d'e
542 945 723 990 sancta
756 944 811 989 et
850 933 1069 988 salutari
1120 932 1403 986 festivitate
1449 929 1690 1000 paschali
1736 926 2030 983 Salvatoris

443 1027 636 1091 nostri,
675 1024 1173 1081 excommutiicatos
1195 1034 1248 1078 et
1276 1024 1518 1093 abiectos
1544 1022 1617 1075 ab
1636 1021 1877 1076 Ecclesia
1908 1034 2033 1074 esse

445 1117 663 1183 debere,
698 1117 929 1171 maxime
967 1116 1012 1169 si
1056 1124 1403 1185 perseverent
1450 1114 1628 1167 studio
1672 1109 2031 1167 contentionis

445 1208 511 1260 ad
543 1208 895 1262 subvertenda
927 1222 987 1261 ea
1036 1222 1153 1276 qua:
1202 1206 1402 1275 optime
1431 1205 1720 1259 constituta
1765 1212 1930 1257 sunt:
1979 1210 2033 1255 et

447 1299 560 1354 haec
586 1300 797 1370 quidem
822 1301 959 1354 dicta
994 1311 1116 1354 sunt
1145 1299 1210 1353 de
1232 1297 1402 1352 laicis.
1427 1297 1482 1352 Si
1516 1306 1693 1350 autem
1727 1296 1794 1350 de
1827 1308 2031 1365 praepo-

447 1393 564 1447 sitis
590 1394 843 1448 Ecclesiae
887 1393 1101 1462 aliquis,
1134 1393 1184 1447 id
1217 1402 1300 1447 est
1332 1392 1414 1446 vel
1440 1393 1726 1459 episcopus
1757 1390 1838 1444 vel
1887 1405 2036 1458 pres-

449 1486 604 1554 byter
638 1487 719 1539 vel
771 1485 1027 1541 diaconus
1059 1494 1201 1556 opost
1253 1485 1390 1540 hanc
1444 1484 1810 1540 definitionem
1871 1499 2033 1537 ausus

451 1574 611 1629 fuerit
648 1574 674 1611 ι’
707 1576 757 1628 in
790 1576 1197 1631 subversionem
1235 1575 1552 1645 populorum
1600 1584 1653 1629 et
1682 1568 2036 1643 perturbatio-

451 1683 571 1720 nem
598 1667 946 1721 ecclesiarum
990 1678 1010 1705 ε
1045 1669 1277 1723 retinere
1313 1666 1340 1705 ἀ
1375 1677 1573 1722 etcum
1604 1665 1802 1720 Judzeis
1843 1665 2034 1735 pascha

448 1759 682 1811 voluerit
709 1758 1020 1824 celebrare;
1055 1758 1196 1813 hunc
1226 1769 1411 1814 sancta
1441 1758 1678 1829 synodus
1705 1757 2037 1827 janijamque

450 1852 683 1906 alienum
741 1852 809 1907 ab
862 1852 1098 1907 Ecclesia
1130 1867 1248 1908 esse
1283 1852 1563 1922 judicavit,
1616 1859 1867 1920 tanquam
1916 1862 2038 1903 eum

450 1940 540 2008 qui
570 1956 675 1994 non
700 1941 873 1994 solum
902 1940 1105 2010 proiirii
1152 1941 1353 2008 peccati
1394 1954 1518 1996 reus
1557 1940 1647 2006 sit,
1686 1938 1780 1993 sed
1818 1945 1873 1993 et
1908 1938 2046 1993 alio-

451 2045 569 2084 rum
610 2043 878 2100 corrupta:
909 2034 1104 2087 mentis
1133 2040 1188 2088 et
1213 2032 1637 2088 conversationis
1671 2030 2042 2101 supplautator

453 2126 767 2177 exstiterit:
805 2133 858 2177 et
901 2140 1006 2177 non
1042 2125 1214 2179 solum
1249 2125 1551 2195 huiusmodi
1582 2124 1777 2194 deponi
1807 2138 1836 2177 a
1863 2137 2046 2179 sacer-

450 2212 602 2268 dotio
624 2223 677 2270 et
720 2214 1044 2283 ministerio,
1090 2216 1185 2272 sed
1213 2226 1267 2275 et
1295 2216 1392 2271 hos
1430 2216 1520 2286 qui
1552 2214 1629 2270 eis
1677 2215 1792 2270 ausi
1847 2212 2044 2268 fuerint

449 2309 850 2365 communicare
889 2319 1008 2379 post
1056 2308 1493 2373 damnationem;
1545 2307 1824 2374 depositos
1861 2314 2041 2359 autem

451 2398 614 2451 etiam
646 2398 849 2454 honore
892 2398 984 2467 qui
1030 2401 1367 2456 extrinsecus
1417 2406 1501 2455 est
1557 2397 1756 2467 privari
1808 2403 2040 2465 Oportet,

451 2506 611 2559 quem
641 2502 858 2549 sanctus
886 2508 1059 2548 canon
1092 2505 1146 2549 et
1178 2496 1271 2551 Dei
1293 2496 1655 2552 sacerdotium
1682 2495 1898 2551 meruit.

450 2603 512 2657 ΙΙ.
570 2602 693 2656 Νοη
746 2604 895 2658 licere
950 2605 1357 2658 communionem
1403 2604 1651 2660 Ecclesire
1698 2616 2045 2670 contemnere,

732 2682 821 2728 aut
852 2676 1310 2732 excommunicatis
1352 2677 1750 2731 communicare.

518 2788 718 2842 Omnes
748 2788 840 2856 qui
869 2787 1244 2858 ingrediuntur
1273 2790 1325 2844 in
1367 2790 1653 2846 ecclesiam
1706 2790 1803 2846 Dei
1844 2798 1899 2846 et
1953 2805 2041 2845 sa-

453 2894 570 2932 cras
596 2879 901 2949 Scripturas
943 2882 1187 2948 audiunt,
1241 2898 1346 2937 non
1392 2892 1572 2937 autem
1604 2897 1725 2937 cum
1758 2883 1953 2952 popqu
1983 2884 2036 2939 in

450 2974 693 3026 oratione
730 2975 1147 3038 communicant,
1194 2974 1543 3031 adversantur
1566 2975 1673 3047 43
1716 2976 1881 3032 etiam
1907 2990 2038 3031 san-

450 3070 590 3115 ctam
620 3065 1040 3131 assumptionem
1072 3063 1329 3121 dominici
1377 3067 1703 3121 sacramenti
1738 3068 2034 3123 secundum

2128 564 2281 604 νριιε.

2164 641 2252 696 ιν.
2312 639 2432 694 Non
2470 640 2619 693 licere
2661 642 2899 706 episcopo
2940 639 3017 693 vel
3076 640 3358 701 cuicunque
3409 638 3595 693 clerico
3642 641 3684 694 si

2470 722 2835 765 exauctoratus
2871 712 3026 778 fuerit
3058 712 3370 763 ministrare.

2202 802 2257 858 Si
2288 803 2407 872 quis
2432 802 2715 872 episcopus
2742 816 2771 855 a
2800 799 3006 872 synodo
3035 809 3057 837 ε
3091 798 3249 854 fuerit
3295 799 3592 867 depositus,
3641 800 3720 879 vol

2131 898 2415 969 presbyter
2445 897 2527 951 vel
2570 897 2829 951 diaconus
2858 909 2889 949 a
2921 895 3141 966 proprio
3184 893 3438 961 episcoiio
3466 893 3719 947 condem-

2131 1002 2308 1054 natus,
2342 999 2397 1043 et
2426 988 2830 1058 prmsumpserit
2856 988 3140 1042 sacerdotii
3187 1001 3281 1041 seu
3310 987 3447 1040 sacri
3480 985 3722 1042 ministe-

2132 1082 2193 1139 rii
2225 1081 2522 1152 quidpiam,
2550 1097 2657 1135 non
2685 1080 2736 1136 ei
2763 1080 2991 1149 amplius
3024 1079 3179 1133 liccat
3207 1094 3379 1148 neque
3404 1076 3457 1132 iu
3491 1080 3595 1133 alia
3629 1095 3719 1150 sy-

2134 1174 2275 1228 nodo
2320 1188 2470 1243 spem
2522 1173 2877 1228 restitutionis
2933 1173 3155 1238 habere,
3196 1187 3367 1242 neque
3413 1174 3727 1227 assertionis

2134 1265 2362 1335 alicujus
2396 1266 2607 1331 locum;
2640 1266 2735 1320 sed
2775 1274 2830 1319 et
2856 1268 3315 1320 communicantes
3340 1264 3387 1318 ei
3418 1280 3606 1320 omnes
3636 1265 3731 1319 ab-

2128 1360 2220 1432 jici
2251 1361 2320 1415 ab
2350 1358 2612 1422 Ecclesia,
2636 1369 2690 1413 et
2721 1357 2952 1412 maxime
2973 1357 3017 1411 si
3053 1366 3336 1427 postquam
3362 1369 3731 1425 cognoverunt

2134 1453 2462 1509 sententiam
2489 1450 2750 1507 adversus
2778 1464 2901 1505 eum
2937 1448 3104 1504 fuisse
3141 1448 3430 1518 prolatam,
3456 1449 3507 1506 ei
3536 1461 3702 1506 contu

2137 1545 2362 1602 maciter
2390 1542 2955 1599 communicaverunt.

2138 1636 2205 1693 ἵ.
2249 1636 2300 1694 Ν
2308 1653 2374 1691 an
2404 1636 2557 1692 licere
2584 1634 2786 1689 clericis
2814 1642 3103 1757 cqntempto
3130 1632 3369 1703 cpiseOpo
3398 1642 3586 1687 semote
3624 1634 3733 1689 col-

2877 1719 3031 1757 iaere.

2877 1719 3031 1775 igere.

2071 1816 2121 1876 κ
2219 1799 2279 1856 Si
2308 1801 2426 1868 quis
2473 1799 2759 1870 presbyter
2808 1806 2901 1850 aut
2948 1795 3226 1860 diaconus,
3280 1805 3590 1863 contempto
3637 1809 3737 1849 suo

2143 1889 2417 1958 episcopo,
2447 1902 2505 1943 se
2532 1889 2703 1956 ipsum
2727 1886 2795 1940 ab
2823 1885 3063 1939 Ecclesia
3094 1886 3455 1954 segregaverit
3483 1897 3536 1939 et
3562 1886 3739 1953 priva-

2144 1981 2238 2035 tim
2267 1979 2405 2050 apud
2438 1993 2500 2034 se
2534 1979 2774 2033 collectis
2806 1976 3014 2047 populis
3041 1975 3160 2047 [U.,
3193 1975 3540 2050 presbyteris]
3570 1977 3740 2032 altare

2142 2074 2351 2144 erigere
2377 2087 2539 2127 ausus
2589 2070 2771 2136 fuerit,
2822 2078 2877 2124 et
2916 2068 3289 2138 nihilominus,
3332 2071 3591 2141 episcopo
3638 2085 3740 2124 suo

2142 2167 2459 2222 exhortante
2483 2173 2537 2219 et
2566 2166 2731 2219 semel
2761 2173 2816 2219 et
2844 2163 3037 2217 iterum
3060 2161 3171 2233 44
3211 2172 3516 2229 revocante,
3550 2162 3742 2217 inobe-

2142 2257 2299 2313 diens
2323 2255 2625 2321 exstiterit;
2656 2254 2799 2308 hunc
2841 2253 3014 2307 modis
3057 2251 3304 2307 omnibus
3334 2252 3740 2321 deponendum,

2145 2363 2246 2404 nec
2276 2346 2562 2418 aliquando
2613 2345 2885 2414 consequi
2929 2343 3263 2398 curationem
3320 2352 3411 2395 aut
3459 2342 3740 2410 proprium

2145 2440 2405 2495 honorem
2429 2437 2668 2507 recipere
2698 2444 2900 2508 speret.
2941 2433 3093 2503 Quod
3140 2434 3185 2488 si
3228 2433 3386 2486 etiam
3418 2448 3742 2502 persevera-

2145 2532 2282 2585 verit
2309 2530 2629 2599 perturbans
2671 2539 2726 2582 et
2764 2527 3047 2580 concitans
3088 2523 3413 2591 Ecclesium,
3461 2538 3583 2593 quae
3610 2523 3742 2581 foris

2142 2632 2252 2688 est,
2279 2629 2530 2691 tanquam
2555 2619 2871 2674 seditiosum
2914 2618 3114 2686 corripi
3138 2625 3374 2684 oportet.

2581 2712 2669 2766 γι.
2726 2712 2805 2766 De
2835 2710 3313 2766 “communicatis.

2210 2803 2268 2861 Si
2305 2804 2422 2876 quis
2454 2818 2483 2858 a
2523 2802 2741 2874 proprio
2781 2803 3036 2872 episcOpo
3084 2802 3588 2857 excommunicatus
3631 2812 3739 2871 est,

2141 2913 2249 2955 non
2279 2912 2402 2952 eum
2434 2896 2580 2966 prius
2607 2896 2676 2951 ab
2725 2896 2844 2950 aliis
2893 2895 3093 2950 debere
3139 2895 3361 2966 suscipi,
3407 2897 3508 2951 nisi
3559 2911 3588 2948 a
3642 2912 3744 2952 suo

2141 2988 2303 3044 fuerit
2333 2998 2580 3058 receptus
2600 2987 2878 3057 episcopo,
2911 2997 3001 3042 aut
3032 2989 3261 3043 concilio
3294 2989 3435 3043 facto
3465 3002 3740 3057 occurrat,

2140 3090 2195 3136 et
2225 3082 2566 3151 respondeat,
2600 3090 2655 3136 et
2674 3081 2881 3153 synodo
2906 3082 3252 3149 satisfecerit,
3281 3091 3338 3137 et
3370 3084 3616 3137 statuerit
3639 3085 3744 3141 sub

449 3155 682 3221 aliquam
714 3157 980 3225 propriam
1013 3157 1345 3226 disciplinam
1377 3174 1391 3212 :
1427 3158 1525 3213 hos
1569 3157 1728 3228 abjici
1755 3158 1821 3215 ab
1849 3158 2036 3214 Eccle—
2065 3170 2113 3236 ο
2144 3174 2251 3228 alia
2278 3174 2566 3241 sententia,
2602 3174 2770 3243 recipi
2814 3182 3049 3242 οροηει,
3078 3174 3232 3242 ρυοά
3269 3175 3431 3230 etiam
3461 3177 3601 3231 circa
3636 3177 3739 3230 lat-

452 3250 532 3302 sia
585 3260 818 3321 oportet,
862 3253 1035 3309 donec
1074 3254 1392 3312 confitentes
1434 3254 1663 3312 fructum
1719 3259 2047 3328 paenitentia

452 3341 842 3411 demonStrent,
878 3355 931 3401 et
956 3346 1231 3416 deprecati
1274 3348 1466 3404 fuerint
1497 3360 1553 3405 ut
1588 3350 1710 3406 data
1772 3352 1926 3407 venia
1966 3366 2053 3406 su—

452 3431 583 3501 scipi
619 3445 943 3493 mereantur.
977 3437 1091 3492 Non
1121 3448 1303 3494 autem
1348 3440 1508 3496 liceat
1529 3445 1927 3497 communicare
1954 3459 2048 3498 ex-

452 3528 884 3593 commun'catis,
937 3544 1109 3598 neque
1136 3546 1230 3598 per
1272 3531 1462 3587 domos
1508 3532 1737 3601 ingredi,
1778 3548 1878 3587 nec
1923 3548 2044 3586 cum

453 3620 535 3671 eis
563 3634 719 3673 orare
758 3620 848 3686 qui
892 3619 1144 3673 Ecclesia:
1175 3636 1282 3674 non
1332 3622 1655 3689 participant
1692 3622 1747 3675 in
1778 3621 2043 3689 oratione,

455 3724 553 3762 nec
576 3708 627 3762 in
654 3709 876 3762 alteram
906 3707 1203 3762 Ecclesiam
1245 3710 1411 3779 recipi
1453 3710 1540 3779 qui
1572 3710 1639 3765 ab
1671 3711 1772 3765 alia
1805 3724 2039 3767 excom-

457 3799 817 3852 municautur.
864 3796 1016 3863 Quod
1046 3798 1090 3851 si
1119 3796 1267 3854 visus
1305 3796 1467 3853 fuerit
1504 3800 1731 3867 quilibet
1765 3801 2045 3870 episcopo-

456 3908 596 3957 rum,
630 3892 712 3945 vel
755 3891 1211 3961 presbyterorum,
1244 3900 1336 3945 aut
1360 3891 1730 3960 diaconorum,
1758 3893 1845 3947 vel
1883 3894 2043 3948 etiam

455 3983 542 4052 qui
568 3984 618 4037 in
644 3997 848 4038 canone
879 3984 1202 4049 detinentur,
1231 3984 1710 4039 excommunicatis
1733 3987 2040 4040 communi-

457 4090 610 4143 care;
638 4085 692 4131 et
718 4074 858 4129 hunc
896 4084 1108 4143 oportet
1139 4076 1515 4131 communione
1543 4076 1761 4145 privari,
1793 4085 2042 4147 tanquam

460 4167 714 4224 Ecclesia:
743 4168 954 4239 regulas
992 4166 1430 4223 confundentetn.

494 4282 581 4339 Ill.
626 4282 746 4337 Non
774 4282 953 4336 debere
990 4281 1231 4336 clericum
1271 4282 1340 4334 ad
1387 4280 1675 4335 Ecclesium
1712 4280 1872 4335 aliam
1903 4282 2006 4336 mi-

876 4363 1109 4422 grantem
1151 4353 1222 4405 ibi
1267 4368 1610 4421 perseverare.

532 4468 587 4524 Si
612 4467 728 4539 quis
742 4466 1040 4536 presbyter,
1058 4467 1141 4521 vel
1164 4466 1535 4533 diaconos,vel
1556 4465 2039 4535 quilibetclericns,

462 4564 673 4617 deserta
718 4576 810 4615 sua
855 4559 1113 4625 Ecclesia,
1174 4559 1239 4612 ad
1282 4559 1443 4614 aliam
1493 4560 1878 4613 transeundum
1929 4574 2048 4612 esse

460 4653 771 4719 crediderit,
805 4662 859 4708 et
904 4652 976 4706 ibi
1012 4652 1262 4724 paulatim
1308 4660 1475 4706 tentet
1519 4668 1625 4719 quo
1655 4651 1901 4720 migravit
1934 4667 2053 4716 per-

465 4753 624 4813 petuo
673 4758 1009 4813 permanere,
1066 4741 1289 4797 ulterius
1336 4743 1644 4796 ministrare
1706 4756 1812 4794 non
1871 4739 2050 4803 debet,

465 4834 763 4907 praisertim
793 4836 837 4889 si
869 4835 936 4889 ab
965 4836 1217 4905 episc0po
1257 4851 1352 4887 suo
1379 4835 1443 4887 ad
1474 4836 1851 4890 revertendum
1896 4834 2056 4887 fuerit

462 4928 776 4983 exhortatus
805 4923 888 4996 [T.
928 4926 978 4989 i,
1021 4922 1315 4994 exoratus].
1355 4927 1505 4991 Quod
1533 4926 1577 4980 si
1622 4937 1675 4979 et
1723 4934 1839 4994 post
1864 4940 2055 4979 evoca-

464 5019 661 5074 tionem
685 5018 766 5073 sui
792 5015 1023 5086 episcolii
1049 5033 1153 5070 non
1182 5019 1462 5087 oliediei-it,
1492 5018 1583 5072 sed
1610 5018 2051 5083 perseveraverit,

464 5110 793 5168 omnimodis
860 5110 928 5163 ab
957 5108 1138 5164 ofticio
1169 5123 1266 5161 suo
1304 5109 1497 5177 deponi
1548 5110 1767 5171 debere,
1830 5124 1928 5162 nec
1959 5110 2053 5163 ali-

465 5205 680 5271 quando
708 5218 859 5273 spem
891 5204 1241 5258 restitutionis
1273 5202 1491 5256 habere.
1540 5203 1592 5256 Si
1622 5202 1738 5269 quis
1767 5217 1894 5256 vero
1934 5216 2056 5271 pro-

469 5307 583 5361 pler
618 5292 757 5345 hanc
797 5294 1006 5360 culpam
1039 5294 1341 5364 depositum
1368 5292 1504 5345 alius
1550 5291 1834 5360 episcoiius
1865 5306 2052 5346 susce-

470 5388 628 5453 perit,
656 5397 709 5440 et
750 5384 864 5453 ipse
902 5399 932 5436 a
963 5387 1232 5438 communi
1264 5384 1471 5455 synodo
1515 5398 1725 5452 pmtiam
1761 5382 2055 5437 merebitur

545 5549 567 5611 9
611 5540 718 5606 Al,
750 5544 803 5596 in
834 5540 1103 5611 prrcsentia
1127 5541 1316 5592 domini
1337 5539 1690 5592 amantissimi.

546 5609 570 5646 ι’
613 5613 700 5674 ll.,
731 5608 1081 5680 deﬁnitionem
1116 5624 1162 5663 et
1202 5612 1337 5661 hunc
1387 5611 1655 5661 terminum
1696 5624 1848 5661 ausus
1879 5608 2050 5675 fuerit.

543 5692 564 5717 θ
614 5682 723 5746 .-l‘3.,
769 5685 829 5736 E.
859 5681 914 5746 '5,
949 5681 1037 5745 U.,
1070 5683 1123 5732 in
1166 5680 1484 5732 subversioue
1521 5680 1825 5745 populorum
1869 5688 1915 5730 et
1942 5695 2055 5747 pcr-

466 5752 747 5807 lurbulione
783 5753 1144 5805 Ecclesiorum.

546 5822 572 5862 ἀ
614 5822 704 5893 LE,
742 5824 973 5879 resistere
1002 5826 1052 5876 in
1079 5823 1177 5891 his,
1223 5829 1271 5874 et
1312 5836 1427 5876 cum
1474 5818 1691 5874 ludwis.
1740 5818 1803 5874 G.
1862 5819 2054 5873 nitatur

2146 3280 2264 3331 cos,
2295 3266 2728 3337 etpresbyteros,
2752 3265 3077 3322 etdiaconos
3104 3276 3159 3322 et
3184 3281 3370 3324 omnes
3389 3270 3478 3338 qui
3507 3268 3560 3322 in
3590 3270 3759 3326 clero:

2149 3365 2273 3411 sunt
2299 3357 2553 3412 convenit
2591 3356 2893 3412 observari.

2188 3449 2297 3503 Vll.
2348 3448 2571 3503 Nullum
2615 3450 2940 3521 peregrinum
2978 3450 3164 3517 absque
3212 3450 3443 3521 epistolis
3482 3452 3705 3518 sincipi.

2219 3539 2430 3593 Nullum
2494 3540 2698 3609 absque
2747 3542 3014 3608 formata,
3071 3557 3228 3610 quam
3290 3536 3462 3597 Graeci
3519 3542 3734 3609 episto-

2149 3631 2278 3684 lium
2338 3629 2363 3669 ι’
2418 3629 2625 3696 dicunt,
2686 3632 3094 3701 peregrinorum
3165 3634 3481 3688 clericorum
3536 3634 3751 3705 suscipi

2148 3732 2380 3792 oportet.
3068 3732 3073 3737 ’

2259 3815 2392 3869 Vlll.
2447 3815 2514 3870 Ut
2558 3816 2792 3883 epistolia
2835 3814 2932 3869 soli
2980 3817 3329 3888 cltercpiscoiii
3376 3819 3591 3888 faciant.

2218 3906 2402 3977 Neque
2434 3906 2775 3977 pt‘eshytetos
2814 3908 2879 3961 ad
2921 3907 3165 3977 regiones
3195 3908 3515 3978 longinquas
3541 3912 3744 3963 fortna-

2150 4008 2251 4064 tas,
2285 3998 2337 4053 id
2378 4009 2464 4054 est
2488 3999 2776 4054 canonicas
2806 3998 3063 4070 epistolas
3108 3999 3261 4066 dare,
3295 4001 3396 4054 nisi
3440 4001 3506 4055 ad
3535 4002 3747 4070 episco-

2149 4108 2246 4162 pos
2287 4093 2542 4149 linitimos
2589 4094 2861 4164 simplices
2911 4094 3167 4164 epistolas
3215 4094 3463 4160 mittere;
3512 4095 3745 4150 sicarios

2148 4204 2276 4244 vero
2320 4191 2693 4257 episcoporum
2725 4199 2775 4254 ε,
2806 4190 2897 4257 qui
2924 4204 2953 4242 a
2983 4189 3191 4244 Graecis
3231 4189 3610 4259 chorepiscopi
3645 4203 3748 4259 ap-

2148 4280 2437 4351 pellantur,
2469 4281 2726 4335 formatas
2758 4278 2935 4334 facere
2964 4280 3144 4334 liceat.
3712 4292 3716 4296 ‘

2468 4392 2559 4448 lx.
2604 4391 2680 4447 De
2715 4394 3113 4464 meti'Opolitanis
3150 4397 3423 4467 episcopis.

2083 4535 2130 4593 ι)
2231 4508 2333 4564 l’er
2382 4507 2621 4577 singulas
2669 4510 2974 4578 provincias
3012 4512 3292 4581 episcOpos
3320 4512 3560 4583 singulos
3598 4514 3746 4570 seire

2154 4606 2368 4668 oportet
2396 4601 2708 4669 episcopum
2739 4601 3230 4671 metmpolitanum,
3275 4604 3363 4671 qui
3406 4615 3619 4671 prmest,
3650 4619 3749 4659 cu-

2155 4707 2269 4745 ram
2320 4700 2376 4747 et
2427 4692 2844 4750 sollicitudinem
2886 4696 3047 4749 totius
3074 4692 3360 4763 provinciae
3396 4693 3747 4759 suscepisse:

2157 4794 2377 4853 propter
2419 4787 2563 4854 quod
2604 4784 2672 4839 ad
2711 4784 3180 4852 metropolitauam
3229 4781 3499 4836 civitatem
3549 4781 3615 4833 ab
3663 4784 3750 4837 his

2152 4879 2246 4949 qui
2290 4896 2483 4935 causas
2527 4880 2725 4935 habent
2755 4879 2871 4931 sine
2901 4877 3063 4931 dubio
3089 4883 3457 4932 concurratur.
3493 4875 3749 4943 Quapro-

2152 4983 2276 5041 pter
2304 4973 2504 5040 plaeuit
2548 4984 2671 5024 eum
2718 4979 2773 5024 et
2804 4968 3011 5022 honore
3058 4966 3270 5037 pra-ire,
3322 4976 3374 5020 et
3423 4966 3554 5020 nihil
3604 4966 3748 5020 ultra

2152 5067 2273 5120 sine
2318 5064 2437 5133 ipso
2478 5062 2715 5130 reliquos
2754 5061 3035 5128 episcopos
3066 5073 3227 5127 agere
3273 5059 3567 5113 secundum
3598 5058 3745 5110 anti-

2153 5172 2316 5225 quom
2344 5162 2552 5224 patrum
2585 5162 2887 5208 nostrorum
2931 5152 3019 5220 qui
3062 5150 3290 5203 obtinuit
3326 5164 3610 5212 canonem,
3641 5147 3751 5201 nisi

2155 5250 2272 5301 tunc
2302 5255 2506 5300 tantum
2537 5259 2656 5313 qua:
2688 5242 3106 5312 uniuscujusque
3148 5241 3264 5314 [U.,
3312 5236 3622 5310 unicuique]
3650 5252 3746 5292 ec-

2153 5338 2331 5394 clesia:
2374 5352 2469 5406 per
2507 5350 2659 5391 suam
2698 5334 2976 5391 dioecesim
3006 5342 3340 5405 competunt.
3376 5330 3747 5403 Uuumquem-

2153 5519 2384 5572 retinere.

2231 5602 2253 5625 ε
2295 5591 2360 5641 'l‘.
2398 5591 2446 5652 l,
2487 5588 2543 5650 Ξ,
2576 5602 2718 5638 asua
2741 5586 2957 5653 synodo.

2233 5662 2249 5695 τ’
2299 5660 2372 5713 Ex
2404 5651 2646 5721 reliquis,
2682 5651 2875 5723 praster
2908 5661 2995 5715 A.,
3029 5654 3079 5706 in
3113 5669 3240 5723 quo,
3273 5651 3561 5716 epistolam.

2230 5740 2253 5778 ε
2297 5732 2355 5785 Β.
2382 5732 2471 5798 ιι,
2510 5729 2573 5783 Τ.
2614 5728 2661 5795 l,
2689 5726 2743 5794 ‘2,
2782 5724 2868 5794 U.,
2901 5726 3121 5802 ricaios
3150 5741 3261 5780 t-ero
3290 5723 3569 5791 rpitwpm.
