4048 6182
270 334 374 391 1⁵35

1173 332 1580 392 ΟΒᾹΞΕΟΠΟΜ
1619 331 1956 391 CONCILIA.
1996 348 2067 376 -'-
2109 335 2627 396 ANTIOCIIENUM.

3447 356 3547 410 1‘26

264 461 375 516 que
400 444 545 502 enim
590 450 807 513 oportet
836 442 1148 514 episcopum
1200 453 1521 512 potestatem
1575 444 1773 499 habere
1801 453 1857 500 et
1885 450 1937 507 Α
2033 444 2144 518 46
2175 446 2309 503 XIII.
2344 448 2464 504 Non
2509 450 2662 525 licere
2702 451 2950 525 episcopis
2993 452 3044 505 iu
3086 452 3256 508 aliena
3294 460 3559 525 provincia

262 553 380 594 su.e
432 536 692 593 dimcesis
747 537 814 590 ad
897 536 1038 590 hanc
1095 536 1499 605 gubernandam
1564 536 1864 591 secundum

262 642 665 701 competentem
689 630 791 685 sibi
827 630 1209 694 reverentiam,
1243 629 1311 684 ad
1356 629 1745 700 providendum
1780 645 1865 686 re-

261 726 410 798 gioni
442 739 566 795 qua:
604 725 705 779 sub
730 724 901 793 ipsius
925 733 1007 779 est
1033 724 1276 790 civitate;
1311 722 1384 779 ita
1429 734 1490 779 ut
1522 725 1683 779 etiam
1716 725 1865 779 ordi-

264 834 395 876 nare
444 818 792 890 presbyteros
836 828 893 873 et
939 818 1200 874 diaconos
1245 820 1296 875 ei
1347 820 1609 889 probabili
1656 821 1864 891 judicio

263 912 445 979 liceat,
497 922 553 969 et
599 913 667 968 de
714 912 939 981 singulis
986 912 1361 969 moderatione
1387 923 1443 970 et
1472 913 1715 984 pondere
1742 914 1861 970 dis-

261 1019 520 1077 ceptare:
570 1008 713 1061 ultra
745 1016 924 1062 autem
975 1007 1109 1061 nihil
1152 1008 1417 1077 agendum
1451 1008 1688 1078 permitti
1741 1008 1859 1081 [U.,

263 1099 617 1172 permittitur]
660 1101 793 1154 citra
839 1098 1240 1169 metr0politani
1291 1101 1529 1169 episcOpi
1574 1101 1860 1155 conscien-

263 1193 412 1258 liam,
460 1207 561 1247 nec
602 1191 1051 1261 metropolitanus
1105 1191 1225 1247 sine
1280 1203 1605 1248 cacterorum
1657 1191 1859 1262 aliquid

260 1294 414 1354 gerat
438 1284 669 1339 consilio
708 1283 1073 1339 sacerdotum.

474 1376 516 1402 ίι
674 1376 780 1447 45
815 1375 878 1430 Χ.
916 1376 993 1431 De
1032 1376 1429 1447 chorepiscopis.

327 1469 430 1537 Qui
471 1467 526 1524 in
557 1467 689 1523 vicis
715 1477 772 1523 et
811 1467 952 1522 villis
971 1468 1249 1522 constituti
1294 1476 1416 1523 sunt
1458 1467 1852 1539 chorepiscopi,

260 1559 475 1615 tametsi
532 1572 723 1612 manus
782 1554 1179 1626 impnsitionem
1229 1555 1300 1613 ab
1355 1555 1625 1628 episcopis
1674 1572 1856 1614 susce-

260 1663 494 1723 perunt,
537 1650 737 1721 placuit
785 1660 984 1706 sanctae
1022 1650 1229 1722 synodo
1272 1651 1414 1707 scire
1455 1665 1553 1707 eos
1603 1661 1856 1722 oportere

261 1746 484 1801 modum
535 1745 806 1815 preprium
848 1745 1084 1799 retinere
1136 1751 1191 1800 et
1246 1743 1547 1815 gubernare
1602 1744 1856 1815 adjacen-

2508 521 2717 575 clericos
2758 524 3017 576 ordinare.

1956 610 1961 623 ’
2036 631 2251 693 Nullum
2274 631 2584 703 episcopum
2610 635 2807 690 audere
2829 634 3026 691 debere
3045 651 3111 692 ex
3144 638 3244 692 alia
3278 640 3553 707 provincia

1964 724 2033 779 ad
2062 727 2217 780 aliam
2251 727 2533 787 transitum
2558 724 2754 796 facere,
2787 736 2841 781 et
2867 727 3115 783 ordinare
3137 728 3347 799 aliquos
3373 730 3425 786 in
3452 732 3555 787 Ee-

1963 817 2163 888 clesiis,
2187 828 2278 873 aut
2310 817 2612 889 provehere
2641 818 2704 872 ad
2745 832 2957 874 sacrum
3004 819 3357 877 ministerium
3392 839 3406 877 :
3454 840 3555 881 nec
3606 850 3618 869 ·-

1962 912 2099 967 alios
2125 912 2252 971 illuc
2282 929 2464 971 secum
2495 910 2732 969 attrahat
2762 910 2882 984 [U.,
2924 912 3217 986 attrahere]
3246 918 3554 987 episcOpos,

1964 1007 2067 1061 nisi
2108 1008 2245 1063 forte
2286 1025 2383 1079 per
2409 1010 2612 1063 litteras
2661 1018 2878 1077 rogatus
2924 1005 3137 1075 abierit,
3168 1024 3277 1064 non
3305 1011 3480 1065 solum
3524 1026 3554 1066 a

1961 1103 2390 1172 metmpolitano,
2418 1103 2513 1158 sed
2539 1102 2607 1157 ab
2631 1102 2715 1158 bis
2735 1100 2826 1173 qui
2853 1116 2975 1155 cum
3017 1117 3082 1157 eo
3114 1115 3238 1157 sunt
3268 1103 3555 1172 provinci-.1:

1960 1192 2228 1262 episcopis
2263 1210 2277 1246 :
2309 1194 2450 1263 quod
2480 1195 2527 1249 si
2556 1195 2702 1250 nullo
2732 1197 2995 1252 invitante
3030 1194 3336 1250 inordinate
3363 1210 3553 1265 super-

1959 1283 2170 1348 veniat,
2221 1294 2276 1339 et
2321 1286 2529 1356 aliquos
2578 1287 2663 1341 vel
2710 1289 2964 1344 ordinare
3014 1286 3417 1359 praesumpserit
3467 1287 3550 1342 vel

1958 1375 2228 1443 quoslibet
2255 1385 2406 1431 actus
2427 1377 2500 1431 illi
2534 1378 2793 1433 Ecclesia:
2831 1389 3230 1449 competentes,
3258 1377 3328 1435 ad
3361 1392 3421 1433 se
3460 1378 3552 1443 qui

1959 1463 2103 1536 [Αῖη
2154 1464 2300 1536 Ε.5,
2338 1467 2617 1541 U.,qum]
2668 1472 2888 1525 minime
2936 1471 3242 1539 pertinent,
3290 1485 3551 1543 usurpare

1958 1560 2263 1624 tentaverit,
2294 1574 2459 1616 vacua
2489 1564 2706 1631 quidem
2749 1573 2805 1618 et
2831 1564 3007 1619 inania
3039 1574 3197 1620 erunt
3222 1568 3400 1620 omnia
3429 1581 3547 1633 qua

1954 1652 2180 1719 gesserit
2211 1670 2223 1707 :
2254 1653 2369 1723 ipse
2399 1669 2526 1711 vero
2551 1656 2707 1726 hujus
2734 1657 3112 1728 indisciplinati
3144 1674 3307 1715 ausus
3333 1670 3388 1715 et
3416 1658 3549 1715 irra-

1955 1746 2225 1801 tionabilis
2252 1749 2414 1818 ccepti
2439 1749 2626 1820 dignas
2663 1765 2853 1807 causas
2896 1753 3165 1823 expendat
3191 1762 3241 1820 ³,
3291 1764 3542 1823 tanquam

262 1842 341 1895 tes
398 1838 505 1894 sibi
554 1835 827 1894 Ecclesias
881 1838 1229 1904 commissas,
1283 1845 1338 1893 et
1392 1852 1516 1895 esse
1568 1846 1854 1894 contentos
1882 1817 2235 1909 Bdepositus
2282 1854 2312 1896 a
2341 1817 2536 1897 sancta
2580 1844 2789 1914 synodo
2818 1851 2873 1899 et
2914 1817 3133 1915 propter
3174 1817 3546 1916 hujuscemodi

261 1931 477 2002 propria
514 1929 873 1986 sollicitudine
897 1940 953 1985 et
990 1930 1378 2001 gubernatione
1416 1945 1575 2002 quam
1604 1944 1857 2002 suscepe-

258 2032 401 2077 runt.
434 2021 778 2077 Constituere
801 2027 981 2077 autem
1012 2021 1033 2094 [
1059 2019 1152 2086 U.,
1193 2019 1403 2093 etiam]
1451 2020 1537 2077 his
1579 2022 1857 2092 permitti-

260 2127 345 2171 tur
374 2115 608 2171 lectores
634 2123 689 2171 et
709 2113 1065 2189 subdiacolnos
1095 2120 1149 2169 et
1175 2113 1491 2183 exorcistas,
1524 2115 1717 2185 quibus
1739 2116 1853 2169 sul-

258 2208 401 2262 liciat
430 2208 658 2262 istorum
706 2214 912 2260 tantum
945 2204 1201 2275 graduum
1234 2203 1498 2260 licentiam
1546 2205 1850 2274 accepisse;

258 2315 365 2354 non
407 2307 590 2354 autem
633 2297 1026 2369 presbyterum,
1056 2311 1162 2351 non
1192 2296 1480 2351 diaconum
1511 2296 1741 2351 audeant
1764 2310 1853 2351 or-

254 2395 454 2448 dinare
484 2400 676 2461 praeter
701 2391 1079 2447 conscientiam
1106 2387 1365 2459 episcOpi,
1388 2388 1469 2443 vel
1497 2387 1750 2455 civitatis,
1767 2387 1850 2443 vel

256 2482 551 2551 Ecclesiae,
579 2483 663 2537 cui
711 2481 961 2552 adjacens
1003 2481 1273 2537 invenitur
1303 2495 1399 2535 seu
1432 2480 1548 2549 ipse
1574 2494 1670 2533 seu
1702 2478 1851 2549 regio

259 2580 311 2631 in
342 2592 450 2647 qua
481 2589 711 2647 prmessc
728 2575 1074 2645 dignoscitur.
1104 2572 1256 2640 Quod
1282 2572 1328 2627 si
1351 2572 1469 2641 quis
1499 2571 1851 2640 pratvaricare

255 2683 418 2723 ausus
450 2666 608 2722 luerit
635 2668 947 2732 constituta,
973 2666 1167 2734 deponi
1196 2681 1317 2720 cum
1361 2674 1418 2721 et
1445 2662 1708 2736 dignitate
1745 2674 1848 2734 qua

255 2760 514 2829 praeditus
536 2769 618 2815 est
640 2759 839 2815 debere
868 2759 1102 2829 prii-ari;
1131 2758 1553 2828 ehorepiscopus
1576 2766 1753 2812 autem
1781 2756 1848 2812 ab

255 2856 509 2924 episeopo
537 2854 774 2909 civitatis
815 2854 898 2909 vel
930 2854 1034 2910 loci
1066 2854 1152 2910 cui
1183 2854 1322 2908 idem
1352 2852 1560 2917 adjacet
1584 2849 1701 2923 [U.,
1744 2849 1847 2905 loci

254 2949 344 3016 qui
370 2946 603 3020 adjacet]
634 2948 964 3004 ordinandus
994 2957 1098 3003 est.

257 3060 346 3117 XI.
381 3061 459 3117 De
478 3062 558 3116 Itis
583 3063 834 3133 episcOpis
857 3061 932 3116 vel
960 3061 1153 3116 clericis
1178 3060 1266 3133 qui
1292 3060 1401 3115 sine
1441 3059 1620 3116 litteris
1646 3058 1846 3131 ερίδεοο

598 3132 781 3203 parum
807 3138 873 3186 ad
908 3132 1263 3202 imperatorem
1293 3132 1506 3185 uadum.

321 3222 378 3278 Si
409 3224 530 3293 quis
553 3225 859 3295 cpisc0pus,
892 3227 972 3279 vel
999 3222 1397 3295 presbyter,vcl
1421 3222 1596 3278 omnis
1625 3220 1845 3278 omnino

255 3316 340 3382 qui
380 3326 467 3371 est
495 3316 595 3371 sub
622 3317 989 3371 ecclesiastica
1036 3318 1216 3387 regula
1259 3317 1604 3385 constitutus,
1651 3323 1846 3385 praeter

254 3404 542 3459 consilium
570 3407 652 3461 veI
683 3404 890 3462 litteras
930 3422 1118 3461 eorum
1167 3406 1543 3476 episcoporum
1589 3406 1679 3475 qui
1720 3413 1846 3460 sunt

255 3493 395 3549 intra
428 3496 752 3564 provinciam
805 3507 859 3552 et
888 3497 1127 3551 maxime
1173 3494 1605 3565 metropolitani,
1637 3495 1702 3549 ad
1733 3495 1845 3550 im-

256 3594 560 3655 peratorem
584 3593 900 3657 porrexerit,
932 3589 1072 3644 hunc
1101 3589 1336 3644 abdicari
1366 3598 1420 3643 et
1449 3588 1573 3659 ejici
1616 3603 1723 3643 non
1756 3602 1845 3643 so-

257 3677 363 3732 lum
387 3679 458 3733 de
479 3677 858 3735 communione
878 3681 1094 3747 debere,
1127 3680 1219 3735 sed
1245 3682 1404 3736 etiam
1431 3679 1644 3750 propria
1674 3676 1845 3749 digni-

260 3776 365 3823 tate
400 3771 620 3837 privari,
654 3781 903 3841 tanquam
945 3774 1232 3827 molestum
1260 3781 1314 3827 et
1352 3773 1715 3843 importunum
1741 3772 1844 3826 im-

259 3867 551 3934 perialibus
573 3868 792 3923 auribus
821 3879 1003 3924 contra
1035 3869 1399 3924 ecclesiaSIica
1429 3869 1718 3924 constituta
1752 3884 1765 3920 ε
1798 3867 1843 3922 si

257 3971 430 4015 autem
483 3963 779 4017 necessitas
815 3964 955 4030 cogit
1000 3961 1065 4015 ad
1113 3962 1495 4031 imperatorem
1555 3974 1846 4014 excurrere

259 4068 475 4128 propter
505 4058 739 4127 aliquam
764 4060 1051 4125 actionem,
1077 4073 1197 4111 ettnt
1226 4056 1614 4111 deliberatione
1636 4066 1691 4110 et
1717 4071 1847 4110 con-

257 4151 373 4203 silzo
396 4148 823 4217 metropolitauze
856 4149 1141 4219 provinciae
1166 4149 1404 4218 episcopi
1436 4158 1491 4203 ct
1514 4159 1841 4202 caaterorum

258 4242 579 4297 conscientia
610 4242 700 4312 qui
734 4243 782 4296 in
820 4242 1006 4298 eadem
1041 4243 1312 4312 provincia
1341 4251 1487 4308 sunt,
1522 4243 1715 4297 litteris
1763 4240 1843 4296 ire

257 4332 487 4388 debebit.
1830 4316 1842 4323 ’

496 4421 609 4477 ΧΠ.
644 4421 721 4476 De
742 4420 989 4493 episcopis
1010 4422 1085 4477 vel
1115 4420 1311 4478 clericis
1344 4422 1609 4492 depositis.

1868 3168 1919 3238 (ἶ

1956 1933 2432 2005 prtesumptionem
2451 1935 2563 2007 jam
2597 1937 3011 2008 prtedamnatus.

2328 2030 2471 2087 XIV.
2507 2030 2584 2087 De
2612 2033 2863 2103 episcOpis
2893 2033 3168 2089 accusatis.

2025 2123 2083 2181 Si
2110 2124 2229 2193 quis
2258 2125 2543 2195 episcopus
2564 2126 2633 2182 de
2657 2127 2921 2198 aliquibus
2968 2130 3145 2183 causis
3174 2128 3543 2184 criminalibus

1953 2215 2007 2271 in
2049 2214 2252 2285 judicio
2293 2218 2667 2287 episc0porum
2714 2219 2875 2274 fuerit
2920 2228 3236 2284 accusatus,
3270 2220 3544 2288 contingat

1952 2316 2131 2363 autem
2163 2310 2231 2365 de
2260 2310 2391 2378 ipsis
2432 2309 2702 2380 episcopis
2729 2311 3017 2380 provincia:
3059 2311 3148 2379 qui
3178 2318 3545 2365 convenerunt

1952 2403 2193 2457 diversas
2216 2402 2417 2458 habere
2438 2403 2755 2471 sententias,
2794 2412 2849 2460 et
2873 2405 3009 2460 alios
3050 2404 3263 2475 quidem
3289 2402 3547 2459 innocen-

1956 2500 2060 2546 tem
2089 2508 2209 2547 eum
2236 2494 2600 2562 pronuntiare,
2621 2496 2757 2551 alios
2778 2510 2954 2561 reum;
2985 2506 3204 2565 propter
3234 2494 3541 2564 huiusmodi

1950 2586 2133 2659 itaque
2178 2588 2601 2644 controversiam
2652 2588 3056 2660 amputandam,
3090 2588 3288 2657 placuit
3341 2595 3544 2643 sanettn

1949 2681 2158 2751 synodo
2212 2683 2686 2752 metropolitanum
2719 2684 3030 2753 episcOpum
3060 2683 3281 2740 alterius
3320 2683 3542 2751 provin-

1948 2772 2047 2827 cia:
2079 2772 2267 2827 vicina:
2294 2772 2548 2827 advocari
2587 2782 2641 2829 et
2669 2770 2973 2841 aliquantos
3001 2788 3122 2829 cum
3161 2787 3227 2828 co
3255 2775 3542 2843 episcopos

1949 2862 2105 2928 alios,
2138 2863 2226 2933 qui
2261 2864 2459 2932 pariter
2505 2864 2804 2921 residentes
2847 2879 3178 2936 quacunque
3222 2866 3379 2920 fuerit
3408 2864 3541 2919 diri-

1949 2965 2099 3012 mant
2140 2957 2514 3025 quaestionem,
2564 2966 2785 3028 prepter
2829 2957 2932 3012 hoc
2970 2966 3028 3011 ut
3069 2958 3279 3012 tit-mum
3306 2958 3373 3011 sit
3397 2957 3540 3027 judi-

1948 3046 2089 3103 ciutn
2113 3049 2252 3119 quod
2283 3049 2352 3107 ab
2380 3049 2540 3107 unius
2586 3050 2875 3122 provincia:
2917 3049 3186 3121 episcopis
3223 3048 3381 3104 fuerit
3417 3064 3540 3119 pro-

1950 3140 2266 3211 mumalum.
2413 3212 2531 3269 XV.
2571 3212 2650 3268 De
2676 3212 2858 3284 quibus
2891 3231 3073 3285 supra.

2016 3304 2072 3360 Si
2101 3305 2218 3374 quis
2257 3306 2540 3377 episcopus
2568 3309 2925 3366 criminaliter
2951 3322 3236 3369 accusatus
3262 3313 3332 3368 ab
3362 3317 3542 3370 omni-

1946 3396 2047 3453 bus
2089 3398 2181 3468 qui
2228 3407 2353 3452 sunt
2390 3400 2530 3454 intra
2569 3404 2898 3469 provinciam
2942 3406 3211 3475 episcopis
3259 3408 3541 3474 exceperit

1946 3502 2104 3541 unam
2133 3503 2531 3560 consonamque
2566 3494 2912 3560 sententiam,
2945 3496 3012 3551 ab
3038 3496 3156 3551 aliis
3198 3497 3419 3554 ulterius
3444 3500 3539 3569 ju-

1946 3572 2114 3633 dcari
2156 3594 2262 3634 non
2297 3582 2529 3649 poterit;
2562 3584 2657 3639 sed
2708 3599 2926 3641 manere
2964 3586 3107 3641 circa
3152 3602 3274 3644 eum
3323 3599 3539 3659 oportet

1949 3678 2197 3738 tanquam
2220 3675 2654 3743 convenientem,
2684 3691 2804 3746 qua:
2828 3676 2897 3732 ab
2924 3678 3173 3735 omnibus
3202 3680 3407 3751 prolata
3431 3690 3537 3751 est,

1947 3762 2151 3814 “fluam
2178 3771 2459 3834 ratamque
2487 3768 2831 3822 sententiam.

2016 3850 2157 3907 XVI.
2194 3854 2270 3909 De
2298 3858 2549 3926 episcopis
2580 3862 2873 3916 vacantibus
2903 3861 2990 3934 [Τ.
3021 3862 3075 3929 l,
3118 3864 3463 3937 vagantibus].

2016 3946 2070 3997 Si
2104 3945 2225 4013 quis
2255 3948 2540 4017 cpiscopus
2588 3964 2785 4005 vacans
2807 3951 2893 4022 [Τ.
2928 3954 2982 4017 1.
3024 3954 3245 4026 vagans]
3277 3957 3327 4009 in
3356 3957 3540 4012 Eccle-

1945 4037 2078 4093 siam
2110 4048 2386 4094 vacantem
2431 4043 2837 4110 supervenerit,
2870 4052 2925 4097 et
2974 4044 3111 4098 hanc
3157 4047 3480 4115 obrepenter
3508 4049 3537 4088 δ

1949 4142 2146 4201 praeter
2170 4132 2458 4202 plenariam
2490 4131 2753 4204 synodum
2786 4133 3149 4202 occupandam
3199 4151 3321 4191 esse
3350 4139 3535 4193 credi-

1947 4222 2106 4286 derit,
2142 4223 2284 4279 hnnc
2327 4223 2483 4294 abjici
2515 4236 2747 4292 oportet,
2783 4227 2992 4280 tametsi
3018 4242 3138 4280 cum
3184 4226 3334 4294 plebs
3373 4243 3533 4297 quant

1948 4313 2167 4381 diripuit
2196 4315 2321 4368 velit
2345 4314 2443 4370 sibi
2473 4320 2785 4386 epISCOpum
2816 4318 3068 4371 retinere.
3108 4315 3199 4372 Illa
3241 4328 3418 4372 autem
3450 4318 3535 4371 di-

1947 4414 2097 4458 eetur
2128 4404 2366 4475 synodus
2407 4404 2511 4477 47
2545 4406 2782 4477 plenaria
2813 4407 2866 4461 itt
2903 4422 3007 4475 qua
3048 4407 3209 4462 etiam
3249 4411 3538 4480 ερίεεομυε

328 4514 383 4572 Si
406 4517 526 4585 quis
555 4532 584 4570 a
617 4519 835 4588 proprio
859 4517 1109 4587 episcopo
1134 4517 1407 4587 depositus
1423 4517 1506 4572 vel
1539 4516 1843 4587 presbyter,

1959 4500 2395 4568 metropolitanus
2418 4499 2669 4556 adluerit.

259 4614 336 4666 vel
366 4612 650 4679 diaconus,
673 4624 761 4669 aut
781 4615 993 4668 etiamsi
1019 4629 1047 4667 a
1078 4616 1284 4684 synodo
1313 4615 1535 4683 quilibet
1562 4615 1847 4683 episcopus

261 4708 413 4763 luerit
450 4717 852 4775 exauctoratus,
886 4709 1186 4764 molestiam
1221 4709 1585 4776 imperialibus
1629 4708 1848 4763 auribus

260 4798 456 4854 inferre
488 4815 594 4853 non
627 4809 936 4868 prmsumat,
964 4800 1055 4855 sed
1091 4802 1155 4854 ad
1182 4800 1438 4869 majorem
1470 4799 1846 4868 episc0porutn

257 4893 521 4960 synodum
548 4906 668 4946 sese
686 4902 983 4957 conwrtat,
1009 4902 1199 4963 etquae
1222 4908 1281 4947 se
1311 4901 1461 4963 putat
1488 4893 1683 4947 habere
1702 4891 1845 4960 justa

260 4983 310 5035 in
332 4998 517 5037 eorum
555 4985 785 5038 concilio
812 4985 1000 5053 alleget
1025 4983 1142 5057 [U.,
1170 4985 1394 5037 consilio
1421 4982 1646 5056 alliget],
1686 4992 1847 5052 atque

256 5080 323 5133 ab
356 5079 440 5133 his
469 5080 536 5134 de
579 5096 641 5135 se
679 5089 977 5149 exspectet,
1022 5096 1140 5150 qua:
1171 5080 1328 5135 fuerit
1374 5081 1686 5149 deprompta
1719 5094 1846 5133 sen-

254 5174 443 5227 tentia.
474 5174 626 5238 Quod
656 5178 698 5227 si
729 5174 986 5231 deﬁciens
1025 5173 1461 5245 pusillanimitate
1501 5172 1736 5229 noluerit
1770 5172 1847 5227 Ia-

250 5280 399 5330 cere,
431 5266 529 5319 sed
574 5267 883 5334 imperatori
930 5267 1081 5321 fuer.t
1135 5267 1442 5337 bnjusmodi
1487 5266 1843 5335 importunus,

254 5356 463 5409 nullam
491 5358 704 5409 veniam
756 5357 968 5423 habeat,
1000 5374 1175 5425 neque
1206 5359 1378 5413 locum
1414 5359 1554 5412 illius
1594 5358 1848 5413 assertio-

250 5448 342 5498 nis
366 5445 450 5516 [Τ.
490 5447 542 5511 t,
571 5446 627 5513 ἓ,
661 5447 1017 5519 adversionis]
1061 5464 1196 5519 suae,
1230 5464 1328 5505 nec
1356 5466 1504 5519 spem
1554 5450 1845 5521 recipiendi

245 5540 453 5609 gradus
486 5541 678 5594 habeat
710 5542 759 5595 in
789 5542 1049 5597 futurum.

325 5682 357 5745 fl
390 5674 445 5727 li.
484 5673 572 5735 Β..
612 5676 651 5729 Ε
701 5678 754 5742 5,
790 5688 1013 5745 expetnt.
1048 5678 1139 5740 U.,
1172 5688 1445 5744 exspectet.

319 5740 353 5777 ⁸³
388 5745 461 5867 Ιῗκ
490 5747 547 5799 υ.
571 5746 707 5805 R.’I‘.
743 5740 798 5819 Vl,
832 5740 884 5804 Ξ.
912 5750 963 5805 lu
995 5753 1059 5807 Α.
1094 5763 1147 5809 ct
1176 5740 1415 5822 reliquis,
1442 5750 1732 5823 obt'cpcute.
1757 5750 1842 5821 U.,

240 5830 407 5871 repeti
433 5832 478 5871 ε.

298 5830 478 5886 pelue.

2021 4612 2185 4667 XVII.
2239 4612 2316 4665 De
2350 4612 2599 4693 episcOpis
2632 4613 2720 4683 qui
2741 4624 2974 4695 suscepta
2995 4631 3183 4695 manus
3206 4614 3537 4682 impositione

2179 4701 2279 4737 non
2309 4688 2635 4754 acquiescant
2657 4687 2913 4755 suscipere
2935 4687 3299 4742 ministerium.

2018 4795 2076 4851 Si
2110 4796 2228 4865 quis
2251 4796 2535 4866 episcopus
2564 4808 2811 4866 suscepta
2838 4812 3027 4852 manus
3055 4797 3401 4865 impositione
3433 4812 3455 4840 ε
3480 4811 3537 4857 et

1948 4888 2235 4955 deputatus
2264 4888 2472 4957 populis
2502 4905 2731 4957 praeesse
2760 4907 2863 4944 non
2892 4889 3148 4957 suscipiat
3175 4891 3531 4945 ministerium

1948 4983 2258 5047 sacerdotii,
2287 4996 2386 5037 nec
2406 4984 2707 5038 consentiat
2732 4985 2879 5040 abire
2922 4985 2977 5040 in
3013 4985 3306 5042 Ecclesiam
3338 4987 3388 5040 iu
3430 5000 3531 5051 qua

1948 5076 2124 5131 fuerat
2153 5078 2459 5142 ordinatus;
2499 5076 2640 5132 hunc
2685 5078 3237 5133 inconunuuicabilem
3282 5091 3404 5132 esse
3431 5076 3528 5128 de-

1951 5168 2098 5236 bere,
2130 5169 2301 5224 douec
2330 5180 2549 5224 coactus
2580 5171 2881 5224 consentiat
2912 5171 3119 5237 plebem
3151 5169 3427 5236 suscipere
3454 5167 3528 5221 si-

1948 5261 2116 5317 bimet
2159 5263 2506 5331 deputatam,
2537 5272 2628 5316 aut
2671 5261 2962 5330 provincia:
3013 5260 3247 5325 plenaria
3295 5259 3534 5330 synodus

1949 5358 2321 5424 episcoporum
2351 5355 2416 5407 de
2443 5369 2508 5407 eo
2539 5352 2735 5421 aliquid
2764 5359 2980 5404 statuat.

2326 5444 2515 5498 XVIII.
2546 5443 2620 5496 De
2649 5442 2727 5494 his
2765 5440 2947 5509 quibus
2970 5456 3146 5513 supra.

2018 5541 2072 5595 Si
2110 5538 2228 5608 quis
2258 5536 2541 5608 episcopus
2586 5535 2861 5591 ordinatus
2904 5550 3010 5589 non
3050 5532 3241 5589 abierit
3286 5532 3338 5587 in
3375 5545 3524 5601 paro.

2024 5692 2046 5718 ο
2107 5678 2196 5745 U.,
2252 5678 2569 5750 impositione
2631 5687 2828 5735 recusat
2883 5673 3138 5743 dt'pulatis
3189 5672 3281 5731 sibi
3329 5671 3536 5742 populis

1948 5770 2184 5826 pra‘esse,
2220 5762 2274 5806 ut
2301 5771 2397 5807 mm
2428 5753 2690 5824 suscipiat,
2875 5764 2879 5768 ‘
