4072 6176
412 348 511 405 127
1081 325 1461 391 εοιιεατιυ
1497 318 1828 380 CANONUI!
1864 315 1927 376 S.
1968 314 2023 372 IS

2124 307 2243 368 κιο
2277 304 2548 364 HISPAL.
2588 302 2945 360 ASCBIPTA.
3583 278 3690 344 £23

413 462 584 519 cliiam
613 458 697 513 cui
728 453 1005 511 ordinatus
1033 458 1137 515 est,
1179 447 1223 500 si
1256 457 1361 498 non
1387 452 1486 493 suo
1520 435 1654 489 vitio
1692 442 1716 470 ι
1746 431 1840 487 sed
1872 429 1988 499 ple-
2020 427 2072 486 Α
2099 431 2243 476 teres
2268 418 2640 473 aut-diaconos
2657 412 2982 467 constituere
3003 406 3068 461 ad
3094 405 3231 460 alios
3254 402 3687 505 episcopos'pt-r-

413 556 496 609 bis
527 550 747 605 forsitan
790 540 1234 600 contradictione,
1277 534 1362 588 hic
1391 532 1646 587 honorem
1685 532 1993 591 susceptum

411 646 645 700 retinere
672 639 892 693 debebit
909 643 965 689 et
984 630 1285 688 sacerdotio
1312 627 1453 694 fungi
1479 641 1493 689 ;
1534 622 1611 675 ita
1636 630 1694 673 ut
1720 616 1860 673 nihil
1883 630 1997 669 mo-

413 733 581 790 Iestize
611 731 795 785 alerat
825 725 1068 782 ecclesia:
1096 722 1168 776 illi
1199 720 1256 773 in
1285 732 1389 787 qua
1420 717 1592 770 fuerat
1618 709 1946 768 constitutus
1978 720 1994 758 :

413 835 728 892 exspectare
755 827 932 872 autem
970 828 1093 869 eum
1130 817 1345 881 oportet
1370 803 1659 877 provinciae
1705 796 1997 868 plenariam

414 912 702 983 synodum,
733 908 906 963 donec
932 905 1000 960 de
1037 917 1105 957 eo
1133 900 1279 971 quod
1304 896 1558 966 competit
1578 901 1862 983 statuatur.

414 978 556 1061 XIX.
594 1001 715 1057 Non
756 999 912 1054 licere
947 996 1057 1051 sine
1097 993 1312 1047 consilio
1351 984 1743 1056 metropolitani
1778 978 2001 1051 episcopi

913 1067 1209 1137 episcopum
1239 1062 1500 1116 ordinare.

490 1162 809 1231 EpiscOpum
836 1172 941 1212 non
985 1152 1346 1208 ordinandum
1391 1158 1588 1219 praeter
1630 1142 1915 1199 consilium
1947 1146 2004 1194 et

417 1255 759 1327 przsetttiam
810 1246 1206 1318 metropolitani
1255 1239 1515 1313 episcopi,
1546 1240 1631 1295 cui
1683 1236 1874 1292 melius
1900 1233 2006 1288 erit

418 1320 465 1402 si
496 1362 560 1401 ex
586 1345 730 1401 omni
783 1339 1062 1411 provincia
1106 1340 1498 1405 congregemur
1544 1326 1828 1398 episcopi:
1862 1320 2005 1394 quod

419 1440 468 1493 si
497 1438 610 1491 tieri
636 1449 741 1489 non
769 1439 965 1502 potest,
988 1430 1040 1484 bi
1068 1428 1155 1495 qui
1181 1425 1372 1481 adesse
1398 1437 1503 1478 non
1525 1427 1752 1489 possunt
1780 1413 2007 1485 propriis

421 1527 613 1584 litteris
638 1537 961 1581 c0ttsensttm
985 1534 1138 1575 suum
1166 1518 1235 1572 de
1286 1517 1404 1585 ipso
1431 1512 1753 1580 designent,
1780 1518 1835 1563 et
1881 1516 2009 1561 tunc

423 1619 638 1674 demum
670 1622 790 1684 post
839 1612 1190 1681 plurimorum
1234 1605 1351 1661 sive
1392 1601 1731 1674 prasentiam
1776 1596 1893 1653 sive
1915 1610 2010 1663 per

424 1712 637 1766 litteras
681 1705 1003 1763 sententiam
1056 1716 1355 1757 consonam.
1397 1698 1725 1752 ordinetur:
1774 1690 1915 1762 quod
1963 1688 2007 1744 si

422 1805 585 1859 aliter
606 1817 762 1872 quam
784 1809 979 1855 statuta
1019 1808 1139 1853 sunt
1166 1793 1285 1868 [U.,
1310 1799 1568 1865 statutum
1597 1786 1700 1862 est]
1732 1785 1847 1851 ftat,
1877 1780 2008 1837 nihil
2042 1773 2087 1833 Β

423 1894 608 1949 valere
630 1889 931 1961 huiusmodi
954 1888 1372 1943 ordinationem.
1393 1882 1447 1938 Si
1470 1897 1598 1936 vero
1626 1881 1786 1935 etiam
1818 1889 2012 1931 secun—

425 1986 555 2040 dum
584 1983 831 2039 delinitas
859 1982 1070 2051 regulas
1095 1978 1360 2036 ordinatio
1382 1974 1705 2036 celebretur,
1738 1966 2017 2025 contradi-

426 2086 553 2131 caut
577 2087 754 2129 autem
778 2073 943 2143 aliqui
968 2080 1190 2139 propter
1222 2068 1465 2138 proprias
1506 2073 1563 2119 et
1593 2059 2016 2118 domesticassi-

426 2166 723 2231 multatas;
752 2164 835 2220 bis
880 2162 1225 2231 contemptis,
1257 2156 1527 2215 sententia
1568 2154 1637 2211 de
1677 2166 1742 2207 eo
1777 2151 2017 2206 obtineat

428 2259 807 2330 plurimorum.

649 2348 767 2404 XX.
800 2346 868 2402 Ut
894 2347 969 2401 bis
997 2346 1050 2400 in
1075 2362 1210 2398 anno
1236 2341 1466 2414 synodus
1497 2338 1793 2393 celebretur.

501 2440 729 2508 Propter
750 2435 1139 2493 ecclesiasticas
1162 2449 1347 2489 causas
1389 2440 1444 2487 et
1474 2446 1592 2501 qua:
1630 2429 1862 2483 existunt
1890 2439 2017 2480 conr

430 2530 723 2587 troversias
769 2527 1161 2591 dissolvendas,
1205 2525 1457 2580 sufficere
1493 2524 1670 2577 visum
1714 2529 1797 2574 est
1841 2518 1922 2571 bis
1964 2517 2019 2569 in

430 2636 575 2675 anno
596 2635 694 2690 per
719 2617 955 2688 singulas
982 2614 1284 2686 provincias
1316 2614 1691 2682 episcoporum
1730 2611 2019 2666 concilium

432 2711 546 2766 fieri
581 2727 598 2766 :
641 2709 807 2765 semel
834 2708 1051 2778 quidem
1084 2715 1204 2776 post
1246 2705 1459 2759 tertiam
1504 2702 1893 2758 hebdomadam
1928 2715 2023 2771 pa-

432 2802 636 2856 schalis
682 2798 1011 2863 festivitatis,
1042 2797 1111 2850 ita
1143 2805 1199 2851 ut
1222 2795 1274 2850 in
1305 2803 1495 2865 quarta
1538 2792 1876 2864 hebdomade
1904 2807 2023 2863 qua

432 2893 806 2962 consequitur,
828 2891 879 2945 id
902 2900 983 2945 est
1006 2888 1181 2944 media
1205 2887 1547 2951 Pentecoste,
1568 2883 1853 2940 concilium
1877 2898 2026 2939 com-

434 2987 677 3057 pleatur;
728 2985 1054 3038 admoneant
1099 2989 1279 3035 autem
1326 2975 1805 3047 comprovinciales
1833 2973 1861 3012 δ
1909 2974 2023 3045 epi-

435 3092 627 3143 scopos
673 3076 725 3130 hi
759 3074 847 3144 qui
877 3074 930 3129 in
956 3070 1327 3141 amplioribus,
1357 3068 1410 3124 id
1452 3068 1563 3140 48
1588 3076 1671 3123 est
1699 3068 1791 3138 qui
1818 3067 1869 3123 iu
1906 3082 2024 3126 me-

437 3168 775 3238 tropolitanis
826 3166 1134 3221 civitatibus
1186 3163 1385 3233 degunt
1431 3177 1445 3214 :
1493 3159 1788 3217 secundum
1836 3173 2026 3213 verum

436 3261 724 3315 concilium
755 3257 934 3313 Idibus
962 3255 1286 3311 Octobribus
1315 3254 1595 3317 habeatur,
1624 3252 1714 3321 qui
1740 3250 1858 3306 dies
1880 3251 2022 3319 apud

436 3352 655 3406 Graecos
683 3347 1090 3419 Hyperboreum
1143 3344 1344 3398 mensis
1367 3342 1609 3398 decimus
1640 3342 1929 3396 invenitur.
1971 3339 2028 3395 In

441 3443 572 3513 ipsis
600 3450 778 3496 autem
808 3436 1049 3495 conciliis
1075 3444 1130 3493 et
1154 3435 1500 3507 presbyteros
1527 3442 1581 3488 et
1606 3432 1868 3487 diaconos
1894 3447 2030 3501 prte-

440 3544 621 3592 sentes
646 3548 767 3589 esse
791 3538 1028 3599 oportet,
1058 3538 1112 3583 et
1132 3541 1320 3582 omnes
1345 3534 1604 3595 quotquot
1627 3538 1686 3578 se
1707 3525 1862 3578 lmsos
1885 3522 2032 3577 aesti-

444 3632 613 3687 mant,
640 3633 693 3676 et
719 3621 1029 3689 synodicam
1060 3626 1377 3686 exspectare
1418 3616 1739 3670 sententiam
1773 3630 1789 3668 :
1837 3628 1937 3669 nec
1964 3614 2031 3668 li-

443 3724 563 3768 ceat
592 3711 857 3780 aliquibus
886 3709 1025 3778 apud
1068 3706 1391 3776 semetipsos
1421 3706 1645 3761 concilia
1674 3706 1791 3761 sine
1831 3714 2033 3761 metro-

444 3805 802 3875 politanorum
834 3802 1203 3871 episcoporum
1232 3798 1564 3853 conscientia
1595 3796 1775 3852 lacere
1795 3836 1810 3861 ,
1836 3797 2032 3866 quibus

446 3894 513 3948 de
539 3894 790 3947 omnibus
825 3892 1000 3947 causis
1022 3899 1232 3945 constat
1264 3890 1583 3957 permissum
1605 3903 1727 3943 esse
1749 3885 2030 3957 judicium.

448 3982 591 4040 XXI.
628 3982 941 4054 EpiscOpum
981 3981 1047 4034 de
1089 3980 1291 4102 εἴξωσι»ξὶ
1319 3980 1385 4033 ad
1431 3979 1692 4039 dimcesem
1717 3994 1818 4032 non
1858 3978 2034 4032 debere

1134 4066 1350 4102 ranstre.

1134 4066 1350 4107 ranstre.

520 4146 842 4215 Episcopum
868 4143 935 4198 de
969 4143 1189 4197 dimcesi
1217 4141 1283 4194 ad
1326 4138 1620 4194 dicecesem
1668 4138 1891 4193 alteram
1928 4151 2034 4191 non

446 4237 643 4293 debere
669 4236 920 4299 transire,
955 4247 1129 4300 neque
1158 4231 1202 4284 si
1235 4245 1293 4285 se
1316 4228 1490 4298 ipsum
1519 4230 1827 4298 ingesserit,
1861 4242 2037 4297 neque

448 4329 493 4383 si
525 4343 554 4381 a
582 4326 788 4395 populis
817 4324 973 4379 fuerit
996 4323 1260 4378 violenter
1289 4330 1568 4388 attractus,
1598 4335 1773 4390 neque
1803 4322 1849 4375 si
1873 4321 2035 4377 etiam

451 4417 553 4473 hoc
582 4417 632 4473 ei
660 4418 728 4470 ab
766 4414 1034 4485 episcopis
1083 4412 1370 4468 suadeatur
1404 4428 1417 4464 :
1461 4425 1679 4466 manere
1705 4421 1882 4465 autem
1912 4426 2033 4467 eum

450 4511 650 4567 debere
673 4511 724 4565 in
750 4506 990 4563 Ecclesia
1018 4506 1107 4561 Dei
1140 4520 1298 4575 quam
1328 4505 1396 4560 ab
1427 4504 1579 4559 initio
1601 4502 1825 4559 sortitus
1853 4511 1957 4570 est,
1983 4512 2039 4559 et

451 4616 556 4655 non
587 4601 655 4655 ab
682 4614 744 4653 ea
771 4599 896 4653 alibi
923 4598 1221 4669 demigrare
1253 4594 1549 4654 secundum
1592 4595 1833 4665 regulam
1880 4610 1911 4649 a
1940 4596 2041 4652 Pa-

456 4691 625 4746 tribus
654 4691 998 4745 constitutam
1026 4698 1073 4743 ε.

457 4800 620 4857 XXII.
654 4800 964 4871 Episcopum
994 4814 1093 4853 non
1135 4798 1314 4851 debere
1348 4797 1400 4851 in
1438 4798 1657 4852 alienam
1698 4798 1893 4852 irruere
1920 4797 2041 4851 civi-

1156 4879 1331 4925 tatem.

531 4961 853 5031 Episcopum
883 4976 985 5015 non
1017 4961 1216 5017 debere
1262 4963 1314 5016 in
1345 4962 1577 5017 alienam
1623 4962 1826 5017 irruere
1853 4960 2042 5017 civita-

456 5063 563 5109 tein
597 5069 717 5125 qua:
748 5053 820 5107 illi
853 5054 1105 5121 probatur
1133 5069 1241 5108 non
1265 5068 1386 5109 esse
1414 5054 1708 5121 subiectam
1731 5094 1747 5117 ,
1780 5068 1954 5124 neque
1983 5054 2038 5110 in

458 5148 732 5218 regionem
780 5161 898 5218 qure
941 5147 1006 5200 ad
1060 5146 1179 5217 ejus
1226 5162 1411 5201 curam
1459 5148 1677 5202 minime
1711 5148 2045 5220 dignoscitur

457 5245 731 5327 pertinere
755 5237 806 5306 ά,
846 5239 914 5295 ad
945 5240 1141 5311 aliquid
1187 5240 1568 5309 ordinandum,
1615 5256 1790 5312 neque
1821 5242 2043 5313 presby-

531 5403 556 5431 ⁸
586 5392 677 5455 U.,
710 5390 802 5456 6.,
842 5401 916 5446 est
946 5410 1046 5446 non
1077 5412 1169 5451 suo
1195 5398 1332 5450 vitio.

530 5463 557 5499 δ
587 5462 705 5528 Ᾱίέη
736 5463 794 5517 Β.
823 5464 910 5525 κ..
938 5462 999 5515 Ε.
1031 5464 1083 5524 5,
1116 5469 1465 5532 provinciales.

536 5543 558 5569 ε
595 5532 989 5614 U.,secunduin
1019 5538 1244 5604 regulam
1274 5555 1425 5607 super
1454 5540 1551 5592 hoc
1580 5540 1701 5593 olim
1728 5556 1760 5594 a
1801 5537 2044 5596 Patribns

462 5612 812 5659 constitutam.

534 5673 557 5707 α
595 5672 669 5747 E35
700 5673 916 5747 reliquis
939 5672 1241 5747 (indicibus.
1275 5673 1336 5747 In
1361 5677 1449 5742 A.,
1482 5681 1759 5747 pcrvmire.

540 5748 562 5777 '
594 5740 711 5810 .45.,
746 5743 803 5797 Β.
831 5743 922 5813 it,
946 5740 1009 5797 Τ.
1042 5744 1091 5811 I,
1119 5742 1208 5811 U.,
1238 5740 1448 5802 audere.

2064 4467 2117 4531 Ι)

2099 516 2361 577 tinentes,
2410 509 2510 565 nisi
2555 507 2692 562 forte
2729 519 2852 559 cum
2890 501 3119 557 consilio
3164 496 3399 568 propriae
3447 492 3688 562 regionis

2097 576 2373 672 episcopi:
2401 600 2543 671 quod
2562 601 2605 652 si
2629 595 2892 665 quispiam
2911 592 3101 645 horum
3127 588 3232 641 tale
3258 583 3459 655 aliquid
3482 583 3634 638 adire
3662 576 3689 620 δ

2099 693 2350 756 voluerit,
2384 690 2533 745 irrita
2579 687 2697 761 [E.,
2738 681 3066 755 abiicienda]
3092 678 3314 749 quidem
3360 674 3461 731 erit
3507 675 3696 742 huius-

2100 784 2245 839 modi
2272 780 2561 846 ordinatio,
2592 787 2648 834 et
2674 778 2718 832 is
2747 776 2838 846 qui
2868 773 3009 829 male
3036 767 3382 839 usurpaverit
3423 766 3695 837 asynodo

2101 882 2380 944 arguatur.
3292 888 3295 889 '

2104 964 2303 1022 XXIII.
2355 960 2608 1032 Episcopo
2656 973 2758 1011 non
2804 957 2953 1009 licere
2992 965 3333 1007 successorem
3372 947 3469 1001 sibi
3509 946 3694 1000 consti-

2816 1037 2974 1078 tuere.

2176 1122 2503 1192 Episcopum
2550 1133 2657 1173 non
2702 1115 2866 1170 licere
2907 1123 3158 1183 tanquam
3184 1119 3556 1165 successorem
3595 1104 3701 1158 sihi

2107 1214 2344 1269 futurum
2375 1210 2703 1266 constituere
2734 1207 2988 1269 alterum,
3019 1201 3266 1273 quamvis
3315 1199 3459 1253 circa
3503 1195 3701 1250 vicinia

2107 1307 2297 1362 mortis
2329 1302 2590 1357 habeatur
2622 1318 2634 1353 :
2663 1298 2805 1368 quod
2834 1297 2879 1352 si
2912 1297 3015 1351 tale
3047 1292 3245 1364 aliquid
3290 1295 3484 1344 factum
3514 1289 3700 1355 fuerit,

2107 1394 2255 1450 irrita
2277 1393 2347 1448 sit
2374 1388 2683 1461 huiusmodi
2704 1387 2991 1443 ordinatio.
3021 1383 3308 1440 Custodire
3338 1380 3357 1419 τ
3390 1390 3571 1435 autem
3604 1381 3706 1435 de-

2107 1486 2201 1543 bet
2228 1484 2597 1542 ecclesiastica
2636 1484 2952 1546 constituta,
2983 1494 3103 1550 qua:
3152 1478 3223 1533 ita
3265 1491 3324 1531 se
3372 1475 3653 1530 continent
3686 1491 3703 1528 :

2109 1595 2217 1636 non
2244 1592 2404 1650 posse
2434 1576 2593 1632 aliter
2623 1573 2935 1645 episcOpum
2980 1570 3095 1627 fieri
3116 1610 3133 1637 ,
3158 1570 3261 1625 nisi
3304 1567 3619 1623 inconcilin
3648 1576 3705 1620 et

2111 1686 2244 1726 cum.
2281 1682 2554 1725 consensu
2604 1667 3004 1736 episcOpornm,
3054 1676 3242 1718 eorum
3288 1660 3568 1721 duntaxat,
3614 1659 3706 1726 qui

2115 1772 2234 1834 post
2262 1762 2464 1817 obitum
2492 1759 2634 1814 illius
2663 1758 2751 1829 qui
2784 1765 2810 1804 ε
2840 1754 3111 1826 praecessit
3140 1751 3427 1808 habuerint
3471 1759 3707 1820 po'esta«

2114 1863 2221 1912 tem
2243 1867 2363 1907 cum
2390 1850 2482 1922 qui
2511 1850 2706 1920 dignus
2731 1845 2891 1903 fuerit
2923 1844 3283 1916 provehendi.

2220 1943 2415 2000 XXIV.
2447 1942 2521 1997 De
2550 1941 2701 1996 rebus
2740 1936 3095 1993 ecclesiasticis
3126 1943 3175 1990 et
3202 1931 3597 2005 episc0palibus.

2190 2038 2534 2104 Qumcunque
2580 2045 2667 2087 res
2695 2030 2949 2086 Ecclesiae
2977 2037 3105 2082 sunt
3142 2027 3393 2081 convenit
3417 2040 3534 2079 cum
3560 2021 3711 2076 Omni

2116 2127 2397 2196 diligentia
2426 2138 2475 2179 et
2523 2124 2659 2177 bona
2692 2122 2795 2176 fide
2840 2119 3065 2184 servari,
3098 2116 3207 2188 49
3237 2117 3323 2169 illa
3364 2115 3572 2170 scilicet
3606 2113 3713 2165 (ide

2117 2236 2236 2291 qua:
2267 2220 2377 2275 Deo
2401 2217 2630 2272 debetur
2655 2213 2830 2269 omnia
2866 2212 3180 2282 ρτςιενίιέωιιί
3212 2218 3371 2278 atque
3410 2206 3709 2275 iudicanti;

2118 2329 2238 2384 qua:
2262 2328 2345 2377 iue
2376 2310 2661 2382 gubernari
2686 2318 2898 2376 Oportet
2925 2315 2980 2360 et
3009 2303 3309 2375 dispensari
3339 2317 3459 2356 cum
3501 2299 3714 2369 iudicio

2120 2414 2176 2464 et
2202 2414 2461 2477 petestate
2489 2402 2754 2473 episcopi,
2774 2404 2853 2457 cui
2882 2401 3041 2455 totius
3071 2399 3239 2470 plebis
3267 2398 3460 2451 anima:
3499 2396 3693 2449 viden-

2123 2508 2208 2554 tur
2231 2513 2351 2553 esse
2399 2495 2723 2550 commissos.
2774 2492 3048 2547 Manifesta
3098 2500 3274 2545 autem
3326 2502 3449 2542 esse
3492 2493 3708 2554 oportet

2122 2605 2243 2660 qua:
2293 2588 2551 2643 Ecclesim
2595 2594 2902 2654 competunt
2941 2598 3127 2639 eorum
3173 2580 3611 2651 presbyterorum
3660 2585 3713 2630 et

2123 2682 2470 2737 diaconorum
2502 2678 2559 2744 ιι,
2584 2679 2635 2733 id
2659 2687 2744 2733 est
2781 2677 2871 2745 qui
2915 2677 3053 2730 circa
3094 2676 3266 2745 ipsum
3317 2682 3464 2735 sunt,
3509 2680 3567 2724 ut
3613 2670 3715 2737 ipsi

2125 2788 2231 2829 non
2260 2772 2508 2842 ignorent
2539 2785 2637 2824 nec
2678 2784 2775 2824 eos
2799 2766 3001 2837 aliquid
3033 2769 3191 2821 lateat
3219 2780 3407 2821 eorum
3438 2778 3557 2832 qua:
3589 2769 3716 2815 sunt

2127 2863 2355 2936 propria:
2381 2863 2657 2928 Ecclesiae,
2687 2870 2744 2915 ut
2772 2863 2817 2915 si
2846 2859 3134 2929 contigerit
3163 2858 3478 2928 episcopum
3509 2856 3578 2911 tle
3617 2858 3718 2909 hac

2128 2956 2232 3011 vita
2258 2945 2513 3026 inigrare,
2537 2970 2656 3007 cum
2688 2953 2985 3007 manifesta:
3007 2959 3131 3005 sunt
3157 2958 3210 3003 et
3249 2959 3389 3002 nota:
3430 2962 3519 3002 res
3543 2947 3720 3001 eccle-

2128 3047 2384 3111 siasticae,
2422 3061 2525 3100 non
2559 3044 2882 3098 intercidant
2923 3051 3083 3112 atque
3119 3040 3435 3109 depereant.
3479 3039 3588 3094 Sed
3623 3050 3721 3091 nec

2053 3114 2102 3179 ο
2131 3153 2219 3195 res
2250 3138 2480 3207 propria
2509 3135 2748 3206 episcOpi
2796 3144 3046 3202 tanquam
3088 3132 3354 3196 obnoxiae,
3404 3146 3584 3185 rerum
3634 3143 3723 3183 cc-

2127 3230 2547 3286 clesiasticarutn
2588 3226 2601 3266 ί
2634 3227 2939 3292 occasione,
2971 3226 3151 3280 illiust
3186 3226 3464 3295 pulsentur
3488 3222 3719 3292 iniuriae;

2128 3324 2249 3394 quia
2268 3323 2466 3392 iustum
2486 3332 2542 3377 et
2560 3320 2786 3375 decibile
2804 3331 2881 3375 est
2907 3321 3044 3387 apud
3063 3319 3341 3373 Dominum
3358 3316 3501 3391 [/E'.,
3530 3315 3721 3385 Deum]

2130 3417 2179 3471 ei
2206 3415 2473 3480 homines,
2507 3428 2628 3483 quae
2676 3412 2887 3481 propria
2924 3420 3050 3465 sunt
3089 3409 3330 3479 episcopi
3372 3409 3568 3478 quibus
3606 3409 3724 3477 ipse

2126 3505 2449 3575 iudicaverit
2478 3504 2879 3573 derelinqui,et
2908 3517 3026 3570 quae
3053 3501 3300 3557 ecclesia:
3320 3510 3444 3555 sunt
3473 3500 3574 3567 ipsi
3606 3515 3731 3554 ser-

2132 3597 2246 3651 vari
2277 3613 2290 3649 :
2324 3597 2393 3650 ita
2426 3595 2567 3649 enim
2603 3595 2657 3648 ﬁt
2704 3604 2763 3649 ut
2792 3609 2890 3649 nec
2932 3593 3169 3647 Ecclesia
3206 3592 3402 3645 damno
3433 3589 3616 3658 aliquo
3646 3588 3729 3642 af-

2132 3688 2364 3757 fligatur,
2394 3701 2492 3741 nec
2522 3686 2806 3753 episcOpos
2846 3685 3131 3738 occasione
3172 3698 3351 3737 rerum
3394 3682 3731 3737 CCCIBSIaslI-

2132 3795 2317 3834 carum
2364 3778 2764 3847 prmscribatur,
2813 3792 2985 3847 neque
3016 3776 3344 3846 pertinentes
3383 3774 3450 3829 ad
3496 3791 3622 3830 eum
3672 3775 3728 3830 in

2134 3887 2321 3927 causas
2354 3872 2662 3937 incurrant,
2713 3886 2819 3940 quo
2857 3879 2980 3940 post
3021 3880 3250 3925 mortem
3303 3871 3563 3922 memoria
3609 3868 3731 3937 eius

2134 3964 2431 4020 maledictis
2454 3965 2720 4035 aliquibus
2747 3974 3001 4019 oneretur
3031 3963 3151 4034 [U.,
3182 3959 3617 4033 debonestetur].

2135 4073 2301 4130 XXV.
2350 4074 2657 4148 Episwpum
2696 4076 2880 4130 habere
2923 4084 3219 4143 potestatem
3269 4076 3323 4129 in
3364 4078 3514 4130 rebus
3563 4075 3734 4129 eccle-

2627 4148 2848 4200 siasticis
2876 4148 3234 4215 disponendis.

2209 4234 2531 4305 Episcopum
2553 4235 2751 4292 habere
2773 4237 3255 4292 ecclesiasticarum
3283 4251 3460 4292 rerum
3494 4247 3736 4305 potesta-

2138 4336 2245 4383 tem
2297 4328 2361 4381 ad
2417 4328 2834 4397 dispensandum
2887 4329 3135 4386 omnibus
3190 4330 3553 4399 indigentibus
3611 4345 3734 4383 cunt

2139 4419 2286 4474 omni
2316 4422 2507 4474 timore
2537 4430 2592 4474 et
2618 4422 2916 4476 reverentia
2949 4422 3041 4477 Dei
3067 4439 3080 4487 ;
3111 4423 3284 4491 ipsum
3313 4438 3529 4491 quoque
3554 4439 3621 4476 ex
3657 4423 3736 4477 eis

2146 4511 2420 4581 percipere
2446 4522 2605 4582 atque
2634 4514 2707 4567 uti
2751 4513 2949 4568 debere
2990 4513 3182 4583 quibus
3215 4513 3446 4583 indiget,
3473 4512 3519 4567 si
3554 4523 3731 4567 tamen

2142 4602 2346 4675 indiget
2373 4604 2457 4658 vel
2501 4605 2569 4659 ad
2598 4620 2724 4660 suas
2765 4605 3096 4661 necessarias
3126 4606 3215 4661 vel‘
3260 4605 3483 4660 fratrum
3524 4622 3732 4674 expen-

2142 4711 2250 4762 sas,
2282 4698 2369 4766 qui
2417 4698 2525 4768 50
2553 4699 2693 4768 apud
2716 4714 2838 4754 eum
2872 4699 3249 4770 hospitalitatis
3286 4701 3453 4769 gratia
3484 4715 3729 4754 commo-

2142 4798 2349 4855 rantur,
2379 4800 2437 4841 ut
2468 4789 2612 4843 nulla
2651 4805 2715 4844 ex
2748 4798 2899 4859 parte
2938 4806 3032 4859 per
3054 4790 3289 4860 inepiam
3321 4790 3731 4855 defraudentur,

2142 4880 2435 4934 secundum
2482 4881 2797 4949 Apostolum
2847 4881 3113 4937 dicentem
3157 4901 3172 4938 :
3233 4882 3489 4937 Habentes
3547 4885 3731 4937 victum

2141 4974 2495 5043 quotidianum
2525 4983 2571 5027 et
2616 4983 2963 5046 tegumentum
3006 4977 3256 5047 corporis,
3282 4976 3361 5030 Itis
3392 4978 3621 5029 contenti
3651 4994 3729 5030 srr-

2144 5080 2256 5117 mus
2287 5064 2399 5135 [U.,
2427 5062 2627 5136 simus].
2660 5066 2811 5132 Quod
2836 5065 2879 5120 si
2910 5064 2990 5119 his
3022 5066 3241 5122 minimc
3262 5076 3552 5122 contentus
3578 5076 3733 5134 atque

2144 5156 2421 5210 sufficiens
2461 5158 2747 5211 transferat
2788 5158 2841 5211 in
2885 5160 3236 5214 necessitates
3287 5159 3618 5213 domesticas
3649 5173 3733 5212 ec-

2143 5246 2475 5302 clesiasticas
2502 5262 2590 5302 res
2626 5248 2711 5302 vel
2739 5247 3021 5303 commoda
3047 5248 3299 5319 quaelibet
3327 5250 3611 5317 Ecclesiae,
3641 5258 3730 5305 aut

2219 5401 2238 5442 τ
2269 5402 2381 5467 2E,
2415 5401 2507 5467 U.,
2535 5403 2783 5457 custodiri
2807 5414 2976 5457 autem
3003 5403 3205 5458 debent.

2218 5484 2243 5522 s
2273 5475 2338 5528 Τ.
2368 5475 2448 5538 2.,
2478 5475 2615 5527 illius
2637 5473 2772 5527 alius
2801 5477 2908 5541 qui.

2218 5545 2243 5622 ιζ
2394 5555 2681 5622 competunt
2710 5547 2893 5622 presbgi
2901 5545 3012 5599 ‘eris
3039 5555 3085 5601 et
3111 5546 3426 5601 diacombus.

2226 5614 2237 5652 ί
2281 5614 2369 5679 U.,
2397 5615 2543 5667 rebus
2569 5615 2937 5668 ecclesiasticis.

2200 5686 2236 5757 ⁸ἱ
2276 5683 2385 5755 ίΕ.,
2422 5686 2478 5739 Β.
2515 5684 2605 5750 IL,
2637 5686 2697 5740 Τ.
2734 5686 2788 5755 ‘2,
2816 5686 2987 5740 ullius.

4025 1714 4072 1741 Σ
