4072 6176
271 268 374 326 129

1215 256 1622 316 (ἓῖὶᾸΞΟΟῐιυΜ
1665 256 2001 313 CONCILIA.
2045 285 2114 299 --
2153 256 2620 314 ιΑοῡιεεΝωι.

3468 263 3574 319 IPSO

269 390 525 451 agrorum
568 371 1068 430 ecclesiastirorum
1101 368 1307 424 fructus
1336 371 1469 424 citra
1497 368 1964 451 conscientiamA
1988 369 2370 425 ecclesiasticae
2419 371 2613 424 rationi
2667 384 2852 425 verum
2903 367 3069 424 etiam
3118 368 3576 440 dispensatoribus

271 473 722 544 presbyterorum
788 466 873 520 vel
942 465 1294 519 diaconorum
1359 461 1498 528 apud
1556 475 1616 516 se
1676 442 1912 530 redigat.

272 563 393 635 [U.,
419 553 785 628 degentium],
817 565 872 610 et
911 552 1223 608 domesﬁcis
1253 553 1386 616 suis,
1412 552 1494 605 vel
1520 551 1679 605 etiam
1707 551 1879 605 altinio

273 654 394 715 bus,
425 657 521 703 aut
548 647 827 713 fratribus,
857 655 946 697 aut
978 643 1101 698 ﬁliis
1131 658 1316 697 earum
1348 657 1526 696 rerum
1562 641 1755 694 tribuat
1788 655 1884 709 po-

273 751 551 804 testatem,
584 747 643 792 ut
692 752 786 807 per
813 749 998 790 eorum
1029 742 1292 788 secretam
1339 732 1665 801 diligentiam
1698 732 1880 786 carteri

271 831 629 888 ecclesiastici
663 827 784 883 radi
817 825 1130 888 videantur;
1165 832 1370 879 reatum
1405 822 1548 877 hunc
1569 822 1659 891 qui
1693 820 1880 891 lmjus-

273 926 422 980 [ηοάί
453 933 541 978 est
581 921 723 990 apud
769 918 1244 987 metropolitanum
1291 915 1577 986 provincia:
1623 925 1881 985 przestarc

272 1016 521 1070 debebit.
565 1012 720 1077 Quod
772 1009 818 1064 si
867 1009 1048 1064 taliter
1088 1007 1510 1078 reprehendatur
1541 1006 1560 1079 [
1591 1005 1655 1060 Τ.
1685 1006 1742 1072 2,
1781 1005 1881 1060 de-

273 1101 666 1176 prehendatur]
690 1103 978 1172 episcopns
1005 1100 1085 1153 vel
1115 1100 1178 1152 hi’
1197 1099 1284 1168 qui
1310 1113 1435 1154 cum
1461 1100 1576 1166 ipso
1606 1105 1731 1151 sunt
1760 1111 1882 1166 pre-

271 1198 502 1268 sbyteri,
524 1212 630 1266 quo
651 1195 862 1248 dicatur
890 1193 1004 1245 hare
1021 1206 1138 1261 quae
1165 1191 1230 1244 ad
1265 1190 1556 1245 Ecclesiam
1590 1190 1880 1259 pertinent,

273 1291 392 1344 sive
411 1288 480 1343 de
500 1288 664 1357 agris,
689 1286 802 1340 sive
829 1283 896 1337 de
925 1282 1046 1336 aliis
1074 1282 1481 1352 quibuscunqne
1504 1279 1886 1335 ecclesiasticis

273 1383 458 1438 causis
490 1395 558 1434 eo
581 1379 799 1434 sibimet
826 1390 1108 1446 usurpare,
1133 1390 1392 1444 pauperes
1418 1390 1545 1429 vero
1568 1374 1887 1429 necessitate

275 1485 330 1528 et
365 1471 587 1542 penuria
639 1469 897 1540 opprimi,
939 1477 1100 1538 atque
1140 1483 1203 1523 ex
1263 1467 1364 1522 hoc
1410 1467 1527 1536 ipso
1566 1483 1670 1520 non
1709 1468 1884 1521 solum

352 1591 376 1616 ³
409 1582 485 1636 Ex
503 1581 758 1636 omnibus
784 1579 1094 1635 Codicibus.
1119 1578 1176 1634 ltt
1201 1581 1291 1647 A.,
1320 1580 1642 1633 continentur
1663 1579 1877 1647 scripta.

1988 462 2104 532 ejus
2135 462 2444 517 maledictio
2469 461 2617 535 [.E.,
2642 461 2705 515 Β.
2729 463 2820 530 R.,
2839 462 2902 518 Τ.
2933 464 2982 524 l.
3008 462 3065 528 Ξ,
3083 460 3392 534 maledicta}
3419 476 3474 520 et
3495 483 3579 522 re-

1988 557 2278 623 prehensio
2301 565 2556 624 augeatur
2582 573 2595 609 :
2628 558 2727 611 hos
2755 556 2914 625 igitur
2940 559 3335 622 correptioiicm
3367 568 3581 625 oportet

1988 646 2184 702 mereri
2216 662 2335 716 qua:
2363 648 2646 714 condecet,
2676 657 2859 701 sancta
2882 647 3090 718 synodo
3119 656 3503 716 cognoscente.

2060 740 2324 794 Ensisbius
2362 741 2614 795 omnibus
2649 756 2770 810 qua:
2799 744 3088 795 constituta
3139 741 3244 813 [Β.
3277 742 3367 809 IL,
3402 741 3470 795 E.
3525 742 3581 808 1’»,

1986 827 2406 901 constituerunt]
2435 840 2556 884 sunt
2589 846 2825 896 praesens
2857 831 3199 901 subscripsit.
3234 833 3580 898 Theoiloms,

1983 922 2188 989 Niceta,
2236 922 2596 984 Macedonius,
2653 925 2951 988 Anatolius,
3003 925 3334 980 Tharcodius
3380 922 3488 995 [Τ.
3525 925 3576 990 l,

1983 1016 2042 1084 2,
2086 1016 2621 1085 Tarchodimantus),
2655 1017 2857 1070 Mantus
2878 1057 2894 1081 ,
2927 1016 3236 1078 Aitherius,
3271 1014 3579 1080 Narcissus,

1985 1107 2212 1177 Alipius,
2253 1109 2596 1174 Archelaus,
2644 1108 2872 1172 Bassus,
2917 1107 3174 1178 Syricus,
3230 1106 3572 1169 Eustachius,

1987 1199 2296 1265 Mauricius,
2345 1199 2668 1269 llesychius,
2703 1198 2991 1264 Manicius,
3039 1197 3254 1257 Paulus.
3287 1205 3341 1250 et
3368 1195 3575 1260 caeteri,

1989 1307 2214 1361 quorum
2246 1294 2462 1346 nomina
2513 1293 2565 1346 in
2610 1290 2800 1346 Graeco
2840 1292 2951 1362 jam
3000 1290 3250 1361 superius
3296 1290 3580 1344 continen-

1992 1392 2078 1436 tur
2107 1390 2158 1452 ιι,
2189 1383 2582 1438 consensimus.

290 1711 3042 1736 ________._______.__________________

1779 1839 2103 1942 VII.

1166 2030 1398 2114 CON
1413 2027 1838 2111 CILIUM
1913 2023 2729 2107 LAODICENUM.

1308 2183 1346 2224 Δ
1374 2181 1706 2224 LAODXCE/E
1739 2181 1763 2209 ι
1796 2175 2265 2220 SACEBDOTIBUS
2298 2176 2565 2218 EDITL‘M.

351 2297 554 2353 Sancta
604 2287 841 2362 synodus
893 2286 1186 2342 secundum
1245 2286 1566 2340 Laodiceam
1629 2284 1875 2354 Phiygize
1909 2293 1955 2352 Β
1982 2280 2056 2333 sis
2080 2295 2200 2332 cum
2231 2279 2433 2333 Judaeis
2467 2277 2661 2346 pascha
2702 2275 2999 2341 celebrant,
3025 2274 3119 2329 sed
3149 2282 3205 2330 et
3231 2275 3572 2332 catechume-

281 2388 622 2447 Pacatianze,
678 2389 960 2435 convocata
1012 2395 1076 2434 ex
1120 2379 1348 2434 diversis
1389 2376 1674 2448 provinciis
1718 2377 1880 2441 Asiae,

281 2481 508 2550 regulas
539 2475 787 2546 exposuit
814 2473 1238 2537 ecclesiasticas,
1272 2469 1413 2525 sicut
1450 2470 1585 2524 intra
1620 2467 1880 2536 scriptum

282 2582 389 2629 es"
803 2635 908 2706 ει
949 2634 989 2688 I.
1026 2633 1101 2688 De
1128 2632 1367 2703 digamis.

360 2733 437 2788 De
476 2746 543 2786 eo
572 2729 712 2800 quod
739 2737 955 2796 Oportet
997 2723 1290 2780 secundum
1334 2723 1758 2778 ecclesiasticum
1789 2737 1881 2778 ca-

291 2843 511 2891 nonem,
546 2840 641 2880 eos
672 2825 762 2893 qui
797 2821 963 2875 libere
1011 2827 1066 2872 et
1109 2816 1344 2886 legitime
1393 2816 1644 2871 secundis
1686 2816 1882 2884 nuptiis

286 2921 462 2989 conju.
488 2920 558 2974 cti
592 2926 741 2980 sunt,
773 2929 873 2968 nec
918 2911 1182 2965 occultam
1234 2909 1642 2977 permixtionem
1679 2909 1883 2978 operati

286 3023 431 3073 sunt,
465 3025 632 3081 pauco
661 3018 902 3073 tempore
929 3011 1210 3070 exempto,
1246 3015 1436 3055 vacare
1467 3001 1802 3055 orationibus
1829 3009 1884 3055 et

280 3106 530 3176 jejuniis,
560 3112 612 3159 et
663 3100 960 3156 secundum
1021 3095 1232 3152 veniam
1295 3094 1445 3150 reddi
1503 3095 1584 3150 eis
1640 3109 1884 3150 commu-

288 3197 526 3250 nionem.

289 3288 354 3343 ll.
393 3287 468 3340 De
494 3286 573 3339 his
595 3285 682 3351 qui
705 3284 1020 3337 diversorum
1044 3289 1370 3351 peccatorum
1393 3279 1567 3348 lapsus
1591 3278 1880 3332 incurrunt.

365 3371 483 3443 llis,
526 3378 612 3446 qui
642 3376 975 3429 diversorum
1010 3381 1343 3436 peccatorum
1395 3369 1576 3437 lapsus
1608 3369 1884 3422 incurrunt

287 3479 336 3522 et
375 3469 577 3520 instant
605 3465 858 3525 orationi,
889 3460 1213 3517 confessioni
1239 3474 1299 3512 ac
1333 3459 1683 3527 paenitentiae,
1717 3456 1884 3510 malo-

290 3575 406 3614 rum
459 3572 681 3610 suorum
715 3555 1008 3624 perfectam
1050 3553 1456 3607 conversionem
1504 3550 1883 3603 demonstran-

1983 2383 2082 2422 nos
2109 2382 2295 2422 eorum
2345 2370 2430 2421 vel
2476 2368 2658 2422 ﬁdeles
2707 2383 2812 2420 non
2853 2367 3041 2434 recipi,
3089 2365 3396 2434 priusquam
3439 2383 3571 2422 eon-

1982 2458 2239 2512 demnent
2284 2472 2502 2510 omnem
2555 2457 2826 2521 harresitn,
2872 2455 3183 2524 plenissime
3222 2463 3401 2509 autem
3450 2468 3576 2511 ante

1982 2548 2185 2614 omnia,
2217 2549 2268 2602 in
2300 2563 2401 2618 qua
2448 2546 2826 2602 detinebantur
2860 2564 2872 2598 :
2923 2556 2977 2600 et
3011 2558 3136 2599 tunc
3179 2546 3268 2614 qui
3311 2550 3447 2615 apud
3479 2563 3575 2602 eos

1983 2639 2170 2695 ﬁdeles
2199 2639 2452 2693 dicuntur
2492 2639 2794 2709 symbolum
2827 2637 2945 2691 lidei
2972 2637 3288 2699 doceantur,
3321 2647 3482 2706 atque
3505 2639 3573 2692 ita

1984 2737 2172 2783 unctos
2203 2738 2391 2783 sancto
2436 2730 2597 2782 ctiam
2645 2727 2974 2794 chrismate,
3006 2727 3186 2782 divino
3235 2739 3574 2782 sacramento

1983 2823 2387 2877 communicare
2410 2820 2716 2875 conveniet.

1986 2916 2090 2986 52
2121 2915 2248 2969 Vlll.
2298 2914 2372 2967 De
2412 2912 2755 2982 Cataphryg’s
2798 2911 2864 2964 ad
2907 2909 3194 2964 Ecclesiam
3235 2909 3570 2964 venientibus.

2057 3012 2166 3063 Eos
2195 3008 2286 3078 qui
2330 3017 2719 3062 convertuntur
2756 3006 2824 3059 ab
2854 3006 3044 3060 heresi
3089 3021 3209 3074 qute
3252 3006 3446 3059 dicitur
3477 3007 3573 3060 Se-

1985 3101 2475 3170 cundumphrygis,
2494 3113 2659 3168 seque
2685 3101 2735 3152 in
2765 3099 2914 3153 c'ero
2939 3098 3259 3151 constitutos
3280 3099 3570 3162 aestimant,

1985 3195 2224 3261 quamvis
2257 3195 2431 3263 magni
2460 3193 2731 3256 dicantur,
2777 3191 3081 3258 huiusmodi
3120 3205 3239 3244 cum
3269 3192 3412 3244 omni
3451 3191 3570 3244 dili-

1984 3287 2162 3354 gentia
2195 3284 2517 3338 catechizari
2562 3290 2775 3350 oportet
2813 3291 2866 3335 et
2913 3281 3168 3350 baptizari
3216 3281 3282 3334 ab
3316 3282 3575 3335 Ecclesia:

1986 3375 2262 3429 catholica:
2284 3375 2552 3442 episcopis
2580 3383 2635 3427 et
2658 3371 3010 3442 presbyteris.

1987 3471 2079 3525 1X.
2111 3471 2230 3524 Non
2261 3470 2444 3523 debere
2473 3469 2749 3520 catholicos
2781 3467 2831 3517 in
2857 3481 2916 3516 ea
2935 3479 3050 3534 quia
3077 3460 3326 3530 martyrio
3355 3476 3446 3514 sua
3468 3458 3574 3512 Iuc-

2486 3538 2630 3592 retici
2656 3539 2829 3590 dicunt
2858 3536 3067 3588 intrare.

290 3661 398 3716 tes,
433 3666 532 3718 pro
563 3649 822 3719 qualitate
872 3647 1072 3715 peccati
1107 3643 1432 3714 paenitentiae
1478 3651 1684 3710 tempus
1723 3640 1878 3695 attri-
1908 3641 1955 3704 C
2056 3632 2170 3687 Non
2193 3630 2594 3686 concedendum
2627 3629 2678 3682 in
2709 3624 3138 3692 ccemeteria,vel
3171 3637 3289 3693 qua:
3314 3624 3567 3692 martyris

290 3743 566 3798 buendum
618 3748 700 3794 est
744 3748 959 3808 propter
1010 3735 1430 3791 misericordiam
1490 3743 1543 3788 et
1586 3733 1875 3787 bonitatem

289 3839 381 3891 Dei
411 3852 426 3888 2
463 3835 554 3902 qui
586 3848 712 3902 ergo
742 3830 1044 3902 hujus-modi
1077 3837 1225 3895 sunt,
1257 3826 1539 3883 revocandi
1567 3837 1620 3881 et
1647 3825 1712 3880 ad
1735 3839 1882 3879 com-

289 3928 606 3983 munionem
634 3933 758 3979 sunt
787 3920 1111 3992 applicandi.

289 4021 376 4074 Ill.
415 4019 492 4071 De
542 4016 813 4085 neapliytis
840 4032 941 4068 non
971 4011 1326 4082 promovendis
1365 4010 1432 4064 ad
1465 4009 1802 4064 sacerdotium
1830 4006 1880 4061 δ.

360 4116 479 4171 Non
507 4120 718 4182 oportet
743 4112 1065 4181 neophytum
1093 4107 1391 4178 promoveri
1424 4107 1490 4158 ad
1520 4105 1764 4159 ordinem
1789 4118 1880 4158 sa-

290 4206 646 4262 ci-rdotalem.

363 4297 454 4352 IV.
495 4297 616 4349 Non
651 4296 802 4349 licere
829 4308 1002 4346 coram
1033 4290 1401 4343 catechumenis
1431 4288 1641 4342 clericos
1677 4286 1812 4356 ﬁeri.

363 4390 481 4444 Non
521 4395 736 4453 oportet
768 4401 956 4441 manus
989 4380 1385 4450 impositionem
1423 4394 1584 4448 super
1611 4377 1885 4432 ordinatos

290 4478 657 4549 praesentibus
685 4474 1085 4532 catechumcnis
1114 4470 1394 4526 celebrari.

291 4573 359 4628 γ.
395 4572 519 4627 Non
571 4573 723 4625 licere
761 4569 959 4623 clericis
991 4581 1200 4619 usuram
1239 4563 1316 4617 vel
1358 4562 1602 4629 sexcupln
1639 4560 1884 4628 accipere.

363 4666 488 4720 Non
523 4663 648 4719 licet
689 4659 922 4717 l'enerari
954 4654 1213 4712 ministris
1238 4653 1420 4708 altaris
1441 4692 1456 4716 ,
1487 4652 1568 4705 vel
1611 4651 1663 4704 in
1710 4663 1889 4704 sacer-

291 4757 461 4812 dotali
509 4755 699 4809 ordine
727 4747 1031 4806 constitutis
1062 4759 1253 4802 usuras
1303 4742 1385 4798 vel
1432 4742 1579 4797 lucra
1609 4754 1728 4810 qua:
1759 4755 1888 4794 sex-

292 4850 451 4918 cupla
483 4848 735 4900 dicuntur
765 4842 1031 4906 accipere.

463 4938 548 4991 Vl.
585 4936 708 4990 Non
737 4934 889 4987 licere
915 4928 1180 4983 Itwreticos
1202 4922 1402 4997 ingredi
1431 4920 1719 4976 ecclesiam.

1983 3723 2255 3789 dicuntur,
2289 3721 2662 3776 haereticorum
2691 3719 2988 3775 catholicos
3035 3716 3297 3770 orationis
3325 3714 3491 3783 gratia
3519 3722 3575 3766 et

1985 3814 2227 3884 petendae
2247 3811 2543 3866 curationis
2573 3813 2770 3865 intrare
2804 3827 2817 3863 :
2849 3809 2942 3864 sed
2975 3817 3028 3862 et
3058 3807 3144 3874 qui
3175 3805 3353 3872 ierint,
3383 3803 3428 3857 si
3451 3809 3576 3856 sunt

1985 3908 2171 3962 ﬁdeles
2202 3946 2217 3970 ,
2275 3903 2812 3959 incommunicabiles
2870 3901 3041 3954 factos
3088 3897 3156 3952 ad
3206 3895 3574 3966 penitentiam

1985 4013 2155 4069 usque
2183 3997 2247 4051 ad
2272 3995 2485 4065 aliquod
2518 3994 2774 4060 temporis
2803 3991 2972 4060 redigi
3005 4008 3020 4044 :
3051 3989 3369 4058 poenitentes
3396 3998 3574 4039 autem

1985 4108 2080 4146 eos
2107 4101 2161 4146 et
2191 4102 2403 4144 errasse
2430 4085 2711 4141 confessos
2742 4083 2942 4150 suscipi
2975 4089 3211 4148 Oportet.

1986 4183 2057 4240 Χ.
2113 4181 2236 4236 Non
2282 4181 2462 4235 debere
2498 4175 2803 4258 catholicam
2852 4174 3206 4227 haereticorum
3252 4169 3577 4222 matrimonio

2657 4262 2865 4300 8061611.

2060 4344 2166 4398 Eos
2192 4341 2282 4413 qui
2310 4341 2376 4396 ad
2410 4339 2705 4395 Ecclesiam
2738 4336 3009 4406 pertinent
3039 4332 3411 4386 indiﬂ‘erentcr
3442 4328 3578 4383 ﬁlios

1989 4435 2235 4506 pr0prios
2277 4431 2656 4488 hereticorum
2707 4429 2906 4498 nuptiis
2961 4425 3186 4480 minime
3235 4422 3440 4476 sociare
3485 4420 3577 4473 de-

1991 4527 2136 4580 bere.
2403 4589 2489 4646 XI.
2519 4588 2600 4642 De
2627 4587 2887 4641 canonicis
2915 4583 3159 4638 ecclesiie.

2062 4682 2334 4744 Mulieres,
2365 4695 2484 4748 quae
2505 4677 2646 4746 apud
2679 4676 2894 4730 Graecos
2933 4675 3261 4742 presbyteraa
3291 4667 3575 4737 appellan-

1992 4784 2098 4840 tur,
2127 4773 2264 4840 apud
2295 4786 2393 4825 nos
2425 4779 2608 4823 autem
2643 4768 2816 4823 viduae
2845 4762 3108 4826 seniores,
3130 4763 3352 4815 univirae
3381 4768 3437 4814 et
3464 4773 3578 4812 ma-

1993 4868 2280 4921 tricularite
2310 4862 2672 4934 appellantur,
2705 4861 2758 4916 in
2806 4858 3040 4916 ecclesia
3075 4865 3327 4924 tanquam
3361 4853 3580 4908 ordina-

1993 4969 2072 5013 tas
2099 4958 2351 5013 constitui
2383 4971 2490 5010 non
2520 4955 2727 5010 licebit.

371 5029 490 5084 N0"
556 5023 964 5082 concedendum
1024 5017 1290 5114 “firmas
1344 5027 1642 5082 mgressum
1697 5009 1887 5063 domus
1917 4994 1965 5054 υ
1999 5050 2110 5105 XII.
2139 5049 2216 5103 De
2239 5046 2542 5101 erdinandis
2564 5045 2812 5114 episc0pis
2838 5059 2954 5096 cum
2982 5040 3196 5094 consilio
3231 5032 3579 5101 metropolita-

295 5120 393 5176 Dci
428 5121 480 5172 in
507 5116 702 5172 haeresi
728 5109 1190 5184 permanentibus.

516 5230 627 5285 Vll.
661 5229 738 5282 De
761 5225 812 5282 Ν
817 5224 1065 5279 ovatianis
1094 5231 1141 5275 et
1175 5214 1674 5287 Quartodecimanis.

367 5323 724 5384 Novatianos,
770 5318 854 5372 vel
921 5314 1088 5369 etiam
1152 5308 1696 5377 Quartodecimanos,
1759 5313 1891 5369 quos

292 5417 474 5471 (ἰτωεὶ
504 5408 1022 5484 Τισσαραδεκατίτας
1067 5401 1187 5473 [1]..
1213 5402 1474 5471 Τέσσαρις
1495 5399 1579 5448 καὶ
1608 5388 1893 5464 δικάτερις]

290 5506 598 5577 appellant,
643 5481 695 5556 id
724 5508 806 5554 est
836 5498 923 5568 qui
952 5490 1353 5566 quartadecima
1393 5489 1519 5541 luna
1551 5481 1710 5554 primi
1740 5496 1893 5535 nien-

374 5632 400 5658 ι
429 5622 486 5674 ln
514 5616 808 5672 Codicibtts
833 5633 846 5668 :
879 5609 1174 5666 Laudociw.

2283 5133 2466 5172 norum
2492 5127 2537 5171 et
2565 5112 2902 5184 ﬁnitimorum
2927 5112 3292 5179 episcoporum.

2070 5207 2367 5277 Episcopos
2411 5221 2517 5260 non
2549 5212 2764 5272 oportet
2791 5209 2983 5270 prteter
3018 5195 3279 5264 judicium
3308 5201 3582 5260 metropo-

2000 5298 2285 5352 litanorum
2329 5305 2384 5350 et
2429 5294 2778 5349 ﬁnitimorum
2822 5290 3192 5356 episcoporum
3234 5283 3484 5340 constitui
3513 5282 3581 5336 ad

2001 5387 2250 5442 Ecclesia:
2282 5385 2690 5453 principatum:
2743 5393 2841 5434 nec
2882 5377 3150 5447 eligantur
3198 5377 3299 5431 nisi
3347 5375 3400 5428 hi
3448 5387 3584 5442 quos

2002 5478 2171 5532 miilto
2205 5484 2330 5529 ante
2361 5471 2647 5545 probabilis
2670 5471 2779 5527 vita
2809 5469 3184 5539 commendat,
3213 5476 3267 5524 et
3306 5465 3583 5522 nihilomi-

369 5653 400 5732 ί
431 5653 1403 5757 1333317;ldi‘iiiiiunb'FJiBYanonnm
1433 5671 1569 5728 tituli
1597 5668 1652 5724 in
1689 5667 1751 5722 Α.
1783 5659 2054 5732 Desumpti
2077 5669 2196 5716 sunt
2226 5671 2291 5713 ex
2335 5656 2393 5711 Β.
2428 5653 2493 5708 n.
