4048 6182
492 223 583 281 I3I

1227 219 1605 278 COLLECTIO
1640 217 1968 277 CANONUM
2008 220 2068 279 S.

2208 219 2383 276 DORO
2427 218 2694 277 IIISPAL.
2738 219 3100 279 ASCRII‘TA.

2876 80 2907 95 Γ

3663 228 3683 282 1
3697 228 3767 283 ‘32

488 353 587 394 nus
611 337 657 393 si
701 335 754 390 in
785 348 1034 391 sermone
1078 333 1202 388 Iidei
1231 343 1286 386 et
1332 341 1477 386 recta
1528 331 1733 387 ratione
1773 346 1867 403 per
1912 346 2066 388 suam
2097 338 2144 394 Α
2175 329 2361 385 XXIII.
2396 329 2520 385 Non
2543 338 2776 401 oportere
2803 333 3013 387 lectores
3038 341 3126 386 aut
3153 333 3443 401 psalmislas
3475 337 3645 391 orario
3670 342 3759 393 uti.

486 428 951 486 conversationem
981 426 1174 479 ruerint
1203 424 1560 491 comprobati.

557 521 695 577 XIII.
730 521 853 574 Non
880 519 1037 573 licere
1065 516 1269 586 populis
1294 516 1555 569 ministros
1583 514 1765 570 altaris
1796 518 1999 586 eligere.

558 618 635 673 De
665 631 729 671 eo
751 614 893 687 quod
925 629 1031 669 non
1063 612 1134 667 sit
1164 611 1374 681 pepulis
1410 611 1816 667 concedendum
1854 611 2074 666 electio-

487 727 609 765 nent
636 713 811 764 ‘acere
832 721 1016 762 eorum
1049 704 1144 775 qui
1171 704 1360 758 altaris
1401 702 1703 759 ministerio
1742 711 1868 758 sunt
1902 702 2072 772 appli-

486 805 619 858 canil
654 843 667 855 .

488 893 626 947 XIV.
658 891 878 946 Sanctus
917 887 1197 941 oblationes
1223 903 1317 957 pro
1362 887 1574 955 eulogiis
1600 888 1652 939 in
1696 887 1965 954 festivitate
1983 904 2074 955 pa-

550 963 715 1017 schali
737 962 803 1041 ad
828 961 955 1100 ollius
991 961 1275 1027 provincias
1305 974 1408 1012 non
1451 960 1628 1013 debere
1656 962 1787 1012 mitti
1836 958 1947 1030 [υἾ
1981 958 2073 1025 G.,

558 1040 837 1086 transmitti
866 1068 884 1087 .

558 1127 781 1183 Sanctas
808 1124 1109 1178 oblationes
1138 1121 1206 1175 ad
1236 1122 1406 1177 vicem
1433 1122 1766 1192 eulogiarum
1794 1138 1889 1194 per
1920 1121 2077 1177 festi-

488 1224 713 1278 vitatem
740 1222 1047 1293 paschalem
1089 1218 1156 1274 ad
1188 1217 1323 1275 alias
1350 1220 1631 1289 parochias
1669 1220 1807 1274 mitti
1856 1218 2080 1275 minime

487 1326 719 1388 oportet.
1456 1374 1462 1379 .

955 1406 1060 1477 53
1082 1405 1201 1461 XV.
1226 1404 1303 1459 De
1323 1405 1620 1477 psalmistis.

562 1502 678 1555 Non
708 1499 864 1554 liceat
908 1506 1105 1567 prater
1148 1499 1435 1553 canonicos
1462 1497 1765 1566 psalmistas
1790 1493 1819 1534 ι’
1850 1496 1939 1567 qui
1967 1495 2083 1564 pul-

486 1595 659 1664 pitum
706 1591 1001 1645 ascendunt
1044 1599 1099 1644 et
1124 1591 1191 1644 de
1237 1588 1434 1644 Codice
1466 1588 1667 1658 legunt,
1697 1587 1858 1641 alium
1898 1602 2083 1657 quem-

488 1686 618 1738 libet
647 1684 696 1737 in
730 1682 951 1736 ecclesia
982 1680 1230 1750 psallere.

486 1773 628 1829 XVI.
662 1772 729 1827 Ut
769 1781 1003 1825 sanctum
1047 1768 1383 1841 Evangelium
1429 1770 1583 1823 etiam
1613 1767 1836 1822 sabbatis
1865 1766 2081 1836 legatur.

559 1866 808 1922 Sabbatis
859 1863 1145 1934 Evangelia
1197 1878 1320 1918 cum
1369 1864 1489 1918 aliis
1533 1863 1821 1933 Scripturis
1862 1862 2085 1933 legenda

484 1971 625 2011 esse.

626 2042 789 2097 XVII.
827 2040 1064 2097 Psalmos
1102 2030 1321 2113 sparsim
1347 2059 1448 2097 non
1480 2043 1633 2097 licere
1672 2044 1940 2113 confundi.

563 2136 617 2190 In
651 2136 1082 2205 processionibus
1112 2151 1216 2189 non
1244 2144 1586 2202 connectere,
1620 2134 1668 2188 id
1698 2143 1781 2189 cst
1808 2150 1871 2188 ex
1904 2134 2085 2189 diver-

490 2228 567 2283 sis
597 2227 837 2283 versibus
865 2235 923 2281 et
950 2226 1200 2281 sensibus
1230 2225 1351 2280 libri
1401 2227 1453 2280 in
1483 2243 1645 2280 unum
1688 2226 1955 2280 canticum
1986 2225 2090 2279 mi-

491 2320 637 2374 nime
666 2319 993 2389 conjungere
1024 2316 1111 2390 [Τ.
1149 2318 1197 2385 I,
1232 2316 1570 2388 conjungere],
1615 2317 1712 2372 sed
1752 2317 2088 2385 singulorum

489 2413 821 2481 psalmorum
872 2410 1247 2467 ordinabiliter
1291 2411 1360 2466 de
1403 2412 1581 2467 medio
1616 2411 1824 2467 debere
1869 2411 1984 2466 ﬁeri
2014 2410 2090 2465 le-

484 2506 741 2558 ctionem.

775 2596 961 2651 XVIII.
997 2595 1075 2652 De
1116 2596 1433 2650 orationibus
1470 2596 1800 2666 quotidianis.

561 2689 637 2744 De
666 2704 732 2745 eo
761 2689 903 2756 quod
943 2705 1160 2760 semper
1197 2687 1618 2759 supplicationes
1665 2688 1973 2741 orationum
2010 2687 2084 2742 ad

490 2783 676 2837 horam
710 2798 904 2837 nonam
936 2794 991 2839 et
1022 2797 1301 2853 vesperam
1328 2789 1578 2851 opOrteat
1600 2780 1879 2835 ceiebrari.

488 2894 632 2957 XIX,
670 2897 744 2950 De
766 2895 947 2950 ordine
973 2895 1262 2948 orationum
1289 2897 1762 2949 calechumenorum
1784 2903 1935 2965 atque
1958 2895 2087 2964 ﬁde-

925 2968 1074 3030 lium,
1107 2977 1153 3020 et
1175 2968 1237 3020 de
1265 2968 1640 3021 communione.

478 3104 481 3107 »
560 3078 820 3145 Quoniam
853 3079 1358 3135 catechumenorum
1391 3079 1692 3135 orationem
1722 3080 2008 3150 separatim
2037 3089 2093 3136 et

490 3174 638 3241 prius
670 3182 789 3240 post
830 3182 1111 3228 tractatum
1160 3172 1528 3243 episc0porum
1562 3182 1809 3243 oporteat
1855 3172 2089 3228 celebra-

490 3279 551 3318 re
583 3282 598 3317 :
629 3264 824 3334 quibus
856 3265 1088 3333 egressis
1116 3274 1271 3320 orent
1299 3267 1459 3321 etiam
1492 3264 1545 3319 hi
1576 3268 1665 3337 qtti
1696 3267 1748 3320 in
1782 3265 2092 3336 poenitentia

491 3364 620 3409 sunt
668 3355 986 3422 constituti,
1026 3364 1080 3411 et
1131 3364 1252 3425 post
1300 3370 1488 3411 manus
1538 3357 1959 3428 impositionem,
2007 3356 2092 3413 bis

490 3463 703 3517 quoque
748 3446 1187 3517 abscedentibus,
1220 3458 1348 3505 tunc
1388 3450 1572 3504 bdelcs
1603 3465 1759 3505 orare
1796 3450 2088 3515 debebunt,

488 3553 715 3609 quorum
749 3546 858 3595 Ites
883 3547 1155 3594 orationes
1187 3544 1314 3593 Iiant
1348 3558 1359 3593 ε
1393 3554 1498 3593 una
1527 3541 1763 3607 quidem,
1796 3540 1845 3593 id
1870 3551 1951 3594 est
1976 3540 2093 3608 .pri-

492 3647 601 3698 nia,
649 3646 742 3699 per
765 3630 1059 3697 silentium,
1089 3630 1323 3684 secunda
1354 3644 1482 3683 vero
1521 3638 1575 3683 et
1624 3631 1779 3683 tertia
1820 3646 1914 3699 per
1944 3631 2091 3685 vocis

492 3724 981 3794 pronuntiationem
1006 3763 1022 3786 ,
1063 3738 1125 3777 ac
1156 3732 1283 3775 tunc
1327 3722 1543 3776 demum
1571 3721 1757 3776 osculo
1788 3737 1969 3792 pacem
2002 3720 2087 3795 [Τ.

491 3816 549 3882 2,
582 3814 673 3879 U.,
704 3813 795 3881 6.,
819 3815 1061 3869 osculum
1084 3812 1259 3886 pacis]
1281 3813 1481 3879 debere
1499 3814 1636 3880 dari,
1664 3825 1716 3869 et
1742 3826 2090 3885 posteaquam

490 3909 793 3980 presbyteri
823 3908 1074 3977 episcopo
1106 3923 1287 3977 pacem
1320 3908 1585 3973 dederint,
1622 3918 1748 3963 tunc
1786 3909 1947 3964 etiam
1990 3908 2091 3963 lai-

490 4014 586 4054 cos
608 3998 757 4064 dare,
789 4008 844 4054 et
869 4000 951 4055 sic
991 4000 1192 4055 oblatio
1223 3999 1480 4053 oll'eratnr
1514 4017 1525 4051 :
1558 3999 1687 4054 solis
1720 4010 1899 4055 autem
1931 3999 2091 4053 mini-

490 4090 618 4145 stris
650 4091 833 4145 altaris
869 4091 1029 4145 liceat
1060 4091 1263 4161 ingredi
1291 4090 1356 4145 ad
1388 4091 1557 4145 altare
1585 4100 1638 4144 et
1667 4090 2088 4147 communicare.

598 4178 716 4234 XX.
751 4179 826 4234 De
855 4182 1131 4246 disciplina
1179 4188 1330 4247 atque
1372 4182 1619 4236 modestia
1655 4182 1977 4236 clericorum.

561 4274 823 4339 Quoniam
874 4289 978 4327 non
1024 4284 1237 4341 oportet
1288 4275 1565 4332 diaconem
1606 4276 1798 4331 sedere
1826 4285 2090 4345 prmsente

493 4364 841 4434 presbytero,
880 4366 972 4420 sed
1003 4381 1071 4421 ex
1111 4365 1353 4435 jussione
1399 4368 1696 4439 presbyteri
1741 4370 1926 4424 sedeat
1958 4387 1971 4421 ε
2004 4372 2089 4425 si-

492 4456 692 4511 militer
722 4466 897 4511 autem
949 4458 1332 4514 ltitnorilicetur
1378 4470 1433 4513 et
1460 4460 1717 4516 diaconus
1755 4476 1785 4515 a
1826 4460 2088 4518 ministris

490 4545 835 4602 inferioribus
867 4558 918 4603 et
949 4550 1162 4604 clericis
1189 4550 1457 4606 omnibus.

739 4664 883 4720 XXI.
937 4667 1011 4720 De
1058 4669 1340 4724 ministerio
1383 4671 1832 4727 subdiaconorum.

563 4775 823 4842 Quoniam
869 4795 973 4833 non
1007 4790 1220 4849 oportet
1268 4783 1541 4837 ministros
1589 4784 1856 4838 licentiam
1890 4786 2086 4842 habere

490 4864 544 4919 in
574 4866 916 4920 secretarium
942 4871 1055 4924 sive
1078 4873 1391 4941 sacrarium,
1415 4874 1553 4944 quod
1576 4874 1745 4930 Gra'ci
1772 4876 1837 4929 di.
1859 4878 2085 4934 conicon

484 4954 610 5026 1U.,
642 4954 951 5030 diaconion]
979 4961 1250 5029 appellant
1279 4963 1506 5033 ingredi,
1538 4976 1591 5021 et
1620 4965 1932 5035 contingere
1961 4982 2083 5023 vasa

491 5050 779 5105 dominica.

602 5143 710 5214 54
747 5144 911 5200 XXII.
948 5146 1022 5200 De
1050 5149 1300 5216 ministro,
1336 5160 1389 5203 nt
1429 5151 1600 5204 orario
1642 5168 1742 5205 non
1780 5161 1972 5207 utatur.

565 5233 860 5289 Ministrum
901 5255 1006 5292 non
1042 5253 1255 5311 Oportet
1283 5248 1458 5299 orario
1488 5245 1585 5309 ttti,
1618 5260 1715 5299 nec
1745 5245 1879 5300 ostia
1925 5243 2081 5300 dere-

487 5322 753 5393 linquere.

564 5464 586 5537 ς
622 5456 973 5537 Ex‘omnibns
1001 5457 1304 5537 Codicibus.
1336 5464 1399 5537 In,
1424 5468 1511 5531 A.,
1542 5467 1808 5537 applicati.

562 5524 590 5564 δ
624 5528 676 5580 ltt
702 5530 982 5608 Codicilnts
1029 5533 1331 5608 :“psalmos.
1366 5535 1453 5597 l‘.,
1490 5524 1713 5608 psalmos
1750 5538 1838 5607 qui
1874 5537 2072 5608 publice

491 5608 763 5669 canlagntnr
800 5610 845 5651 et
884 5601 946 5651 de
971 5600 1142 5654 codice
1168 5603 1423 5669 leguntur,
1453 5605 1634 5659 alium.

566 5681 585 5707 ε
629 5667 691 5722 Τ.
726 5672 775 5735 I,
808 5669 927 5724 Non
957 5672 1093 5728 licet.
1124 5672 1187 5726 Τ.
1212 5667 1267 5741 Ξ,
1301 5671 1420 5727 Non
1454 5686 1665 5743 oprtet.

2114 1698 2161 1756 B

2248 422 2510 489 Quoniam
2556 438 2661 477 non
2693 434 2906 491 Oportet
2935 425 3165 479 lectores
3202 433 3291 478 aut
3320 427 3623 496 psalmistas
3650 445 3768 484 ora-

2177 514 2259 569 rio
2287 515 2363 568 uti
2394 523 2447 568 et
2472 514 2553 569 sic
2576 514 2755 583 legere
2783 523 2873 569 aut
2904 516 3154 585 psallere.
3265 522 3282 573 ὅ

2178 604 2369 660 XXIV.
2401 605 2478 659 De
2503 605 2774 661 lectoribus
2813 614 2860 659 et
2899 604 3196 677 psalmistis,
3220 616 3275 662 ut
3302 608 3539 663 tabernas
3568 628 3665 665 non
3694 612 3767 667 in-

2902 687 3052 731 trent.

2250 768 2511 833 Quoniam
2559 784 2667 824 non
2711 778 2921 839 Oportet
2962 770 3151 825 altario
3196 772 3493 828 servientes
3533 771 3676 846 [Ᾱῑη
3709 775 3768 829 Β.

2181 858 2270 928 IL,
2303 860 2394 925 U.,
2412 860 2797 932 deservietttes]
2826 878 2854 916 a
2885 862 3213 933 presbyteris
3239 878 3409 933 usque
3434 864 3498 917 ad
3519 866 3775 921 diaconos

2178 959 2233 1004 et
2256 950 2509 1020 deinceps
2537 951 2742 1006 ordinis
2770 952 3124 1007 ecclesiastici
3155 967 3344 1007 omnes
3371 967 3539 1022 usque
3566 955 3632 1010 ad
3666 958 3776 1009 tui-

2182 1046 2400 1109 nistros,
2422 1053 2514 1099 aut
2530 1045 2778 1111 lectores,
2795 1055 2886 1100 aut
2900 1047 3222 1115 psalmislas,
3244 1054 3332 1100 aut
3343 1047 3657 1113 exorcistas,
3683 1056 3773 1103 aut

2180 1140 2455 1203 ostiarios,
2490 1147 2582 1193 aut
2602 1140 2765 1194 etiam
2790 1153 2883 1195 eos
2910 1139 3004 1211 qui
3030 1140 3084 1194 in
3126 1139 3400 1209 proposito
3429 1139 3774 1197 continentia:

2180 1239 2326 1297 sunt,
2355 1231 2602 1286 tabernas
2627 1231 2847 1287 intrare.

2184 1322 2350 1377 XXV.
2373 1322 2493 1377 Non
2521 1324 2672 1378 licere
2698 1323 2943 1378 ministris
2970 1339 3122 1387 panes
3144 1323 3266 1378 dare
3285 1331 3372 1377 aut
3401 1322 3607 1377 calicem
3630 1322 3777 1378 bene-

2869 1395 3056 1449 dicere.

2256 1485 2370 1541 Non
2404 1495 2614 1557 oportet
2640 1487 2913 1542 ministros
2944 1500 3108 1557 panes
3137 1485 3270 1546 dare
3308 1500 3407 1541 nec
3435 1485 3655 1541 calicem
3682 1484 3780 1539 bc-

2187 1581 2460 1635 nedicere.

2675 1669 2867 1726 XXVI.
2899 1668 2976 1724 De
3003 1670 3289 1725 exorcistis.

2263 1760 2377 1814 Non
2408 1768 2620 1830 oportet
2648 1762 2959 1815 exorcizare
2989 1775 3082 1815 eos
3102 1762 3192 1830 qui
3225 1760 3453 1815 necdum
3482 1759 3549 1814 ab
3571 1761 3785 1829 episco-

2187 1853 2270 1922 pis
2300 1861 2423 1907 sunt
2447 1866 2631 1921 provet
2644 1851 2703 1919 ti,
2730 1865 2904 1921 neque
2929 1851 2984 1905 in
3017 1851 3281 1917 ecclesiis,
3318 1866 3491 1922 neque
3522 1851 3658 1906 intra
3685 1851 3786 1905 do-

2190 1955 2326 1995 mos.

2191 2031 2403 2087 XXVII.
2437 2032 2557 2087 Non
2585 2031 2764 2087 debere
2801 2030 3009 2086 clericos
3036 2032 3137 2085 sive
3162 2031 3319 2086 laicos
3349 2033 3418 2085 ad
3454 2048 3671 2104 agapem
3698 2049 3789 2086 vo-

2705 2114 2849 2157 catos
2875 2113 3045 2171 partes
3068 2103 3266 2157 tollere.

2259 2196 2375 2251 Non
2389 2203 2600 2265 oportet
2618 2193 2891 2249 ministros
2914 2194 3118 2261 altaris,
3132 2194 3216 2248 vel
3243 2193 3509 2264 quoslibet
3531 2193 3794 2260 clericos,

2188 2299 2279 2346 aut
2309 2286 2472 2343 etiam
2518 2288 2685 2342 laicos
2730 2286 2795 2341 ad
2846 2301 3071 2356 agapem
3115 2297 3335 2341 vocatos
3361 2296 3543 2359 partes
3574 2286 3794 2351 tollere,

2192 2390 2411 2451 prOpter
2459 2379 2707 2449 injuriam
2737 2394 2855 2450 quae
2885 2392 2950 2433 ex
2984 2377 3084 2435 bac
3110 2378 3396 2435 occasione
3424 2377 3792 2435 ecclesiasrico

2189 2474 2363 2526 ordini
2395 2473 2591 2543 poterit
2616 2470 2881 2540 deputari.

2187 2564 2427 2620 XXVIII.
2480 2563 2601 2619 Non
2632 2565 2784 2619 licere
2820 2564 2875 2616 in
2900 2562 3124 2619 ecclesiis
3163 2564 3421 2619 accubitus
3448 2572 3669 2618 sternere
3708 2565 3793 2617 re!

2762 2650 2976 2705 agapem
3008 2636 3199 2705 facere.

2259 2725 2374 2780 Non
2406 2735 2430 2765 ε
2459 2725 2615 2782 decet
2642 2726 2693 2780 in
2721 2725 3003 2783 dominicis
3034 2727 3276 2783 ecclesiis
3306 2726 3333 2764 ά
3357 2742 3577 2797 agapem
3610 2724 3791 2782 facere

2187 2828 2242 2876 et
2266 2820 2409 2875 intus
2439 2822 2784 2885 manducare,
2812 2819 2895 2874 vel
2919 2819 3194 2876 accubitus
3221 2829 3481 2875 sternere.

2342 2911 2538 2966 XXIX.
2573 2911 2696 2966 Non
2728 2912 2907 2966 debere
2936 2909 3259 2966 Christianos
3283 2910 3622 2965 sabbatizare.

2267 3007 2385 3063 Non
2415 3015 2629 3077 oportet
2672 3006 3008 3063 Christianos
3048 3006 3323 3076 judaizare
3367 3014 3420 3060 et
3464 3007 3516 3060 in
3563 3004 3790 3060 sabbato

2198 3115 2412 3167 vacare,
2442 3102 2537 3155 sed
2561 3100 2772 3169 operari
2800 3113 2895 3156 eos
2917 3101 2966 3154 in
2994 3100 3182 3155 eodem
3211 3098 3333 3163 die;
3358 3097 3630 3152 Dominica
3661 3112 3789 3151 vero

2198 3192 2560 3263 pra'ponendo
2588 3191 2833 3247 eamdem
2863 3190 3029 3255 diem,
3059 3192 3102 3245 si
3136 3189 3236 3245 hoc
3266 3189 3344 3244 eis
3374 3188 3570 3258 placet,
3600 3196 3790 3240 vacent

2198 3293 2447 3353 tanquam
2470 3280 2783 3340 Christiani.
2799 3281 2950 3352 Quod
2977 3282 3024 3339 si
3053 3281 3250 3338 inventi
3271 3277 3465 3336 fuerint
3487 3278 3787 3350 juduizare,

2197 3377 2479 3430 anathema
2502 3376 2631 3429 sint.

2195 3469 2302 3540 55
2337 3469 2506 3524 XXX.
2538 3468 2693 3525 Nulli
2720 3468 3009 3524 Chris’iano
3045 3470 3194 3522 licere
3233 3482 3347 3521 cum
3377 3466 3675 3522 mulieribus
3705 3468 3786 3521 la-

2777 3555 2929 3593 oacra
2949 3556 3203 3595 exercere.

2265 3630 2530 3698 Quoniam
2560 3645 2666 3685 non
2714 3639 2926 3699 oportet
2969 3632 3242 3686 ministros
3272 3630 3479 3699 altaris,
3508 3629 3591 3685 vel
3622 3628 3784 3683 etiam

2192 3724 2422 3779 clericos
2462 3723 2731 3792 quoslibet
2782 3732 2873 3779 aut
2925 3723 3287 3790 continentes,
3320 3722 3413 3778 sed
3471 3732 3524 3777 et
3570 3736 3785 3776 omnem

2194 3816 2414 3869 omnino
2459 3814 2820 3869 Clnistianum
2864 3828 2986 3869 cum
3027 3813 3339 3869 mulieribus
3384 3813 3607 3868 lavacris
3645 3822 3669 3850 ο
3712 3813 3785 3865 uti

2196 3909 2571 3963 communibus
2621 3923 2639 3965 :
2690 3906 2804 3963 haec
2849 3916 2933 3964 est
2971 3908 3115 3964 enim
3164 3907 3305 3979 apud
3351 3908 3574 3978 gentiles
3614 3908 3785 3978 prima

2192 4000 2562 4071 reprehensio.

2337 4112 2531 4167 XXXI.
2577 4112 2653 4168 De
2694 4113 2932 4168 cavendis
2959 4113 3310 4168 hereticorum
3357 4111 3642 4168 connubiisl

2264 4225 2525 4293 Quoniam
2559 4240 2662 4280 non
2698 4234 2910 4295 oportet
2951 4240 3071 4279 cum
3103 4226 3352 4281 omnibus
3385 4226 3649 4280 hmreticis
3686 4224 3786 4279 mi-

2190 4334 2342 4375 scere
2368 4318 2657 4382 connubia,
2708 4328 2762 4372 et
2788 4318 2869 4373 vel
2916 4318 3053 4373 Iilios
3091 4318 3172 4373 vel
3207 4319 3344 4373 tilias
3371 4319 3520 4387 dare,
3552 4317 3643 4372 sed
3684 4332 3782 4387 po-

2118 4421 2168 4480 D
2200 4415 2303 4466 tius
2331 4412 2593 4481 accipere,
2637 4412 2680 4465 si
2728 4421 2903 4466 tamen
2951 4412 3301 4482 proﬁteantur
3345 4413 3678 4467 Christianos
3724 4426 3784 4467 se

2180 4502 2399 4558 .I'tttnros
2426 4519 2544 4559 esse
2570 4502 2886 4560 catholicos.

2261 4594 2475 4652 XXXII.
2511 4597 2633 4652 Non
2661 4598 2813 4653 licere
2838 4597 2898 4652 ab
2924 4598 3176 4654 hrereticis
3212 4597 3443 4666 eulogias
3465 4597 3709 4667 accipere.

2264 4691 2380 4747 Non
2429 4700 2643 4760 oportet
2674 4692 3045 4745 haereticorum
3086 4689 3485 4743 benedictiones
3514 4689 3781 4756 accipere,

2192 4783 2443 4847 quoniam
2476 4760 2609 4836 ista;
2636 4780 3039 4835 maledictiones
3066 4788 3190 4834 sunt
3217 4778 3387 4848 magis
3415 4794 3572 4849 quam
3617 4779 3785 4836 bene-

2194 4871 2479 4926 dictiones.

2190 4983 2431 5040 XXXIII.
2473 4982 2593 5038 Non
2636 4984 2817 5040 debere
2860 5001 2974 5038 cum
3022 4983 3271 5069 luereticis
3309 4994 3399 5038 aut
3446 4985 3781 5040 scltismaticis

2903 5072 3037 5110 oran
3046 5095 3059 5110 .

2258 5148 2374 5203 Non
2402 5156 2614 5213 oportet
2643 5163 2765 5203 cum
2799 5149 3069 5205 lmrcticis
3095 5150 3176 5205 vel
3215 5150 3568 5205 schismaticis
3597 5165 3774 5205 orare.

2364 5240 2603 5295 XXXIV.
2637 5240 2758 5297 Non
2795 5243 3016 5297 eundum
3043 5245 3112 5298 ad
3142 5244 3302 5312 falsos
3330 5254 3600 5314 martyres.

2259 5331 2375 5389 Non
2407 5343 2619 5402 oportet
2646 5349 2858 5390 omnem
2889 5336 3251 5391 Christianum
3282 5335 3548 5392 derelictis
3579 5343 3775 5404 marty-

2252 5463 2278 5503 τι
2323 5467 2433 5527 Αἰ..
2467 5469 2520 5522 in
2550 5462 2780 5526 domibus
2803 5472 3045 5527 ccclesiaz.

2255 5547 2278 5574 θ
2323 5539 2396 5592 Ex
2427 5539 2540 5621 .45.,
2587 5541 2649 5598 U.
2681 5543 2736 5599 In
2764 5542 2829 5598 Α.
2875 5553 2931 5600 ct
2973 5545 3232 5617 reliquis:
3261 5545 3459 5617 lavacra
3485 5544 3562 5597 uti
3598 5542 3775 5599 debere

2180 5624 2491 5665 communia.
