4072 6176
336 228 441 301 tsa

1280 241 1683 300 GIIECORUM
1722 241 2057 300 GONCILIA.
2099 272 2165 290 -
2208 244 2668 305 LAODICENUM.

3524 265 3629 321 ιη

329 360 487 414 ribus
506 357 706 415 Christi
732 356 882 415 abire
908 357 973 413 ad
1005 356 1164 412 falsos
1196 369 1460 430 martyres
1493 360 1679 423 factos,
1713 361 1762 416 hi
1792 362 1936 417 enim
1966 365 2013 423 Α
2042 360 2146 433 57
2171 358 2899 447 XLVLBaptizandosdeberc
2918 372 3038 439 [Ξάιὶ
3062 374 3346 447 symboium
3367 388 3418 435 et
3437 384 3628 442 discere

328 451 497 508 siieni
528 467 558 507 a
589 450 702 507 Deo
727 461 855 507 sunt
886 468 899 505 :
934 451 1237 521 quicunque
1275 463 1452 506 autem
1501 454 1647 508 abire
1689 455 1936 523 voluerit,

328 547 622 603 anathema
656 548 752 604 sit.

333 637 556 694 XXXV.
612 637 736 692 Non
773 638 924 692 licere
965 637 1268 692 Christianis
1304 640 1545 694 derelicta
1592 642 1825 697 Ecclesia
1871 646 1941 699 ad

402 710 618 781 angelos
639 708 763 782 [U.,
791 709 881 778 G.,
905 708 1146 780 angulos]
1172 712 1585 783 congregationes
1610 715 1865 783 colligere.

408 800 677 869 Quoniam
706 816 812 856 non
843 810 1054 870 oportet
1079 802 1439 869 Christianos,
1472 804 1726 859 derelicta
1758 807 1941 863 Eccle-

336 893 419 947 sia
470 893 586 957 Dei,
629 891 782 946 abire
829 892 896 946 ad
940 894 1161 960 angelos
1191 892 1311 966 [U.,
1342 891 1432 962 0.,
1466 892 1737 965 angulos],
1775 896 1941 951 idola-

340 982 469 1037 tria:
512 982 957 1052 congregationi-5
998 983 1209 1053 faccre,
1260 1000 1378 1054 qua:
1429 987 1605 1041 omnia
1662 987 1941 1044 interdicta

341 1083 479 1129 sunt
508 1091 521 1127 :
551 1074 855 1144 quicunque
882 1084 1062 1129 autem
1098 1075 1344 1129 inventus
1375 1076 1533 1131 fuerit
1571 1079 1778 1134 occulte
1819 1080 1943 1135 huic

341 1166 613 1220 idolatria:
665 1181 882 1230 vacans,
924 1168 995 1222 sit
1033 1169 1319 1223 anathema
1356 1170 1651 1241 :qnoniatn
1704 1172 1939 1227 derelin-

334 1274 516 1328 quens
560 1259 851 1313 Dominum
905 1272 1145 1315 nostrum
1196 1261 1379 1318 Iesutn
1434 1265 1704 1321 Christum
1744 1267 1940 1322 Filium

332 1349 459 1411 Dei,
492 1350 721 1405 accessit
745 1350 813 1404 ad
847 1350 1009 1406 idola.

336 1437 586 1493 XXXVI.
643 1438 767 1493 Non
808 1441 959 1493 licere
1006 1442 1221 1497 clericos
1257 1460 1435 1513 magos
1478 1448 1553 1501 vel
1600 1448 1941 1505 incantatores

735 1526 864 1580 esse,
893 1522 983 1564 aut
1015 1513 1330 1582 pltylactcria
1359 1518 1545 1583 facere.

417 1598 681 1665 Quoniam
713 1616 819 1655 non
852 1610 1063 1669 Oportet
1094 1604 1367 1660 ministros
1388 1607 1576 1662 altaris
1597 1619 1687 1663 aut
1716 1611 1941 1667 clericos

2674 452 2721 493 et
2759 442 2989 499 reddere.

2114 524 2468 592 Baptizandos
2496 537 2712 595 oportet
2752 530 2873 587 ﬁdei
2917 535 3216 604 symbolum
3249 541 3456 598 discere
3481 542 3505 580 ἀ
3529 587 3544 610 ,
3575 559 3627 600 et

2042 616 2225 681 quinta
2260 613 2391 668 feria
2423 618 2622 673 ultima:
2650 621 2961 690 septimana:
2998 627 3081 682 vel
3112 632 3363 702 episcopo
3395 637 3475 691 vel
3507 652 3628 707 pre-

2041 704 2258 775 sbytero
2291 706 2533 762 reddere.

2186 795 2391 853 XLVII.
2428 798 2504 854 De
2532 802 2610 856 his
2634 804 2721 873 qui
2741 805 2792 859 in
2818 811 3120 876 (egritudine
3144 813 3485 883 baptizantur.

2114 886 2214 954 Qui
2257 886 2309 941 in
2341 892 2657 960 aegritudine
2703 901 2975 955 constituti
3021 904 3341 972 baptismum
3377 925 3633 979 percepec

2043 989 2186 1041 runt,
2223 981 2337 1034 sani
2380 980 2501 1037 facti
2532 985 2830 1054 symbolum
2864 991 2981 1045 lidei
3020 992 3334 1063 doceantur,
3366 1008 3422 1051 ut
3466 1016 3630 1055 nove-

2043 1069 2147 1125 rint
2171 1072 2292 1146 [U.,
2327 1077 2571 1146 noscant]
2603 1094 2703 1147 qua
2732 1080 3020 1139 donatione
3048 1086 3190 1156 digni
3231 1089 3339 1143 sint
3368 1091 3555 1149 habiti.

2219 1163 2441 1219 XLVIII.
2476 1165 2601 1221 Post
2630 1170 2931 1239 baptismum
2959 1177 3177 1232 chrisma
3207 1182 3451 1236 dandum.

2111 1257 2243 1327 0pm
2262 1266 2335 1313 tet
2366 1259 2661 1327 baptizatos
2691 1275 2811 1332 post
2832 1266 3151 1337 baptismum
3174 1276 3479 1332 chrismatis
3498 1294 3631 1349 quo-

2041 1362 2147 1416 que
2176 1350 2413 1406 cre'estis
2444 1361 2498 1407 et
2522 1355 2669 1424 regni
2700 1355 2899 1413 Christi
2929 1361 3213 1431 participes
3245 1366 3378 1421 ﬁeri.

2046 1436 2229 1492 XLIX.
2272 1440 2341 1495 In
2383 1444 2788 1585 Quadragesiya
2823 1452 3029 1573 sqiblr'alo
3074 1465 3267 1510 tantum
3298 1470 3344 1515 et
3374 1462 3630 1518 delinire

2669 1536 2698 1571 ο
2745 1537 2856 1574 eren
2901 1540 3005 1576 um.

2669 1536 2736 1576 0/]
2745 1536 2984 1576 crenaum
2993 1564 3005 1576 .

2110 1599 2228 1656 Non
2262 1613 2473 1672 oportet
2506 1605 2558 1659 in
2604 1608 3018 1682 Quadragesima
3073 1631 3262 1685 panem
3308 1620 3490 1677 οϐ’εηί
3529 1625 3631 1680 nisi

340 1703 529 1757 magos
558 1701 645 1744 aut
672 1688 1034 1746 incantatores
1064 1708 1204 1761 esse,
1229 1706 1320 1749 aut
1345 1695 1521 1752 Iacere
1548 1714 1664 1767 quae
1692 1701 1938 1756 dicuntur

2044 1693 2269 1747 sabbato
2298 1704 2352 1748 et
2381 1696 2643 1752 dominica
2677 1710 2901 1759 tantum.

337 1778 673 1850 phylacteria
699 1822 714 1847 ,
759 1796 878 1850 qua:
919 1792 1046 1836 sunt
1085 1799 1272 1853 magna
1320 1786 1675 1857 obligamenta
1727 1791 1936 1845 anima-

338 1884 463 1923 rum
498 1886 513 1921 :
548 1872 645 1924 hos
687 1879 866 1925 autem
914 1872 1003 1943 qni
1036 1874 1231 1929 talibus
1277 1876 1436 1931 rebus
1483 1887 1702 1934 utuntur
1750 1880 1939 1951 projici

341 1961 412 2013 ab
444 1962 683 2017 Ecclesia
710 1963 992 2033 jussimus.

338 2049 449 2121 56
496 2051 759 2134 XXXVII.
808 2054 929 2134 ρ’οη
960 2056 1114 2134 licere
1142 2058 1205 2111 ab
1234 2057 1485 2134 hareticis
1512 2058 1589 2114 uel
1620 2060 1822 2118 Iudicis
1864 2068 1941 2133 fe-

698 2128 879 2179 riatica
906 2142 1018 2194 quae
1038 2130 1311 2182 mittuntur
1329 2133 1582 2199 accipere.

408 2212 529 2269 Non
578 2226 790 2285 oportet
830 2235 858 2270 a
908 2217 1110 2275 Iudaeis
1152 2230 1206 2275 et
1237 2223 1501 2277 haereticis
1545 2222 1780 2279 leriatica
1821 2241 1939 2296 quae

338 2304 631 2362 mittuntur
658 2310 920 2379 accipere,
950 2325 1126 2381 neque
1168 2325 1290 2366 cum
1332 2312 1413 2369 eis
1443 2313 1558 2368 dies
1587 2330 1746 2386 agere
1785 2318 1941 2372 teria-

340 2411 434 2454 tos
464 2408 515 2457 ⁸.

339 2490 639 2550 XXXVIII.
685 2494 805 2552 Non
840 2496 991 2553 licere
1044 2515 1075 2551 α
1104 2497 1303 2579 ηάωὶε
1332 2514 1539 2569 αιεῃηαδ
1569 2497 1655 2570 [Τ.
1689 2499 1706 2554 l
1737 2500 1938 2573 azyma]

1016 2585 1265 2640 accipere.

408 2654 531 2711 Non
557 2666 767 2727 oportet
795 2674 826 2714 a
856 2659 1056 2717 Judreis
1094 2677 1313 2731 azymas
1363 2662 1606 2733 accipere
1650 2674 1747 2719 aut
1796 2679 1939 2720 com-

336 2748 615 2805 municare
644 2751 1006 2821 impietatibus
1032 2769 1245 2809 eorum.

409 2838 655 2897 XXXIX.
687 2842 809 2897 Non
840 2843 995 2899 licere
1035 2862 1150 2899 cum
1188 2848 1408 2918 paganis
1438 2851 1567 2918 festa
1594 2850 1865 2904 celebrare.

406 2928 527 2986 Non
556 2943 768 3002 oportet
800 2951 920 2990 cum
951 2936 1167 3008 paganis
1217 2939 1348 2994 festa
1376 2941 1671 3008 celebrare,
1720 2952 1811 2996 aut
1839 2943 1939 2997 im-

340 3023 560 3089 pietatis
588 3039 773 3081 eorum
808 3028 1006 3085 habere
1030 3032 1367 3086 societatem.

338 3114 454 3170 XL.
488 3115 774 3187 Episcopus
812 3122 882 3175 ad
928 3124 1181 3191 synodum
1222 3133 1427 3177 ‘rocatos
1472 3138 1572 3178 non
1604 3124 1783 3179 debere
1818 3140 1935 3179 con-

933 3235 946 3248 .
1017 3202 1256 3247 temnere.

412 3280 527 3335 Non
568 3292 793 3353 oportet
839 3296 1058 3340 vocatos
1099 3287 1382 3356 episcopos
1421 3286 1487 3340 ad
1515 3287 1777 3357 synodum
1808 3304 1936 3344 con-

342 3382 607 3441 temnere,
656 3382 751 3430 sed
800 3377 950 3433 abire
1002 3387 1054 3433 et
1102 3389 1194 3434 aut
1241 3380 1437 3434 dicere
1478 3390 1567 3433 aut
1602 3381 1779 3436 doceri
1820 3399 1937 3453 qua:

342 3479 474 3522 sunt
500 3469 567 3521 ad
600 3469 854 3524 Ecclesia:
884 3480 1312 3544 casterorumque
1340 3474 1753 3532 correctionem.
1786 3478 1936 3543 Quod

338 3558 387 3612 si
427 3561 836 3627 contennserit,
878 3575 938 3616 se
975 3563 1150 3632 ipsum
1198 3564 1463 3620 videbitur
1503 3580 1789 3623 accusasse
1835 3568 1937 3624 nisi

338 3655 482 3708 forte
515 3669 608 3720 per
636 3654 997 3711 inﬁrmitatem
1030 3658 1109 3711 ire
1144 3672 1248 3711 non
1282 3659 1466 3726 possit.

338 3742 477 3797 .\'LI.
510 3743 628 3797 Non
657 3746 839 3801 debere
877 3747 1114 3800 clericum
1132 3749 1213 3831 pel
1236 3750 1427 3831 inicum
1465 3750 1572 3805 sine
1598 3751 1831 3821 epistolio
1850 3770 1940 3824 pe-

1008 3834 1279 3887 regrmart.

407 3904 529 3960 Non
578 3916 793 3977 oportet
832 3910 1137 3965 minislrntn
1176 3912 1361 3967 altaris
1402 3913 1485 3967 vel
1539 3914 1697 3969 etiam
1743 3916 1935 3972 laicum

339 3998 459 4054 sine
489 4000 767 4057 canonicis
797 4003 1012 4071 litteris,
1047 4004 1099 4059 id
1141 4015 1223 4060 est
1264 4004 1509 4074 lormata,
1542 4008 1723 4079 aliquo
1754 4008 1781 4048 δ
1812 4027 1939 4081 pro-

335 4092 529 4147 licisci.

336 4183 499 4243 XLII.
537 4197 559 4224 ε
596 4186 815 4243 Nullum
844 4190 1086 4244 clericum
1117 4191 1298 4275 debere
1325 4192 1433 4246 sine
1453 4192 1687 4263 jussione
1712 4196 1940 4267 cpisc0pi

970 4278 1308 4333 peregrinari.

406 4347 524 4402 Non
551 4357 767 4419 oportet
794 4351 1094 4407 ministrum
1120 4353 1310 4407 a‘ltaris
1339 4355 1426 4409 vel
1456 4357 1742 4424 quemlibet
1774 4358 1937 4413 cleri-

2044 1780 2106 1836 L.
2136 1781 2185 1836 Ν
2192 1799 2256 1837 an
2274 1784 2427 1840 licere
2446 1789 2624 1858 quinta
2642 1793 2769 1872 [cria
2793 1796 3093 1917 septilnrana:
3116 1800 3306 1856 ultima:
3327 1805 3631 1879 Quadrage-

2645 1878 2826 1916 simam
2855 1884 2911 1917 so
2936 1884 3002 1917 vi.

2645 1878 2826 1916 simam
2855 1878 3002 1921 SOlDl.

2112 1943 2226 1999 Non
2260 1958 2472 2016 oportet
2498 1952 2973 2024 Quadragesimam
3021 1962 3204 2032 quinta
3257 1966 3381 2022 feria
3430 1970 3630 2028 ultione

2041 2036 2394 2098 hebdomadre
2422 2045 2664 2115 dissolvi,
2697 2057 2749 2103 ct
2779 2060 2939 2106 tatam
2973 2056 3441 2129 Quadragesimam
3472 2062 3629 2119 inho-

2041 2131 2245 2197 norari,
2269 2133 2362 2188 sed
2396 2150 2489 2203 per
2520 2144 2663 2192 totos
2700 2140 2815 2195 dies
2838 2142 3081 2212 jejunare
3105 2157 3160 2203 et
3198 2153 3333 2206 escis
3361 2154 3628 2211 abstineo~

2041 2218 2131 2274 tite
2155 2227 2615 2302 convenientibus,
2649 2231 2699 2285 id
2727 2243 2810 2286 est
2838 2236 3159 2295 aridioribus
3186 2242 3282 2297 uti.

2041 2310 2126 2367 LI.
2160 2312 2283 2369 Non
2311 2317 2492 2394 debere
2521 2320 2573 2373 in
2607 2322 3007 2394 Quadragesima
3031 2330 3129 2384 nisi
3158 2334 3367 2390 sabbato
3395 2347 3441 2391 et
3462 2341 3627 2392 domi-

2321 2392 2435 2441 nico
2480 2394 2716 2446 natalitia
2756 2392 3039 2468 martyrum
3081 2404 3341 2463 celebrari.

2112 2475 2227 2532 Non
2262 2490 2478 2550 oportet
2522 2486 2574 2539 in
2606 2486 3020 2559 Quadragesima
3055 2506 3351 2567 martyrum
3392 2503 3627 2557 natalitia

2039 2569 2321 2636 celebrari,
2354 2574 2451 2627 sed
2479 2590 2667 2633 eorum
2694 2580 2747 2635 in
2792 2581 3016 2640 Subhato
3046 2596 3101 2642 et
3128 2589 3394 2648 dominica
3428 2605 3629 2653 tantum

2041 2662 2352 2717 meritoriam
2384 2662 2519 2722 ﬁeri.

2145 2752 2256 2810 LII.
2291 2755 2413 2810 Non
2455 2760 2604 2815 licere
2630 2763 2682 2817 in
2716 2764 3119 2839 Quadragcsima
3145 2776 3350 2846 nuptias
3387 2779 3521 2848 ﬁeri.

2112 2843 2227 2901 Non
2260 2858 2474 2919 oportet
2495 2851 2547 2907 in
2575 2854 2987 2929 Quadtagesfma
3019 2875 3113 2921 aut
3140 2843 3353 2938 nuptias
3376 2843 3463 2926 aut
3486 2890 3628 2944 qua:-

2042 2939 2170 2994 lihet
2195 2944 2436 2998 natalitia
2464 2946 2757 3005 celebrare.

2041 3030 2171 3087 LIII.
2206 3034 2328 3091 Non
2363 3037 2515 3094 licere
2542 3038 2953 3169 Christitlnzosuad
2996 3051 3199 3122 nuptias
3223 3064 3398 3108 euntes
3424 3066 3629 3114 cantare

2677 3129 2734 3168 ve
2806 3134 2837 3168 a
2881 3135 2983 3169 are.

2677 3129 2752 3168 νει
2775 3129 2983 3173 bellare.

2108 3196 2222 3252 Non
2274 3212 2488 3269 oportet
2540 3203 2875 3263 Christianos
2920 3212 2985 3265 ad
3034 3215 3240 3282 nuptias
3296 3230 3487 3273 euntes
3544 3222 3626 3276 vel

2039 3288 2241 3345 ιωτιςιιυε
2270 3295 2350 3347 vel
2382 3295 2581 3351 saltare
2614 3307 2660 3363 ο,
2692 3299 2784 3352 sed
2818 3312 2965 3357 caste
2989 3319 3202 3361 caenare
3234 3310 3315 3362 vel
3342 3312 3626 3380 prandere,

2038 3384 2177 3436 sicut
2205 3387 2459 3453 competit
2488 3386 2831 3444 Christianis.

2038 3473 2170 3528 LIV.
2224 3475 2346 3530 Non
2386 3478 2535 3533 licere
2582 3482 2845 3537 ministres
2898 3487 3079 3543 altaris
3119 3492 3425 3559 spectaculis
3472 3496 3627 3551 inter-

2769 3571 2897 3610 esse.
3286 3576 3299 3587 ⁶

2110 3637 2225 3693 Non
2257 3650 2469 3710 oportet
2500 3645 2776 3702 ministros
2804 3649 3011 3718 altaris,
3045 3652 3127 3708 vel
3168 3656 3433 3723 quoslibet
3470 3659 3629 3716 cleris

2038 3744 2149 3799 eos,
2181 3735 2500 3803 spectaculis
2529 3738 2792 3808 aliquibus
2819 3756 2936 3811 qua:
2965 3754 3056 3799 aut
3078 3746 3130 3799 in
3161 3746 3270 3818 58
3290 3751 3505 3818 nuptiis,
3536 3765 3627 3811 avt

2038 3825 2208 3877 cmttis
2252 3828 2572 3885 exhibentur
2615 3832 2910 3901 interesse;
2960 3839 3052 3892 sed
3091 3850 3374 3911 antequam
3422 3845 3629 3917 thyme-

2040 3916 2126 3971 lici
2177 3915 2197 3955 τ
2226 3918 2590 3990 ingrediantur
2637 3941 2859 3998 surgere
2887 3945 2981 3985 eos
3022 3932 3090 3987 de
3127 3938 3369 3992 convivio
3397 3950 3451 3996 et
3478 3915 3629 3998 abire

2037 4007 2257 4065 debere.

2040 4101 2151 4157 LV.
2206 4102 2327 4157 Non
2370 4104 2558 4181 debere
2594 4109 2833 4181 clericum
2864 4107 2941 4166 re;
2976 4114 3165 4169 laicum
3191 4117 3535 4177 Christianum
3564 4142 3627 4180 ex

2426 4179 2667 4246 symbolis
2697 4183 2927 4237 convivia
2965 4186 3233 4242 celebrare.

2111 4270 2227 4325 Non
2250 4281 2462 4341 oportet
2477 4274 2753 4330 ministros
2770 4277 2978 4344 altaris,
2996 4281 3075 4335 vel
3094 4282 3357 4349 quoslibet
3375 4284 3624 4353 clericos,

2027 4370 2131 4416 “aut
2160 4365 2319 4418 etiam
2353 4364 2516 4418 Izn’cos
2545 4364 2880 4424 Christianos
2930 4386 2993 4425 ex
3035 4374 3314 4443 symbolis,
3356 4392 3481 4446 qua:
3511 4380 3625 4432 ναις

334 4452 456 4493 enm
504 4452 706 4508 praeter
728 4440 1028 4512 jussionem
1057 4444 1291 4513 episcOpi
1333 4445 1400 4499 ad
1446 4447 1726 4515 pereo-rius
1758 4447 1845 4519 [Τ.
1874 4450 1930 4517 2,
1966 4432 2014 4491 θ
2040 4470 2139 4523 gus
2164 4456 2523 4512 commissalia
2552 4461 2804 4529 appellat,
2835 4464 3080 4516 convivia
3113 4466 3407 4521 celebrare.

334 4532 853 4606 peregrinationem]
886 4535 1177 4603 proﬁcisci.

444 4624 629 4679 XLIII.
664 4624 932 4680 Ministros
972 4644 1073 4680 non
1103 4626 1281 4681 debere
1310 4626 1371 4679 ab
1395 4628 1535 4681 ostiis
1575 4630 1823 4685 recedere.

407 4714 525 4771 I‘lon
575 4726 789 4785 Oportet
833 4718 1129 4784 ministros,
1164 4718 1214 4772 id
1243 4726 1325 4772 est
1353 4719 1623 4787 ostiarius,
1668 4720 1750 4773 vel
1779 4721 1932 4777 brevi

338 4816 586 4874 tempore
609 4809 677 4862 ab
703 4810 853 4863 ostiis
879 4810 1067 4865 dce-se
1094 4821 1148 4865 et
1176 4809 1403 4864 orationi
1441 4826 1645 4865 vacare.

336 4893 520 4951 XLIV.
558 4896 681 4976 Non
711 4910 941 4976 aper-tere
970 4911 1081 4970 post
1114 4900 1242 4955 duas
1284 4902 1594 4976 septimanos
1636 4902 1933 4976 Quadrage-

605 4971 753 5023 sima
777 4973 995 5037 aliquem
1021 4978 1087 5024 ad
1118 4976 1425 5040 baptismum
1453 4975 1663 5041 suscipi.

408 5059 525 5115 Non
553 5070 769 5129 oportet
798 5074 919 5130 post
942 5064 1074 5117 duas
1100 5064 1537 5132 Quadragosimze
1568 5065 1932 5122 hebdomadas

326 5166 665 5220 quemquam
690 5154 759 5208 ad
790 5154 1111 5223 baptismum
1141 5156 1357 5224 suscipi.

471 5244 631 5299 XLV.
667 5245 790 5301 Non
821 5248 1001 5301 debere
1026 5248 1259 5302 mulieres
1289 5250 1487 5318 ingredi
1512 5251 1581 5302 ad
1611 5253 1791 5306 altare.

408 5334 526 5392 Non
552 5348 771 5407 oportet
788 5341 1053 5395 mulieres
1085 5341 1290 5411 ingredi
1326 5343 1392 5396 ad
1425 5344 1612 5398 altare.

411 5504 435 5569 ξ
557 5497 611 5563 2,
640 5504 814 5568 festos.
838 5501 925 5558 ϐ..
958 5503 1235 5569 feriaticos.

411 5566 440 5604 ιι
470 5566 531 5621 1'.
570 5566 714 5634 πε.
747 5572 791 5627 G
822 5617 836 5639 ,
863 5566 1069 5627 alicubi.

414 5648 438 5675 ε
474 5641 629 5696 Deest
659 5644 940 5697 hie-canon
966 5643 1017 5697 in
1047 5643 1109 5700 υ.

412 5705 435 5743 tl
471 5709 540 5763 Ex
576 5710 690 5777 Af...
724 5714 787 5768 T.
822 5716 872 5783 l,
903 5714 960 5783 εὶ,
995 5715 1083 5783 U.,
1130 5716 1193 5772 ϐ.
1248 5716 1301 5770 In
1338 5717 1402 5770 Α.
1455 5725 1508 5773 ct
1555 5714 1809 5786 reliquis:
1841 5716 1926 5770 di-

2034 4548 2167 4606 LVI.
2202 4551 2325 4608 Non
2349 4564 2579 4623 oportere
2597 4557 2915 4635 presbyteros
2939 4570 3057 4614 ante
3086 4562 3367 4633 ingressum
3397 4567 3623 4635 epismpi

2717 4630 2768 4682 in
2773 4632 2916 4698 gredi
2921 4670 2934 4683 .

2106 4716 2218 4771 Non
2274 4727 2487 4789 oportet
2526 4720 2867 4791 presbyteros
2898 4733 3023 4778 ante
3054 4723 3352 4797 ingressum
3385 4730 3621 4797 episcopi

2033 4810 2242 4880 ingredi
2268 4824 2319 4867 et
2353 4813 2543 4868 sedere
2573 4814 2624 4866 in
2659 4816 3034 4884 tribunalibus,
3069 4821 3161 4873 sed
3206 4836 3326 4874 cum
3367 4822 3622 4892 episcopo

2034 4903 2261 4972 ingredi,
2298 4905 2396 4958 nisi
2431 4904 2570 4961 forte
2602 4906 2681 4960 vel
2727 4918 2946 4978 agrotat
2978 4908 3093 4981 [U.,
3136 4910 3378 4984 :cgrotet]
3407 4915 3623 4981 episco-

2035 5009 2155 5064 pus,
2180 5005 2271 5049 aut
2300 4996 2351 5051 in
2383 4999 2678 5067 peregrinis
2703 5014 2822 5056 esse
2852 5018 2971 5056 eum
3000 5006 3318 5058 conStiterit.

2032 5088 2189 5143 LVII.
2223 5088 2347 5145 Non
2386 5092 2567 5146 debere
2606 5094 2658 5147 in
2700 5093 2820 5147 vicis
2851 5105 2898 5177 et
2928 5098 2978 5148 in
3019 5098 3149 5149 villis
3182 5097 3451 5164 episcOpos
3480 5096 3620 5150 ordi-

2762 5181 2894 5218 nari.

2101 5253 2219 5309 Non
2262 5265 2474 5325 oportet
2520 5256 2573 5310 in
2606 5255 2740 5311 vicis
2784 5266 2837 5311 et
2884 5254 3021 5310 villis
3051 5257 3330 5326 episcopos
3360 5260 3619 5326 ordinari,

2030 5348 2124 5402 sed
2158 5348 2480 5414 visitatores,
2516 5348 2568 5403 id
2612 5348 2803 5418 estqui
2836 5348 3169 5405 circumeant
3206 5353 3484 5419 conStitui;
3520 5352 3619 5410 hos

2106 5558 2220 5633 δ’Β.
2253 5577 2343 5641 ἢ,
2374 5577 2437 5629 Τ.
2473 5577 2521 5641 I,
2550 5575 2607 5637 2,
2643 5574 2732 5639 U.,
2768 5576 2857 5644 (1.,
2891 5589 3119 5635 cantare.

2107 5649 2122 5687 ῐ
2162 5651 2220 5704 Τ.
2264 5652 2311 5718 I,
2339 5649 2393 5719 Ξ,
2421 5647 2511 5718 G.,
2542 5648 2843 5718 thymelica'.
