4072 6176
306 274 409 330 137

375 460 520 525 ginta
554 456 767 509 Patrum
812 459 951 525 apud
982 455 1475 525 Constantinopolim
1525 455 1827 512 institutum.

376 548 666 601 Credimus
707 547 783 619 in,
811 562 974 598 unmn
1009 546 1172 598 Deum
1218 546 1424 600 Patrem
1456 549 1897 617 omnipotentem,

303 642 566 695 [at-torem
602 640 724 693 εαξη
759 649 813 693 et
845 648 1023 703 terrae,
1057 639 1346 693 visibilium
1378 643 1613 694 omnium
1642 655 1694 697 et
1720 644 1902 697 invisi-

301 736 495 788 bilium
520 732 860 786 conditorem
897 745 910 784 :
937 740 989 782 et
1014 731 1066 783 in
1098 747 1261 784 unum
1292 732 1573 787 hominum
1607 742 1633 769 ι
1665 746 1904 789 nostrum

297 826 489 880 Jesum
536 824 810 878 Christum
865 819 1060 876 Filium
1118 822 1208 876 Dei
1259 823 1612 893 unigenitum,
1656 840 1720 879 ex
1754 826 1908 881 Patre

302 929 489 971 natum
522 918 632 987 62
666 906 789 969 ante
821 913 999 968 omnia
1031 916 1250 977 saecula,
1275 915 1440 969 Deum
1470 932 1533 970 ex
1561 917 1691 982 Deo,
1727 918 1905 973 lumen

297 1025 370 1062 ex
404 1008 633 1071 lumine,
668 1006 836 1058 Deum
882 1021 1067 1059 verum
1109 1021 1174 1060 ex
1223 1007 1331 1060 Deo
1368 1022 1515 1073 vero,
1566 1020 1767 1072 natum,
1802 1026 1906 1064 non

299 1096 526 1161 factum,
557 1097 876 1150 homousion
908 1096 1074 1160 Patri,
1101 1097 1203 1151 hoc
1226 1108 1308 1153 est
1331 1099 1570 1167 ejusdem
1598 1116 1718 1154 cmn
1752 1103 1909 1157 Patre

296 1191 639 1251 substantia},
667 1203 764 1257 per
793 1204 951 1258 quem
976 1189 1153 1243 omnia
1182 1189 1316 1243 faeta
1339 1200 1484 1256 sunt,
1512 1193 1599 1261 qui
1634 1204 1849 1261 propter
1881 1193 1905 1231 δ

300 1304 402 1341 nos
430 1295 486 1340 et
527 1294 745 1353 propter
778 1292 1019 1337 nostram
1062 1284 1290 1339 salutem
1331 1284 1613 1340 descendit
1647 1296 1702 1340 et
1740 1286 1908 1340 incar-

298 1386 462 1431 natus
492 1386 576 1431 est
604 1376 670 1430 de
711 1373 919 1444 Spiritu
951 1384 1141 1428 sancto
1188 1390 1252 1429 ex
1286 1376 1453 1429 Maria
1504 1377 1705 1446 virgine
1746 1377 1906 1432 homo

298 1468 497 1532 factus,
542 1480 732 1535 passus
762 1474 846 1521 est
878 1466 977 1520 sub
1010 1466 1195 1520 Pontio
1243 1466 1436 1533 Pilato,
1470 1468 1710 1536 sepultus
1752 1469 1904 1522 tertia

298 1558 389 1612 die
415 1554 735 1619 resurrexit,
768 1556 1013 1612 ascendit
1041 1558 1091 1610 in
1133 1557 1324 1621 malos,
1353 1558 1505 1613 sedet
1536 1558 1600 1611 ad
1633 1558 1904 1614 dexteram

300 1646 396 1699 Dei
428 1644 601 1699 Patris
633 1655 679 1708 ε,
715 1646 840 1699 inde
865 1654 1119 1700 venturus
1144 1661 1260 1699 cmn
1295 1648 1463 1715 gloria
1485 1646 1727 1716 judicare
1759 1647 1906 1703 vivos

295 1750 353 1788 et
384 1744 649 1798 mortuos,
678 1735 832 1803 cujus
860 1736 1005 1805 regni
1038 1752 1140 1789 non
1165 1739 1261 1789 erit
1297 1737 1414 1789 linis
1452 1747 1539 1791 :et
1570 1739 1620 1792 in
1645 1740 1899 1807 Spiritum

295 1820 542 1880 sanctum
575 1824 863 1881 Dominum
893 1828 1272 1882 viviﬁcatorem
1305 1830 1329 1864 ἀ
1358 1846 1423 1884 cx
1472 1831 1629 1886 Patre
1667 1843 1722 1887 et
1764 1832 1899 1890 Filio

298 1920 706 1987 procedentem,
736 1936 859 1975 cum
890 1920 1047 1977 Patre
1072 1931 1128 1976 et
1155 1922 1288 1975 Filio
1310 1924 1640 1977 adorandum
1664 1934 1717 1978 et
1737 1925 1898 1993 glori-

301 2016 594 2079 ticandum,
625 2014 714 2083 qui
757 2014 972 2068 locutus
1019 2024 1101 2068 est
1133 2029 1227 2082 per
1272 2018 1555 2085 prophetas
1587 2032 1601 2069 :
1636 2017 1687 2070 in
1738 2030 1898 2071 unam

295 2105 620 2159 catholicam
649 2114 809 2175 atque
836 2105 1183 2176 apostolicam
1221 2106 1511 2161 Ecclesium
1540 2126 1552 2160 :
1578 2109 1899 2163 conﬁtemur

297 2212 464 2249 unum
497 2197 758 2264 baptisma
790 2198 841 2251 io
876 2197 1250 2252 remissionem
1286 2207 1620 2266 peccatorum
1654 2218 1667 2253 :
1709 2216 1899 2270 exspe-

294 2298 509 2343 ctamus
540 2290 991 2346 resurrectionem
1024 2304 1378 2360 mortuorum,
1411 2294 1569 2350 vitam
1604 2296 1765 2351 futuri
1797 2312 1897 2351 sa:-

294 2381 434 2435 euli.
462 2384 658 2438 Amen.

331 2495 559 2575 ""Eq
608 2498 667 2551 Β.
693 2497 781 2563 3.,
812 2498 871 2553 E.
913 2498 969 2567 5,
1000 2499 1061 2557 Τ.
1114 2501 1168 2570 1,
1200 2501 1257 2567 2,
1289 2501 1379 2569 U.,
1408 2502 1682 2557 Dominum
1720 2503 1899 2559 alterum

296 2565 583 2618 Christum.

369 2635 398 2674 δ
428 2636 545 2701 ΛΕη
580 2628 668 2706 U.,
692 2648 829 2709 tacta
848 2650 966 2693 sunt
993 2657 1105 2709 quae
1128 2642 1181 2695 in
1204 2642 1326 2697 cwio
1346 2651 1392 2696 et
1412 2659 1523 2711 qua:
1543 2645 1593 2698 in
1621 2654 1778 2712 terra,
1809 2646 1896 2714 qui

293 2718 544 2843 Virg;
577 2778 637 2832 Β.
670 2778 760 2844 R.,
781 2778 845 2833 Τ.
882 2781 936 2844 1,
969 2780 1025 2845 2,
1062 2782 1151 2844 U.,
1181 2785 1248 2835 ad
1269 2784 1527 2837 dexteram
1560 2782 1752 2839 Patris.

369 2845 544 2967 δικΕη
580 2850 639 2903 Β.
676 2849 765 2915 Ιὶ.,
789 2849 1064 2905 Dominum
1084 2863 1129 2907 et
1158 2855 1513 2921 viviﬁcantem.
1542 2854 1631 2918 U.,
1665 2867 1711 2909 et
1732 2856 1895 2925 vivifi-

369 2935 390 2967 η
418 2935 519 2967 em-

293 2932 519 2973 cantem.

847 272 1250 329 GRIECORUM
1290 270 1629 330 CONCILM.
1671 303 1739 317 -
1779 268 2658 336 CONSTANTINOPOLITANUM
2698 277 3087 335 SECUNDUM.

309 387 429 469 \le
455 384 763 470 Symbolum
790 387 1080 470 earumdem
1102 388 1899 470 sanctorum‘rentunnquinqua-
1925 409 1977 470 Α

3488 281 3590 338 138

2446 389 2673 445 Nomina
2694 393 3041 462 episraporum
3060 407 3148 449 CL.

2006 507 2284 562 Nectarius
2313 506 2953 574 Constantinopolitauus.

2008 598 2321 653 Timotheus
2352 597 2710 652 Alexandriae.

2008 690 2309 745 Dorotheus
2338 689 2406 742 ab
2431 687 2715 744 Oxorinco.

2009 782 2239 854 Cyrillus
2268 779 2804 851 llierosolyntitanus.

2010 874 2252 928 Galasius
2280 871 2642 927 Cazsaricnsis.

2010 968 2224 1025 Macher
2252 971 2631 1025 Hiericuntins.

2013 1063 2294 1133 Dionysius
2319 1062 2739 1131 Diospolitanus.

2009 1154 2312 1210 Priscianus
2344 1154 2765 1222 Neapolitanus.

2008 1248 2328 1304 Saturninus
2354 1245 2721 1301 Sebastianus.

2007 1340 2299 1393 Ansentius
2330 1337 2659 1391 Ascalonita.

2008 1428 2259 1483 Helianns
2288 1429 2623 1482 Tamniensis
2661 1436 2706 1481 ο.

2007 1520 2187 1575 Zenon
2220 1520 2429 1589 Tyrius.

2008 1612 2201 1667 Paulus
2220 1611 2554 1667 Sidoniensis
2581 1609 2695 1683 [G.,
2720 1602 3077 1679 Sidonensis].

2007 1702 2269 1757 Nestabus
2298 1719 2326 1755 a
2352 1700 2701 1756 Ptolemaide.

1932 1777 1977 1836 Β
2007 1793 2282 1863 Philippus
2316 1794 2697 1847 Damascenus.

2008 1884 2239 1939 Beraeus
2271 1881 2289 1920 ί
2324 1883 2663 1939 Paleadensis
2694 1872 2781 1956 [Τ.
2813 1881 2868 1949 2,
2910 1878 3268 1953 Piliadensis].

2007 1976 2320 2032 Timotheus
2355 1977 2618 2047 Berytius.

2008 2068 2268 2123 Basilides
2295 2068 2363 2123 ab
2396 2068 2545 2124 lbbo.

2008 2159 2267 2214 Mocimus
2290 2158 2597 2213 Aradensis.

2008 2252 2075 2307 Et
2103 2253 2280 2308 caeteri
2304 2267 2441 2307 cm
2464 2246 2515 2306 ἀ.

2083 2514 2106 2541 θ
2135 2492 2253 2567 ᾸΞη
2284 2503 2343 2556 Β.
2374 2502 2461 2565 8.,
2494 2494 2560 2556 Τ.
2588 2501 2642 2565 1,
2669 2500 2724 2567 2,
2756 2498 3090 2554 Jantniensis.

2083 2574 2102 2612 ί
2135 2574 2250 2639 .43.,
2281 2572 2531 2626 Baracus.
2556 2572 2614 2625 Β.
2636 2572 2725 2635 Β..
2755 2570 3024 2623 Bararius.

2080 2654 2104 2692 ι
2139 2637 2267 2698 Cum
2299 2643 2534 2712 episcopi
2565 2658 2629 2696 cr.
2662 2641 2782 2694 huic
2814 2639 3416 2712 interfuerintconcilio,
3438 2637 3587 2712 tutius

2004 2716 2156 2769 deest
2208 2708 2401 2767 nomen
2452 2708 2504 2766 in
2555 2713 3009 2779 subscriptionnm
3039 2708 3588 2778 catalogo,slquidtm

2005 2802 2089 2840 xtx
2142 2794 2344 2838 tantmu
2375 2786 2427 2838 in
2477 2800 2543 2837 eo
2584 2781 2797 2837 nomina
2831 2790 3243 2840 recenscantur;
3288 2779 3466 2846 viginti
3496 2792 3587 2828 an-

2004 2867 2109 2909 lt‘lll
2138 2855 2403 2909 conscribi
2432 2854 2726 2908 debuerant
2756 2852 2964 2915 Patres,
3003 2860 3059 2904 ut
3084 2851 3204 2905 aliis
3232 2865 3371 2904 cxxx
3401 2848 3590 2902 sociati

2004 2941 2282 2982 numerum
2313 2942 2363 2980 et
2394 2928 2749 2995 complerent.

2596 3062 2601 3069 ι

1907 3180 2020 3252 IX

784 3338 1453 3431 CONCILIUM
1529 3341 2273 3423 CONSTANTIN
2289 3332 3114 3420 OPOLITANUM.

376 3519 643 3565 εεατυω
694 3516 1052 3563 εειιΑοιητΑ
1089 3516 1297 3561 TRIUM
1332 3517 1797 3571 EPISCOPORUM,
1834 3517 1899 3561 Βὶ

1998 3516 2045 3560 ,Δ
2082 3515 2371 3560 VICARIOS
2408 3514 2717 3569 UNDECIM,
2761 3514 2868 3568 QUI
2902 3518 2986 3558 AD
3022 3514 3215 3559 VICEM
3252 3514 3509 3561 SUORUM

525 3599 879 3643 ΡιιιΕςυιυΜ
936 3598 1511 3651 SUBSCRIPSEBUNT,
1545 3598 1946 3642 TEMPOBIBUS
1984 3596 2402 3641 CONSTANTINI
2448 3588 2898 3652 IMPERATOR”,
2933 3594 3072 3639 ΕΒΔ
3112 3593 3348 3640 DCCXI.

362 3725 619 3800 63—65
646 3724 863 3789 Sancta,
890 3739 1077 3794 magna
1110 3734 1267 3793 atque
1288 3724 1603 3779 universalis
1632 3724 1888 3795 synodus,
1920 3726 1968 3790 ε
1999 3731 2239 3791 tempora
2271 3732 2327 3777 et
2354 3737 2495 3777 nunc
2527 3736 2695 3793 usque
2723 3731 2807 3777 est
2837 3721 2886 3787 δ,
2930 3723 3113 3790 procul
3158 3724 3436 3794 abjiciens,
3471 3744 3594 3783 san-

293 3834 419 3889 quaa
450 3819 747 3872 secundum
784 3814 876 3869 Dei
898 3814 1121 3884 gratiam
1153 3823 1209 3869 et
1240 3816 1527 3881 piissimam
1558 3818 1891 3870 sanctionem

295 3912 707 3970 clementissimi
737 3920 789 3965 ct
821 3910 1115 3965 ﬁdelissimi
1160 3914 1337 3980 magni
1385 3914 1725 3981 imperatoris
1755 3912 1894 3969 Con-

293 4007 515 4062 stantini
546 4014 870 4074 congregata
898 4014 978 4058 est
1002 4004 1054 4057 in
1083 4006 1185 4059 hac
1209 4020 1238 4058 a
1282 4006 1389 4059 Deo
1416 4008 1779 4061 conservanda
1808 4022 1893 4062 re-

292 4101 372 4168 gia
402 4095 873 4163 Constantinopoli
923 4110 1059 4149 nova
1093 4096 1283 4161 Roma,
1315 4096 1369 4150 in
1400 4100 1687 4152 secretario
1727 4100 1891 4154 divini

296 4190 499 4255 palatii,
535 4189 676 4256 quod
702 4190 1109 4254 cegnominatur
1137 4187 1375 4254 Trullus,
1410 4189 1645 4243 decrevit
1672 4208 1789 4258 quae
1814 4195 1896 4245 in-

295 4282 459 4336 ferius
492 4281 861 4334 continentur.
890 4280 1203 4350 Unigenilus
1230 4282 1318 4335 Dei
1352 4283 1628 4352 Patrisque
1652 4284 1818 4341 Filius
1841 4295 1895 4341 et

294 4374 561 4437 Verbum,
603 4374 695 4441 qui
745 4388 841 4441 per
884 4376 1060 4427 omnia
1101 4375 1296 4430 similis
1342 4378 1494 4431 nobis
1536 4381 1734 4448 alisque
1778 4383 1895 4435 solo

293 4476 527 4532 peccato
558 4464 732 4516 factus
756 4472 837 4517 est
868 4463 1050 4531 homo,
1074 4464 1317 4520 Christus
1347 4483 1504 4520 verus
1538 4468 1676 4523 Deus
1716 4480 1896 4524 noster

290 4571 385 4625 per
403 4556 744 4623 evangelicas
760 4569 915 4608 voces
931 4557 1184 4623 przeclare
1201 4554 1317 4628 [U.,
1336 4559 1690 4631 proclamans]
1708 4562 1896 4628 przedi-

287 4650 435 4702 cavit
471 4666 485 4699 :
518 4646 637 4715 Ego
663 4663 777 4699 sum
810 4649 901 4699 lux
929 4649 1141 4711 mundi;
1178 4651 1263 4717 qui
1292 4651 1517 4717 sequitur
1550 4669 1628 4706 me
1654 4671 1754 4706 non
1784 4672 1894 4707 am-

287 4743 435 4793 bu'at
465 4741 518 4791 in
551 4738 790 4801 tenebris,
822 4741 911 4790 sed
955 4739 1153 4791 habebit
1199 4741 1364 4793 lumen
1390 4742 1535 4805 vitm;
1562 4752 1617 4797 ct
1655 4745 1843 4798 iterum
1877 4761 1891 4799 :

294 4831 489 4885 Pacem
520 4846 688 4882 meam
732 4829 801 4882 do
846 4828 1003 4894 vobis,
1044 4846 1218 4897 pacem
1265 4848 1427 4883 meam
1464 4834 1698 4903 relinquo
1734 4835 1891 4892 vobis.

286 4925 350 4978 In
380 4926 480 4976 hac
511 4922 776 4975 divinitus
803 4921 947 4974 edita
981 4921 1125 4987 pacis
1170 4923 1411 4976 doctrina
1456 4926 1704 4992 gradiens
1746 4943 1894 4981 man-

282 5016 636 5069 uictissimus
668 5022 852 5065 noster
891 5013 1199 5080 imperator,
1243 5015 1331 5082 qui
1376 5024 1425 5069 et
1459 5031 1772 5085 pronagator
1803 5019 1889 5091 [Τ.

285 5108 343 5168 l,
382 5104 773 5176 propugnator]
803 5104 1007 5159 exstitit
1035 5112 1197 5159 ret-tte
1222 5106 1367 5170 ﬁdei,
1393 5119 1728 5178 expugnator
1762 5128 1890 5166 vero

280 5212 475 5267 pravae
522 5196 804 5259 doctrinae,
857 5203 1098 5248 sanctum
1144 5195 1247 5249 hoc
1285 5212 1350 5251 ex
1397 5199 1550 5251 nobis
1589 5201 1890 5257 universale

275 5302 633 5356 congregans
661 5284 946 5340 concilium
978 5286 1137 5339 totius
1178 5287 1427 5343 Ecclesiae
1464 5290 1714 5344 adunavit
1743 5270 1901 5346 com-5

277 5380 567 5449 paginem.
623 5376 779 5432 Unde
828 5378 942 5431 haec
996 5389 1176 5431 nostra
1232 5390 1413 5434 sancta
1468 5391 1521 5435 et
1576 5384 1890 5439 universalis

270 5469 534 5541 synodus
584 5468 875 5535 impietatis
921 5482 1181 5533 errorem,
1226 5472 1314 5538 qui
1356 5486 1384 5522 a
1431 5473 1747 5539 quibusdam
1794 5491 1890 5543 per

354 5609 389 5637 ι·
429 5599 595 5654 Deest
637 5599 740 5653 hoc
787 5599 1069 5653 concilium
1098 5600 1149 5652 in
1195 5601 1284 5664 Α.,
1320 5598 1429 5667 .43.,
1474 5603 1535 5657 E.
1571 5605 1622 5657 5.
1659 5602 1893 5657 Desum-

268 5684 445 5744 ptum
476 5682 561 5744 est
591 5685 656 5724 ex
691 5671 886 5744 Codice
920 5670 1026 5723 Bll.
1058 5684 1193 5744 c_mn_
1216 5674 1544 5744 variantibus
1575 5684 1891 5729 cteterorum

270 5740 637 5799 lectionibus.
675 5741 871 5794 Aderat
896 5744 1056 5792 etiam
1084 5740 1134 5793 in
1159 5741 1356 5796 Codice
1397 5742 1620 5800 Lucensi
1653 5756 1811 5814 prout
1839 5747 1893 5800 in

581 5832 855 5893 Ρηιιοι..
906 5830 1243 5895 LXXXIV.

1998 3828 2206 3869 ctorum
2256 3826 2433 3868 autem
2464 3823 2519 3868 et
2565 3814 2919 3883 probabilium
2955 3814 3170 3869 Patrum
3200 3819 3459 3874 inotiense
3492 3824 3595 3875 iter

1995 3922 2313 3978 aSseqttens,
2339 3909 2543 3961 sanctis
2573 3917 2630 3961 et
2676 3910 3068 3962 universaltbus
3092 3911 3327 3980 quinque
3371 3916 3594 3983 synodi:

1998 4002 2082 4071 pie
2123 4002 2175 4055 in
2218 4000 2467 4053 omnibus
2512 3998 2852 4060 consonavit,
2907 4008 3267 4054 trecentorum
3312 4002 3497 4058 decem
3537 4016 3591 4059 es

1996 4102 2117 4147 octo
2166 4100 2475 4143 sanctorum
2523 4088 2738 4142 Patrum
2787 4088 2877 4155 qui
2923 4089 2974 4141 in
3006 4089 3179 4143 Nicaea
3224 4106 3589 4149 convenerunt

1997 4184 2277 4237 adversum
2303 4180 2569 4234 insaniam
2599 4179 2734 4245 Arii,
2758 4189 2812 4233 et
2841 4190 3021 4247 postea
3048 4181 3098 4232 in
3124 4179 3584 4252 Constantinopoli

1997 4288 2208 4329 centum
2234 4273 2614 4342 quinquaginta
2644 4273 2751 4327 Deo
2784 4272 3159 4340 inspiralorum
3206 4276 3439 4329 virorum
3492 4280 3587 4330 atl-

1998 4380 2210 4420 versum
2238 4364 2607 4419 Macedonium
2639 4365 3061 4433 impugnatorem
3086 4366 3316 4435 Spiritus
3342 4380 3395 4422 et
3425 4373 3587 4439 Apol-

1999 4455 2221 4509 linarem
2273 4454 2518 4523 impium,
2560 4455 2804 4509 similiter
2850 4467 2900 4508 et
2932 4470 3051 4524 qute
3100 4459 3151 4510 in
3202 4457 3414 4527 Epheso
3442 4463 3586 4529 prius

1999 4551 2254 4603 adversus
2283 4548 2583 4602 Nestorium
2609 4547 2844 4601 Judaica:
2873 4549 3233 4619 intelligentiae
3268 4564 3585 4623 congregata

1997 4648 2079 4691 est
2122 4638 2477 4691 ducentorum
2530 4637 2915 4692 venerabilium
2964 4640 3198 4693 virorum
3228 4680 3243 4702 ,
3283 4651 3337 4693 et
3368 4656 3488 4709 qua:
3532 4643 3585 4695 in

1998 4732 2337 4787 Chalcedone
2381 4744 2752 4788 sescentorum
2804 4737 3015 4802 triginta
3052 4736 3159 4789 Deo
3208 4737 3583 4806 inspiratorom

2003 4827 2212 4879 Patrum
2262 4824 2517 4879 adversus
2550 4826 2841 4895 Eutychetn
2884 4837 2938 4880 et
2985 4828 3293 4883 Dioscorum
3329 4831 3436 4886 Deo
3466 4835 3586 4886 odi-

1999 4920 2193 4985 bilem;
2242 4934 2403 4988 super
2444 4921 2540 4972 has
2581 4929 2635 4974 et
2671 4921 2873 4973 ultima:
2924 4924 3109 4974 harum
3155 4922 3355 4989 quinta:
3387 4936 3585 4977 sanctae

1996 5014 2183 5082 synodi
2214 5029 2334 5083 quae
2367 5014 2449 5067 hic
2480 5024 2801 5084 congregata
2831 5026 2914 5069 est
2959 5017 3216 5070 adversus
3244 5018 3580 5071 Theodorum

1997 5106 2427 5171 Mepsuestenum
2464 5117 2511 5173 ο,
2544 5107 2851 5175 Origenem,
2888 5108 3165 5178 Didyllltlln
3197 5120 3248 5160 et
3276 5110 3579 5175 Evagrium,

1996 5208 2050 5250 et
2094 5200 2292 5265 scripta
2339 5197 2663 5252 Theodoreti
2707 5199 2989 5253 adversum
3020 5198 3298 5250 duodecim
3350 5202 3579 5266 capitula

1996 5288 2277 5342 laudabilis
2321 5290 2526 5357 Cyrilli,
2575 5302 2625 5343 et
2672 5289 2945 5358 epistolam
2996 5303 3115 5357 qua:
3140 5289 3338 5344 dicitur
3381 5291 3483 5345 lhte
3512 5296 3578 5346 ad

1996 5376 2163 5430 Mario
2212 5378 2427 5432 Persam
2468 5380 2740 5444 scriptam,
2776 5378 2985 5443 pinlalts
3012 5379 3223 5445 quidem
3273 5392 3579 5437 restaurans

1996 5469 2295 5523 sanctiones
2327 5469 2378 5521 in
2407 5468 2654 5522 omnibus
2694 5467 2940 5534 illibatas,
2974 5467 3190 5537 profana
3224 5485 3352 5525 vero
3390 5472 3579 5540 impie-

1994 5605 2053 5659 B.
2074 5604 2133 5658 ll.
2162 5605 2440 5671 reperitur.

2064 5674 2090 5714 δ
2125 5678 2196 5730 Ex
2233 5676 2293 5729 U.
2332 5676 2383 5728 In
2416 5677 2471 5728 lt.
2500 5674 2564 5728 R.
2592 5684 2647 5728 et
2676 5674 2891 5743 reliquis
2918 5674 3098 5728 deﬁcit
3124 5677 3344 5730 verbum
3376 5683 3470 5728 est.

2068 5756 2090 5786 ε
2124 5747 2201 5801 Ex
2230 5746 2447 5819 reliquis
2478 5752 2672 5816 praeter
2689 5745 2749 5799 Β.
2771 5746 2865 5811 lt,
2895 5746 2945 5800 in
2972 5761 3078 5816 quo
3107 5763 3122 5800 :
3158 5745 3570 5816 Mopsuetcnum.

3144 5839 3185 5898 5
