4048 6182
451 347 554 403 £39

1140 339 1886 400 COLLECTIU.C:\NONUM
1940 341 2000 396 Β.
2045 339 2323 399 lSlDOllO‘
2357 343 2623 401 lllSPAL.
2666 343 3022 402 ASCRIPTA.

3627 351 3726 406 HD

452 462 576 517 tatis
606 458 891 530 projiciens
921 458 1191 528 dogmata,
1218 466 1271 512 et
1300 456 1348 510 id
1383 453 1525 525 quod
1571 469 1600 507 a
1650 454 1905 509 trecentis
1943 452 2037 508 deo
2068 456 2114 513 Α
2144 455 2209 509 ad
2231 469 2381 509 suam
2407 457 2674 526 propriam
2699 455 3030 511 voluntatem
3063 464 3182 526 apta
3212 455 3518 523 inveniens,
3548 460 3725 513 Theo.

452 567 568 606 cent
600 561 655 607 et
680 561 802 604 octo
832 549 1079 603 Patribus
1111 550 1411 616 expositum
1439 555 1543 610 est,
1575 544 1809 621 itemque
1834 544 1975 614 quod
2007 558 2036 596 a

453 658 665 700 centum
700 643 1076 714 quinquaginta
1106 640 1219 696 Deo
1267 638 1538 707 iuSpiratis
1580 638 1708 692 viris
1754 637 2040 691 conﬁrma-

452 750 563 794 tutn
617 750 721 803 est,
770 735 911 806 quod
955 746 1009 790 et
1036 746 1244 788 etatem:
1282 742 1480 788 sancta:
1508 731 1700 804 synodi
1728 731 1794 785 ad
1828 744 2036 800 perem-

452 834 689 901 ptionem
721 830 882 884 totius
913 827 1179 896 pestiferae
1228 825 1451 879 literesis
1498 832 1739 892 prompte
1785 836 2038 889 suscepe-

454 933 578 979 runt
622 931 907 988 ratumque
938 918 1259 981 habuerunt,
1290 916 1591 987 symbolum
1623 924 1676 969 et
1720 914 1833 968 lta-c
1861 923 2041 967 nostra

452 1026 633 1070 sancta
663 1023 716 1068 et
743 1011 1060 1067 universalis
1089 1025 1118 1064 a
1139 1009 1247 1065 Deo
1270 1008 1526 1078 inspirata
1553 1003 1886 1076 consignavit
1914 1019 2042 1076 syn-

451 1108 607 1160 odus.

452 1196 755 1269 Symbolum
804 1193 1007 1249 Νίσιεηὶ
1031 1191 1234 1315 σοηῖξιὶἱ
1266 1201 1600 1245 trecentorum
1639 1189 1812 1244 decem
1842 1196 1890 1240 et
1931 1194 2045 1239 octo

1178 1274 1368 1315 atrum.

1178 1274 1368 1319 atrum.

520 1358 803 1412 Credimus
834 1358 886 1411 in
917 1371 1079 1411 unum
1119 1354 1288 1410 Deum
1337 1355 1546 1408 Patrem
1598 1351 2040 1420 omnipotentem,

452 1453 686 1504 omnium
717 1436 1002 1504 visibilium
1033 1458 1088 1503 et
1128 1446 1475 1501 invisibilium
1507 1444 1833 1499 conditorem
1865 1442 1952 1515 [Τ.
1990 1442 2041 1508 1,

448 1542 503 1603 2i,
536 1539 615 1595 fac
642 1538 817 1611 orem]
849 1555 863 1593 :
898 1539 1024 1594 et‘in
1052 1553 1214 1593 unum
1249 1537 1529 1593 Dominum
1561 1534 1743 1591 JeSttnt
1775 1534 2041 1588 Christum

453 1631 645 1685 Filium
679 1630 791 1693 Dei,
818 1631 905 1699 qui
938 1639 1091 1684 natus
1119 1637 1201 1684 est
1244 1643 1308 1683 ex
1352 1628 1528 1692 Patre,
1556 1626 1910 1696 unigenitum,
1943 1624 2043 1679 hoc

451 1719 533 1779 est
563 1723 630 1777 de
660 1722 890 1777 essentia
924 1722 1115 1785 Patris,
1154 1721 1319 1775 Deum
1371 1720 1437 1773 de
1480 1718 1610 1785 Deo,
1643 1718 1823 1771 lumen
1868 1717 1936 1772 de
1964 1717 2043 1769 lu-

2143 548 2335 602 dorum
2366 547 2594 602 dicimus
2626 546 3038 601 Pharauitanum
3068 545 3187 619 [U.,
3223 546 3731 612 l’haranitanoruntl

2144 640 2477 709 episcOpum,
2505 638 2775 709 Sergium,
2794 640 3038 706 Paulum,
3059 640 3342 709 Pyrrhum,
3366 642 3605 707 Petrum,
3639 660 3730 712 qut

2147 729 2360 785 fuerunt
2390 730 2547 800 hujus
2564 732 2724 803 regia:
2755 732 2901 785 urbis
2922 732 3204 801 prteules,
3223 735 3439 803 insoper
3462 744 3518 790 et
3549 736 3728 789 lieno-

2146 822 2285 875 riom
2317 821 2405 890 qui
2458 821 2553 875 fuit
2614 834 2746 891 papa
2798 821 3032 889 antiqua:
3082 822 3287 887 Romae,
3329 832 3381 893 et
3409 822 3607 894 Cyrum
3636 826 3728 894 qui

2148 911 2490 965 Alexandriae
2534 916 2702 965 tenuit
2751 912 3143 982 cpisctpatum,
3174 913 3466 967 Maearium
3517 930 3729 984 quoque

2146 1005 2236 1073 qui
2270 1004 2363 1059 fuit
2403 1020 2572 1075 nuper
2593 1004 2888 1061 Antiochia:
2917 1007 3131 1075 praesul.
3161 1016 3213 1063 et
3242 1007 3571 1077 Stephanum
3611 1010 3729 1076 ejus

2146 1093 2493 1162 discipulum,
2540 1110 2644 1150 non
2675 1096 2880 1166 quievit
2915 1113 3009 1164 per
3036 1113 3135 1154 eos
3182 1098 3496 1167 plenitudini
3548 1100 3731 1155 Eccle-

2146 1185 2241 1239 siae
2287 1185 2490 1240 erroris
2535 1189 2785 1241 scandala
2829 1189 3068 1244 excitare
3124 1192 3282 1246 unius
3337 1192 3624 1245 voluntatis
3679 1202 3731 1246 et

2147 1280 2304 1331 unius
2326 1280 2654 1347 operationis
2703 1282 2752 1334 iu
2784 1281 2989 1335 duabus
3020 1284 3224 1336 naturis
3256 1284 3412 1337 unius
3442 1284 3510 1338 de
3549 1297 3731 1337 sancta

2146 1372 2407 1428 Trinitate
2435 1374 2545 1444 66
2570 1372 2765 1428 Christi
2796 1376 2901 1430 veri
2934 1375 3023 1431 Dei
3055 1376 3227 1430 uestri
3252 1377 3562 1431 orthodoxa:
3592 1376 3733 1445 plebi

2147 1476 2507 1523 conSonanter
2554 1466 2957 1523 disseminando
3009 1469 3271 1524 ltmresem
3315 1482 3731 1524 consentaneum

2147 1558 2349 1613 insana:
2401 1574 2464 1613 ac
2514 1559 2797 1614 malittosae
2842 1569 3003 1614 secta:
3052 1558 3338 1630 impiorum
3394 1560 3729 1629 Apollinarii,

2146 1648 2331 1705 Severi
2367 1662 2527 1718 atque
2552 1651 2856 1716 Themistii,
2893 1667 3009 1719 qua:
3040 1663 3233 1707 conata
3264 1663 3344 1707 est
3392 1652 3731 1721 exstinguere

2147 1742 2529 1809 perfectio-tetu
2577 1742 2926 1796 humanitatis
2958 1741 3115 1797 unius
3145 1743 3493 1817 ejusdemque
3527 1742 3730 1797 Domini

452 1814 615 1875 mine,
646 1812 811 1865 Deum
845 1826 1027 1864 VU‘lllll
1056 1809 1123 1864 de
1146 1809 1256 1863 Deo
1282 1823 1428 1872 vero,
1456 1816 1655 1867 natum.
1687 1821 1792 1859 non
1823 1806 2034 1864 factum,
2074 1815 2118 1873 Β
2146 1806 2270 1885 jesu
2304 1830 2503 1885 Cum“
2538 1831 2629 1885 Dei
2658 1832 2823 1885 "05m
2855 1848 2945 1900 per
2972 1806 3256 1901 quamdgm
3286 1806 3534 1888 cam'dam
3574 1834 3729 1887 adi“

455 1901 966 1957 tonsubstatttialcm
999 1899 1163 1966 Patri,
1192 1915 1287 1969 per
1314 1906 1471 1968 quem
1514 1897 1691 1950 omnia
1742 1898 1877 1950 facta
1920 1904 2043 1950 sunt

452 2013 569 2063 aute
598 1997 649 2050 in
678 1995 838 2061 caelo,
870 2002 920 2049 et
944 2008 1064 2063 qua:
1095 1994 1147 2046 in
1178 2002 1343 2057 terra,
1367 1990 1474 2061 65
1503 1997 1720 2058 propter
1742 2004 1840 2042 nos
1873 1987 2043 2043 homi-

413 2092 419 2100 '
456 2107 550 2146 ncs
571 2099 625 2145 et
655 2099 873 2160 propter
896 2097 1130 2142 nostram
1162 2085 1386 2140 salutem
1410 2081 1848 2150 descendentem,
1876 2080 2044 2135 incar-

454 2195 742 2252 natotnque
788 2192 840 2236 et
891 2180 1255 2241 humanatum,
1305 2188 1520 2247 passum
1569 2182 1623 2229 et
1674 2180 2040 2243 resurgentem

454 2269 607 2328 tertia
640 2273 745 2340 die,
774 2282 824 2325 et
856 2269 1235 2324 ascendentem
1266 2265 1318 2320 itt
1348 2265 1536 2329 co:los,
1569 2272 1621 2318 et
1651 2273 1934 2317 venturum
1958 2260 2042 2331 ju—

451 2362 633 2416 dieare
679 2363 826 2413 vivos
875 2366 930 2413 et
980 2368 1218 2412 mortuos
1264 2371 1278 2408 :
1325 2364 1379 2408 et
1408 2353 1460 2408 in
1486 2353 1744 2423 Spiritum
1775 2358 2039 2405 sanctum.

359 2460 376 2476 '
459 2453 562 2505 Eos
592 2466 720 2506 vero
744 2451 831 2520 qtti
859 2448 1189 2517 dicuntquia
1218 2454 1335 2501 erat
1379 2445 1663 2515 aliquando
1694 2443 1904 2513 quando
1936 2459 2042 2498 non

453 2558 566 2601 erat
596 2554 642 2608 ⁸,
673 2554 727 2597 et
747 2541 868 2612 quia
896 2556 958 2594 ex
992 2540 1158 2593 nihilo
1186 2538 1355 2593 factus
1390 2548 1473 2594 est
1502 2538 1585 2593 vel
1623 2553 1689 2592 ex
1715 2536 1881 2591 altera
1909 2536 2040 2590 sub-

451 2636 641 2691 stantia
674 2635 754 2687 vel
781 2630 1035 2695 essentia,
1064 2627 1308 2685 dicentes
1336 2637 1576 2683 essetaut
1607 2628 1915 2681 mutabilem
1947 2636 2041 2679 aut

453 2727 751 2784 vcrtibilem
781 2726 971 2781 Filium
1024 2724 1137 2793 Dei,
1180 2722 1279 2778 hos
1319 2722 1729 2777 attatltentatizat
1775 2720 2039 2799 catholica

451 2830 508 2877 et
534 2818 826 2889 apostolica
850 2816 1106 2873 Ecclesia.

454 2910 757 2984 Symbolum
791 2916 1001 2984 centum
1033 2907 1422 2984 quinquaginta
1474 2913 1766 2959 sanctorum
1819 2903 2037 2957 Patrum

778 2978 1222 3050 Constantinopoli
1270 2985 1718 3048 congregatarum.

520 3075 805 3131 Credimus
835 3073 887 3128 in
916 3088 1077 3126 unum
1108 3073 1274 3126 Deum
1325 3071 1538 3126 Patrem
1591 3070 2036 3137 omnipotentem,

453 3169 711 3224 factorem
740 3166 862 3221 cmli
885 3174 938 3221 et
962 3174 1138 3227 terrm,
1156 3162 1439 3219 visibilium
1460 3162 1699 3217 omnium
1724 3160 2029 3217 etiuvisibi-
2068 3174 2113 3237 ς

453 3258 580 3313 lium
611 3255 944 3311 conditorem
968 3264 1051 3309 :et
1074 3255 1125 3308 in
1151 3269 1312 3307 unum
1350 3253 1633 3307 Dominum
1667 3252 1847 3307 Jesum
1878 3251 2035 3305 Οιιῐὶο

451 3362 593 3408 stum
620 3350 809 3405 Filium
845 3349 937 3403 Dei
981 3348 1332 3417 unigenitum,
1360 3346 1448 3415 qui
1498 3359 1561 3399 ex
1589 3344 1744 3400 Patre
1777 3354 1931 3399 natus
1957 3352 2042 3398 est

452 3451 575 3499 ante
593 3442 768 3497 omnia
801 3440 1016 3499 saecula.
1043 3440 1219 3493 lumen
1238 3437 1305 3492 de
1331 3437 1552 3498 lumine,
1574 3435 1737 3489 Deum
1764 3449 1947 3488 verum
1972 3435 2041 3489 de

458 3535 569 3589 Deo
594 3550 740 3597 vero,
770 3543 972 3595 natum,
1008 3546 1111 3584 non
1141 3529 1362 3593 lactent,
1397 3524 1903 3581 consubstantialem
1939 3524 2038 3578 Pa-

456 3625 545 3685 tri,
582 3640 674 3691 per
696 3638 854 3691 quem
886 3619 1063 3674 omnia
1095 3620 1230 3672 facta
1253 3625 1395 3678 sunt,
1430 3625 1648 3685 propter
1676 3627 1774 3667 nos
1798 3614 2039 3668 hetnines

452 3727 504 3772 et
538 3725 754 3786 propter
783 3720 1019 3765 nostram
1051 3708 1279 3763 salutem
1311 3704 1729 3760 descendentem
1762 3702 1832 3756 de
1864 3704 2037 3768 cmlis,

457 3815 513 3861 et
539 3807 870 3859 incarnatum
896 3800 964 3854 de
995 3797 1196 3868 Spiritu
1225 3809 1412 3851 saneto
1442 3802 1498 3850 et.
1522 3794 1682 3850 Maria
1729 3794 1954 3863 virgine,
1987 3803 2040 3848 et

464 3903 834 3962 humanatum,
886 3894 1307 3962 cruciﬁxumque
1363 3905 1459 3959 pro
1515 3890 1670 3945 nobis
1720 3892 1820 3944 sub
1850 3890 2039 3943 Pontio

456 3989 645 4051 Pilato,
677 3996 732 4042 et
759 3999 997 4055 passum,
1039 3991 1093 4038 et
1113 3982 1406 4053 sepultum,
1430 3990 1487 4037 et
1531 3991 1903 4050 resurgentem
1935 3991 2039 4035 ter-

455 4083 525 4136 tia
579 4081 666 4134 die
713 4076 1007 4133 secundum
1064 4074 1409 4144 Scripturas,
1456 4080 1512 4127 et
1559 4072 1931 4127 ascendentem
1985 4072 2037 4125 in

453 4170 642 4237 ctelos,
676 4178 730 4225 et
759 4168 1032 4223 sedentem
1081 4166 1144 4218 ad
1188 4165 1465 4218 dexterum
1501 4162 1695 4225 Patris,
1741 4173 1796 4215 et
1847 4161 2035 4216 iterum

453 4272 738 4319 venturum
761 4274 880 4314 cum
913 4256 1076 4328 gloria
1103 4255 1348 4325 judicare
1374 4256 1524 4307 vivos
1552 4263 1604 4307 et
1652 4263 1913 4320 mo-tuos,
1946 4268 2038 4308 cu-

454 4356 539 4425 jus
590 4352 740 4423 regni
779 4366 886 4404 non
923 4351 1025 4404 erit
1072 4348 1237 4401 ﬁnis:
1271 4356 1326 4401 et
1381 4346 1434 4399 in
1475 4346 1736 4415 Spiritunt
1791 4357 2034 4401 sanetum

457 4446 737 4500 Dominum
794 4450 848 4496 et
886 4439 1268 4504 viviﬁcantem,
1322 4439 1413 4508 qui
1453 4454 1518 4492 ex
1567 4438 1722 4494 Patre
1755 4440 2033 4507 procedit,

454 4538 686 4607 quicum
716 4534 870 4589 Patre
896 4542 949 4587 et
978 4530 1114 4586 Filio
1143 4530 1466 4585 coadoratur
1494 4540 1548 4585 et
1577 4533 2026 4601 congloriﬁcatur,
2067 4532 2114 4591 D

454 4628 543 4696 qui
587 4626 795 4680 locutus
823 4632 905 4678 est
946 4637 1040 4691 per
1072 4620 1357 4693 prepltetas
1388 4637 1403 4676 :
1446 4631 1499 4677 et
1528 4621 1581 4676 in
1614 4638 1772 4678 unam
1800 4633 2039 4679 sanctam

457 4715 773 4771 catholicam
818 4726 869 4770 et
899 4715 1247 4783 apostolicam
1304 4714 1599 4769 Ecclesiatu
1660 4732 1674 4770 :
1723 4717 2043 4774 conﬁtemur

460 4822 622 4861 unum
655 4806 976 4876 baptismum
1006 4807 1060 4861 in
1106 4804 1478 4861 remissionem
1510 4817 1884 4875 peccatorum,
1919 4823 2041 4879 Spe-

458 4913 637 4954 ramus
689 4898 1134 4953 resurrectionem
1195 4907 1525 4953 mortuorum
1568 4910 1623 4953 et
1676 4900 1837 4955 vitam
1880 4900 2038 4954 luturi

458 4994 655 5049 sreculi.
684 4994 855 5047 Amen
888 4990 937 5044 δ.

528 5083 844 5141 Sul‘liciebat
889 5080 1103 5152 quidem
1132 5081 1197 5137 ad
1228 5080 1516 5152 perfectam
1567 5080 1878 5137 orthodoxa:
1919 5083 2039 5140 ﬁdei

458 5179 731 5234 scientiam
760 5184 814 5231 et
840 5176 1299 5232 continuationem
1329 5176 1472 5244 pium
1496 5185 1657 5243 atque
1683 5177 2038 5233 orthodoxam

460 5275 558 5325 hoc
624 5269 816 5323 divinae
867 5269 1054 5337 gratia:
1106 5268 1443 5339 symbolum;
1495 5268 1591 5324 sed
1639 5270 1891 5339 quoniam
1935 5287 2040 5327 non

458 5362 662 5416 destitit
713 5358 1033 5413 adiuventur
1081 5361 1314 5430 antiqua:
1365 5361 1585 5415 malitia:
1635 5376 2037 5431 cooperatorem

459 5452 557 5506 sibi
588 5459 890 5521 serpentem
920 5449 1196 5518 reperiens
1228 5462 1253 5489 α
1289 5466 1385 5520 per
1422 5468 1542 5507 eum
1573 5467 1894 5509 venenosam
1942 5456 2043 5509 hu-

459 5565 629 5603 manae
680 5558 882 5603 natura:
914 5547 1147 5623 inferens
1192 5557 1441 5613 mortem,
1476 5551 1545 5602 ita
1578 5559 1631 5604 et
1672 5565 1813 5606 nunc
1840 5566 2037 5621 organa

529 5692 554 5720 ι
583 5683 634 5737 in
659 5684 875 5753 reliquis
902 5692 1093 5754 praeter
1118 5681 1178 5736 Β.
1214 5683 1305 5751 ll.,
1330 5693 1455 5749 erat,
1481 5693 1526 5736 et
1556 5691 1827 5753 antequam
1861 5701 2038 5739 nasce-

455 5765 593 5808 retur
619 5769 719 5806 non
753 5763 881 5817 erat,
914 5766 959 5807 et
981 5757 1121 5821 quin.

531 5826 555 5861 ι’
595 5824 702 5877 Vox
756 5827 912 5877 Amen
941 5826 1217 5893 desumpta
1246 5834 1323 5881 est
1370 5840 1433 5877 ex
1482 5821 1692 5879 cmlcris
1725 5824 2034 5895 (Iudicibus,

2147 1923 2473 1985 ventionem,
2506 1938 2569 1976 ex
2595 1921 2696 1975 hoc
2724 1924 2863 1992 quod
2909 1923 3112 1991 absque
3145 1924 3424 1979 voluntate
3453 1935 3506 1979 et
3531 1924 3732 1993 absque

2143 2012 2459 2081 operatione
2520 2010 2956 2067 intellectualiter
3001 2013 3293 2067 auimatam
3334 2013 3455 2083 ejus
3513 2029 3730 2069 carnem

2145 2104 2569 2174 blasphemando
2625 2104 2934 2159 intromisit.
2970 2104 3239 2160 Excitavit
3296 2106 3456 2177 igitur
3485 2106 3743 2161 Christus

2147 2194 2286 2248 Deus
2306 2204 2491 2249 noster
2518 2193 2889 2248 ﬁdelissimum
2914 2193 3291 2265 imperatorem
3313 2211 3509 2249 novum
3537 2196 3729 2264 David,

2144 2288 2314 2341 virum
2335 2288 2631 2342 secundum
2655 2303 2751 2343 cor
2772 2302 2928 2342 suum
2956 2289 3252 2356 inveniens,
3281 2293 3367 2359 qtti
3405 2308 3509 2344 non
3557 2292 3730 2356 dedit,

2099 2425 2105 2432 .
2142 2379 2292 2448 juxta
2316 2379 2457 2448 quod
2487 2380 2744 2448 scriptum
2767 2390 3130 2445 est,somnum
3161 2381 3329 2434 oculis
3355 2382 3466 2436 suis
3481 2384 3736 2450 etpalpe-

2145 2475 2252 2530 bris
2266 2478 2376 2531 Sliia
2393 2475 2854 2540 dormitationem,
2870 2474 3042 2530 donec
3054 2475 3303 2543 perhch
3320 2485 3560 2530 nostrqu
3577 2490 3605 2529 a
3624 2476 3743 2530 Deo

2143 2583 2187 2622 et
2213 2578 2522 2637 ugregatum
2538 2580 2855 2636 sacrumque
2869 2576 3190 2621 conventum
3221 2566 3390 2636 ipsam
3420 2576 3581 2627 uene
3609 2567 3731 2620 ﬁdei

2143 2656 2346 2725 reperit
2371 2656 2661 2726 perlectam
2696 2656 3132 2726 prtedit-ationem
3158 2674 3172 2721 ;
3205 2655 3500 2710 secundum
3531 2656 3670 2711 enim
3695 2673 3737 2710 δ

2146 2751 2254 2805 Deo
2288 2749 2489 2804 editam
2510 2763 2723 2813 vocem,
2758 2747 2845 2801 ubi
2872 2750 2976 2801 duo
2998 2749 3075 2801 rel
3096 2758 3194 2802 tres
3224 2749 3415 2818 fuerint
3438 2750 3729 2822 congregati

2140 2844 2195 2897 in
2222 2844 2425 2896 nomine
2466 2858 2609 2906 meo,
2660 2841 2729 2894 ibi
2776 2858 2890 2895 sum
2935 2843 2988 2895 in
3018 2844 3186 2897 medio
3211 2859 3408 2897 eorum.
3438 2842 3566 2910 Quae
3596 2859 3730 2910 pra:-

2143 2949 2265 2988 seus
2293 2948 2477 2987 saneta
2525 2947 2579 2986 et
2627 2932 2943 2988 universalis
2991 2934 3229 3004 synodus
3283 2934 3511 2989 ﬁdeliter
3565 2933 3730 2989 susci-

2143 3026 2292 3097 piens
2313 3036 2365 3081 et
2382 3040 2445 3081 ex
2456 3026 2633 3095 pansis
2661 3025 2905 3081 manibus
2927 3024 3256 3092 amplectens
3277 3034 3381 3079 tatu
3404 3040 3523 3095 qua:
3542 3040 3570 3079 a
3598 3041 3726 3079 san-

2141 3119 2381 3174 etiss'tno
2402 3133 2464 3172 ac
2486 3117 2795 3172 beatissimo
2811 3114 3093 3185 Agathone
3119 3131 3251 3185 papa
3284 3116 3517 3185 antiquze
3538 3114 3724 3170 Roma:

2147 3212 2281 3266 facta
2304 3221 2385 3265 est
2425 3211 2695 3281 suggestio
2722 3211 2791 3264 ad
2824 3208 3118 3278 piissimum
3156 3219 3317 3277 atque
3356 3210 3734 3265 ﬁdelissimum

2146 3310 2388 3360 nostrum
2410 3303 2789 3373 imperatorem
2813 3302 3245 3367 Constantinum,
3271 3317 3388 3370 qua:
3412 3303 3727 3357 nominatim

2146 3393 2340 3448 refutat
2368 3392 2565 3461 eosqui
2595 3393 2892 3447 docuerunt
2910 3393 2987 3445 vel
3015 3390 3269 3460 prtedicat
3283 3401 3459 3457 erunt,
3477 3392 3725 3447 sicutsu-

2146 3488 2322 3556 perius
2343 3487 2544 3541 dictum
2567 3495 2669 3551 est,
2686 3500 2845 3538 unam
2872 3484 3194 3539 voluntatem
3210 3493 3264 3539 et
3285 3499 3441 3538 unam
3458 3486 3729 3553 operatio-

2143 3594 2263 3634 nem
2285 3578 2336 3630 iu
2357 3577 2737 3632 incarnationis
2754 3575 3153 3643 dispensatione
3169 3574 3366 3631 Christi
3384 3575 3492 3629 veri
3520 3575 3611 3630 Dei
3630 3590 3727 3629 uo-

2140 3669 2464 3736 stri,adhaec
2485 3682 2697 3738 quoque
2714 3667 2959 3736 amplexa
2982 3677 3064 3721 est
3091 3677 3143 3721 et
3172 3682 3290 3736 qua:
3322 3667 3483 3721 missa
3501 3674 3624 3720 esta
3642 3682 3729 3720 sa-

2141 3778 2233 3819 cro
2245 3761 2652 3830 concilio,quod
2676 3761 2774 3815 sub
2798 3760 2989 3815 eodem
3003 3759 3342 3814 sanctissimo
3366 3774 3497 3827 papa
3514 3769 3730 3813 estcon-

2143 3865 2252 3910 lutn
2282 3856 2470 3925 viginti
2502 3854 2734 3924 quinque
2758 3853 2865 3908 Deo
2887 3852 3193 3907 amabilium
3216 3852 3619 3923 episcoporum,
3648 3851 3729 3904 al-

2143 3960 2309 4005 teram
2348 3948 2658 4020 syuodaletn
2700 3947 3097 4017 suggestionem
3155 3945 3221 3999 ad
3271 3943 3388 4013 ejus
3436 3959 3463 3996 a
3508 3944 3617 4000 Deo
3649 3943 3728 3996 iu-

2139 4050 2398 4096 structam
2430 4039 2893 4107 tranquillitatem,
2926 4046 3109 4107 utpote
3138 4045 3499 4091 consonantes
3536 4045 3727 4089 sancto

2139 4133 2562 4187 Chalcedonensi
2614 4141 2670 4186 et
2723 4140 2870 4184 temo
2927 4129 3279 4184 sacratissimi
3331 4137 3385 4182 et
3433 4127 3726 4183 beatissimi

2141 4241 2291 4297 papa:
2321 4225 2560 4294 ejusdem
2610 4221 2843 4291 antiqua:
2888 4222 3070 4275 Reum:
3110 4222 3327 4286 Leonis,
3359 4219 3447 4290 qui
3488 4221 3726 4273 directus

2138 4326 2222 4371 est
2262 4317 2326 4368 ad
2356 4325 2597 4368 sanctum
2651 4312 2982 4378 Flavianum,
3006 4327 3164 4381 quem
3212 4322 3266 4367 et
3299 4311 3507 4376 titulum
3564 4320 3725 4364 recta:

2141 4406 2261 4460 ﬁdei
2296 4404 2597 4474 hujusmodi
2630 4403 2863 4473 synodus
2894 4404 3211 4473 appellavit;
3240 4403 3305 4457 ad
3338 4404 3450 4457 lucc
3495 4412 3549 4457 et
3590 4417 3723 4471 syn-

2140 4498 2318 4549 odicas
2358 4495 2612 4563 epistolas
2662 4510 2781 4564 qua:
2827 4494 3041 4564 scriptas
3079 4506 3204 4549 sunt
3239 4508 3268 4548 a
3318 4494 3472 4549 beato
3514 4491 3720 4565 Cyrillo

2140 4589 2396 4643 adversus
2421 4586 2640 4656 impium
2666 4585 2965 4641 Nestorium
3011 4596 3064 4641 et
3091 4587 3157 4641 ad
3183 4586 3479 4643 Orientales
3507 4588 3719 4658 episeo-

2143 4696 2261 4750 pas.

2212 4797 2404 4851 Secuta
2434 4810 2559 4850 vero
2588 4801 2770 4849 sancta
2798 4791 3033 4860 quinque
3063 4789 3379 4844 universalia
3412 4789 3634 4843 concilia
3667 4800 3724 4846 et

2142 4896 2359 4942 sanctos
2378 4896 2535 4952 atque
2560 4882 2863 4952 probabiles
2886 4882 3094 4943 Patres,
3112 4888 3575 4946 erittsonanterque
3588 4896 3691 4935 con
3705 4911 3723 4922 -

2144 4980 2277 5036 literi
2298 4980 2561 5035 deﬁniens
2580 4978 2858 5032 Dominqu
2878 4986 3118 5030 nostrum
3148 4973 3328 5027 Jesum
3345 4974 3614 5029 Christum
3640 4992 3727 5030 ve-

2145 5092 2260 5129 rum
2279 5076 2441 5128 Deum
2460 5081 2699 5127 nostrum
2724 5086 2884 5124 unum
2905 5070 2971 5122 de
2996 5076 3182 5121 sancta
3203 5076 3259 5121 et
3277 5068 3721 5123 consubstantiali

2142 5177 2197 5223 et
2222 5168 2341 5221 vita:
2369 5166 2627 5233 originem
2681 5168 2952 5231 praebente
3002 5159 3285 5224 Trinitate,
3328 5160 3621 5230 perlectum
3665 5160 3719 5216 in

2142 5259 2361 5323 deitate,
2390 5266 2443 5309 et
2476 5255 2765 5324 perfectum
2806 5252 3053 5307 eumdem
3085 5250 3139 5305 in
3173 5253 3523 5317 humanitate,
3551 5253 3718 5305 Deum

2145 5366 2287 5415 vere,
2317 5359 2369 5404 et
2412 5350 2679 5405 hominem
2705 5362 2849 5410 vere,
2876 5347 3124 5400 eumdem
3170 5361 3234 5401 ex
3265 5349 3442 5401 anima
3474 5346 3720 5401 rationali

2139 5454 2193 5499 et
2221 5456 2446 5514 corpore
2467 5484 2481 5507 ,
2511 5441 3019 5497 consubstantialem
3048 5440 3189 5493 Patri
3234 5438 3526 5494 secundum
3550 5438 3725 5491 deita-

2142 5547 2333 5595 temet
2378 5536 2886 5593 consubstantialem
2940 5534 3093 5590 nobis
3118 5534 3367 5589 eumdem
3424 5530 3718 5588 secundum

2141 5709 2258 5749 cum
2286 5692 2425 5746 desit
2454 5689 2503 5742 itt
2532 5690 2587 5743 Β.
2615 5689 2680 5742 [ἰ.

2214 5775 2233 5802 ε
2263 5763 2350 5829 υ.,
2385 5759 2472 5828 G.,
2503 5770 2853 5832 coeperatores
2891 5758 2988 5813 sibi
3014 5773 3104 5827 per
3130 5762 3411 5825 serpentem
3442 5751 3724 5822 reperietis.
