4072 6176
328 389 424 447 Nl

849 385 1246 442 ΕΗΒ(ῖοιῖοΜ
1279 386 1619 440 ΟΟΝΟΙΙΛᾹ.
1666 414 1734 425 --
1774 381 2651 441 CONSTANTINOPOLITANURI
2694 386 3100 444 SECUNDUM.

3508 392 3609 446 ΗΞ

325 505 741 566 humanitatem,
769 516 864 570 per
893 500 1068 554 omnia
1095 488 1328 554 lsfmilem
1379 499 1531 552 nobis
1560 500 1760 565 absque
1790 510 1911 565 pec-
1946 501 1988 553 Λ
2017 506 2218 551 sant-ta:
2247 498 2525 553 Trinitatis
2555 508 2611 553 et
2658 510 2777 569 post
2835 502 3259 556 incarnationem
3322 504 3606 561 Dominum

307 610 464 661 cato,
486 604 611 649 ante
635 593 833 647 smeala
854 590 1066 657 quidem
1084 605 1148 643 ex
1174 591 1331 643 l'atre
1357 590 1591 658 genitum
1625 588 1916 641 seminium

323 695 600 749 deitatem.
639 689 690 741 in
735 685 936 739 ultimis
988 694 1166 737 autem
1210 682 1397 736 diebus
1428 681 1673 735 eumdem
1704 689 1921 747 prop'er

323 801 427 839 nos
483 792 537 838 et
594 791 815 849 propter
861 778 968 849 67
1019 786 1260 829 nostram
1314 774 1540 827 salutem
1600 773 1666 826 de
1716 771 1917 839 Spiritu

323 889 514 933 sancto
543 886 598 929 et
631 873 795 929 Maria
843 871 1045 939 virgine
1089 867 1302 938 proprie
1340 877 1394 921 et
1418 866 1677 919 veraciter
1708 864 1797 917 Dei
1831 879 1919 932 ge-

324 970 522 1026 nitrire
556 968 854 1022 secundum
898 964 1307 1024 immanitatem.
1350 976 1513 1015 ttnnm
1562 958 1919 1020 eumdemqne

321 1064 601 1117 Christum
632 1058 827 1112 Filium
878 1056 968 1109 Dei
999 1054 1329 1119 unigenitum
1380 1052 1432 1105 in
1464 1051 1668 1105 duabus
1718 1049 1918 1103 naturis

326 1156 626 1213 incontnse,
665 1146 1171 1207 inconvertibiliter,
1204 1143 1657 1213 inseparabiliter,
1688 1139 1918 1194 indivise

323 1242 782 1309 cognoscendum,
816 1250 1076 1306 nusquam
1103 1235 1364 1290 exstincta
1397 1234 1583 1286 harum
1604 1240 1916 1286 naturarum

322 1327 625 1387 differentia
650 1339 873 1400 propter
897 1327 1175 1389 unionem,
1209 1325 1411 1378 salvata
1460 1323 1629 1392 magis
1660 1322 1920 1375 duntax~t

322 1424 661 1492 proprietate
683 1419 966 1486 utriusque
994 1426 1198 1471 natura:
1221 1416 1339 1470 etin
1364 1430 1522 1468 unam
1556 1429 1839 1483 personam
1864 1423 1918 1468 et

322 1515 377 1567 in
411 1526 573 1564 unam
604 1507 959 1564 substantiam
982 1516 1357 1571 concurrente,
1391 1520 1496 1559 non
1549 1507 1600 1559 in
1639 1504 1774 1558 duas
1802 1518 1920 1571 per-

321 1618 486 1655 sonas
511 1602 767 1672 partitnm
818 1598 900 1652 vel
934 1598 1186 1661 divisum,
1222 1595 1317 1650 sed
1369 1611 1529 1649 unum
1563 1596 1919 1662 eumdemque

324 1693 523 1747 Filium
558 1691 897 1759 unigenitum
930 1688 1096 1742 Deum
1135 1688 1365 1741 Verbum
1402 1687 1684 1739 Dominum
1731 1685 1914 1740 Jesum

319 1785 619 1849 Citrisnim,
663 1782 812 1851 juxta
842 1781 983 1850 quod
1012 1779 1137 1831 olim
1174 1779 1451 1849 propheta:
1502 1778 1569 1831 de
1610 1792 1675 1832 eo
1702 1786 1754 1831 et
1800 1778 1915 1843 ipse

2024 599 2262 643 nostrum
2313 590 2495 645 Jesum
2548 590 2821 645 Christum
2883 609 3068 647 verum
3127 594 3294 648 Deum
3363 607 3607 652 nostrum

2022 696 2141 736 esse
2171 684 2451 737 credentes
2484 700 2496 736 :
2528 682 2755 739 d‘cimus
2787 686 2919 739 duas
2950 687 3069 758 ejus
3123 703 3243 742 esse
3290 699 3512 743 naturas
3557 692 3610 744 in

2021 787 2124 826 una
2155 775 2271 841 ejus
2302 776 2571 829 radiantes
2597 777 2967 839 subsistentia,
2997 780 3048 831 in
3077 792 3178 845 qua
3215 789 3322 833 tam
3353 783 3609 835 miractt'a

2021 879 2287 933 quamque
2321 869 2598 934 passiones
2656 884 2752 937 per
2798 884 3011 923 onmem
3046 886 3156 923 sum
3193 874 3611 939 dispensttionis

2021 960 2482 1013 conversationem
2516 976 2619 1012 non
2652 961 2947 1015 secundum
2997 964 3330 1030 phantasiam
3380 965 3474 1016 sed
3528 980 3612 1019 ve.

2022 1048 2217 1101 raciter
2248 1049 2655 1114 demonstravit,
2709 1051 2834 1103 dum
2879 1052 3139 1105 naturalis
3197 1053 3498 1106 diﬂerentia
3556 1055 3609 1106 in

2019 1140 2203 1193 eadem
2235 1155 2338 1193 una
2369 1141 2661 1196 substantia
2688 1151 3041 1210 cognoscatur
3071 1143 3123 1197 in
3171 1146 3272 1198 hoc
3300 1145 3441 1213 quod
3487 1160 3608 1200 cum

2020 1230 2241 1285 alterius
2267 1233 2647 1287 communione
2694 1246 2921 1303 utraque
2981 1245 3167 1289 natura
3222 1237 3481 1303 indivise,
3526 1239 3608 1291 in~

2020 1319 2240 1374 confuse
2288 1322 2497 1391 propria
2546 1324 2661 1377 vult
2720 1332 2880 1393 atque
2935 1327 3399 1395 operaturzjuxta
3444 1344 3605 1397 quam

2020 1413 2283 1467 rationem
2315 1425 2369 1468 et
2409 1416 2539 1469 duas
2567 1416 2835 1470 naturale.-
2860 1417 3163 1471 voluntates
3185 1427 3237 1472 et
3265 1422 3605 1485 operatione:

2019 1505 2340 1559 conﬁtemur
2370 1507 2434 1559 ad
2470 1507 2696 1560 salutem
2732 1508 2949 1561 humani
2982 1509 3197 1577 generis
3225 1512 3611 1565 convenienter

2018 1606 2421 1674 concurrentes.
2451 1598 2543 1651 llis
2576 1598 2737 1666 igitur
2763 1614 2885 1652 enm
2918 1600 3065 1653 omni
3111 1599 3348 1668 undique
3376 1600 3603 1668 diligen-

2020 1687 2087 1741 tia
2120 1695 2174 1739 et
2200 1702 2323 1741 cura
2354 1703 2382 1740 a
2409 1688 2561 1742 nobis
2584 1690 2841 1753 deﬁnitis,
2870 1691 3214 1745 decernimus
3241 1691 3401 1743 aliam
3444 1690 3601 1743 ίίιὶηιιιι

2020 1776 2147 1829 nulli
2182 1778 2341 1831 licere
2366 1778 2610 1846 proferre
2637 1789 2729 1833 aut
2757 1780 3099 1835 conscribere
3130 1783 3211 1835 vel
3255 1795 3610 1849 componere,

322 1895 421 1935 nos
456 1879 713 1932 Dominus
754 1875 913 1930 Jesus
960 1874 1205 1927 Christus
1236 1872 1469 1934 edocuit,
1501 1880 1556 1925 et
1604 1879 1909 1925 sanctorum
1950 1848 1990 1908 Β
2016 1880 2315 1939 autsapere
2342 1873 2425 1926 vel
2448 1873 2606 1925 etiam
2634 1872 2831 1926 docere
2853 1874 3030 1927 aliter.
3050 1874 3154 1926 Eos
3170 1888 3346 1928 autem
3367 1875 3454 1942 qui
3474 1891 3608 1941 phr-

325 1972 541 2025 Pa‘rum
575 1968 729 2021 nobis
760 1965 984 2019 tradidit
1012 1962 1341 2032 symbolum.
1377 1961 1441 2015 Et
1480 1962 1615 2015 duas
1645 1962 1915 2015 naturales

326 2063 637 2117 voluntates
669 2060 722 2111 in
746 2073 811 2112 eo
838 2068 887 2110 et
931 2056 1064 2109 duas
1090 2053 1362 2108 naturales
1389 2052 1729 2121 operatioues
1778 2052 1915 2106 indi-

322 2160 480 2220 vise,
536 2151 1059 2211 inconvertibiliter,
1112 2148 1573 2218 inseparabiliter,
1636 2144 1915 2203 ineonlnse

321 2247 620 2305 secundum
652 2254 960 2299 sanctorum
1020 2242 1238 2294 Patrum
1291 2240 1589 2295 doctrinam
1639 2239 1915 2308 mqnaliter

322 2340 770 2409 pradicantus,et
794 2336 928 2390 duas
948 2334 1219 2388 naturales
1238 2333 1541 2387 voluntates
1574 2346 1677 2386 non
1705 2344 1910 2386 contra-

323 2428 802 2496 rias.absit,jnxta
824 2426 962 2496 quad
997 2425 1143 2493 impii
1175 2439 1343 2478 assevt
1369 2433 1488 2477 rant
1512 2423 1782 2487 haeretici;
1818 2423 1910 2477 sed

322 2537 566 2592 sequens
595 2522 820 2574 humana
866 2519 985 2588 ejus
1017 2521 1260 2571 voluntas
1309 2525 1363 2571 et
1411 2532 1513 2569 non
1545 2516 1801 2569 resistens
1831 2516 1911 2570 vel

320 2614 622 2675 reluctans,
655 2611 747 2664 sed
796 2608 972 2678 potius
1004 2619 1058 2661 et
1101 2608 1344 2675 subjecta
1377 2606 1575 2659 divinat
1608 2606 1725 2672 ejus
1754 2615 1913 2673 atque

319 2700 674 2768 omnipotenti
702 2696 982 2750 voluntati.
1015 2697 1306 2762 Oportebat
1341 2696 1484 2748 enim
1510 2700 1689 2749 carnis
1721 2695 1905 2749 volun~

321 2802 485 2846 tatem
543 2791 774 2854 tnoveri,
807 2789 996 2856 subjici
1030 2802 1156 2841 vero
1197 2786 1462 2840 voluntati
1511 2786 1706 2839 divinte
1753 2785 1910 2853 juxta

320 2886 774 2954 sapientissimum
820 2880 1206 2947 Athanasium;
1252 2880 1393 2935 sicut
1421 2880 1562 2933 enim
1598 2879 1717 2946 ejus
1761 2892 1906 2942 caro,

312 2991 446 3031 caro
491 2975 586 3030 Dei
617 2973 778 3028 Verbi
809 2972 1009 3026 dicitur
1038 2981 1086 3025 et
1116 2980 1221 3034 est,
1252 2972 1320 3024 ita
1350 2979 1406 3024 et
1432 2970 1691 3023 naturalis
1734 2968 1911 3024 carnis

310 3070 436 3137 ejus
463 3067 713 3120 voluntas
742 3066 959 3136 propria
1000 3063 1094 3117 Dei
1117 3063 1276 3117 Verbi
1309 3062 1500 3116 dicitur
1531 3071 1581 3115 et
1611 3070 1694 3115 est
1718 3102 1732 3124 ,
1773 3060 1911 3114 sicut

312 3161 433 3229 ipse
453 3160 525 3213 ait
555 3178 568 3214 :
600 3160 736 3224 Quia
760 3157 999 3210 descendi
1029 3158 1093 3209 de
1120 3157 1245 3209 calo
1271 3170 1371 3207 non
1405 3164 1460 3207 ut
1506 3156 1694 3223 faciam
1722 3152 1905 3204 volun-

313 3265 470 3306 tatem
490 3267 679 3318 meum,
714 3251 800 3304 sed
840 3250 1148 3302 voluntatem
1175 3248 1289 3316 ejus
1315 3247 1402 3311 qui
1426 3245 1564 3297 misit
1597 3260 1674 3296 mc
1706 3251 1751 3304 ο,
1786 3256 1907 3309 pro—

314 3348 487 3413 priam
520 3346 711 3398 dicens
739 3345 1066 3395 voluntatem
1095 3357 1212 3408 qua:
1252 3348 1369 3393 erat
1407 3338 1585 3391 carnis
1613 3337 1753 3404 ejus,
1786 3350 1906 3388 nam

313 3451 365 3492 et
400 3454 530 3492 caro
560 3437 779 3506 propria
799 3440 918 3501 ejus
951 3435 1086 3489 facta
1114 3443 1213 3488 est.
1258 3432 1721 3502 Quemadmodum
1765 3429 1906 3482 enim

315 3530 657 3583 sanctissima
725 3536 889 3595 atque
938 3525 1272 3578 immaculata
1322 3524 1554 3577 animata
1614 3520 1735 3588 rjus
1781 3533 1908 3573 caro

316 3622 563 3676 dedicata
588 3635 693 3673 non
722 3627 804 3673 est
837 3628 1133 3687 perempta,
1157 3631 1182 3669 s
1217 3616 1249 3668 d
1286 3616 1338 3668 in
1379 3628 1476 3667 suo
1522 3614 1743 3680 prOprio
1770 3620 1907 3663 statu

315 3729 370 3770 et
397 3716 611 3768 ratione
642 3712 971 3781 permansit;
1006 3714 1076 3763 ita
1104 3721 1157 3763 et
1191 3708 1541 3761 humanitatis
1570 3706 1689 3773 ejus
1722 3704 1906 3757 volun-

315 3822 397 3864 tas
426 3810 678 3862 deilicata
720 3822 825 3860 non
855 3814 937 3859 est
983 3814 1252 3870 perempta
1282 3845 1295 3868 ,
1346 3803 1549 3855 salvata
1601 3809 1686 3853 est
1737 3798 1906 3867 magis

312 3899 618 3955 secundum
675 3897 985 3964 deiloqunm
1028 3892 1347 3961 Gregorium
1390 3892 1655 3946 dicentem
1709 3905 1724 3941 :
1778 3889 1907 3942 Nam

316 3993 458 4045 illius
479 3989 648 4053 velle,
678 3987 819 4055 quod
851 3986 904 4039 in
954 3985 1232 4040 Salvatore
1262 3982 1599 4050 intelligitur,
1634 3996 1740 4033 non
1793 3989 1908 4033 erat

311 4080 652 4135 contrarium
679 4074 1127 4139 Deo,dciiicatum
1154 4083 1343 4127 totum.
1382 4071 1521 4125 Duas
1548 4085 1676 4124 vero
1698 4081 1911 4123 natura-

310 4173 396 4225 les
421 4168 772 4236 operationes
796 4165 1048 4227 indivise,
1091 4161 1589 4224 inconvertibiliter,
1613 4160 1906 4222 inconfnse,

313 4259 756 4327 inseparabiliter
770 4257 823 4309 in
839 4255 1027 4309 eodem
1049 4254 1270 4307 Domino
1284 4252 1410 4306 .Iesu
1426 4250 1637 4305 Christo
1656 4266 1782 4304 vero
1799 4249 1909 4302 Deo

309 4362 503 4404 nostro
533 4348 918 4419 gloriﬁcamus,
955 4345 1054 4398 hoc
1078 4352 1163 4398 est
1199 4342 1431 4396 divinam
1458 4341 1830 4408 operationem
1854 4348 1908 4393 ot

312 4442 611 4493 humanam
632 4435 998 4503 operationem
1020 4432 1314 4486 secundum
1339 4432 1646 4484 divinorum
1664 4430 1909 4498 prazdicao

2013 1962 2340 2028 smnpserint
2361 1964 2440 2015 vel
2457 1977 2778 2031 componere
2799 1964 2956 2017 [idem
2982 1965 3140 2018 aliam
3160 1966 3241 2018 vel
3261 1966 3501 2033 proferre
3528 1968 3608 2019 vel

2014 2050 2210 2109 docere
2224 2054 2305 2105 vel
2336 2053 2545 2106 tradere
2569 2054 2711 2107 aliud
2730 2055 3036 2124 symbolum
3062 2055 3363 2109 volentibus
3389 2070 3454 2108 ex
3479 2070 3607 2124 geu-

2017 2142 2208 2197 tilitatc
2249 2144 2488 2198 converti
2532 2144 2596 2197 ad
2642 2146 2965 2216 agnitionem
3016 2147 3257 2200 veritatis
3296 2146 3375 2199 vel
3411 2161 3480 2199 ex
3523 2144 3605 2213 jn~

2014 2224 2221 2286 tiaismo
2252 2236 2365 2288 sive
2390 2249 2455 2288 ex
2488 2236 2724 2303 qualibet
2755 2236 2982 2304 haarese,
3010 2251 3105 2291 seu
3137 2238 3427 2291 novitatem
3460 2238 3606 2289 Vocis

2015 2325 2129 2379 sive
2151 2330 2416 2381 sermonis
2445 2329 2878 2383 adinventionem
2910 2331 2972 2382 ad
3002 2334 3079 2384 su‘:
3102 2332 3409 2384 versionem
3435 2331 3603 2383 intro~

2014 2419 2315 2472 ducendam
2376 2434 2564 2473 eorum
2613 2436 2733 2489 quae
2792 2436 2933 2475 nunc
2970 2438 2999 2475 a
3051 2423 3205 2477 nobis
3252 2421 3603 2476 determinata

2014 2522 2171 2577 sunt;
2206 2512 2323 2575 hos,
2367 2496 2635 2581 siquidem
2689 2515 2928 2582 episcopi
2974 2514 3211 2567 existunt
3240 2524 3329 2566 aut
3376 2514 3595 2577 clerici,

2012 2602 2220 2657 alienos
2248 2617 2389 2666 esse,
2428 2604 2716 2674 episcopus
2747 2604 2961 2672 quidem
2988 2604 3059 2656 ab
3084 2607 3416 2674 episcopatu,
3448 2604 3603 2657 cleris

2013 2708 2106 2749 cos
2138 2710 2265 2749 vero
2295 2710 2321 2747 a
2355 2695 2552 2749 clero:
2602 2698 2645 2749 si
2694 2707 2872 2751 autem
2929 2697 3176 2751 monachi
3228 2698 3465 2751 existunt
3521 2698 3603 2751 vel

2014 2784 2159 2851 laici,
2188 2785 2631 2840 anatltcmatizari
2662 2801 2779 2842 eos.

2094 2877 2155 2929 Et
2189 2876 2636 2945 subscriptiones.

2083 2966 2396 3023 Theodorus
2432 2970 2646 3023 humilis
2680 2970 2958 3040 iresbyter
3006 2977 3205 3023 sanctae
3264 2968 3449 3022 anre
3497 2968 3605 3023 Ec-

2011 3058 2231 3124 clesiae,
2287 3063 2462 3113 locum
2514 3072 2910 3130 reprazsentans
2964 3062 3258 3131 Agathonis
3308 3060 3602 3116 beatissimi

2015 3154 2328 3206 universalis
2357 3169 2507 3223 papa:
2538 3157 2682 3209 urbis
2710 3155 2893 3210 Itonia)
2926 3156 3243 3224 subscripsi.

2085 3242 2350 3312 Georgius
2377 3245 2593 3298 humilis
2624 3246 2909 3317 presbyter
2924 3259 3126 3302 sancta:
3150 3247 3331 3300 ιὶυιιιε
3353 3246 3604 3301 Ecclesia)

2015 3346 2069 3386 ut
2110 3350 2293 3398 supra.

2084 3426 2321 3478 Joannes
2349 3425 2566 3480 humilis
2589 3426 2845 3483 diaconus
2869 3438 3071 3482 sancta:
3118 3427 3299 3481 Romae
3345 3428 3600 3482 Ecclesie

2016 3524 2071 3568 ut
2100 3530 2284 3583 supra.
3278 3508 3281 3511 ’

2086 3608 2216 3661 Item
2270 3608 2531 3679 Georgius
2587 3610 2953 3664 misericordia
2990 3611 3079 3665 Dei
3131 3611 3412 3681 episcopus
3461 3612 3603 3666 Con~

2013 3704 2433 3773 stantinopoleos
2474 3719 2628 3759 novat
2658 3705 2841 3759 Rom-.e
2870 3704 3130 3759 deﬁniens
3171 3706 3489 3773 subscripsi.

2089 3796 2155 3847 Et
2184 3797 2365 3850 cancri
2388 3796 2635 3851 similiter
2663 3797 2886 3867 legimus
2919 3807 2970 3851 et
2994 3798 3387 3851 consensimus.

2088 3887 2282 3940 Sancta
2335 3887 2575 3956 synodus
2606 3889 2924 3941 exclamavit
2954 3906 2965 3938 :
2996 3887 3184 3941 Multos
3212 3902 3382 3941 annos
3435 3888 3602 3955 imper-

2015 3975 2177 4030 ratori
2200 3993 2215 4042 ;
2237 3977 2450 4029 Christo
2475 3976 2673 4031 dilecto
2697 3977 3009 4044 imperatori
3040 3979 3236 4031 multos
3265 3994 3455 4033 annos.
3495 3982 3598 4032 Ur-

2016 4065 2247 4119 thodoxe
2287 4079 2474 4119 onmes
2503 4063 2793 4118 credimus.
2844 4065 3258 4119 Illuminatorem
3294 4070 3458 4133 patris.
3498 4068 3599 4119 Do-

2015 4158 2181 4217 mine,
2208 4170 2498 4210 conserva.
2529 4155 2796 4208 Marciano
2844 4170 2981 4208 novo
3010 4154 3365 4208 Constantino
3394 4167 3595 4210 aeterna

2014 4248 2303 4311 memoria;
2353 4245 2480 4299 item
2514 4260 2649 4299 novo
2679 4244 2977 4299 Justittiano
3010 4245 3359 4300 Constantino
3398 4257 3595 4302 mterna

2013 4340 2293 4399 memoria,
2323 4340 2409 4407 qui
2432 4340 2677 4408 deposuit
2706 4341 2988 4395 haereticos
3014 4357 3026 4393 :
3053 4341 3293 4403 Domine,
3315 4355 3594 4395 cinserva.

2013 4430 2276 4495 Nestorio,
2314 4432 2596 4501 Eulyclteti
2637 4445 2796 4501 atque
2831 4434 3033 4489 Severo
3075 4436 3355 4489 anitltcma
3378 4436 3475 4498 sit;
3524 4434 3596 4489 si-

308 4544 491 4586 torem
515 4530 753 4584 Leonem
779 4521 1612 4591 manifestissimeinquientetnb;
1632 4527 1708 4576 ait
1729 4524 1899 4575 enim:
1936 4557 1989 4615 Β
2015 4525 2156 4577 milia
2185 4525 2265 4580 eis
2289 4526 2621 4594 sapientibus
2665 4529 2947 4583 anathema
2981 4548 2994 4583 :
3020 4529 3306 4583 Theodoro
3338 4529 3596 4582 l‘harani-

309 4623 559 4689 Utraque
592 4619 762 4671 forma
788 4632 909 4670 cum
942 4615 1161 4671 alterius
1190 4617 1570 4669 communione
1598 4612 1737 4681 quod
1778 4627 1900 4681 pro.

306 4713 496 4782 prium
517 4719 627 4775 cst,
655 4707 831 4761 Verbo
861 4707 1065 4760 scilicet
1089 4714 1349 4774 operante
1379 4704 1518 4771 quod
1548 4704 1707 4757 Verbi
1731 4713 1833 4768 est,
1856 4712 1905 4756 et

303 4819 481 4858 carne
529 4809 869 4869 exsequenti:
916 4800 1055 4867 quod
1108 4798 1289 4852 carnis
1332 4808 1436 4851 est.
1485 4796 1595 4850 Nec
1654 4797 1798 4849 enim
1854 4795 1899 4848 ir

300 4908 592 4963 quoquam
658 4906 817 4945 unam
871 4890 1115 4969 dabimus
1180 4889 1479 4943 naturalem
1539 4892 1907 4955 operationem

304 4985 418 5040 Dei
470 4993 530 5038 et
582 4993 884 5043 creaturae,
938 4992 989 5033 ut
1024 4995 1196 5049 neque
1248 4980 1387 5047 quod
1430 4990 1667 5033 creatum
1718 4988 1799 5033 est
1856 4978 1908 5032 in

297 5078 559 5129 divinam
595 5074 864 5127 elevcmns
908 5073 1223 5135 essentiam,
1261 5086 1432 5136 neque
1470 5070 1611 5139 quod
1655 5070 1907 5123 eximium

294 5168 399 5221 e‘st
434 5166 631 5218 divina:
665 5173 866 5216 natura:
889 5162 953 5214 ad
986 5168 1386 5229 competentem
1418 5160 1686 5212 creaturis
1736 5161 1908 5212 locum

296 5258 666 5325 dejieiamus.
734 5251 902 5307 Unius
958 5252 1100 5305 enim
1164 5251 1405 5317 ejusdem
1480 5258 1585 5302 tam
1656 5249 1910 5303 miracula

290 5362 592 5419 quamque
637 5344 914 5414 passiones
951 5343 1326 5413 cognoscimus
1357 5341 1650 5397 secundum
1685 5343 1829 5395 aliud
1856 5351 1910 5397 et

288 5439 469 5497 aliud
511 5452 722 5499 earum,
756 5450 823 5489 ex
852 5434 1041 5503 quibus
1072 5445 1128 5488 et
1156 5443 1398 5501 constat,
1448 5444 1758 5488 naturarum
1799 5436 1912 5506 38

286 5543 355 5586 et
388 5536 455 5582 in
478 5528 674 5596 quibus
716 5526 881 5580 habet
907 5541 1053 5590 esse,
1079 5526 1218 5579 sicut
1246 5526 1578 5579 admirabilis
1609 5526 1779 5594 inquit
1806 5527 1912 5596 Cy-

285 5624 506 5679 rillus.
539 5617 786 5683 Undique
836 5616 991 5684 igitur
1044 5618 1375 5669 inconfusum
1418 5625 1577 5685 atque
1624 5617 1906 5674 indivisum

279 5716 713 5769 conservantes
754 5706 917 5760 celeri
973 5720 1105 5760 voce
1146 5717 1333 5759 cuncta
1370 5707 1706 5775 proferimus,
1743 5724 1907 5765 unum

376 5831 408 5857 ει
446 5819 510 5873 ιιι
548 5819 792 5889 reliquis,
819 5829 1014 5889 printer
1043 5820 1181 5887 BIL,
1204 5834 1282 5875 me
1320 5818 1511 5873 Patris.

2017 4629 2138 4670 tano
2180 4618 2493 4684 anathema;
2522 4621 2707 4689 Sergio
2754 4632 2807 4675 et
2850 4621 3088 4693 llnqorio
3110 4626 3427 4688 anathema;
3463 4623 3593 4693 Pyr-

2017 4710 2113 4762 rho
2154 4718 2209 4763 et
2237 4710 2397 4763 Paulo
2425 4714 2744 4773 anathema;
2774 4715 2917 4783 Cyro
2947 4722 3001 4766 et
3031 4713 3195 4767 Paulo
3218 4712 3232 4783 [
3255 4712 3348 4778 U.,
3375 4714 3464 4779 6.,
3497 4715 3593 4769 l’e-

2015 4796 2131 4868 tro]
2182 4800 2507 4866 anathema;
2556 4802 2788 4855 Macario
2836 4813 2890 4855 et
2946 4804 3219 4870 Stephano
3273 4806 3590 4871 anathema,

2015 4884 2334 4957 Polycronio
2376 4905 2513 4942 novo
2535 4890 2736 4945 Simoni
2773 4892 3055 4946 anathema
3090 4896 3381 4949 :omnibus
3418 4896 3589 4950 hatre-

2017 4980 2131 5035 ticis
2158 4982 2267 5051 69
2293 4982 2577 5037 anathema
2604 5000 2618 5036 :
2647 4985 2727 5037 his
2756 4986 2844 5054 qtti
2870 4987 3291 5053 prmdicaverunt
3322 4989 3403 5040 vel
3450 5002 3586 5052 pra-

2012 5072 2191 5124 dicant
2219 5080 2273 5125 et
2302 5083 2520 5141 sperant
2548 5074 2745 5130 dooere
2778 5091 2941 5131 unam
2971 5078 3296 5129 voluntatem
3343 5086 3397 5127 et
3427 5090 3585 5127 unam

2013 5166 2376 5229 operationem
2425 5167 2477 5218 in
2537 5164 2905 5220 incarnatione
2931 5165 3344 5234 dispensationis
3386 5164 3586 5221 Christi

2011 5256 2123 5306 veri
2148 5254 2242 5308 Dei
2276 5258 2467 5322 nostri,
2490 5259 2794 5311 anathema.

1999 5371 2367 5440 Dilectissimis
2402 5362 2943 5440 fratribushuniversis
2998 5363 3342 5440 Eccicsiqrtrm
3391 5362 3581 5417 Christi

2184 5435 2482 5505 precantibus
2508 5453 2596 5505 per
2625 5435 2936 5505 Hispaniam
2964 5437 3249 5491 constitutis
3275 5436 3395 5487 Leo.

2066 5532 2200 5585 Cum
2230 5528 2438 5582 diversa
2470 5527 2577 5581 sint
2606 5526 2879 5579 hominum
2912 5528 3083 5581 studia
3115 5526 3307 5595 quibus
3351 5524 3581 5577 humana

1998 5620 2291 5688 dispensari
2330 5618 2563 5673 creditur
2588 5617 2715 5679 vita,
2747 5633 2907 5671 unum
2937 5627 3019 5671 est
3051 5627 3229 5669 tamen
3262 5615 3475 5685 pietatis
3500 5617 3585 5666 ot.

2000 5709 2200 5776 itcmm,
2231 5716 2370 5781 quod
2402 5719 2577 5780 potest
2607 5710 2670 5762 ad
2701 5718 2914 5763 reterns:
2938 5708 3061 5761 vita:
3106 5708 3399 5776 perducere
3430 5719 3574 5777 quai-

2066 5821 2096 5864 δ
2125 5822 2182 5879 In
2213 5821 2456 5891 reliquis,
2484 5832 2674 5892 praeter
2706 5820 2839 5875 Βιι..
2867 5821 3225 5890 inquirentem.
