4072 6176
510 360 611 416 H3

1186 356 1563 412 COLl.ECTlO
1602 351 1925 409 CANUNUM
1968 352 2023 406 S.
2071 350 2338 409 ISIDORO
2380 350 2645 406 lllSPAL.
2696 349 3047 408 ASCRIPTA.
3676 351 3752 406 ιιι

509 486 650 529 stum
681 483 734 529 et
757 472 1024 537 meritum,
1069 472 1118 524 in
1172 486 1276 539 quo
1331 483 1544 523 omnem
1602 478 1905 521 consortem
1968 465 2087 519 fidei
2122 468 2168 524 Λ
2201 466 2249 517 in
2276 481 2381 517 uno
2408 466 2633 518 Domino
2665 475 2849 518 nostro
2872 466 2999 519 .lesu
3019 465 3253 532 Christo,
3287 474 3339 520 et
3368 469 3753 525 condemnatio-

511 566 825 621 Chrisliana:
859 579 1065 633 aequum
1099 572 1181 615 est
1230 561 1469 623 studere,
1496 560 1577 613 cui
1638 574 1828 627 nempe
1860 559 2093 627 Spiritus

511 662 681 714 sancti
709 658 945 727 dignatio
968 673 1077 710 sum
1103 656 1289 725 gratia:
1324 654 1549 720 inspirat
1580 652 1831 706 affectum
1871 661 1926 704 et
1958 651 2095 705 inof-

510 754 719 807 fensum
747 752 1077 805 demonstrat
1104 762 1326 812 cperum
1373 747 1635 799 bonorum
1664 744 1936 806 effectum.
1970 744 2092 811 quia

510 846 759 913 Spiritus.
795 854 851 896 ut
883 843 1134 895 Dominus
1156 841 1333 905 docet,
1366 839 1453 893 ubi
1490 840 1600 892 vult
1632 839 1797 907 Spirat
1824 846 1880 890 et
1906 851 2091 891 vocem

509 940 625 1005 ejus
652 934 827 996 audis,
860 940 914 985 et
938 932 1063 1000 quia
1094 940 1175 985 est
1224 930 1339 998 ejus
1373 927 1938 998 incomprehensibilis
1967 943 2089 994 gra-

509 1029 582 1080 tia
612 1025 885 1080 connectit
916 1034 968 1077 et
999 1022 1266 1091 perhibet,
1294 1029 1350 1076 et
1401 1021 1579 1075 nescis
1628 1019 1769 1074 unde
1801 1019 1977 1072 veniat
2003 1028 2094 1071 aut

508 1136 613 1188 quo
644 1118 823 1171 vadat.
848 1116 1093 1172 Scientes
1118 1116 1281 1183 igitur
1310 1128 1371 1168 ac
1398 1113 1652 1168 satisfacti
1686 1111 1808 1177 quia
1840 1122 1894 1166 et
1925 1111 1975 1164 in
2007 1126 2094 1166 vo-

511 1211 593 1264 bis
643 1208 963 1263 Christianas
1010 1206 1283 1275 religionis
1314 1204 1520 1272 flagrat
1566 1202 1800 1256 studium
1850 1202 2095 1269 ulniSque

506 1302 871 1372 spiritualibus
909 1298 1296 1368 amplectimini
1322 1298 1527 1351 semina
1550 1294 1785 1348 caelestis
1813 1292 2090 1356 doctrinm,

506 1406 559 1449 et
579 1394 902 1463 evangelica:
934 1401 1093 1461 atque
1139 1388 1451 1458 apostolica:
1505 1386 1805 1441 traditionis
1861 1386 1912 1438 in
1945 1384 2094 1437 vobs

506 1486 789 1541 fructificat
821 1484 997 1538 fervor
1031 1492 1081 1536 et
1124 1482 1342 1551 paritas,
1376 1494 1472 1547 pro
1498 1492 1601 1546 qua
1648 1478 1763 1529 luec
1788 1486 1967 1529 saneta
1998 1478 2093 1527 lic.

505 1583 788 1635 clesiarum
823 1588 993 1632 mater
1016 1574 1310 1644 aposwlica
1348 1571 1504 1626 sedes
1534 1584 1703 1638 usque
1732 1569 1796 1621 ad
1826 1568 2090 1621 viciniam

505 1672 1019 1734 desudavitsemper
1056 1674 1109 1720 et
1138 1662 1385 1729 desudat,
1409 1670 1462 1715 et
1492 1659 1660 1729 prius,
1694 1658 1739 1711 si
1782 1657 1883 1710 hoc
1914 1657 2093 1709 divina

508 1762 760 1825 maiestas
790 1756 1091 1820 censuerit,
1123 1755 1358 1814 animam
1391 1767 1421 1805 a
1450 1763 1676 1818 corpore
1722 1747 2092 1814 temporaliter

510 1851 678 1919 diligit
708 1848 795 1921 [Τ.
827 1849 877 1916 1,
904 1848 958 1912 2,
985 1844 1191 1916 deligit]
1222 1843 1549 1912 sequestrari
1600 1855 1759 1910 quam
1790 1839 2090 1908 proditione

506 1943 764 2010 sacrilega
823 1954 934 1993 sea
982 1937 1324 1992 confessione
1382 1933 1615 1988 veridica
1658 1947 1754 2001 pro
1806 1931 2089 2000 temporali

506 2034 867 2089 delccratione
899 2034 980 2086 vel
1035 2029 1326 2084 afflictione
1356 2026 1585 2096 sejungi,
1621 2025 1745 2094 quia
1778 2025 1912 2079 citra
1955 2026 2092 2081 banc

504 2129 642 2180 sicut
665 2135 884 2180 (eterna:
929 2120 1273 2177 beatitudinis
1326 2118 1627 2186 prannium,
1682 2132 1842 2184 quam
1894 2115 2091 2170 sanctis

504 2220 615 2272 suis
639 2217 895 2271 Dominus
922 2212 1264 2283 pneparavit,
1296 2209 1516 2278 adipisci
1562 2222 1669 2261 non
1700 2208 1957 2276 suppetit,
1988 2207 2079 2271 ita,

504 2308 644 2377 quod
680 2306 974 2376 lugubriter
1006 2302 1313 2371 ejulandum
1361 2308 1463 2361 est,
1490 2314 1518 2351 a
1553 2298 1661 2351 Deo
1709 2298 1833 2351 vivo
1878 2306 1933 2351 et
1964 2311 2091 2350 κει-ο

505 2414 599 2467 per
629 2412 865 2451 errorem
883 2394 1109 2448 falsitlici
1133 2394 1396 2462 dogmatis
1420 2390 1612 2444 factum
1641 2398 1907 2443 extorrem
1930 2397 2090 2441 aater-

500 2492 587 2546 uis
619 2486 940 2542 cruciatibus
969 2483 1150 2539 evenit
1195 2482 1507 2551 mancipari.
1540 2478 1643 2535 Sed
1681 2482 1801 2549 quia
1828 2495 1966 2533 nunc
2000 2495 2093 2549 per

503 2580 727 2649 gratiam
753 2576 847 2630 Dei
876 2574 1329 2629 Christianissimo
1359 2567 1421 2625 ac
1480 2570 1721 2637 piissimo
1774 2571 1882 2623 ﬁlio
1909 2583 2090 2623 nostro

504 2668 855 2723 Constantino
887 2667 1213 2734 imperatore
1258 2672 1535 2733 regnante,
1571 2677 1729 2730 quem
1763 2661 1826 2714 ad
1848 2660 1949 2715 hoc
1981 2660 2089 2727 pie-

504 2763 634 2816 tatis
662 2760 900 2815 olﬁcium
926 2757 1087 2827 elegit
1109 2766 1266 2825 atque
1299 2753 1572 2824 praeelegit
1596 2769 1825 2820 superna
1852 2752 2089 2808 cleuen-

502 2857 599 2919 tia,
635 2867 794 2907 recite
843 2849 1195 2905 confessionis
1226 2861 1385 2917 atque
1444 2847 1754 2917 apostolicae
1787 2846 2091 2900 traditionis

506 2945 702 3014 fulgor,
731 2943 999 2997 luereticre
1023 2941 1300 3010 pravitatis
1341 2940 1565 3009 expulsa
1615 2938 1864 3007 ca'igine,
1891 2952 1982 3004 per
2010 2945 2090 2989 to-

505 3046 615 3090 tum
645 3036 828 3090 orbem
861 3044 1125 3089 terrarum
1160 3032 1324 3087 veluti
1350 3033 1555 3085 clarum
1601 3028 1760 3099 jubar
1787 3027 2004 3094 effulsit,
2038 3035 2091 3081 et

505 3144 603 3197 pax
630 3138 789 3198 atque
815 3127 1101 3182 concordia
1126 3125 1372 3180 veritatis
1401 3122 1541 3177 inter
1565 3133 1790 3176 cunctos
1820 3121 2087 3176 Ecclesia-

506 3234 622 3273 rum
644 3218 843 3273 Christi
879 3217 1138 3285 praesules
1164 3224 1353 3286 regnat
1381 3213 1448 3267 de
1480 3211 1698 3282 paciﬁca
1735 3213 1786 3266 in
1812 3210 2083 3265 Christum

502 3309 843 3365 confessione
886 3309 1242 3373 descendens,
1290 3305 1379 3375 qui
1414 3320 1514 3374 pax
1566 3319 1692 3359 vera
1724 3313 1779 3358 et
1836 3304 2091 3358 salutaris

503 3412 605 3468 est,
628 3420 723 3472 per
747 3418 902 3471 quem
932 3401 1343 3456 reconciliamur
1359 3400 1423 3452 ad
1446 3400 1612 3454 Deum
1635 3413 1649 3460 ;
1674 3397 1806 3451 sciat
1835 3394 1928 3468 [ΙΙ.
1961 3395 2086 3449 add.

504 3500 905 3570 autem1vcstra
932 3497 1217 3552 sinceritas
1255 3504 1310 3549 et
1358 3493 1680 3549 Christianis
1729 3490 1977 3544 omnibus
2007 3490 2088 3541 in-

507 3598 790 3646 notescant
826 3589 918 3642 Dei
944 3587 1330 3655 omnipotentis
1385 3586 1518 3638 mira
1565 3580 1851 3650 magnalia,
1883 3580 2003 3648 quia
2038 3578 2087 3631 in

507 3680 1101 3749 Constantinopolitana
1132 3680 1264 3732 urbe
1281 3675 1728 3731 clementissimus
1752 3682 1953 3738 noster,
1984 3672 2091 3725 imo

506 3773 647 3830 beati
698 3773 841 3827 Petri
880 3771 1107 3840 apostoli
1152 3767 1295 3822 ﬁlius
1335 3769 1627 3836 imperator
1681 3775 1917 3819 armatus
1975 3763 2088 3816 zelo

508 3867 599 3919 Dei
623 3880 684 3918 ac
708 3861 977 3918 desiderio
1004 3860 1215 3931 pietatis
1245 3874 1522 3924 accensus,
1550 3858 1817 3927 episc0pis
1839 3871 1904 3910 ex
1930 3855 2090 3909 totius

509 3958 689 4012 mundi
717 3954 956 4026 partibus
987 3953 1304 4023 aggregatis,
1331 3951 1471 4023 quod
1529 3966 1596 4005 ex
1631 3950 1795 4003 multo
1845 3957 2091 4014 tempore

508 4052 736 4106 fideliter
767 4051 876 4120 70
903 4046 1173 4116 cupiebat,
1200 4050 1323 4101 dum
1342 4043 1816 4113 censuitmajestas
1837 4056 2087 4109 superna,

508 4162 601 4212 per
628 4160 798 4213 nuper
846 4144 1083 4213 elapsam
1131 4156 1325 4195 novam
1387 4139 1733 4193 indictionem
1779 4132 2013 4200 explevit
2042 4142 2087 4184 δ’.

511 4237 818 4293 Universale
842 4237 1020 4305 itaque
1070 4243 1316 4287 sanctum
1361 4240 1575 4285 sextum
1624 4226 1909 4281 concilium
1960 4225 2094 4277 cele-

507 4329 716 4382 bratum
766 4336 868 4392 est,
902 4326 968 4380 ad
1019 4325 1158 4394 quod
1212 4320 1592 4377 celebrandum
1623 4333 1688 4372 ex
1747 4314 2090 4386 praeessoris

507 4420 673 4474 nostri
702 4417 1013 4487 apostolica:
1057 4412 1331 4469 memoria:
1385 4410 1588 4465 domini
1620 4406 1911 4477 Agathonis
1941 4420 2091 4474 papae

2196 571 2261 608 ne
2283 571 2465 609 eorum
2513 558 2599 625 qui
2652 557 2807 611 aliter
2863 558 3159 611 docuerunt
3192 557 3271 611 vel
3330 560 3690 625 crediderunt,
3715 573 3759 616 et

2197 649 2309 701 haac
2338 650 2541 718 singula
2576 652 2880 718 relegerunt
2905 665 2967 703 ac
3000 659 3376 704 retractarunt.
3414 652 3479 704 Et
3510 652 3630 721 quia
3657 671 3760 719 qua:

2197 739 2290 794 Dei
2316 752 2440 794 sunt
2469 756 2589 794 cum
2623 741 2737 810 ejus
2767 742 2959 795 timore
2986 750 3142 810 atque
3181 757 3365 797 amore
3386 726 3606 797 serutati
3636 758 3759 809 sunt,

2194 830 2465 899 ejusnntu
2511 848 2651 886 vera:
2684 849 2776 901 per
2831 848 2926 888 eos
2978 836 3332 890 confessionis
3381 836 3659 891 sinceritas
3679 838 3760 893 de-

2195 935 2490 978 monstrata
2522 934 2679 993 atque
2707 925 3018 980 conﬁrmata
3060 938 3143 982 est
3174 944 3187 980 :
3218 943 3343 998 erga
3382 929 3522 999 quod
3555 931 3767 999 synodo.
3798 946 3799 949 ‘

2196 1014 2261 1068 lis
2310 1015 2549 1071 definitio
2596 1017 2755 1072 dictis
2809 1019 3220 1088 apostolicorum
3271 1024 3505 1076 virorum
3546 1038 3764 1081 consona

2197 1117 2543 1176 protestatur,
2567 1124 2633 1164 ex
2659 1110 2851 1179 quibus
2876 1120 3105 1165 vestram
3136 1113 3382 1167 satisﬁeri
3430 1114 3760 1170 dilectionem

2196 1201 2535 1254 confidimus.
2564 1203 2756 1271 Quiqui
2793 1219 2917 1257 vero
2970 1203 3252 1259 adversum
3285 1206 3593 1274 aposmlicm
3617 1210 3761 1262 tradi-

2198 1287 2356 1343 tionis
2408 1302 2688 1357 puntatem
2742 1294 3137 1361 perduelliones
3174 1296 3496 1351 exstiterunt
3520 1299 3762 1356 abeuntes

2197 1381 2407 1446 quidem
2448 1392 2645 1437 aiterua
2677 1386 3125 1440 condemnatiooe
3176 1388 3409 1442 mulctati
3434 1398 3576 1450 sunt,
3616 1391 3662 1444 id
3691 1404 3763 1444 est

2197 1472 2509 1528 Theodorus
2536 1476 2956 1544 Pharauitanus,
2990 1479 3159 1548 Cyrus
3207 1481 3619 1549 Alexandrinus,
3652 1483 3763 1539 Scr-

2196 1569 2334 1635 gius,
2363 1567 2615 1636 Pyrrhus,
2672 1569 2885 1633 Paulus,
2940 1570 3129 1623 Petrus
3182 1570 3762 1641 Constantinopolitani,

2195 1670 2315 1711 Cum
2353 1657 2587 1712 Honorio
2614 1659 2702 1725 qui
2759 1658 3029 1714 flairimant
3089 1660 3323 1716 haaretici
3355 1663 3620 1732 dogmatis
3647 1683 3763 1731 non,

2197 1758 2254 1800 ut
2284 1747 2489 1812 debuit,
2514 1748 2805 1816 apostolica
2850 1750 3170 1803 auctoritate
3208 1750 3550 1820 incipientem
3580 1757 3765 1809 exstin-

2121 1820 2167 1879 Β
2199 1840 2298 1906 xit,
2352 1843 2445 1896 sed
2501 1845 2821 1914 negligenda
2867 1848 3118 1901 confovit.
3147 1848 3248 1914 Qui
3277 1864 3407 1907 vero
3460 1854 3764 1918 superstites

2195 1934 2481 1990 noluerunt
2502 1937 2566 1988 ad
2593 1938 2828 1991 veritatis
2849 1940 3238 1994 confessionem
3265 1956 3358 2011 per
3379 1942 3636 1998 medelam
3661 1960 3764 2014 pm-

2196 2022 2435 2076 nitentim
2469 2027 2708 2080 converti
2738 2028 2817 2081 vel
2851 2028 3109 2096 repedare
3139 2029 3206 2084 de
3258 2032 3535 2099 praasulari
3590 2050 3652 2090 ac
3679 2052 3764 2089 sa-

2193 2117 2447 2169 cerdotali
2472 2119 2640 2187 gradu
2663 2119 2827 2174 deleti
2861 2129 3008 2185 sunt,
3041 2121 3093 2175 id
3149 2131 3233 2178 est
3264 2123 3523 2180 Macarius
3568 2142 3631 2182 ex
3662 2132 3765 2184 An-

2196 2204 2442 2258 tiOcheno
2474 2209 2705 2275 praesule
2732 2224 2852 2262 cum
2882 2211 3157 2278 Stephano
3201 2227 3264 2266 ex
3297 2214 3431 2267 abba
3460 2218 3767 2288 presbytero

2194 2296 2307 2363 ejus
2335 2298 2601 2368 discipulo
2629 2299 2738 2355 imo
2785 2302 2987 2356 erroris
3045 2304 3280 2360 lueretici
3310 2305 3580 2365 incentore
3602 2310 3684 2382 [Τ.
3712 2315 3764 2377 1,

2192 2389 2246 2455 2,
2286 2389 2380 2455 U.,
2412 2390 2501 2455 G.,
2533 2392 2914 2464 incestatore],
2951 2405 3001 2449 et
3029 2396 3258 2464 quodam
3296 2411 3423 2452 sene
3452 2400 3767 2469 Polycrouio

2193 2494 2255 2534 ex
2288 2480 2422 2533 abba
2454 2483 2769 2553 presbytero
2794 2499 2932 2538 novo
2981 2484 3219 2549 Simone,
3246 2489 3337 2557 qui
3367 2488 3555 2544 merito
3584 2491 3650 2547 de
3672 2493 3767 2547 Ec—

2192 2572 2375 2626 clesiis
2400 2572 2598 2627 Christi
2624 2584 2680 2627 ut
2734 2575 3049 2629 mercenarii
3086 2576 3329 2631 inﬁdeles
3377 2580 3606 2648 expulsi,
3642 2598 3769 2651 qua-

2194 2678 2308 2716 rum
2340 2664 2480 2717 noxii
2507 2666 2848 2720 subsessores
2879 2664 2966 2737 [Τ.
3002 2667 3051 2731 l,
3083 2667 3135 2731 2,
3173 2665 3264 2733 U.,
3294 2665 3385 2733 G.,
3409 2671 3771 2747 successores]

2192 2766 2243 2810 et
2276 2771 2618 2823 perversores
2646 2760 2987 2824 exstiterunt,
3020 2767 3074 2813 et
3122 2759 3225 2813 huc
3264 2762 3477 2816 exsules
3509 2763 3770 2833 deportati

2191 2856 2335 2911 sunt,
2372 2858 2428 2901 ut
2454 2860 2631 2902 reatus
2662 2849 2742 2903 sui
2796 2858 2849 2903 et
2902 2849 3353 2917 blasphemiarum
3408 2853 3460 2906 in
3492 2852 3655 2908 Deum
3677 2870 3772 2925 op.

2196 2939 2405 3006 probria
2436 2948 2849 3010 recognoscant,
2876 2940 2976 2995 sub
3002 2951 3310 3014 contemptu
3334 2959 3398 2999 ac
3427 2945 3769 3002 denotatione

2196 3027 2429 3083 ﬁdelium
2496 3034 2735 3085 omnium
2792 3034 3087 3087 constituti.
3139 3033 3203 3087 Et
3256 3033 3379 3101 quia
3435 3052 3661 3106 qumque
3720 3041 3774 3095 iu

2193 3119 2786 3189 ConstantinOpolitana
2819 3125 2948 3178 urbe
2991 3124 3277 3179 universali
3323 3128 3554 3181 concilio
3578 3144 3775 3184 occur-

2194 3222 2347 3266 rente
2369 3214 2639 3267 celebrato
2660 3222 2812 3284 gesta
2837 3224 2982 3281 sunt,
3017 3228 3233 3285 propter
3263 3217 3455 3288 lingua:
3485 3219 3773 3277 diversita-

2193 3312 2320 3374 tem,
2352 3305 2402 3360 in
2439 3306 2627 3363 Graeco
2678 3308 2873 3379 quippe
2927 3322 3017 3364 aut
3043 3312 3240 3381 scripta
3285 3324 3431 3380 sunt,
3464 3316 3689 3372 necdum
3722 3319 3776 3372 in

2192 3408 2433 3454 nostrum
2468 3399 2494 3438 δ
2523 3402 2791 3471 eloquium
2840 3403 3145 3458 examinate
3188 3407 3468 3471 translata,
3507 3408 3783 3464 definitio-

2192 3507 2313 3547 nem
2346 3492 2449 3561 71
2485 3491 2698 3549 interim
2728 3494 2968 3564 ejusdem
2992 3498 3158 3551 sancti
3199 3499 3336 3554 sexti
3366 3500 3579 3554 concilii
3602 3511 3657 3556 et
3686 3516 3776 3556 ac-

2192 3584 2593 3649 clamationem,
2623 3603 2742 3657 qua:
2766 3589 3187 3658 pr0phoneticus
3210 3592 3427 3659 dicitur,
3457 3593 3620 3649 totius
3643 3610 3782 3651 con-

2191 3674 2295 3729 cilii
2348 3675 2541 3729 factam
2592 3676 2657 3730 ad
2724 3677 3023 3747 piissimum
3098 3681 3417 3750 principem,
3466 3685 3782 3755 pariterque

2191 3766 2421 3821 edictum
2463 3769 2868 3825 clementissimi
2917 3772 3258 3842 imperatoris
3308 3776 3375 3829 ad
3404 3778 3645 3832 omnium
3678 3796 3781 3835 co-

2191 3858 2483 3928 gnitionem
2542 3861 2737 3930 ubique
2776 3863 3058 3928 directum,
3086 3863 3135 3919 in
3189 3865 3432 3922 Latinum
3462 3869 3530 3924 de
3580 3867 3784 3927 Graeco

2195 3954 2528 4020 translatum,
2551 3969 2646 4023 per
2669 3955 2892 4010 latorem
2909 3960 3251 4025 praesentium
3268 3958 3484 4015 Petrum
3507 3963 3785 4017 notarium

2194 4046 2548 4113 regionarimn
2592 4056 2793 4101 sancta!
2849 4058 3045 4103 nostra;
3094 4049 3346 4106 Ecclesia:
3395 4062 3587 4107 vestrae
3644 4054 3790 4108 dile-

2195 4135 2355 4189 ctioni
2388 4135 2709 4202 direximus,
2733 4139 2891 4191 etiam
2921 4148 3037 4193 acta
3064 4141 3223 4194 totius
3254 4143 3539 4198 venerandi
3562 4145 3792 4200 concilii

2194 4227 2468 4292 directnri,
2498 4226 2621 4281 dum
2678 4228 2876 4282 fuerint
2922 4228 3141 4285 climate
3193 4230 3480 4298 transfusa,
3515 4233 3559 4287 si
3604 4233 3710 4291 hoc
3733 4246 3797 4289 et

2194 4328 2370 4371 vestra
2396 4318 2549 4372 bonis
2577 4318 2769 4373 studiis
2802 4319 3013 4373 fervens
3044 4320 3274 4376 charitas
3298 4321 3611 4379 delectatur.
3643 4325 3798 4380 llor-

2197 4419 2373 4462 tamur
2396 4410 2620 4477 proinde
2662 4420 2892 4465 vestram
2946 4412 3138 4468 divinis
3170 4415 3480 4470 ministeriis
3508 4418 3797 4489 mancipa-

507 4524 733 4579 persona
782 4506 1078 4578 presbyteri
1129 4503 1447 4571 diaconique
1491 4500 1679 4555 direcri
1726 4508 1870 4553 sunt.
1905 4496 1980 4549 De
2011 4496 2089 4550 di-
2127 4522 2175 4583 ι)
2201 4507 2305 4551 tam
2336 4499 2389 4552 in
2424 4498 2543 4554 ﬁdei
2572 4499 2791 4555 veritate
2845 4501 3210 4568 concordiam,
3243 4513 3300 4558 ut
3328 4520 3591 4561 summam
3622 4511 3800 4563 sedu-

510 4603 679 4654 versis
710 4610 888 4654 autem
921 4594 1166 4652 conciliis
1199 4595 1319 4649 huic
1377 4602 1579 4646 sanctae
1626 4590 1930 4660 apostolicm
1974 4590 2090 4644 sedi

508 4690 660 4758 cujus
704 4689 1006 4743 ministerio
1056 4663 1326 4756 fungimur
1382 4682 1787 4752 subjacentibns
1819 4679 2088 4748 archiepi-

506 4785 649 4852 scopi
682 4798 711 4836 a
744 4782 899 4836 nobis
924 4791 1049 4836 sunt
1102 4779 1372 4841 destinati,
1408 4779 1497 4846 qui
1546 4791 1669 4831 cum
1705 4774 1791 4844 pio
1850 4774 2090 4842 principe

509 4876 668 4932 simul
699 4885 751 4928 et
778 4872 1024 4928 omnibus
1053 4873 1138 4942 qui
1159 4873 1281 4944 ejus
1304 4868 1556 4923 mandato
1586 4877 1954 4922 convenerunt
1988 4867 2088 4918 Ec-

505 4967 789 5022 clesiarum
843 4964 1163 5033 praesulibus
1217 4961 1570 5031 prmsidentes
1620 4972 1681 5013 ac
1720 4959 2086 5021 considentes,

507 5059 736 5129 primum
767 5057 979 5126 quidem
1011 5062 1194 5109 sancta
1251 5054 1486 5122 quinque
1516 5052 1835 5107 universalia
1864 5053 2087 5107 concilia

506 5163 559 5206 et
588 5150 928 5206 venerabiles
957 5147 1202 5205 ecclesiae
1235 5146 1443 5210 Patres,
1474 5160 1698 5214 quorum
1751 5145 1870 5198 libri
1898 5159 1961 5199 ac
2009 5156 2089 5199 te-

507 5243 757 5296 stimonia
782 5242 905 5295 hinc
929 5239 1143 5295 fuerunt
1169 5238 1433 5293 destinata
1464 5252 1583 5290 cum
1619 5247 1764 5290 tomo
1785 5235 2089 5305 dogmatico

2202 4591 2400 4643 litatem
2425 4600 2584 4658 atque
2605 4605 2823 4661 operam
2849 4594 3134 4661 praiboatis
3159 4596 3485 4665 paribusque
3508 4599 3800 4657 laboribus

2199 4685 2547 4754 accingamini
2579 4702 2673 4753 pro
2693 4702 2876 4741 amore
2899 4698 3060 4755 atque
3088 4690 3277 4743 timore
3298 4689 3415 4758 Dei,
3438 4689 3808 4749 Christianae-

2200 4794 2304 4848 que
2328 4778 2566 4847 profectu
2616 4780 2887 4847 religionis
2943 4790 2997 4834 et
3047 4782 3356 4849 apostolica:
3386 4785 3809 4851 praedicationis

2202 4870 2451 4940 puritate,
2478 4877 2537 4923 ut
2559 4884 2651 4938 per
2678 4871 2956 4925 tmiversos
2977 4880 3166 4924 vestrae
3159 4873 3477 4959 .provincia:
3502 4850 3811 4943 prmsules,

2200 4964 2509 5018 sacerdotes
2532 4972 2585 5017 et
2614 4963 2797 5031 plebes
2818 4978 2911 5031 per
2936 4964 3242 5031 religiosum
3274 4974 3516 5019 nostrum
3548 4967 3811 5021 studium

2200 5054 2501 5109 innotescat
2558 5068 2622 5108 ac
2667 5054 2953 5108 salubriter
3007 5054 3333 5124 divulgetur,
3360 5066 3412 5109 et
3443 5057 3510 5110 ab
3538 5060 3816 5113 omnibus

2200 5148 2509 5203 reverendis
2552 5148 2821 5215 episcOpis
2870 5162 2972 5200 una
3035 5148 3310 5201 vobiscum
3362 5149 3815 5217 subscriptiones

2200 5241 2252 5294 in
2282 5240 2525 5294 eamdem
2560 5239 2922 5295 definitionem
2978 5240 3268 5294 venerandi
3314 5240 3527 5295 concilii
3578 5244 3803 5296 subne-

508 5332 813 5401 apostolicac
864 5330 1139 5385 memoria:
1173 5329 1342 5385 nostri
1392 5328 1693 5381 diﬁCGsSOl'lS
1720 5326 1918 5380 domini
1952 5330 2089 5394 Aga-

511 5425 687 5478 thonis
718 5439 865 5493 papm
891 5433 1052 5491 atque
1080 5424 1365 5491 pontiﬁcis.
1398 5431 1454 5477 et
1494 5423 1766 5491 responsis
1798 5420 1959 5474 totios
1990 5434 2089 5472 no-

510 5527 635 5571 strm
667 5519 856 5588 synodi
888 5532 984 5587 pro
1042 5516 1453 5571 conﬁrmatione
1504 5517 1726 5569 duarum
1780 5525 2088 5568 naturarum

510 5610 842 5679 duarumque
891 5609 1210 5664 naturalium
1254 5609 1583 5661 voluntatum
1636 5608 2091 5675 ctoperationuin

2198 5343 2430 5396 ctantnr,
2454 5347 2518 5386 ac
2547 5334 2589 5385 si
2624 5333 2857 5399 profecto
2888 5332 2939 5385 in
2976 5332 3113 5385 libro
3141 5331 3261 5385 vita:
3292 5347 3589 5400 properans
3617 5351 3818 5388 unus-

2196 5424 2419 5495 quisque
2447 5423 2642 5478 Christi
2693 5422 3055 5479 Ecclesiarum
3108 5425 3333 5479 antistes
3383 5441 3538 5479 suum
3590 5441 3819 5481 nomen

2198 5517 2489 5571 ascriberet
2517 5525 2570 5570 et
2602 5516 2652 5569 in
2701 5516 2861 5569 unius
2895 5515 3224 5585 evangel'cte
3269 5527 3431 5585 atque
3479 5518 3826 5585 apostolicm

2203 5607 2323 5663 fidei
2351 5606 2695 5663 consonantia
2720 5606 2997 5662 nobiscu'n
3032 5617 3085 5662 et
3116 5622 3241 5662 cum
3280 5608 3571 5664 universali
3599 5618 3826 5663 sancta

580 5754 602 5779 τι
636 5744 726 5807 6.,
754 5761 941 5797 nonam
968 5744 1295 5796 indictione»:
1320 5741 1564 5806 implevit.

578 5813 603 5853 ι)
638 5815 697 5888 Τ.
736 5816 784 5881 l,
817 5816 870 5880 ὲ,
904 5815 1085 5883 quippe
1114 5813 1394 5879 conscripta
1421 5823 1553 5880 sunt,
1586 5823 1631 5867 et
1675 5815 1887 5868 necdum
1926 5812 1976 5866 in
2018 5823 2264 5866 nostrum.
