4072 6176
325 303 433 361 MS

855 296 1257 356 GBECORUM
1299 296 1638 353 CONClLlA.
1678 327 1745 337 -—-
1781 290 2668 351 CONSTANTINOPOLITANUM
2712 287 3107 345 SECUNDUM.

3515 286 3614 341 MC

324 414 536 491 synodo
558 429 655 486 per
672 430 783 469 sua:
802 414 1215 484 subscriptionis
1241 413 1634 469 confessionem
1660 421 1912 483 tanquam
1944 415 1995 471 A
2024 412 2131 469 lum
2184 412 2474 465 salutifera:
2524 410 2699 465 crucis
2728 409 2965 475 Christo,
2996 409 3083 478 qui
3119 408 3171 462 in
3204 422 3263 463 ea
3325 421 3617 477 suspensus

326 524 570 576 presens
599 506 791 576 spiritu
824 508 1129 574 conveniat,
1163 516 1424 573 quatenus
1477 506 1701 558 Domino
1731 514 1919 559 nostro

323 602 455 656 lusu
483 600 727 664 Christe,
760 613 879 653 cum
907 600 957 651 in
1007 598 1243 668 glorioso
1292 613 1354 651 ac
1386 598 1609 651 terribili
1646 607 1919 665 potentatu

323 694 393 749 ad
448 693 799 763 judicandum
858 692 1137 745 advenerit
1181 690 1298 763 [G.,
1328 688 1582 759 venerit],
1617 706 1735 744 cum
1770 689 1922 744 titulo

323 783 647 839 orthodoxae
671 781 1032 836 confessionis
1071 796 1361 835 occurrens
1392 788 1697 835 consortem
1727 797 1786 835 se
1815 790 1923 834 tra-

325 877 548 933 ditionis
575 875 886 941 apostolicae
916 889 1012 942 per
1038 888 1224 926 manus
1254 889 1365 927 sum
1396 872 1725 928 demonswet
1748 875 1923 942 signa-

326 970 532 1033 culum,
569 978 625 1020 ut
654 982 776 1020 cum
806 966 1172 1033 apostolorum
1220 963 1439 1028 Christi,
1474 979 1698 1034 quorum
1724 965 1923 1019 confes-

327 1064 540 1115 sionem
573 1058 689 1113 zelo
723 1073 862 1110 verae
898 1056 1112 1125 pictatis
1131 1055 1488 1124 amplectitur.
1528 1056 1681 1108 beato
1704 1069 1924 1109 consor-

329 1155 405 1206 tio
434 1151 765 1221 perfruatur,
798 1149 1086 1203 revolvens
1132 1162 1348 1214 semper
1382 1147 1433 1199 in
1486 1146 1665 1200 cordis
1715 1146 1924 1198 arenis

329 1246 654 1301 sententiam
698 1241 908 1296 Domini
971 1240 1310 1309 pra‘dicantis
1368 1255 1382 1292 :
1449 1238 1549 1305 Qii
1592 1255 1671 1291 me
1720 1239 1923 1307 confes-

325 1356 415 1393 sua
447 1338 603 1408 fuerit
632 1352 805 1389 coram
834 1334 1143 1396 hominibus,
1168 1332 1447 1400 conﬁtebor
1494 1340 1539 1383 et
1568 1347 1658 1400 eqo
1692 1346 1805 1383 eum
1836 1346 1923 1382 co-

323 1446 438 1481 ram
474 1426 635 1480 Patre
659 1442 771 1479 meo
810 1425 898 1495 qui
936 1424 1145 1477 iucmlis
1198 1431 1268 1476 est
1309 1421 1421 1493 [6,,
1457 1422 1639 1490 quiest
1671 1423 1720 1473 in
1736 1419 1920 1490 cwlis}.

326 1520 463 1585 Quia
493 1530 548 1572 et
580 1531 680 1571 nos
711 1521 798 1585 qui
834 1515 959 1570 licet
1006 1513 1264 1583 impares,
1298 1514 1409 1567 vice
1443 1522 1618 1566 tamen
1646 1513 1923 1579 apostolo-

327 1625 449 1662 rum
476 1608 737 1676 principis
772 1606 1039 1674 fungimur
1059 1647 1073 1669 ,
1102 1604 1225 1656 dum
1255 1614 1552 1657 vestrarum
1581 1602 1926 1671 subscriptio-

328 1717 459 1755 num
493 1700 716 1770 paginas
746 1714 867 1752 cum
904 1697 993 1750 Dei
1024 1694 1275 1764 praasidio
1304 1710 1401 1764 per
1440 1694 1660 1748 latorem
1694 1709 1927 1763 pr:esen-

2025 512 2126 568 est,
2157 503 2320 557 totius
2347 506 2587 571 corporis
2635 502 2872 555 membra
2930 502 3099 555 clavis
3132 499 3433 554 divinorum
3470 516 3615 553 tuati-

2025 594 2271 649 datorum
2300 595 2617 665 obstringat,
2667 603 2725 647 ut
2780 594 2873 647 tali
2902 594 3182 662 signaculo
3228 591 3615 645 communitum

2025 685 2278 739 reseratis
2302 686 2478 755 januis
2506 688 2652 755 regni
2681 684 2922 740 caelestis
2954 684 3320 751 apostolorum
3368 684 3619 750 princeps

2026 777 2090 829 ad
2122 791 2305 831 secum
2356 776 2733 847 perfruendam
2784 775 3167 829 beatitudinem
3200 785 3461 828 :eternam
3492 787 3621 827 sus-

2026 868 2207 937 cipiat.

2031 963 2250 1017 Domino
2276 962 2495 1031 glorioso
2519 961 2630 1031 ﬁlio
2678 959 2946 1029 Simplicio
2990 958 3163 1031 comiti
3193 957 3295 1012 Leo
3348 959 3618 1028 episcopus

2055 1049 2060 1053 ·
2276 1028 2291 1031 τ
2504 1028 2678 1086 servus
2706 1028 2966 1084 cervorum
3008 1028 3127 1083 Dei.

2097 1150 2228 1204 Cum
2256 1148 2523 1217 singulare
2556 1147 2621 1201 sit
2654 1155 2852 1200 nostra!
2881 1146 3063 1199 salutis
3089 1144 3382 1200 remedium
3422 1159 3543 1196 vera
3569 1146 3619 1196 in

2027 1240 2192 1296 Deum
2227 1240 2497 1296 confessio
2519 1254 2583 1293 cx
2620 1237 2913 1306 apostolica
2943 1236 3232 1289 traditione
3259 1235 3615 1297 descendens,

2026 1348 2145 1385 cum
2174 1348 2273 1399 qua
2304 1332 2441 1385 beati
2468 1340 2731 1399 martyres
2785 1327 3151 1395 temporaliter
3200 1327 3536 1380 decertantes
3569 1335 3621 1378 et

2028 1430 2242 1476 :ctcrna:
2268 1422 2392 1474 vita:
2424 1420 2640 1489 praemia
2673 1425 3005 1482 meruerunt,
3042 1431 3136 1484 pro
3167 1430 3267 1485 qua
3297 1414 3620 1484 probatissi~

2029 1513 2099 1566 mi
2131 1511 2158 1550 ι)
2185 1521 2390 1565 sancta:
2416 1510 2667 1565 Ecclesia:
2700 1507 2886 1561 Patres
2929 1518 3089 1575 atque
3130 1506 3379 1560 doetores
3407 1504 3618 1558 diversa

2027 1612 2209 1658 CBI‘laTl
2235 1605 2319 1655 ina
2344 1614 2396 1656 et
2425 1602 2713 1654 immensas
2760 1598 3083 1652 afflictiones
3117 1597 3353 1665 perpessi
3382 1597 3617 1648 animam

2032 1695 2243 1748 tradere
2264 1708 2421 1761 quam
2458 1693 2615 1745 fidem
2646 1706 2829 1745 veram
2884 1688 3111 1757 prodere
3154 1687 3469 1755 delegerunt
3488 1676 3621 1757 {U.,

332 1796 465 1846 tium
499 1768 919 1860 susceperimus,
947 1788 1041 1842 has
1064 1790 1199 1857 apud
1234 1789 1371 1842 bi-ati
1391 1787 1535 1843 Petri
1557 1788 1922 1855 apostolorum
1962 1768 2003 1825 Β
2034 1784 2465 1856 maluerunt].ex
2495 1800 2722 1852 quorum
2752 1781 2983 1851 regulari
3012 1782 3274 1842 doctrina,
3299 1794 3457 1850 quam
3481 1792 3624 1832 nunc

334 1885 593 1955 principis
633 1883 1031 1938 confessionem
1083 1881 1423 1948 deponimus,
1458 1891 1515 1934 ut
1560 1896 1628 1935 eo
1659 1880 1926 1935 mediante

329 1987 491 2044 atque
522 1974 908 2037 intercedente,
942 1988 969 2024 a
993 1987 1095 2042 quo
1149 1971 1467 2025 Christiana:
1494 1970 1613 2025 fidei
1648 1971 1924 2024 descendit.

329 2078 454 2120 vera
491 2066 731 2133 traditio,
762 2063 1020 2117 offeratur
1046 2063 1272 2116 Domino
1322 2061 1448 2116 Jesu
1480 2061 1698 2115 Christo
1729 2062 1791 2115 ad
1848 2070 1924 2116 te-

333 2158 646 2211 stimonium
672 2167 721 2211 et
751 2156 971 2226 gloriam
1006 2153 1120 2223 ejus
1148 2154 1459 2223 mysterium
1501 2152 1731 2208 fideliter
1753 2156 1924 2208 conﬁ-

331 2252 565 2305 tentium
591 2266 653 2305 ac
700 2249 1173 2313 subscribentium,
1203 2248 1291 2318 qui
1353 2263 1495 2303 verre
1529 2250 1593 2303 de
1625 2264 1683 2304 se
1714 2248 1925 2304 confes-

327 2341 509 2393 siouis
534 2340 879 2407 prmeonium,
913 2341 1054 2408 quod
1117 2354 1211 2407 per
1258 2347 1337 2393 tot
1389 2350 1689 2409 temporum
1744 2341 1925 2410 lapsus

332 2432 613 2485 luereticis
634 2432 1027 2497 opprimebatur
1051 2431 1278 2497 insidiis,
1305 2447 1369 2485 ex
1420 2432 1680 2500 inspirato
1712 2447 1809 2498 per
1840 2446 1927 2486 se-

331 2522 527 2574 dulum
550 2520 621 2589 pii
646 2520 893 2590 principis
920 2521 1153 2575 studium
1178 2522 1325 2576 clare
1350 2522 1587 2577 veritatis
1618 2523 1785 2576 radiis
1815 2524 1928 2577 ubi-

332 2628 441 2681 que
482 2613 750 2667 concessit
796 2612 1116 2680 fulgescere.
1160 2612 1344 2669 Oblata
1401 2615 1579 2683 itaque
1612 2615 1798 2668 salutis
1832 2632 1901 2684 op

332 2704 662 2771 portunitate
678 2713 735 2757 ut
760 2720 887 2759 vere
917 2705 1153 2758 divinum
1182 2722 1370 2759 munus
1398 2703 1606 2760 efﬁcaci
1639 2706 1927 2761 sedulitate

329 2797 438 2866 72
472 2798 805 2850 fructuosum
852 2811 951 2851 vos
1001 2796 1280 2851 hortamur
1310 2799 1615 2861 ostendere,
1651 2809 1705 2852 ut
1759 2798 1925 2868 gloria

328 2886 482 2941 votis
512 2898 638 2941 ante
662 2888 828 2941 Deum
880 2899 1148 2942 accrescat
1179 2888 1245 2942 de
1292 2891 1636 2943 conscientiae
1673 2890 1923 2958 puritate.

326 2981 471 3034 Deus
515 2995 613 3034 vos
662 2979 961 3033 incolumes
1011 2980 1298 3043 custodiat,
1331 2981 1667 3035 dilectissimi
1711 2980 1921 3035 fratres.

654 3069 997 3124 Dilectissimo
1034 3072 1181 3141 fratri
1225 3071 1433 3137 Quit-ica
1474 3069 1595 3124 Leo.

401 3161 481 3214 Ad
514 3162 844 3231 agnitionem
876 3120 1068 3213 vestra:
1095 3160 1396 3214 dilectionis
1419 3161 1755 3221 deducimus,
1779 3159 1921 3230 quod
1952 3120 1997 3182 c

326 3254 559 3308 latorem
593 3252 939 3321 prmsentium
993 3252 1212 3305 Petrum
1247 3251 1513 3305 notarium
1559 3252 1922 3322 regionarium

327 3352 531 3397 sanctte
564 3351 765 3397 nostra:
795 3341 1048 3396 Ecclesiae
1075 3342 1183 3397 illic
1214 3344 1620 3412 properavimus
1652 3344 1925 3398 destinare

327 3451 451 3489 cum
478 3436 795 3488 tractatoria
825 3435 889 3487 ad
922 3450 1109 3490 omnes
1141 3450 1243 3488 una
1285 3434 1564 3488 vobiscum
1598 3435 1794 3489 Christi
1828 3435 1925 3488 Ec-

326 3527 616 3581 clesiarum
648 3525 940 3592 antistites,
983 3526 1140 3579 simul
1191 3526 1351 3580 etiam
1396 3525 1459 3579 ad
1493 3516 1927 3595 praecellentissi-

329 3635 478 3673 mum
512 3629 671 3689 atque
706 3619 1221 3674 Christianissimum
1251 3634 1432 3689 regem
1467 3619 1632 3673 filium
1658 3629 1925 3687 nostrum,

328 3694 396 3766 ad
421 3711 827 3781 gloriosumque
857 3712 1130 3776 comitem,
1160 3713 1401 3766 contradi
1426 3726 1639 3782 quoque
1667 3711 1925 3766 facientes

328 3805 509 3858 eidem
532 3818 787 3871 reSponsa
816 3805 979 3858 linteo
998 3814 1046 3869 ³,
1068 3805 1435 3858 definitionem
1454 3804 1776 3859 venerabilis
1796 3818 1924 3873 syn-

327 3897 451 3963 odi,
512 3913 631 3964 qua:
680 3912 776 3965 per
825 3911 1014 3951 novam
1048 3896 1134 3969 [T.
1167 3896 1220 3963 l,
1257 3896 1348 3961 U.,
1374 3895 1464 3961 6.,
1504 3895 1723 3967 nonam]
1755 3912 1925 3964 nuper

329 3987 574 4052 elapsam
635 3987 981 4041 indictionem
1040 3988 1091 4041 in
1145 3987 1742 4057 ConstantinOpolitana
1795 3987 1927 4041 urbe

328 4095 450 4133 cum
489 4080 584 4134 Dei
619 4079 867 4147 pra3sidio
900 4095 995 4149 pro
1034 4080 1328 4134 stabilitate
1379 4081 1696 4135 orthodoxa:
1726 4092 1926 4134 neSIrze

331 4171 455 4225 ﬁdei
491 4171 769 4225 celebrata
797 4180 911 4235 est,
943 4172 1385 4226 acclamationem
1439 4187 1652 4241 quoque
1680 4188 1929 4226 reveren-

331 4266 666 4319 tissimorum
720 4266 1095 4332 episcOporum
1150 4264 1203 4318 in
1253 4279 1314 4318 ea
1373 4265 1841 4332 convenientium,
1874 4274 1927 4319 et

334 4357 567 4412 edictum
602 4356 829 4426 piissimi
859 4356 950 4410 filii
982 4356 1149 4410 nostri
1180 4366 1336 4426 atque
1381 4356 1784 4412 clementissimi
1816 4356 1928 4410 iui-

331 4448 621 4518 peratOris,
655 4448 739 4501 cui
764 4460 859 4514 pro
887 4447 977 4501 Dei
999 4447 1297 4502 ministerio
1318 4446 1473 4520 [122,
1505 4446 1594 4508 U.,
1621 4445 1920 4518 mysterio],
1955 4478 2007 4538 Β

332 4540 478 4609 quod
510 4539 870 4608 suscepimus,
900 4549 952 4594 et
983 4540 1303 4595 rectitudine
1330 4539 1643 4608 apostolicae
1678 4540 1797 4593 fidei
1828 4554 1923 4607 per

332 4645 493 4697 quam
517 4631 729 4686 salvare
751 4639 858 4683 tam
887 4644 984 4684 nos
1001 4645 1267 4699 quamque
1297 4631 1611 4684 commissas
1637 4628 1791 4684 nobis
1813 4629 1927 4683 ani-

332 4738 447 4778 mas
506 4723 901 4791 praestolamur,
951 4722 1345 4791 providentiam
1400 4732 1560 4791 atque
1606 4736 1925 4777 concursum

333 4828 552 4868 omnem
603 4813 864 4868 exhibeat
902 4822 1081 4867 vestra
1115 4813 1165 4865 in
1212 4811 1428 4866 Christo
1486 4796 1718 4877 dilectio,
1753 4820 1809 4865 ut
1833 4828 1927 4880 pro

334 4908 687 4977 flagrantibus
713 4906 906 4961 studiis
935 4906 1260 4976 evangelica:
1288 4917 1447 4973 atque
1469 4904 1779 4973 apostolicae
1803 4905 1925 4959 fidei

331 5009 548 5052 :rternaa
574 4997 922 5052 beatitudinis
950 5012 1071 5051 cum
1132 4997 1302 5052 beatis
1329 4996 1528 5052 Christi
1560 4997 1925 5066 apostolorum

333 5090 669 5159 principibus
717 5090 915 5143 habere
962 5090 1289 5144 consortium
1333 5090 1669 5145 mereamini.
1706 5090 1844 5145 Deus
1876 5099 1928 5146 te

333 5180 659 5234 incolumem
686 5179 973 5245 custodiat,
1000 5179 1353 5234 dilectissime
1380 5178 1566 5236 frater.

406 5272 813 5326 Benedictionis
845 5272 1025 5340 itaque
1053 5272 1218 5339 gratia
1248 5286 1462 5325 crucem
1491 5274 1697 5329 clavem
1727 5272 1928 5327 haben-

333 5372 441 5417 tem
471 5363 542 5416 de
600 5362 773 5417 sacris
821 5362 1051 5415 vinculis
1108 5363 1340 5416 auctoris
1388 5364 1556 5416 nostri
1588 5363 1726 5415 beati
1784 5364 1924 5417 Petri

328 5453 563 5517 apostoli
594 5461 699 5506 tuae
720 5452 997 5507 dilectioni
1026 5452 1319 5505 direximus
1350 5493 1364 5516 ,
1396 5464 1451 5506 ut
1482 5454 1774 5519 pressulare
1817 5471 1927 5508 me-

325 5546 491 5597 ritum
523 5544 617 5599 Dei
645 5554 701 5599 et
727 5544 960 5612 proximi
1017 5544 1251 5598 charitas
1298 5544 1517 5609 vinciat,
1553 5554 1605 5597 et
1638 5561 1731 5611 per
1755 5546 1926 5599 vexil-

399 5687 423 5713 ⁸
453 5678 509 5732 In
542 5679 603 5734 Β.
633 5678 722 5735 Β..
753 5695 996 5744 responsa
1035 5680 1208 5733 (intra.
1241 5679 1294 5732 In
1346 5682 1556 5735 cmteris
1585 5680 1870 5735 Codieibus
1905 5702 1916 5736 :

329 5751 799 5822 responsaliiutrg.
838 5749 1030 5807 Vocem
1087 5751 1298 5805 linteum
1328 5755 1375 5805 in
1427 5762 1607 5808 n0stro
1662 5754 1923 5823 glossario

2031 1896 2197 1950 usque
2228 1881 2342 1933 lucc
2372 1888 2554 1932 sancta
2587 1876 2783 1930 Christi
2816 1873 3054 1929 Ecclesia
3108 1874 3175 1927 ab
3213 1874 3328 1941 ejus
3351 1871 3623 1941 apostolo-

2033 1990 2148 2027 rum
2184 1964 2424 2040 princiiie
2448 1978 2763 2025 conservata
2793 1979 2954 2036 atque
2984 1978 3294 2034 prmstrucm
3328 1966 3625 2035 praedicare

2027 2065 2386 2135 Cognoscitur,
2412 2064 2517 2135 73
2548 2075 2599 2117 et
2634 2078 2725 2131 per
2753 2060 3076 2130 apostolicos
3106 2072 3452 2115 successores
3481 2060 3624 2113 salu-

2029 2155 2437 2210 tarisinstitutio
2461 2169 2555 2223 per
2582 2144 2675 2208 Dei
2698 2154 2920 2221 gratiam
2949 2151 3014 2204 ad
3035 2165 3133 2204 nos
3157 2165 3324 2219 usque
3348 2150 3619 2218 pcrtinxit.

2026 2249 2197 2304 sedet
2233 2263 2619 2318 prmcessorum
2662 2259 2964 2300 nosuorum
3010 2260 3106 2314 pro
3165 2244 3281 2314 ejus
3327 2244 3621 2297 atabilitate

2029 2343 2248 2397 nimium
2280 2342 2565 2396 desudavit
2595 2340 2881 2405 instantia;
2915 2355 3101 2394 verum
3156 2349 3273 2404 post
3327 2348 3404 2391 tot
3448 2347 3621 2391 certa-

2030 2436 2175 2487 mina
2209 2444 2262 2489 et
2292 2433 2613 2487 afflictiones
2643 2435 2956 2487 innumeras
3006 2431 3234 2485 diversis
3287 2429 3619 2498 temporibus

2027 2540 2055 2578 a
2084 2541 2226 2578 verat
2258 2525 2378 2579 fidei
2429 2524 2637 2578 infestis
2687 2522 2926 2587 effectas,
2981 2521 3197 2575 tandem
3245 2535 3476 2588 superna
3508 2521 3620 2574 cle-

2028 2619 2227 2671 mentia
2254 2615 2872 2685 corimperialecmlcsti
2922 2615 3089 2684 gratia
3137 2610 3616 2682 percestuans[U.,

2026 2706 2114 2770 6.,
2148 2694 2503 2778 praestruens]
2544 2717 2599 2761 et
2654 2707 2863 2761 fervore
2892 2720 3002 2760 sua:
3042 2705 3226 2777 gratiae
3252 2703 3317 2757 ad
3350 2703 3621 2774 indagan-

2027 2799 2149 2853 dam
2180 2814 2320 2854 verae
2346 2799 2555 2868 pietatis
2578 2799 2935 2870 inti'gritatem
2966 2798 3264 2853 accendens
3290 2798 3358 2851 de
3386 2797 3615 2850 diversis

2030 2891 2212 2945 mundi
2245 2891 2481 2961 partibus
2516 2907 2686 2961 nuper
2740 2893 3023 2948 concilium
3056 2891 3365 2946 universale
3389 2906 3617 2962 congre-

2025 2988 2141 3057 gari
2192 2987 2476 3056 disposuit,
2525 2986 2579 3040 in
2633 3001 2740 3055 quo
2796 2988 2957 3057 etiam
3004 2986 3161 3055 legati
3211 2985 3368 3053 hujus
3420 2992 3620 3037 sancta:

2026 3077 2335 3145 apostolica:
2367 3077 2640 3143 Ecclesiae,
2672 3091 2829 3146 quam
2861 3075 3038 3131 divina
3064 3076 3376 3146 dignatione
3403 3074 3606 3143 disperit

2028 3171 2249 3226 sandam
2282 3174 2636 3239 suscepimus,
2671 3178 2724 3227 et
2750 3173 3099 3227 conciliorum
3131 3172 3307 3227 eidem
3336 3171 3618 3241 sultjleCll-

2028 3266 2159 3317 tittm
2196 3264 2555 3331 responsales,
2589 3279 2692 3317 una
2739 3280 2857 3319 cum
2905 3265 3255 3318 serenissima
3286 3265 3394 3318 lilio
3427 3274 3612 3317 nostro

2029 3354 2355 3422 imperatore
2387 3353 2594 3420 pietatis
2622 3354 2919 3421 insignibus
2962 3364 3015 3406 et
3038 3353 3217 3406 infulis
3277 3354 3525 3406 τιάὶιιιὶιυ
3564 3354 3614 3404 tu

2028 3444 2216 3499 eodem
2249 3458 2405 3497 sacro
2435 3444 2667 3498 concilio
2694 3444 3096 3507 convenientes,
3129 3457 3194 3496 ex
3232 3442 3443 3510 scriptis
3478 3457 3609 3510 pon-

2029 3536 2318 3594 tificalibus
2357 3544 2665 3589 sanctorum
2708 3534 2923 3588 Patrum
2977 3533 3302 3587 testimoniis
3349 3532 3616 3587 roh0ratis

2027 3628 2340 3697 apostolicae
2370 3626 2675 3681 traditionis
2704 3627 2940 3695 regulam
2978 3626 3118 3681 hanc
3160 3634 3399 3679 sanctam
3434 3625 3615 3679 Eccle-

2028 3718 2162 3774 siam
2185 3719 2366 3773 divino
2397 3720 2678 3775 subnixam
2730 3720 2930 3774 auxilio
2979 3720 3187 3789 integre
3221 3719 3512 3788 pitedicare
3541 3728 3619 3770 at-

2028 3830 2131 3883 que
2162 3829 2377 3869 servare
2410 3815 2533 3868 toﬁs
2564 3816 2773 3869 nixibus
2834 3816 3215 3883 probaverunt.
3241 3814 3439 3870 Tomus
3472 3816 3614 3869 enim

2029 3903 2229 3958 domini
2261 3904 2558 3972 Agathonis
2603 3905 2911 3973 apostolicm
2958 3908 3237 3959 meumriaa
3269 3907 3445 3974 magni
3481 3921 3615 3974 pou-

2030 3997 2183 4050 tilicis
2198 3996 2474 4065 nostrique
2490 3995 2818 4059 decessoris,
2844 4012 3001 4063 quem
3025 3996 3089 4050 ad
3114 3998 3613 4064 tranquillissimum

2032 4090 2407 4158 imperatorem
2438 4088 2726 4148 direxerat,
2755 4087 2823 4138 ita
2855 4096 2971 4140 erat
3001 4101 3068 4139 ex
3099 4094 3405 4138 sanctorum
3436 4089 3617 4139 conci-

2033 4180 2224 4234 liorum
2250 4176 2655 4233 definitionibus
2686 4177 3075 4245 beatorumque
3101 4175 3319 4229 Patrum
3376 4177 3614 4230 testium-

2031 4272 2131 4326 niis
2163 4279 2216 4324 et
2244 4269 2634 4325 assertionibus
2662 4269 2908 4322 veritatis
2960 4269 3273 4335 instructus,
3318 4278 3377 4321 ut
3400 4279 3451 4321 et
3482 4271 3616 4323 inte-

2023 4365 2275 4435 gritatem
2304 4364 2616 4434 apostolicm
2659 4364 2781 4418 fidei
2839 4364 3165 4420 lucidissime
3195 4363 3534 4434 patefaceret,
3558 4377 3611 4419 et

2033 4455 2232 4511 erroris
2256 4456 2491 4511 ha'retici
2540 4456 2776 4510 latebras
2817 4456 3101 4527 revelaret,
3135 4467 3188 4512 et
3220 4473 3286 4512 ex
3321 4458 3435 4527 ejus
3470 4460 3616 4511 inea-

2033 4546 2408 4615 pugnabilibus
2454 4547 2636 4610 dictis,
2685 4562 2779 4615 per
2805 4548 3032 4617 gratiam
3083 4548 3175 4603 Dei
3229 4550 3295 4602 de
3340 4549 3613 4602 hominum

2030 4638 2282 4693 cordibus
2307 4637 2546 4691 liazretici
2587 4638 2852 4706 dogmatis
2909 4639 3117 4694 sublata
3160 4640 3404 4709 caligine,
3438 4642 3614 4695 lumen

2031 4742 2174 4782 vera:
2199 4728 2554 4781 confessionis
2584 4726 2805 4782 effulsit.
2838 4726 2894 4781 In
2918 4744 3022 4798 quo
3045 4730 3458 4784 mansuetissimi
3485 4733 3616 4799 priu-

2029 4820 2163 4887 cipis
2196 4819 2346 4872 labor
2394 4834 2491 4885 pro
2522 4828 2682 4873 rectae
2714 4819 2835 4873 fidei
2862 4820 3058 4887 pietate
3101 4820 3408 4889 praeclaruit
3432 4822 3482 4874 in
3515 4837 3615 4875 sa)-

2030 4911 2162 4965 culis
2203 4910 2452 4964 omnibus
2479 4910 2882 4975 collaudandus,
2920 4923 2977 4965 ut
3007 4926 3071 4965 eo
3105 4912 3315 4967 favente
3364 4927 3485 4966 cum
3521 4912 3612 4965 Dei

2030 4999 2280 5070 prmsidio
2319 5003 2516 5054 veritas
2569 5001 2879 5070 apostolica:
2930 5000 3051 5056 ﬁdei
3100 5002 3339 5056 bravium
3380 4999 3613 5054 victoria:

2030 5100 2288 5157 sumeret,
2322 5093 2683 5162 divinitusque
2739 5108 3051 5148 concessum
3081 5094 3363 5159 imperium
3398 5093 3612 5159 pietatis

2031 5185 2330 5254 insignibus
2379 5187 2679 5240 decoraret.
2715 5185 2943 5249 Ideoque
2992 5194 3044 5237 et
3099 5197 3189 5236 vos
3240 5182 3609 5255 gloriosissimi

2028 5276 2221 5331 Christi
2259 5277 2509 5329 Ecclesia:
2538 5275 2651 5342 filii,
2688 5276 2740 5328 in
2793 5275 2983 5342 quibus
3039 5275 3253 5341 pietatis
3284 5277 3610 5331 desiderium

2030 5367 2210 5436 pollet,
2234 5368 2554 5435 evangelicw
2576 5374 2732 5432 atque
2764 5364 3072 5433 apostolicae
3105 5366 3463 5432 praedicatiuni
3500 5382 3612 5419 ma-

2029 5474 2153 5514 num
2180 5457 2517 5523 suifragando
2567 5456 2840 5525 porrigite,
2900 5466 2956 5512 ut
3008 5457 3169 5511 etiam
3219 5467 3426 5511 vestras
3454 5457 3611 5514 Chri-

2029 5552 2379 5606 snianissimas
2422 5549 2667 5619 regiones
2700 5550 2923 5604 sincerae
2970 5550 3113 5615 fidei,
3148 5566 3304 5617 quam
3364 5551 3603 5622 diligitis,

2028 5684 2265 5739 consulat
2298 5682 2482 5733 lector.

2098 5753 2121 5789 ι)
2157 5754 2216 5807 'l'.
2246 5752 2372 5819 ω,
2402 5752 2692 5807 beatissimi.
2723 5750 2809 5818 U.,
2840 5750 2930 5818 0.,
2964 5753 3353 5819 promotissimi.
