4072 6176
518 263 620 317 147

1210 263 1591 321 CULLECTIO
1631 256 1956 317 CANONUM
1998 258 2053 314 S.
2099 259 2369 317 151001ὶο
2410 264 2674 319 ηιειιλιι.
2716 265 3067 325 ASCRIPTA.
3658 268 3739 326 “8

515 375 688 447 fulgor
712 376 951 444 irradiet,
980 386 1031 432 ut
1071 380 1382 447 apostolica:
1436 379 1805 447 praedicationi
1852 380 2092 436 faventes
2119 380 2168 440 Α
2198 380 2508 449 probentur,
2540 389 2593 436 et
2625 382 2762 450 apud
2796 383 2989 449 Deum,
3038 382 3103 436 ad
3130 382 3285 451 cujus
3315 382 3543 451 gloriam
3585 383 3678 437 laus
3699 395 3743 439 et

513 478 671 535 atque
700 470 1093 525 Collaborantes
1132 471 1458 525 coosortium
1493 471 1726 524 ﬁdelium
1756 474 1893 541 apud
1927 468 2092 527 Deum

515 557 713 614 habere
740 563 1077 626 mereamini,
1112 562 1177 615 ad
1208 578 1362 629 quem
1387 563 1644 631 redigitur
1677 564 1795 634 [U.,
1827 563 2093 636 dirigitur]

511 654 576 706 de
603 667 671 706 eo
704 669 845 708 verte
886 654 1243 708 confessionis
1294 655 1591 723 integritas.
1647 656 1803 722 Quod
1852 657 1995 710 enim
2023 658 2091 711 ad

512 754 750 797 nostrum
779 745 1011 797 o'ﬁrium
1046 746 1234 811 quibus
1258 745 1552 798 animarum
1577 745 1901 812 dispensatio
1940 763 2090 802 com-

513 833 674 889 missa
725 845 807 888 est
849 836 1202 901 competebal,
1255 835 1615 889 definitionem
1667 840 1834 890 sancti
1877 839 2088 892 concilii

508 927 642 978 sexti
670 940 765 993 per
795 941 985 978 novam
1032 926 1376 981 ittdit'liulleln
1408 929 1459 980 in
1504 928 2089 995 Constantinopolitana

508 1017 638 1070 urbe
660 1017 939 1080 celebrati,
974 1029 1027 1071 et
1050 1018 1490 1075 acclamationem
1520 1021 1888 1073 universorum
1932 1037 2085 1076 reve-

506 1109 929 1163 rentissimornm
964 1112 1361 1179 episcoporum,
1392 1126 1511 1180 qum
1537 1122 1592 1164 et
1642 1112 2090 1180 prospttoneticus

502 1198 589 1270 l'f‘.
627 1202 677 1263 l,
708 1200 761 1263 2,
793 1198 885 1268 6.,
918 1200 1381 1273 prospboueticos]
1408 1203 1625 1267 dicitur,
1657 1204 1748 1257 sed
1774 1214 1828 1258 et
1857 1205 2088 1258 edictum

505 1292 626 1346 ﬁdei
649 1308 678 1346 a
711 1292 945 1358 piissimo
968 1292 1209 1362 Angusto
1226 1306 1408 1347 nostro
1449 1295 1795 1349 serenissima
1848 1298 1956 1350 ﬁlio
1987 1297 2088 1351 huc

502 1387 821 1441 destinatum
845 1389 1040 1443 vestris
1063 1388 1172 1460 74.
1194 1404 1404 1457 quoque
1450 1391 1737 1458 provinciis
1786 1392 2087 1447 innotesce-

502 1492 581 1542 rc,
612 1492 705 1545 per
738 1478 958 1532 latorem
992 1480 1336 1547 praesentium
1378 1480 1593 1534 Petrum
1618 1483 1882 1537 notarium
1914 1487 2086 1553 regio-

502 1570 707 1631 narium
743 1581 941 1625 sancta:
968 1582 1166 1625 nostra:
1200 1572 1455 1625 Ecclesiae
1480 1573 1603 1628 illnc
1630 1574 1863 1643 dirigere
1892 1575 2086 1631 all‘ectu

501 1674 723 1730 paterno
778 1666 1181 1730 maturarimus,
1214 1674 1270 1719 ut
1316 1665 1382 1720 de
1414 1666 1499 1739 [Τ.
1530 1669 1585 1733 1,
1615 1667 1671 1731 2,
1702 1667 1859 1740 unde]
1900 1671 2083 1738 profe-

2195 472 2456 527 stabilitas
2481 473 2603 527 fidei
2638 473 2954 528 Christianae
2980 474 3659 544 redigitur,pomutendatio
3677 478 3743 530 eis

2195 570 2353 630 atque
2380 565 2650 633 susceptio
2678 565 2784 636 75
2811 565 2874 619 ad
2902 564 3123 619 salutem
3149 564 3445 618 animarum
3473 563 3742 633 proveniat.

2193 652 2439 709 Ofﬁcium
2467 659 2691 724 proinde
2725 659 2939 725 pietatis
2963 667 3298 722 assumptum
3323 656 3589 726 vigilantia
3613 666 3744 724 atque

2194 746 2411 799 solertia
2458 746 2575 818 [U.,
2632 748 2867 816 viglanti
2915 745 3160 818 solertia]
3190 748 3556 801 condecorans
3585 748 3742 802 festina

2198 837 2481 905 perlicere,
2506 840 2627 907 quia
2658 849 2712 893 et
2746 840 3057 908 tibimetipsi
3087 839 3416 894 thesaurizas
3450 841 3569 894 boui
3595 844 3745 910 operis

2194 927 2447 993 fructum,
2504 937 2559 984 et
2604 931 3024 999 suseipientibns
3076 930 3331 998 provides
3362 932 3592 987 cmlestis
3620 932 3743 1001 regni

2191 1020 2573 1077 beatitudinem
2616 1022 3014 1092 perfecmmque
3041 1024 3351 1092 apostolicae
3396 1024 3519 1078 ﬁdei
3559 1026 3744 1079 confes-

2190 1113 2398 1166 sionem
2429 1113 2679 1181 adipisci.
2717 1114 3033 1168 Benedictus
3062 1116 3233 1185 gratia
3274 1116 3365 1169 Dei
3397 1116 3668 1186 presbyter
3701 1129 3747 1170 et

2191 1203 2391 1258 electus
2420 1214 2619 1260 sanctis
2647 1206 2789 1261 sedis
2837 1206 3145 1276 apostolica:
3174 1206 3488 1274 subscripsi.

2261 1295 2481 1349 Domino
2506 1306 2554 1349 et
2580 1298 3004 1352 excellentissimo
3036 1298 3144 1365 ﬁlio
3187 1296 3397 1368 Ervigio
3439 1300 3548 1366 regi
3577 1296 3685 1351 Leo.

2258 1389 2391 1444 Cum
2442 1406 2575 1444 unus
2621 1389 2714 1461 [Π.
2746 1391 2871 1444 add.
2923 1400 2977 1445 et
3015 1389 3272 1461 aeternus]
3317 1400 3493 1444 exstet
3534 1406 3620 1445 rex
3644 1406 3746 1443 om-

2190 1482 2336 1537 nium
2387 1485 2546 1550 Deus,
2588 1486 2676 1553 qui
2720 1495 2913 1539 cuncta
2958 1485 3164 1539 creavit
3214 1496 3270 1539 et
3316 1501 3387 1541 ex
3439 1486 3606 1541 nihilo
3646 1502 3750 1556 qua»

2188 1576 2388 1629 creavit
2414 1578 2548 1643 regit
2577 1587 2630 1631 et
2656 1577 2893 1631 continet
2918 1619 2933 1641 ,
2965 1578 3053 1647 qui
3084 1593 3209 1631 vere
3238 1577 3354 1632 Rex
3391 1593 3573 1646 regum
3603 1589 3676 1632 est
3701 1590 3747 1632 et

2190 1663 2445 1721 Dominus
2466 1668 2873 1731 dominantium,
2894 1667 3034 1722 idem
3058 1667 3617 1738 incomprehensibilis
3639 1685 3747 1738 pro-

500 1764 586 1808 ctu
611 1754 928 1823 evangelicm
951 1764 1109 1825 atque
1125 1737 1433 1825 aposwlica;
1453 1737 1868 1826 prtedicationis,
1891 1737 1945 1813 ut
1968 1775 2080 1816 me-
2111 1737 2159 1796 Β
2192 1756 2442 1811 videmiae
2488 1774 2599 1812 sua:
2632 1759 2913 1814 libramine
2947 1770 3053 1814 tam
3110 1737 3476 1829 temporaliter
3504 1737 3750 1831 quamque

500 1847 602 1901 rito
631 1848 750 1902 fidei
782 1865 920 1903 vera:
946 1860 1247 1913 consortes,
1289 1851 1565 1906 nobiscum
1613 1852 1701 1926 [T.
1734 1852 1785 1919 l,
1816 1855 1874 1921 2,
1902 1855 2083 1909 Vobis-

499 1938 641 2010 cum]
676 1942 997 1995 unanimiter
1021 1938 1295 1997 laetemini.
1324 1942 1528 1997 llortati
1574 1952 1754 1998 autem
1786 1960 1971 2000 sumus
1999 1962 2085 2001 re-

499 2031 762 2086 verendus
792 2033 1151 2088 Ecclesiarum
1177 2036 1413 2088 omnium
1447 2038 1721 2105 praesules,
1753 2048 1809 2092 ut
1838 2040 2078 2094 subscri-

502 2123 709 2191 p9iones
765 2123 881 2195 [U.,
933 2126 1276 2199 scriptiones]
1331 2143 1456 2183 suas
1520 2129 1696 2186 eidem
1772 2134 2082 2201 apostolica:

496 2222 653 2281 atque
681 2213 924 2281 synodali
952 2215 1249 2269 deﬁnitioni
1302 2217 1639 2285 subuectant,
1666 2229 1720 2276 et
1768 2231 1953 2289 utpote
1988 2239 2083 2293 pro

496 2304 615 2357 ﬁliis
636 2312 794 2372 atque
825 2319 944 2359 cum
972 2306 1092 2360 filiis
1125 2317 1301 2375 patres
1332 2323 1428 2363 sua
1458 2313 1669 2365 nomina
1693 2311 1743 2365 in
1772 2312 2081 2382 hujusmodi

496 2397 631 2451 libro
657 2402 779 2452 vita:
806 2399 1129 2465 describant,
1155 2400 1219 2453 ad
1250 2400 1459 2456 laudent
1494 2402 1723 2459 ﬁdeliter
1753 2421 2079 2462 concurren-

495 2501 624 2543 tmm
648 2500 699 2544 et
727 2491 919 2544 Christi
950 2489 1240 2559 Evangelio
1262 2493 1707 2550 collaborantium
1732 2508 1783 2553 et
1805 2513 2081 2553 commen-

495 2580 766 2635 dationem
800 2581 865 2635 ad
924 2582 1110 2642 Deum,
1144 2599 1302 2650 quem
1348 2592 1472 2638 tunc
1526 2602 1831 2642 mercamur
1882 2588 2079 2645 habere

496 2672 780 2741 prepitium
814 2672 939 2725 dum
971 2672 1088 2740 ejus
1112 2672 1233 2726 ﬁdei
1261 2674 1537 2728 veritatem
1583 2677 1955 2733 immutilatam
1987 2680 2073 2754 [T.

492 2766 543 2829 ’l,
575 2764 631 2834 2,
660 2762 1019 2835 immutatam]
1044 2763 1146 2819 ﬁne
1177 2773 1327 2819 tenus
1359 2776 1383 2803 ἰ
1417 2781 1820 2826 conservamus.
1872 2771 2078 2826 Incolu-

492 2870 629 2907 utem
658 2855 879 2923 gloriam
906 2867 1135 2909 vestram
1171 2856 1337 2925 gratia
1370 2870 1603 2923 superna
1626 2861 1915 2914 custodiat.

560 2946 638 3000 Ad
681 2956 987 3014 perpetuam
1040 2946 1263 3016 proinde
1310 2960 1503 3001 vesme
1535 2948 1782 3019 gloriosae
1808 2950 2076 3004 Christia-

494 3039 675 3093 nitatis
738 3039 1122 3108 proter-tionem
1182 3038 1544 3095 Venerabilem
1599 3055 1810 3095 crucem
1869 3044 2071 3096 clavem

492 3132 775 3185 habentem
830 3126 898 3183 de
954 3128 1280 3182 salutaribus
1341 3128 1565 3183 vinculis
1618 3132 1854 3184 auctoris
1905 3132 2071 3186 nostri

491 3222 631 3276 i‘etri
666 3221 860 3275 Christi
910 3221 1277 3289 apostolorum
1313 3223 1566 3289 principis
1616 3238 1711 3291 per
1755 3238 2070 3291 praesentem

487 3314 731 3386 gerulum
779 3313 1098 3379 direximus,
1148 3323 1206 3367 ut
1252 3312 1405 3383 cujus
1436 3315 1697 3369 sinceram
1730 3314 2071 3372 dilrcﬁooem

486 3406 669 3476 geritis
700 3414 751 3460 et
784 3403 1083 3460 luminariis
1132 3406 1361 3461 fideliter
1409 3406 1698 3476 providetis
1746 3406 2072 3461 traditionis-

485 3516 588 3568 que
619 3498 997 3555 rectitudinem
1027 3501 1289 3554 veraciter
1330 3500 1737 3567 amplectimini,
1767 3500 1881 3567 ejus
1927 3500 2072 3570 jugi-

488 3604 569 3643 ter
605 3589 902 3661 apostolica
929 3591 1155 3644 tuitione
1184 3589 1488 3644 salvemini.
1520 3591 1692 3644 Amen
1735 3588 1786 3641 δ.

488 3706 787 3775 Benedictus
818 3706 1075 3775 presbyter
1119 3712 1175 3775 et
1197 3706 1248 3756 in
1284 3704 1373 3757 Dei
1414 3704 1617 3757 nomine
1662 3702 1845 3758 electus
1872 3706 2074 3759 "sanctae

625 3777 759 3831 sedis
799 3778 1096 3843 apostolica:
1150 3774 1306 3828 Petro
1368 3776 1568 3827 notario
1620 3777 1927 3846 regionario.

557 3868 715 3922 Juxta
755 3868 895 3937 quod
939 3876 1082 3921 tuam
1128 3867 1497 3920 strenuitatem
1526 3867 1836 3935 apostolicae
1869 3882 2072 3923 memo-

485 3963 579 4017 ria:
637 3962 886 4016 dominus
937 3962 1043 4016 Leo
1092 3977 1223 4031 papa
1255 3962 1567 4032 Hispaniam
1609 3963 1936 4031 provinciam
1995 3964 2073 4018 ire

484 4058 745 4127 disposuit
790 4058 854 4112 ad
880 4057 1427 4126 prmeelleuissimum
1456 4066 1510 4111 et
1557 4056 2071 4113 Christianissimum

487 4164 663 4218 regem
709 4161 765 4203 et
812 4149 1197 4205 sanctissimos
1230 4148 1670 4218 archiepiscopus
1704 4159 1757 4202 et
1798 4148 2070 4203 Ecclesia-

485 4256 601 4294 rum
630 4240 871 4303 omnium
900 4241 1176 4308 ‘prmsules
1216 4240 1415 4294 ibidem
1440 4240 1784 4305 constitutos,
1818 4239 1979 4293 simul
2020 4249 2073 4293 et

483 4332 775 4399 gloriosum
826 4333 1114 4395 comitem,
1171 4345 1270 4399 pro
1321 4329 1705 4383 innotescenda
1752 4330 2070 4385 venerabilis

485 4434 649 4477 sexta:
687 4424 875 4492 synodi
918 4422 1252 4483 deﬁnitione,
1299 4422 1683 4478 acclamatione
1714 4437 1927 4493 quoque
1952 4441 2067 4491 qua:
2100 4447 2152 4506 Β

484 4524 534 4567 et
564 4514 1013 4584 proSphoneticus
1042 4513 1239 4569 dicitur
1266 4515 1825 4570 reverentissimorum
1873 4517 2074 4585 episco-

489 4620 672 4669 porum
706 4606 795 4673 qui
826 4608 876 4659 in
906 4606 1097 4660 eodem
1126 4621 1154 4661 a
1195 4606 1302 4663 ilco
1332 4616 1657 4675 congregato
1684 4606 1915 4662 concilio
1946 4623 2073 4662 con-

485 4706 749 4766 venerunt
797 4696 862 4751 ad
910 4697 1389 4757 clementissimum
1446 4697 1763 4766 principem,
1799 4707 1852 4752 et
1896 4699 2074 4754 edicto

486 4788 726 4853 ejusdem
761 4788 987 4857 piissimi
1020 4789 1276 4858 principis
1329 4788 1525 4858 ubique
1554 4791 1882 4858 generaliter
1910 4791 2073 4844 desti-

484 4888 643 4942 nato,
704 4894 798 4944 rro
844 4880 1153 4946 apostolicae
1212 4887 1416 4933 nosti-tn
1476 4879 1597 4932 ﬁdei
1652 4880 1903 4934 ﬁrmitate
1950 4894 2070 4933 cum

478 4986 689 5025 summo
724 4968 934 5033 pietatis
966 4970 1145 5025 studio
1175 4972 1520 5024 commissum
1565 4969 1918 5024 ministerium
1954 4988 2073 5037 per-

476 5079 596 5133 age.
638 5062 1076 5132 Subscriptiones
1103 5078 1316 5131 quoque
1365 5066 1921 5118 reverentissimorum
1955 5065 2071 5134 epi-

482 5170 767 5224 scoporum
840 5167 960 5224 post
1021 5156 1266 5210 eamdem
1331 5156 1643 5226 synodicam
1702 5156 2069 5213 deﬁnitionem

479 5263 599 5302 cmn
664 5263 873 5301 summa
932 5248 1222 5303 sedulitate
1284 5258 1445 5316 atque
1512 5247 1783 5318 vigilantia
1844 5264 2069 5317 procura

442 5322 748 5409 fsnhjungi,
780 5349 913 5394 utet
940 5340 1099 5394 iidt-m
1128 5324 1556 5401 reverentissimi
1607 5342 1845 5411 episcopi
1871 5343 2073 5397 omnis-

475 5444 578 5494 que
634 5446 726 5494 per
752 5443 848 5482 eos
898 5429 1143 5497 religiosa
1175 5432 1450 5498 provincia
1479 5443 1764 5488 consortes
1788 5432 2067 5486 nobiscum

475 5516 748 5573 catholica:
794 5530 957 5588 atque
988 5520 1295 5599 apostolicae
1339 5520 1643 5576 traditionis
1673 5531 1730 5577 et
1773 5521 1895 5575 fidei
1923 5536 2070 5575 cont-

550 5654 686 5727 “div
712 5654 777 5710 (ι.
812 5656 862 5708 In
891 5657 949 5709 Β.
976 5658 1061 5720 IL,
1092 5658 1192 5719 ﬁne
1217 5667 1495 5710 (curamus.
1518 5660 1579 5711 Ὗ.
1621 5662 1666 5724 I,
1696 5662 1795 5727 ﬁne
1824 5670 2066 5715 (etttmus.

479 5721 538 5777 Τ.
571 5724 625 5789 ‘2,
654 5726 805 5792 ﬁnem
838 5737 1083 5783 tenemus.
1121 5728 1208 5793 U.,
1250 5729 1352 5794 [ide
1382 5738 1545 5784 tenus.

2189 1850 2434 1904 localiter
2456 1850 2700 1905 diversos
2732 1854 2782 1906 in
2813 1853 2970 1906 terris
3000 1868 3223 1922 regnare
3254 1853 3512 1922 disponit,
3541 1871 3747 1924 quorum

2187 1940 2287 1993 etsi
2318 1940 2483 1993 divisa
2517 1941 2635 2011 [U.,
2663 1942 2897 2013 diversa]
2922 1953 3046 1996 sunt
3082 1957 3262 2009 regna,
3303 1946 3562 2012 aequalem
3592 1954 3749 1999 tamen

2186 2034 2253 2086 de
2284 2032 2510 2100 singulis
2541 2036 2805 2088 rationem
2838 2034 3255 2102 dispensationis
3299 2034 3529 2101 expetit,
3581 2051 3751 2089 unam-

2185 2137 2295 2196 que
2336 2123 2402 2177 de
2452 2125 2534 2178 eis
2586 2138 2723 2178 verte
2770 2138 2880 2178 suae
2931 2123 3287 2178 confessionis
3317 2124 3542 2179 hostiam
3593 2126 3751 2179 laudis

2185 2200 2487 2283 exspectat,
2520 2225 2574 2269 et
2604 2216 2704 2269 hoc
2729 2219 2902 2270 solum
2952 2230 3175 2269 munere
3200 2217 3341 2270 circa
3371 2215 3636 2269 hominum
3663 2233 3751 2286 ge—

2187 2321 2284 2358 nus
2313 2306 2682 2374 complacatur
2715 2306 2832 2374 ejus
2863 2306 3159 2375 tnajestatis
3191 2306 3537 2370 immensitas,
3569 2308 3684 2359 dunt
3717 2320 3745 2359 a

2186 2397 2392 2451 cunctis
2431 2412 2554 2450 vera
2581 2396 2645 2450 de
2674 2411 2739 2451 eo
2780 2397 2865 2470 [T.
2897 2400 2946 2462 l,
2976 2398 3031 2463 ἓ,
3065 2399 3133 2452 de
3176 2396 3304 2468 Deo]
3333 2398 3594 2451 confessio
3623 2412 3753 2465 pra:-

2183 2488 2411 2553 dicatur,
2446 2497 2502 2543 ut
2530 2489 2629 2543 etsi
2670 2488 3086 2558 diSIlOSillOIltlm
3134 2489 3506 2558 temporalium
3554 2489 3752 2545 videtur

2183 2595 2305 2634 esse
2336 2580 2646 2646 diversitas,
2676 2583 2815 2635 circa
2842 2581 2958 2650 ejus
2991 2582 3113 2636 ﬁdei
3134 2580 3512 2636 rectitudinem
3545 2582 3752 2635 unitatis

2181 2674 2528 2727 consonantia
2562 2681 2823 2727 teneatur.
2864 2675 2974 2726 lloe
3013 2673 3174 2727 etiam
3208 2682 3261 2727 et
3298 2674 3352 2727 in
3396 2673 3595 2727 sanctis
3647 2672 3754 2727 suis

2181 2763 2461 2832 discipulis
2495 2765 2748 2818 Salvator
2779 2765 2961 2817 mundi
3004 2764 3094 2817 Dei
3129 2764 3293 2818 Filius
3321 2779 3442 2820 esse
3467 2767 3756 2830 constituit,

2180 2855 2272 2925 qui
2323 2856 2537 2909 beatum
2587 2854 2801 2909 Petrum
2835 2856 2915 2907 sui
2952 2856 3065 2908 vice
3111 2853 3494 2924 discipulorum
3544 2870 3759 2910 suorum

2181 2946 2408 3001 instituit
2446 2947 2772 3016 principem,
2819 2946 2972 3013 cujus
3021 2948 3241 3000 safutari
3274 2949 3649 3016 praedicatione
3676 2958 3757 3001 at-

2180 3055 2286 3108 que
2331 3040 2617 3093 traditione
2644 3039 2712 3091 ab
2742 3039 2841 3092 hac
2869 3049 3055 3092 sancta
3100 3041 3393 3109 apostolica
3421 3040 3625 3095 Christi
3670 3042 3762 3094 Ec.

2178 3132 2374 3196 clesia,
2427 3134 2569 3185 velut
2623 3146 2650 3184 a
2692 3130 2841 3185 fonte
2899 3131 3294 3200 pra'dicationis
3349 3131 3759 3201 progrediente,

2177 3234 2385 3279 cunctae
2444 3227 2690 3294 regiones
2744 3226 2937 3294 quibus
2994 3227 3152 3279 etiam
3210 3236 3444 3280 vestrum
3494 3225 3762 3296 fastigium

2180 3319 2426 3386 praesidet
2452 3320 2517 3372 ad
2561 3319 2916 3389 cognitionem
2948 3318 3187 3371 veritatis
3215 3326 3271 3371 et
3315 3318 3453 3371 viam
3487 3320 3608 3371 vita:
3639 3334 3760 3387 per-

2177 3409 2351 3462 ductae
2398 3417 2564 3472 sunt,
2618 3406 2874 3474 regnique
2921 3408 3079 3460 vestri
3130 3409 3347 3462 culmen
3397 3408 3657 3475 illustrat,
3711 3422 3770 3463 et

2176 3500 2303 3552 dum
2337 3514 2432 3566 per
2459 3502 2682 3566 gratiam
2739 3499 2827 3552 Dei
2856 3499 3053 3566 pirtate
3085 3499 3339 3568 regnetis,
3373 3499 3439 3554 de
3480 3500 3771 3568 temporali

2178 3606 2343 3659 regno
2390 3597 2607 3644 aeterna:
2658 3590 2999 3643 beatitudinis
3047 3606 3266 3659 regnum
3318 3591 3596 3658 acquiritis
3646 3594 3766 3645 :ad

2178 3682 2316 3748 quod
2350 3679 2639 3749 perfectius
2661 3681 3041 3745 obtinendum,
3072 3683 3209 3736 sicut
3234 3684 3497 3737 instanter
3517 3694 3767 3749 oramus,

2176 3774 2303 3825 dum
2360 3773 2452 3828 Dei
2504 3773 2812 3841 dignatione
2871 3785 3076 3842 patrum
3126 3774 3316 3829 ordine
3369 3776 3659 3843 fungimur,
3712 3789 3768 3830 et

2178 3868 2319 3922 beati
2349 3867 2492 3922 Petri
2542 3871 2910 3936 apostolorum
2945 3869 3197 3939 principis
3229 3869 3353 3923 licet
3402 3870 3635 3938 impares
3669 3885 3775 3938 pro

2176 3959 2466 4014 commisso
2511 3958 2690 4012 divina
2731 3973 2832 4027 ope
2872 3959 3171 4014 ministerio
3223 3959 3399 4014 locum
3448 3961 3776 4029 implemus,

2177 4053 2248 4106 ita
2298 4051 2640 4122 praedicando
2689 4063 2851 4121 atque
2900 4052 3293 4107 commonendo
3334 4054 3399 4106 ad
3441 4052 3615 4107 beata:
3644 4053 3782 4107 vita:

2178 4147 2426 4199 meritum
2457 4162 2715 4201 cruiamur
2764 4147 3085 4215 provehere.
3120 4145 3331 4200 Initium
3373 4149 3569 4215 quippe
3600 4156 3785 4201 mter-

2176 4252 2258 4290 na:
2292 4236 2638 4292 beatitudinis
2671 4239 2973 4293 obtinenda:
3015 4249 3161 4293 recta
3213 4239 3522 4307 apostolica:
3568 4239 3791 4306 praedi-

2174 4327 2405 4381 cationis
2451 4339 2534 4382 est
2577 4331 2780 4398 regula,
2812 4344 2967 4396 quam
3000 4330 3102 4385 etsi
3135 4329 3459 4384 labefactare
3485 4330 3623 4385 olim
3654 4331 3791 4398 qui-

2176 4421 2299 4474 dam
2358 4420 2523 4475 moliti
2573 4430 2719 4487 sunt,
2775 4422 3057 4477 ltmreticos
3107 4422 3159 4477 in
3214 4423 3505 4479 Ecclesiam
3563 4424 3798 4479 Christi

2178 4509 2534 4564 intromittcre
2592 4511 2856 4566 enitentes
2891 4527 3132 4568 errores:
3162 4514 3257 4568 sed
3288 4514 3603 4583 evangelica
3637 4514 3800 4569 veri-

2179 4609 2261 4655 tas
2303 4602 2490 4656 vincit.
2521 4602 2625 4655 Pro
2658 4604 2773 4671 ejus
2803 4604 3095 4659 Stabilitate
3147 4604 3469 4659 immutilate
3500 4606 3800 4660 servanda

2177 4694 2416 4747 diversas
2444 4694 2792 4749 afflictionum
2826 4693 3046 4749 insidias
3075 4695 3191 4749 haec
3230 4696 3529 4763 apostolica
3560 4695 3803 4750 Christi

2180 4786 2413 4840 Ecclesia
2464 4785 2719 4839 sustinuit
2776 4800 2989 4855 semper
3044 4794 3098 4841 et
3146 4788 3397 4855 sustinet,
3449 4798 3503 4841 et
3530 4802 3805 4855 superna

2175 4886 2342 4951 gratia
2369 4883 2693 4951 suffragante
2725 4882 2888 4937 illaesa
2917 4885 3172 4951 persistit.
3198 4883 3352 4939 Nunc
3374 4894 3587 4945 autem,
3634 4883 3807 4951 quod

2176 4990 2294 5028 cum
2323 4975 2611 5043 gratiarum
2642 4974 2852 5028 actione
2882 4974 2932 5026 in
2961 4974 3123 5027 Deum
3156 4973 3485 5027 exsultantes
3510 4971 3807 5033 edantur,

2178 5082 2273 5134 per
2320 5082 2509 5120 novam
2566 5067 2651 5137 l'l'.
2712 5067 2761 5130 l,
2797 5065 2889 5128 ΙΙ..
2942 5065 3031 5131 0.,
3065 5063 3283 5131 nonam]
3332 5080 3504 5133 nuper
3525 5065 3811 5132 elapsam

2178 5162 2516 5217 indit-tionem
2573 5164 2681 5234 '76
2734 5164 3006 5233 piissimus
3065 5174 3225 5232 atque
3272 5161 3817 5217 Christianissimus

2177 5262 2357 5309 noster
2380 5255 2487 5310 imo
2504 5256 2756 5310 ECt'lesth
2775 5254 2864 5309 Dei
2886 5256 3023 5309 filius
3048 5257 3339 5321 imperator
3363 5254 3428 5307 ad
3453 5254 3817 5322 apostolica:

2177 5347 2447 5401 memoria:
2499 5359 2739 5402 nostrum
2793 5348 3149 5402 decessorem.
3187 5346 3523 5415 Agathonem
3579 5361 3821 5415 papam

2176 5445 2335 5505 atque
2386 5438 2695 5506 pontificem
2746 5439 2941 5506 scripta
2973 5439 3263 5506 impcrialia
3297 5437 3535 5508 dirigens
3566 5436 3823 5490 allatim

2178 5531 2425 5586 hortatus
2457 5541 2559 5595 est,
2594 5541 2651 5585 ut
2678 5533 2743 5586 ab
2781 5532 2881 5585 hac
2907 5530 2990 5603 [Τ.
3026 5533 3077 5597 l,
3106 5531 3163 5597 2,
3189 5531 3315 5585 add.
3346 5528 3555 5600 nostra]
3586 5540 3825 5583 sancta

2253 5662 2277 5702 δ
2310 5665 2383 5720 Ex
2411 5664 2474 5721 U.
2500 5676 2546 5721 et
2575 5664 2665 5731 (1.,
2691 5681 2807 5719 cum
2828 5664 2939 5720 ha'c
2971 5680 3068 5719 vox
3096 5663 3303 5719 dcsitiu
3324 5662 3381 5718 Β.
3405 5662 3492 5728 Β..
3528 5662 3595 5717 Τ.
3638 5664 3711 5730 Ι,
3749 5662 3826 5733 2.
