4072 6176
319 276 428 334 "9

880 268 1281 328 CBASCORUM
1317 269 1653 329 CONCIUA.
1692 299 1764 312 —-
1797 270 2664 334 CONSTANTINOPOLITANUM
2703 276 3101 337 SECUNDUM.

3492 289 3509 337 ι
3523 286 3589 338 50

312 387 630 459 apostolicae
679 383 827 440 sedis
867 385 1103 439 Ecclesia
1150 384 1219 439 de
1245 385 1494 438 omnibus
1540 384 1983 455 adjacentibusA
2016 385 2068 439 in
2112 385 2310 443 deitate
2371 396 2533 458 atque
2604 390 2933 447 humanitate
2986 393 3193 448 Domini
3246 397 3409 449 nostri
3466 398 3590 453 Jesn

311 487 365 540 ei
395 480 711 539 reverendis
751 479 992 533 conciliis
1024 479 1248 549 legatos,
1294 487 1402 531 tam
1444 477 1512 531 de
1544 477 1910 531 Ecclesiarum

315 574 644 646 prtesulibus
665 586 937 641 quamque
978 571 1047 624 de
1074 570 1192 623 aliis
1223 570 1502 623 Ordinibus
1528 568 1912 623 ecclesiasticis

313 685 439 725 cum
471 666 794 737 dogmaticis
825 664 1019 719 litteris
1065 663 1557 731 venerabiliumque
1601 661 1815 715 Patrum
1850 661 1943 717 Ii-'

314 764 432 815 bris
462 774 529 813 ac
560 755 887 812 testimoniis
927 755 1216 809 instructos
1268 754 1319 807 itt
1370 754 1569 823 regiam
1601 754 1913 807 Constanti-

320 852 689 921 nopolitanam
743 848 931 900 urbem
969 845 1247 913 dirigeret,
1298 846 1436 912 quod
1490 844 1581 897 Dei
1612 855 1739 896 ttttttt
1785 843 1911 898 effe-

310 957 464 999 ctum
504 951 666 1009 atque
696 938 993 1007 perfectum
1030 946 1134 991 est.
1167 936 1370 1002 Quibus
1420 935 1544 989 illnc
1574 936 1642 988 ob
1689 936 1789 988 hoc
1817 935 1913 989 ad-

315 1034 662 1090 ventantibus
704 1030 993 1087 concilium
1038 1044 1104 1084 ex
1154 1028 1381 1083 diversis
1431 1027 1612 1081 mttndi
1673 1026 1912 1095 partibus

318 1130 442 1192 ejus
484 1127 653 1195 pietas
719 1122 1099 1193 congregavit,
1148 1130 1201 1175 et
1249 1120 1551 1175 commissa:
1597 1119 1912 1187 reipublicae

319 1220 466 1276 curis
500 1230 689 1286 parum
724 1229 820 1283 per
850 1228 909 1267 se
937 1212 1147 1282 positis,
1192 1212 1244 1266 in
1297 1210 1602 1264 venerando
1631 1210 1909 1277 episcopo-

316 1328 437 1367 rum
486 1311 703 1364 Patrum
756 1306 843 1381 [Τ.
890 1308 941 1371 ‘I,
989 1305 1048 1371 2,
1093 1305 1338 1377 fratrum]
1385 1306 1612 1360 concilio
1664 1303 1910 1357 residens

319 1406 609 1459 veritatem
662 1400 970 1469 apostolicae
1003 1398 1304 1453 traditionis
1346 1408 1397 1452 et
1428 1396 1801 1451 rectitudinetn
1847 1396 1907 1448 ﬁ-

318 1499 410 1552 dei
464 1512 563 1565 per
601 1502 820 1549 sanctas
858 1492 1091 1561 synodos
1143 1488 1635 1555 venerabiliumque
1692 1487 1906 1541 Patrum

321 1586 655 1648 testimonia,
706 1594 763 1640 et
798 1583 1126 1638 as~ertioncs
1155 1594 1549 1650 precessornm
1600 1589 1905 1633 nostrorum

317 1678 688 1745 apostolorum
770 1672 1080 1742 pontiﬁcum
1140 1671 1407 1725 subtiliter
1457 1679 1616 1739 atque
1677 1671 1905 1724 attonito

314 1769 629 1824 examinare
669 1766 814 1829 fecit,
842 1774 896 1818 et
922 1778 1063 1817 verae
1107 1762 1225 1815 ﬁdei
1248 1760 1610 1816 sinceritatem
1644 1774 1673 1812 a
1721 1759 1907 1827 legatis

316 1861 479 1930 hujus
527 1867 729 1913 sancta
784 1854 1091 1923 apostolica:
1116 1853 1263 1908 sedis
1297 1852 1606 1913 monstrari,
1637 1852 1776 1920 quod
1814 1866 1908 1918 per

316 1953 411 2005 Dei
467 1951 693 2020 gratiam
747 1946 955 2013 imperii
1020 1944 1293 1999 adnitente
1364 1942 1613 2009 praesidio
1668 1954 1904 2010 emptum

318 2051 480 2107 atque
503 2053 773 2108 peractum
802 2044 884 2091 est
903 2052 918 2100 ;
938 2046 990 2090 et
1010 2033 1398 2106 perfectissime
1417 2034 1601 2087 claruit
1621 2048 1764 2087 vera:
1783 2034 1906 2087 ﬁdei

322 2141 522 2184 nostra:
554 2131 817 2184 veracitas
850 2127 1002 2198 juxta
1034 2126 1333 2180 veneranda
1378 2125 1605 2180 concilia
1637 2134 1691 2178 et
1722 2127 1909 2193 proha-

324 2225 514 2278 biliutn
553 2222 770 2276 Patrum
816 2220 1111 2282 doctrinas,
1142 2218 1271 2272 etin
1314 2235 1417 2272 uno
1466 2217 1695 2273 Domino
1723 2226 1909 2271 nostro

321 2318 452 2373 Jesu
500 2316 716 2372 Christo
746 2316 853 2368 ﬁlio
900 2315 1021 2379 Dei,
1060 2315 1359 2382 eodemque
1413 2328 1542 2369 vero
1590 2313 1699 2367 Deo
1745 2322 1908 2382 atque

326 2407 596 2475 perfecto,
640 2414 697 2461 et
740 2406 924 2461 eodem
986 2406 1201 2458 homine
1248 2421 1375 2461 vero
1428 2418 1587 2472 atque
1642 2405 1901 2474 perfecto,

324 2499 472 2550 sicut
517 2497 654 2550 duas
694 2494 1116 2563 inseparabiliter
1164 2506 1218 2549 et
1269 2495 1545 2549 inconfuse
1587 2494 1908 2549 confitemur

320 2597 562 2651 naturas,
615 2587 666 2641 id
716 2595 804 2641 est
850 2587 1084 2641 divinam
1133 2596 1187 2641 et
1236 2586 1542 2651 humanam,
1594 2586 1662 2639 ita
1693 2586 1906 2640 etduas

318 2682 592 2735 naturales
634 2681 940 2735 voluntates
983 2690 1037 2734 et
1078 2680 1214 2734 duas
1254 2674 1533 2733 naturales
1561 2680 1904 2748 operationes

314 2789 437 2827 cum
461 2786 651 2827 omnes
684 2773 883 2827 habere
915 2774 1266 2841 przedicetnos
1301 2772 1591 2826 secundum
1613 2772 1905 2841 qualitates

316 2880 380 2918 ac
430 2864 790 2933 proprietates
852 2863 907 2916 in
952 2878 1018 2917 eo
1073 2863 1509 2919 concurrentium
1562 2871 1904 2927 naturarum;

312 2958 437 3024 quia
487 2956 567 3011 sic
612 2971 738 3011 eum
787 2972 948 3009 unum
994 2955 1266 3011 Christum
1310 2970 1578 3024 unamque
1621 2970 1903 3022 personam

314 3057 518 3102 sancta
564 3047 848 3101 Trinitatis
896 3061 1017 3102 esse
1046 3048 1337 3110 credimus,
1384 3057 1440 3099 ttt
1484 3055 1539 3101 et
1568 3046 1801 3100 divinam
1846 3052 1898 3097 et

312 3144 604 3193 humanam
633 3150 877 3194 naturam
907 3150 961 3194 et
990 3141 1176 3193 harum
1211 3150 1516 3194 naturarum
1543 3141 1898 3207 proprietates

309 3228 616 3295 inconfuse,
658 3229 889 3285 indivise
918 3240 973 3283 et
1000 3230 1316 3284 ittditttinute
1354 3245 1477 3284 eum
1528 3228 1727 3282 habere
1766 3242 1903 3297 prte-

306 3326 578 3379 dtoetmts.
625 3326 820 3379 Verum
877 3326 1147 3393 piissimus
1194 3326 1483 3395 imperator
1532 3326 1699 3394 gratia
1729 3326 1898 3378 sancti

310 3417 547 3484 Spiritus
595 3418 885 3483 animatus,
923 3426 977 3470 et
1024 3417 1259 3471 laborent
1305 3432 1399 3483 pro
1428 3416 1748 3471 Chris'ianze
1778 3416 1898 3470 ﬁdei

313 3510 551 3579 puritate
596 3520 787 3579 sponte
818 3525 1140 3579 perpessus,
1197 3510 1491 3565 Erclesiam
1548 3510 1644 3565 Dei
1678 3511 1899 3566 catholi~

311 3616 431 3653 eam
458 3599 527 3654 ab
553 3601 762 3657 erroris
791 3600 1026 3656 heretici
1059 3602 1264 3655 macula
1295 3602 1521 3655 summis
1564 3601 1774 3656 nixibus
1805 3618 1902 3669 pu-

310 3694 531 3747 riﬁcare
561 3693 777 3749 molitus
806 3703 909 3758 est,
952 3703 1005 3748 et
1056 3694 1311 3764 quidquid
1342 3694 1691 3747 oﬁ‘ensiooen
1745 3693 1902 3748 Chri-

314 3797 365 3839 st
388 3786 514 3841 auis
541 3787 753 3857 populis
783 3796 989 3855 poterat
1015 3802 1275 3857 generare
1300 3787 1367 3842 de
1389 3787 1564 3841 ntedio
1591 3787 1680 3841 Dei
1714 3786 1902 3842 Eccle-

313 3884 407 3931 siae
464 3878 593 3933 fecit
639 3878 877 3945 auferri,
934 3894 1227 3948 omnesque
1275 3880 1539 3932 heretica:
1587 3878 1901 3934 assertiOais

311 3980 565 4023 aur-tores
585 3970 894 4023 venerando
915 3978 1170 4024 censente
1200 3969 1316 4042 [U.,
1351 3967 1743 4041 consentiente]
1774 3985 1903 4024 con-

308 4063 436 4117 cilio
457 4061 804 4117 condemnati
829 4061 898 4117 dc
919 4063 1193 4117 catholica:
1216 4063 1473 4117 Ecclesire
1492 4063 1902 4117 annuntiatione

314 4154 539 4224 proiecti
572 4163 720 4219 sunt,
748 4155 799 4208 id
822 4164 905 4210 est
927 4156 1242 4211 Theodorus
1273 4156 1663 4210 Pltaranitanus
1688 4155 1900 4223 episco-

313 4259 431 4313 pus,
463 4246 641 4317 Cyrus
683 4247 1093 4313 Alexandrinus,
1124 4248 1361 4315 Sergius,
1396 4247 1609 4314 Paulus,
1662 4247 1896 4318 Pyrrhus

310 4346 364 4389 et
415 4336 611 4391 Petrus
657 4336 929 4407 quondam
987 4336 1563 4406 Constantinopolitani
1619 4338 1900 4406 praesules,

2012 476 2209 533 Christi
2278 496 2437 535 unam
2498 483 2828 539 voluntatem
2895 501 3162 556 unamque
3225 490 3590 555 operationem

2014 570 2386 638 prwdieatttes,
2436 573 2735 628 doctrinam
2786 577 3090 631 hmreticam
3127 578 3465 647 impudenter
3495 580 3591 635 de-

2014 660 2232 718 fendere
2257 665 2611 730 conabantur;
2667 682 2839 734 neque
2879 670 3045 732 enim,
3077 679 3134 724 ut
3162 672 3469 726 sacerdOtes
3501 672 3592 728 Dei

2011 761 2345 820 oportuerat,
2375 763 2681 809 sanctarum
2708 756 3105 826 Scriptttrarum
3129 770 3182 813 et
3208 760 3418 815 Patrum
3442 764 3595 816 testi—

2014 845 2206 897 moniis
2232 845 2332 899 hoc
2360 846 2819 914 demonstrabant,
2853 850 2947 903 sed
2980 852 3263 906 mundanis
3291 853 3594 921 sOpbisma-

2016 934 2156 989 tibus
2223 936 2576 1004 Evangeliuut
2643 938 2841 994 Christi
2894 942 3086 995 callide
3152 944 3595 998 machinabantur

2014 1034 2341 1089 pervertere.
2388 1028 2532 1093 Quos
2560 1044 2747 1086 omnes
2774 1046 2896 1085 cum
2951 1033 3059 1085 suis
3090 1034 3363 1089 erroribus
3413 1035 3592 1090 divina

2011 1134 2240 1175 censura
2283 1121 2349 1177 de
2410 1133 2591 1176 sancta
2621 1138 2714 1177 sua
2764 1124 2989 1193 proiecit
3040 1128 3299 1193 Ecclesia,
3349 1138 3405 1183 ct
3455 1145 3596 1185 nunc

2012 1228 2244 1282 superno
2293 1212 2503 1269 favente
2535 1215 2782 1279 prresidio
2816 1215 2869 1270 itt
2902 1231 3058 1271 unam
3112 1233 3255 1274 verte
3302 1220 3423 1275 ﬁdei
3461 1235 3592 1276 con-

2012 1302 2319 1356 sonantiam
2370 1318 2561 1358 omnes
2614 1304 2704 1359 Dei
2771 1305 3021 1360 Ecclesia:
3090 1310 3344 1375 praesules
3393 1310 3591 1378 ubique

2012 1396 2360 1461 concordant,
2389 1404 2443 1450 et
2476 1396 2670 1450 factum
2701 1384 2791 1452 est,
2813 1414 2971 1451 unum
3003 1415 3062 1454 os
3096 1412 3149 1455 et
3176 1402 3371 1456 labinm
3404 1421 3588 1464 unum.

2016 1500 2257 1555 unusque
2278 1502 2405 1553 grex
2438 1496 2493 1543 et
2522 1502 2660 1543 unus
2683 1497 2861 1556 pastor
2890 1490 3133 1546 Christus
3166 1492 3332 1547 Filius
3365 1495 3476 1560 Dei,
3502 1498 3589 1560 qui

2011 1578 2338 1632 unanimiter
2385 1595 2413 1633 a
2464 1581 2674 1635 cunctis
2711 1582 2829 1652 ejus
2877 1583 3245 1639 sacerdotibus
3273 1595 3432 1655 atque
3471 1588 3590 1658 [U.,

2014 1670 2185 1735 tequel
2240 1670 2520 1725 sinceriter
2552 1672 2889 1740 praedicatur.
2936 1674 3138 1729 ltleirco
3168 1685 3221 1730 et
3248 1678 3409 1731 vestri
3441 1679 3591 1733 Chrio

1938 1736 1985 1794 Β
2016 1757 2172 1812 stiani
2238 1762 2387 1827 regni
2457 1736 2726 1829 fastigium
2781 1764 3015 1817 studium
3070 1766 3281 1833 pietatis
3328 1779 3586 1837 assumat,

2007 1855 2275 1915 quatenus
2329 1850 2441 1904 haec
2469 1850 2716 1906 omnibus
2766 1851 2859 1906 Dei
2921 1854 3197 1919 Ecclesiis,
3250 1859 3586 1925 praesulibus,

2007 1938 2411 2003 sacerdotibus.
2428 1942 2639 1997 clericis
2683 1953 2738 1997 et
2781 1946 2994 2013 pupulis
3032 1947 3096 1999 ad
3128 1946 3337 2003 laudem
3368 1949 3458 2002 Dei
3494 1967 3590 2017 pro

2008 2029 2172 2083 vestri
2201 2046 2412 2101 quoque
2446 2035 2594 2102 regni
2624 2035 2919 2089 Stabilitate
2957 2044 3117 2105 atque
3146 2039 3317 2093 salute
3348 2042 3588 2094 omnium

2010 2121 2352 2190 praedicetur,
2385 2133 2439 2177 ut
2474 2124 2612 2179 Deus
2642 2127 2981 2193 omnipotens
3011 2128 3076 2179 ah
3100 2128 3348 2183 omnibus
3380 2132 3586 2199 populis

2009 2213 2331 2268 unanimiter
2364 2214 2693 2285 gloriﬁcetur
2722 2231 2782 2271 ac
2807 2217 3155 2272 collaudatur.
3205 2218 3582 2275 Deﬁnitionem

2007 2303 2229 2372 proinde
2268 2307 2434 2360 sancti
2486 2307 2721 2373 concilii,
2754 2319 2806 2363 et
2853 2309 3292 2363 acclamationem
3328 2326 3582 2366 reveren-

2008 2394 2335 2450 tissimorum
2372 2396 2775 2465 episcoporum,
2807 2414 2925 2468 quae
2975 2399 3419 2468 prosphoneticus
3447 2400 3582 2454 dici-

2008 2495 2112 2553 tttr,
2144 2487 2209 2540 ad
2246 2488 2538 2556 piissimum
2569 2492 2969 2558 imperatorem,
3012 2497 3067 2544 et
3092 2490 3319 2545 ethctum
3350 2491 3583 2545 clemen-

2008 2576 2196 2630 tissimi
2266 2577 2601 2645 imperatoris
2670 2595 2764 2646 pro
2828 2594 2969 2633 verre
3037 2580 3159 2635 ﬁdei
3245 2581 3585 2638 confessione

2005 2668 2368 2735 conscriptum
2417 2678 2470 2723 et
2502 2669 2695 2738 ubique
2748 2670 3054 2725 mandatum
3104 2673 3442 2741 perlatorem
3471 2675 3580 2743 78

2008 2758 2349 2824 prtcsentium
2394 2759 2607 2815 Petrum
2657 2760 2921 2816 notarium
2971 2764 3333 2832 rcgionarium
3382 2776 3582 2819 sanctae

2010 2858 2207 2902 nostra:
2247 2849 2503 2905 Ecclesia:
2550 2851 2675 2907 illuc
2702 2854 3046 2922 prtevidimus
3098 2855 3388 2920 destinare,
3444 2858 3583 2911 utin

2006 2940 2192 2996 eadem
2242 2957 2411 2997 sacrae
2446 2944 2635 3014 synodi
2680 2946 3005 3010 deﬁnitione,
3042 2955 3292 3017 tanquam
3342 2964 3437 3018 pro
3468 2951 3582 3018 spi-

2010 3032 2286 3088 ritualibus
2337 3034 2458 3091 ﬁliis
2508 3046 2717 3103 patres,
2766 3052 2951 3092 omnes
2984 3041 3140 3093 vestri
3193 3039 3579 3108 religiosissimi

2012 3120 2161 3194 regni
2196 3124 2553 3183 Ecclesiarum
2602 3130 2867 3184 antistites
2911 3130 3062 3199 juxta
3085 3140 3325 3186 tenorem
3366 3146 3395 3185 a
3427 3132 3580 3189 nobis

2006 3215 2135 3271 illuc
2164 3217 2486 3273 destinatum
2532 3219 2953 3288 subscriptiones
3005 3236 3131 3276 suas
3176 3224 3313 3277 sicut
3344 3224 3394 3275 in
3439 3224 3579 3277 libro

2007 3308 2131 3360 vitze
2181 3323 2276 3375 per
2322 3322 2434 3361 sua:
2474 3306 2827 3364 confessionis
2876 3310 3205 3380 signaculum
3237 3312 3580 3366 ascrihendas

2008 3399 2375 3467 unusquisque
2442 3398 2729 3469 subiungat
2782 3409 2883 3455 :ut
2929 3416 3031 3470 pax
3086 3412 3141 3456 ct
3188 3402 3470 3456 concordia
3523 3405 3574 3459 itt

2008 3489 2261 3543 Ecclesiis
2312 3489 2405 3544 Dei
2463 3490 2627 3544 vestri
2685 3490 2929 3545 sublimis
3000 3492 3153 3558 regni
3207 3492 3576 3559 tetltporihtts,

2005 3580 2115 3635 Deo
2155 3580 2486 3636 concedente
2537 3592 2821 3652 vestraque
2874 3580 3273 3637 Christianitate
3324 3582 3531 3638 favente
3560 3626 3575 3646 .

2002 3675 2308 3730 crebrescat
2329 3673 2445 3747 [U.,
2469 3673 2696 3747 crescat]
2742 3682 2798 3730 et
2839 3684 3083 3741 maneat;
3118 3676 3281 3746 utqui
3339 3685 3575 3731 vestrum

2003 3768 2218 3823 cobnen
2255 3784 2477 3838 regnare
2508 3767 2790 3838 disposuit,
2822 3782 2933 3823 suat
2964 3766 3083 3823 ﬁdei
3133 3768 3423 3823 stabilitate
3452 3768 3580 3823 sub-

2004 3860 2187 3912 nixum
2239 3860 2499 3913 concedat
2543 3874 2639 3927 per
2686 3859 2915 3926 plurima
2949 3867 3187 3927 tempora
3241 3873 3581 3927 prospereac

2002 3949 2104 4002 sibi
2147 3948 2341 4017 placito
2391 3950 2734 4002 commissum
2794 3948 3043 4017 populum
3111 3950 3442 4018 dispensare.
3496 3951 3582 4004 ln-

2003 4039 2267 4093 columem
2293 4038 2666 4093 excellentiam
2699 4046 2929 4092 vestram
2952 4038 3119 4107 gratia
3142 4055 3371 4109 superna
3394 4051 3579 4095 custo-

2002 4128 2132 4186 dial.
2160 4129 2331 4183 Amen
2365 4136 2411 4182 η.

2004 4242 2081 4299 De
2107 4241 2132 4281 δ
2161 4244 2239 4297 his
2277 4244 2365 4313 qui
2394 4253 2569 4297 contra
2619 4244 2855 4313 prmities
2882 4239 3334 4313 ecclesiaruntDei
3378 4248 3587 4309 precari

2179 4311 2427 4368 conentur
2473 4316 2663 4367 latrare
2692 4312 2803 4384 [C.,
2845 4311 3122 4384 oblatrure]
3152 4312 3398 4383 alloquio.

307 4439 359 4483 et
404 4442 513 4483 una
556 4444 677 4483 curn
709 4431 791 4484 eis
834 4429 1101 4484 Honorius
1146 4430 1436 4495 Romanus,
1462 4432 1549 4499 qui
1582 4430 1896 4484 immacula-
1928 4440 1979 4500 ι)
2078 4430 2282 4485 Placuit
2336 4430 2459 4485 huic
2503 4439 2701 4483 sanctae
2751 4428 2957 4499 synodo
3002 4426 3293 4483 secundum
3348 4429 3579 4497 priorum

311 4531 421 4573 tam
472 4520 786 4589 apostolica:
830 4522 1008 4576 traditi
1032 4523 1130 4576 tuis
1186 4523 1447 4592 rugulam,
1496 4537 1655 4591 quam
1703 4537 1733 4576 a
1765 4536 1902 4590 pra:-

310 4615 619 4669 ccssorihus
650 4616 764 4669 suis
791 4617 1015 4684 accepit,
1046 4615 1298 4671 maculari
1329 4616 1434 4695 77
1474 4616 1748 4671 consensit
1773 4614 1894 4687 [U.,

309 4703 624 4773 concessit].
652 4704 756 4760 Sed
785 4715 838 4759 et
866 4706 1128 4760 Macarius
1143 4706 1508 4760 Autiocbenus
1529 4720 1650 4760 cum
1670 4706 1903 4775 Stepha-

311 4811 376 4849 no
403 4796 522 4864 ejus
548 4794 812 4859 discipulo
864 4798 974 4849 imo
1002 4798 1268 4852 haeretica:
1301 4797 1581 4866 pravitatis
1617 4799 1899 4868 magistro,

307 4897 361 4942 et
405 4888 734 4959 Polycronio
780 4891 1010 4959 quodam
1058 4890 1247 4944 insano
1290 4903 1423 4944 sene
1480 4905 1619 4946 novo
1651 4891 1894 4959 Simone,

308 4983 394 5051 qui
426 4998 528 5052 per
551 4983 819 5037 haeretica:
846 4981 1237 5052 praedicationis
1270 4981 1515 5038 ﬁduciam
1544 4983 1900 5052 pollicebatur

312 5076 539 5144 implere
588 5090 763 5145 neque
814 5088 999 5129 rursus
1039 5074 1105 5129 ad
1160 5076 1298 5129 viam
1347 5090 1490 5129 verte
1540 5073 1898 5131 confessionis

309 5172 499 5221 saltem
549 5165 807 5221 confusus
852 5166 1134 5229 converti.
1186 5174 1389 5219 reteri-ta
1443 5166 1895 5222 coitdemnatione

308 5256 596 5312 mulctatus
641 5268 746 5313 est.
798 5256 866 5311 Et
904 5271 1093 5313 omnes
1121 5257 1156 5309 ii
1181 5270 1301 5311 cum
1335 5256 1488 5320 Ario.
1538 5256 1893 5325 Apollinario,

308 5348 578 5415 Nestorio,
606 5349 925 5420 Eutychete,
965 5348 1190 5415 Severo,
1223 5351 1553 5417 Theodosio,
1593 5350 1896 5409 Thetnistio

379 5509 541 5580 {Vox
562 5509 724 5563 Amen
746 5510 1024 5580 desumpta
1047 5518 1127 5563 est
1155 5523 1219 5564 ex
1246 5507 1310 5563 υ.
1334 5516 1386 5562 et
1418 5507 1506 5575 0.,
1531 5522 1650 5560 cum
1671 5505 1807 5561 desit
1840 5509 1888 5561 in

308 5579 368 5631 Β.
403 5578 469 5633 R.
505 5588 563 5632 et
603 5581 839 5649 reliquis.
938 5578 951 5580 ἡ
1621 5636 1627 5641 .

380 5653 405 5689 δ
450 5653 611 5705 Istius
637 5648 739 5705 hoc
776 5654 892 5707 loco
922 5651 1142 5707 canonis
1170 5651 1451 5705 lectionem
1493 5648 1754 5702 exhibent
1803 5663 1889 5701 so-

309 5722 415 5778 lum
442 5721 674 5779 Codices
703 5722 764 5778 υ.
796 5731 850 5777 ct
898 5720 987 5786 6.,
1015 5738 1044 5777 ε
1067 5737 1291 5791 quorum
1337 5720 1507 5789 primo
1537 5730 1586 5774 te
1599 5728 1740 5773 Mum
1770 5734 1889 5773 cum

2005 4525 2336 4578 sanctionem
2366 4538 2653 4588 canonum,
2684 4532 2739 4575 ut
2763 4523 2851 4592 qui
2885 4530 3279 4590 contemptores
3330 4522 3581 4575 Ecclesiae

2003 4616 2198 4673 ChriSti
2231 4616 2314 4670 vel
2337 4616 2503 4671 sacris
2537 4613 2653 4685 ejus
2680 4614 3006 4670 antistitibus
3038 4615 3349 4682 persistunt,
3380 4630 3407 4667 a
3437 4625 3579 4668 ctettt

2005 4706 2242 4761 ﬁdelium
2299 4705 2529 4760 triennio
2556 4705 3171 4765 excommunicarcntur.
3225 4702 3394 4758 donec
3425 4704 3583 4759 forsi-

2005 4810 2093 4856 tan
2144 4800 2507 4871 resipiscendo
2542 4802 2640 4854 sub
2682 4797 3045 4854 satisfactione
3097 4797 3441 4866 pmnitttdinis
3484 4797 3580 4850 ad-

2003 4892 2141 4947 tttitti
2192 4891 2405 4946 demum
2449 4890 2515 4943 ad
2563 4888 2993 4944 communionem
3052 4886 3278 4957 possint.
3334 4887 3491 4941 Certe
3535 4888 3579 4941 si

2001 4998 2188 5040 eorum
2213 4983 2386 5040 adhuc
2414 4982 2637 5039 nefanda
2692 4982 2986 5050 procacitas
3028 4978 3424 5050 perseverando
3451 4991 3577 5028 ansa

2002 5079 2159 5134 fuerit
2205 5088 2378 5148 erepta
2431 5074 2794 5132 indesinenter
2841 5076 3143 5128 obtrectare
3176 5081 3223 5137 ο,
3258 5066 3448 5137 placuit
3479 5082 3578 5121 nec

2002 5173 2055 5227 in
2087 5173 2244 5228 ﬁnem
2288 5172 2366 5225 eis
2391 5170 2567 5226 saltim
2596 5168 2843 5223 viaticum
2876 5166 3003 5219 dare
3035 5173 3091 5216 ut
3122 5162 3203 5215 vel
3244 5159 3517 5228 suppliciis
3546 5157 3573 5198 ά

2000 5266 2232 5320 sentiant
2262 5264 2402 5330 quod
2454 5263 2539 5315 hic
2573 5275 2733 5313 sensu
2787 5263 3058 5324 torpentes
3084 5252 3460 5323 neglexerunt,
3489 5251 3577 5305 di-

1998 5366 2152 5411 ccntc
2178 5365 2367 5410 sancto
2415 5352 2614 5422 Spiritu
2657 5363 2751 5419 per
2798 5346 3111 5417 prophetam
3148 5363 3162 5400 :
3196 5344 3574 5400 Tantummodo

1998 5512 2323 5570 variantibus
2346 5505 2565 5561 alterius
2594 5502 2910 5559 lectionibus
2953 5499 3401 5569 deprompsimus.

2069 5596 2092 5623 ο
2134 5584 2223 5644 0.,
2260 5582 2409 5647 [item
2436 5578 2634 5630 domum
2660 5574 2784 5626 talia
2809 5574 3111 5647 obtrectare.

2064 5654 2089 5693 δ
2131 5639 2221 5719 6.,
2248 5639 2369 5706 dare
2397 5651 2439 5704 si
2482 5646 2737 5719 quomodo
2766 5660 2898 5699 nunc
2924 5645 2999 5699 rc!
3028 5639 3316 5712 suppliciis.
