4072 6176
546 226 644 279 ist
713 206 717 211 ’

1262 234 1637 296 COLLECTIO
1674 243 1996 304 CANONUM
2033 249 2089 303 S.
2135 248 2407 306 18100110
2448 254 2712 311 IIISPAL.
2755 258 3113 320 ASCRIPTA.

3694 245 3784 333 ut

542 343 653 458 :ola
676 343 875 397 vexatio
904 344 1212 458 intellectum
1240 351 1607 458 dabit-auditui
1623 372 1641 417 ,-
1672 364 1726 409 et
1751 360 1967 458 egregio
1989 376 2124 429 quo-
2152 362 2198 421 A
2228 361 2366 429 quod
2414 364 2542 433 agit,
2583 368 2689 421 nisi
2735 383 2857 424 cum
2903 386 2999 440 pro
3037 374 3237 430 eisdem
3268 377 3423 433 malis
3470 382 3642 448 puniri
3682 385 3774 458 jam

541 435 662 488 dam
690 447 972 491 attestante
993 440 1233 504 doctore,
1264 444 1352 510 qui
1385 443 1540 511 hujus
1563 448 1855 513 protllietia:
1879 465 2113 506 consona

542 536 672 580 voce
697 526 987 597 alloquitur
1013 530 1196 587 dicens
1222 548 1233 583 :
1267 531 1447 586 Nescit
1472 535 1646 588 omnis
1677 538 1885 605 iniquus
1917 543 2113 595 malum

2229 455 2471 522 cmperit.

548 674 3763 738 _—————————______________________

2154 788 2229 859 Χ

1431 941 2099 1031 CONCILIUM
2173 942 2900 1043 EPHESINUMo

533 1103 965 1151 DUCENTOBUM
1002 1109 1437 1156 EPISCOPORUM
1475 1116 1792 1173 HABXTUM,
1824 1120 2089 1163 ADVERSI

614 1188 720 1205 nul
768 1188 986 1205 Ιιπιιιιιι.
1033 1181 1057 1205 8
1106 1189 1402 1205 ηΑιιιιεκ..
1447 1195 1525 1205 ..-
1577 1197 1800 1205 -.-.,.-.
1860 1200 2076 1205 ..---μ--

2190 1124 2418 1168 γεετοιι
2430 1129 2540 1171 ιῠΜ
2578 1131 3382 1183 ροΝδτΑΝτῐΝοΡοιιτΛΝυΜ
3420 1144 3777 1205 EPISCOPUI,

614 1188 721 1238 QUI
768 1188 986 1231 PURUM
1033 1181 1057 1208 ⁸
1106 1189 1402 1234 ΠΟΜΙΝΕΜ
1447 1195 1527 1235 EX
1576 1197 1813 1239 ςΑκετΑ
1860 1200 2120 1261 νΙῙὶςΗΝΕ
2165 1204 2367 1248 ΜΔΕΙΔ
2411 1208 2632 1252 ΝΔΤΠΜ
2679 1214 2983 1256 Αεεεηυιτ
3015 1240 3033 1267 ν
3079 1217 3163 1258 UT

912 1269 1105 1368 ADLIAM
1150 1270 1444 1313 FACERET
1487 1274 1800 1329 DEITATIS,
1855 1279 1974 1320 NEC
2022 1280 2199 1323 UNUM
2245 1283 2567 1331 CBRISTUM
2615 1291 2678 1332 IN
2729 1293 2933 1335 VEBBO
2968 1295 3070 1337 DEI
3108 1297 3185 1337 ET
3217 1298 3418 1342 CARNE
3459 1267 3777 1368 δεητικέῖξ

614 1348 638 1368 ε
693 1348 729 1368 n
831 1348 843 1358 ν
904 1350 916 1368 ι
990 1349 1130 1368 um“
1189 1349 1384 1368 amnnn
1435 1351 1787 1368 κυη-..ρη-..ρ
1843 1358 2123 1368 .-......-.--
2172 1361 2392 1368 _-_-____

611 1347 729 1388 SED
774 1347 1130 1393 SEPARATIM
1179 1349 1385 1402 ATQUE
1434 1351 1787 1396 SEJUNCTIM
1832 1358 2124 1401 ALTERUM
2172 1361 2394 1407 FILIUM
2438 1368 2574 1427 DEI,
2620 1372 2920 1417 ALTERUM
2964 1374 3227 1419 HOMINIS
3273 1347 3704 1426 PREDICARET:

603 1474 848 1544 79-80
885 1474 1143 1530 Convenit
1194 1487 1370 1531 autem
1403 1477 1517 1533 haec
1544 1482 1782 1549 synodus
1814 1482 2117 1538 Theodosio

532 1563 753 1619 Juniore
786 1566 942 1620 tertio
986 1564 1197 1620 decimo
1243 1566 1365 1639 [U.,
1414 1569 1625 1624 decimo
1654 1570 1867 1641 quarto]
1920 1582 1975 1627 et
2006 1573 2113 1627 Va-

534 1655 826 1709 lentiniano
858 1654 1015 1707 tertio
1065 1656 1371 1710 consulibus
1401 1672 1504 1710 aera
1536 1672 1794 1712 cccccxrx
1825 1658 1850 1696 δ
1874 1661 1955 1713 cui
1979 1676 2109 1731 syn-

530 1749 635 1803 odo
676 1749 925 1817 praesedit
958 1749 1295 1804 beatissimus
1330 1750 1595 1819 quondam
1637 1752 1867 1816 Cyrillus
1890 1754 2113 1807 Alexan-

532 1840 664 1893 dria:
692 1842 992 1908 episcopus,
1027 1842 1115 1910 qui
1146 1856 1265 1895 cum
1325 1825 1468 1897 omni
1517 1845 1746 1898 concilio
1772 1845 1835 1899 ad
1867 1847 2111 1900 eumdem

536 1933 838 1984 [\csturium
879 1931 993 1984 lucc
1022 1932 1294 2001 synodalia
1326 1933 1540 1988 decreta
1576 1936 1891 1989 transmisit.

530 2062 576 2131 Ii
608 2063 792 2145 liqioso
813 2079 859 2120 et
884 2065 991 2119 Deo
1011 2069 1584 2145 u_mabili_cp_qaace1;do_ti
1604 2071 1845 2145 Nestorio
1862 2073 2109 2145 Cyrillut,

596 2140 672 2187 vel
702 2152 814 2202 qua:
840 2139 1071 2190 convenit
1096 2142 1234 2206 apud
1264 2139 1376 2210 [U.,
1400 2140 1487 2213 ad]
1513 2139 1772 2210 Ephesum
1799 2139 2042 2214 synodus.

599 2246 731 2300 Cum
755 2247 1001 2304 Salvator
1029 2258 1211 2305 noster
1238 2262 1422 2320 aperte
1444 2255 1781 2322 pronuntiet:
1811 2256 1909 2321 Qui
1938 2256 2109 2325 diligit

524 2350 720 2409 patrem
748 2349 837 2393 aut
864 2351 1078 2395 matrem
1112 2358 1269 2409 super
1314 2360 1393 2397 me
1420 2361 1520 2398 non
1570 2355 1642 2399 est
1685 2361 1763 2401 me
1809 2347 2015 2415 dignus,
2059 2361 2108 2405 et

524 2433 611 2497 qui
639 2433 807 2501 diligit
837 2435 1006 2501 ﬁlium
1044 2444 1132 2487 aut
1160 2438 1319 2503 ﬁliam
1360 2453 1509 2507 super
1536 2454 1615 2491 me
1654 2454 1755 2491 non
1809 2448 1882 2493 est
1910 2456 1988 2495 me
2015 2443 2107 2497 di-

525 2541 689 2593 gnus;
731 2526 855 2594 quid
922 2540 1020 2579 nos
1051 2527 1313 2592 patiemur
1350 2529 1437 2595 qui
1464 2529 1808 2596 deposcimur
1835 2544 1866 2584 a
1898 2540 1984 2584 tua
2016 2546 2103 2586 re-

431 2625 439 2635 '
527 2619 721 2688 ligione
769 2631 827 2673 ut
881 2630 932 2673 te
974 2635 1133 2687 super
1170 2619 1443 2674 Christum
1494 2623 1814 2676 salvatorem
1860 2628 2103 2679 omnium

520 2710 840 2781 diligamus?
869 2711 1003 2776 Quid
1043 2712 1186 2765 enim
1219 2712 1446 2767 nobisin
1491 2712 1578 2767 die
1620 2712 1803 2782 judicii
1844 2715 2101 2782 proderit,

519 2811 613 2865 aut
650 2816 805 2868 quam
835 2801 1252 2857 satisfactionem
1280 2803 1515 2871 reperire
1562 2806 1858 2874 poterimus
1889 2815 2102 2876 propter

515 2903 625 2951 tam
675 2895 983 2948 diuturnum
1030 2895 1300 2949 silentimn
1357 2896 1424 2951 de
1482 2898 1700 2966 prolatis
1731 2912 1759 2951 a
1816 2909 1866 2952 te
1914 2910 2098 2954 contra

519 3000 642 3039 eum
694 2983 1079 3052 blasphemiis?
1132 2986 1196 3040 Et
1242 2986 1502 3056 siqu‘dem
1534 2996 1585 3041 te
1616 2989 1983 3042 tantummodo
2010 2991 2099 3043 la!-

518 3075 677 3132 deres
727 3075 927 3130 docens
976 3076 1073 3130 ista
1128 3076 1214 3130 vel
1267 3078 1537 3143 sentiens,
1594 3078 1895 3134 Sollicitudo
1943 3080 2098 3134 nobis

520 3166 694 3223 minor
736 3167 993 3221 existeret
1041 3181 1208 3221 :cum
1265 3182 1392 3222 vero
1438 3177 1600 3223 totam
1651 3171 2099 3226 scanutalizaveris

514 3258 836 3323 Ecclesiam,
868 3269 922 3314 et
962 3258 1277 3314 fermentum
1308 3260 1534 3315 insolita:
1565 3262 1839 3329 pravitatis
1870 3274 1921 3316 et
1948 3278 2098 3317 novae

515 3349 738 3417 haeresis
787 3349 1065 3404 miscueris
1116 3351 1172 3404 in
1224 3352 1433 3419 pupulis
1489 3366 1587 3406 nec
1638 3362 1841 3405 tantum
1898 3352 2096 3407 ibidem

515 3442 728 3511 positis,
760 3440 851 3495 sed
903 3440 1099 3505 ubique
1145 3442 1579 3508 consistentibus,
1614 3458 1733 3496 nam
1766 3452 1971 3496 tuarum
2004 3458 2095 3497 ex-

512 3532 843 3599 positionum
902 3530 1022 3583 libri
1052 3546 1143 3597 pcr
1197 3541 1389 3585 cuncta
1430 3533 1628 3600 vulgati
1658 3542 1815 3597 sunt;
1847 3548 1964 3599 qua:
1999 3548 2094 3600 pro

508 3631 697 3687 nostro
753 3621 969 3675 silentio
1016 3621 1156 3674 ratio
1186 3622 1322 3674 ultra
1366 3623 1448 3676 vel
1501 3622 1866 3677 excusationis
1911 3637 2092 3676 sermo

505 3713 736 3775 sufﬁciat
782 3692 889 3765 aut,
918 3711 1187 3781 quomodo
1231 3727 1333 3765 non
1388 3726 1615 3767 necesse
1664 3714 1737 3766 sit
1787 3713 2092 3768 meminisse

505 3804 703 3869 Christi
754 3802 966 3867 Domini
1009 3802 1086 3856 sic
1138 3801 1366 3856 dicentis
1412 3802 1583 3859 :Non
1614 3804 1796 3870 putetis
1823 3805 1961 3873 quod
2006 3820 2089 3857 ce-

503 3895 663 3949 nerim
684 3911 857 3961 pacem
884 3895 1080 3957 mittere
1107 3894 1159 3948 in
1190 3904 1400 3960 terram,
1429 3895 1518 3948 sed
1548 3896 1797 3966 gladium,
1822 3896 1931 3948 veni
1958 3897 2088 3949 enim

500 4002 743 4054 separare,
789 3986 1046 4039 hominem
1091 3985 1335 4061 adversus
1381 3996 1573 4053 patrem
1603 4002 1753 4039 suum
1787 4027 1800 4049 ,
1829 3998 1875 4039 et
1925 3988 2087 4054 [illam

499 4079 744 4133 adversus
772 4087 988 4130 matrem
1016 4078 1200 4130 suam?
1239 4076 1369 4131 Nam
1417 4094 1535 4131 cum
1571 4078 1779 4131 lzetlitur
1808 4079 1959 4142 ﬁdes,
1993 4094 2083 4147 pa-

498 4184 707 4230 rentum
740 4174 1045 4228 reverentia
1077 4174 1219 4240 velut
1254 4171 1455 4225 inutilis
1486 4180 1540 4224 et
1570 4171 1867 4238 periculosa
1890 4171 2084 4239 deSpi-

495 4242 666 4326 citur,
710 4272 764 4318 et
824 4278 976 4316 amor
1014 4277 1141 4329 erga
1194 4260 1331 4328 ﬁlios
1379 4260 1677 4329 fratresque
1728 4260 1945 4315 vitatur.
2000 4262 2080 4316 Ad

496 4363 827 4423 postremum
858 4353 1017 4406 etiam
1046 4366 1208 4419 super
1252 4351 1419 4417 ipsam
1465 4353 1627 4405 vitam
1658 4367 1803 4407 mors
1838 4353 2012 4420 potius
2049 4369 2077 4407 a

501 4426 606 4515 piis
631 4443 756 4498 \iris
784 4443 1017 4516 eligitur,
1047 4428 1102 4495 ut
1128 4443 1400 4498 meliorem
1433 4446 1907 4509 resurrectionem,
1938 4448 2075 4499 sicut

492 4540 749 4608 scriptum
797 4547 907 4603 est,
938 4546 1355 4606 consequantur.
1413 4539 1549 4595 Ecce
1589 4539 1765 4607 itaque
1814 4550 1863 4592 te
1912 4541 2072 4593 simul

492 4643 612 4682 cum
658 4639 839 4682 sancta
868 4628 1075 4697 synodo
1115 4642 1231 4697 quae
1276 4628 1414 4696 apud
1464 4630 1693 4698 amplam
1724 4631 1913 4685 urbem
1968 4631 2075 4685 Ro-

491 4733 634 4771 mam
688 4706 1005 4790 cungregata
1067 4706 1199 4795 est,
1242 4721 1564 4793 praesidente
1620 4723 1963 4777 sanctissimo
2018 4734 2074 4778 et

489 4811 938 4883 venerantissimo
990 4810 1155 4867 fratre
1198 4822 1251 4866 ct
1302 4800 1684 4870 consacerdute
1735 4827 1918 4873 nostro
1946 4817 2070 4873 Coe-

487 4901 686 4958 lestino
727 4888 1007 4971 episeopo,
1050 4890 1130 4955 bis
1161 4904 1377 4989 scriptis
1406 4906 1674 4970 synodicis
1709 4915 1760 4961 te
1782 4908 1890 4973 jam
1915 4910 2072 4963 tertio

485 4999 857 5058 convenimus,
888 4995 1170 5065 consilium
1203 4996 1390 5050 dantes
1416 5007 1474 5051 ut
1500 5012 1527 5049 a
1562 5007 1665 5052 tam
1696 5000 1872 5067 pravis
1901 5000 2071 5054 absti-

486 5106 613 5145 neas
643 5090 991 5157 distortisque
1038 5072 1400 5158 dogmatibus,
1455 5104 1573 5159 quae
1632 5098 1686 5143 et
1734 5078 1938 5144 sentire
1968 5108 2071 5148 co-

484 5182 759 5251 gnosceris
817 5192 871 5237 et
917 5181 1143 5256 docere;
1203 5180 1432 5255 recipias
1473 5195 1599 5236 vero
1649 5179 1806 5235 ﬁdem
1864 5192 2065 5237 rectam

486 5274 740 5329 Ecclesiis
786 5288 878 5336 per
908 5272 1251 5329 beatissimos
1299 5262 1575 5343 apostolos
1620 5281 1674 5339 et
1715 5276 2067 5344 evangeliStas

482 5374 551 5419 at)
582 5365 732 5418 initio
786 5363 1052 5429 traditam,
1078 5348 1175 5433 qui
1202 5350 1260 5419 et
1307 5352 1479 5422 oculis
1510 5353 1863 5435 inspexerunt
1889 5379 1940 5422 et
1965 5372 2067 5423 mf-

482 5456 637 5508 nistri
670 5455 814 5511 verbi
842 5454 1003 5507 fuisse
1034 5466 1417 5527 monstrantur.
1471 5459 1624 5525 Quod
1657 5458 1704 5515 si
1748 5461 1848 5515 huc
1880 5460 2066 5529 religio

487 5560 571 5601 tua
615 5551 787 5602 lacere
818 5547 1088 5623 distulerit
1126 5546 1273 5615 juxta
1306 5550 1611 5606 dilationem
1665 5553 1857 5607 litteris
1889 5552 2062 5622 prtuli-

557 5690 580 5717 "
627 5682 704 5735 Ex
739 5682 985 5736 omnibus
1028 5681 1329 5768 Codicrbus.
1366 5683 1419 5767 In
1448 5688 1535 5751 5.,
1570 5686 1809 5767 primunt.

2224 1485 2386 1540 nitam
2445 1491 2763 1547 sanctissimi
2820 1502 2874 1549 et
2918 1498 3347 1555 venerantissimi
3401 1508 3781 1566 consacerdotis

2218 1580 2323 1648 81
2367 1583 2534 1635 nostri
2585 1584 2839 1640 Romanae
2892 1590 3135 1657 praesulis
3194 1592 3447 1650 Ecclesia:
3497 1597 3777 1668 leestiui,

2147 1692 2191 1752 Β
2219 1669 2355 1723 scias
2386 1680 2438 1724 te
2482 1674 2683 1728 nullam
2732 1689 2930 1731 sortem
2964 1677 3049 1750 [T.
3081 1679 3133 1745 1,
3193 1684 3420 1756 partem]
3478 1689 3670 1745 habere
3698 1708 3779 1745 no-

2217 1759 2442 1828 hiscum,
2471 1778 2568 1817 nec
2596 1764 2769 1820 locum
2799 1777 2887 1822 aut
2913 1771 3236 1838 colloquium
3266 1788 3387 1829 cum
3423 1777 3517 1831 Dei
3545 1784 3781 1837 sacerdo-

2215 1850 2351 1905 tibus
2396 1860 2449 1908 et
2480 1856 2746 1925 episcopis
2775 1859 3038 1917 obtinere.
3093 1862 3207 1917 Non
3240 1866 3380 1920 enim
3423 1866 3503 1922 fas
3558 1883 3636 1925 est
3662 1889 3779 1928 con-

2213 1951 2453 1997 temnere
2496 1960 2593 1999 uos
2640 1947 2908 2003 Ecclesias
2940 1952 3007 2003 ita
3050 1952 3290 2008 turbatas
3320 1968 3373 2010 et
3404 1960 3780 2018 scandalizatus

2212 2034 2436 2101 pupulos
2469 2034 2736 2103 ﬁdemque
2768 2040 3121 2094 rectissimam
3151 2043 3428 2109 violatam,
3477 2046 3777 2116 dissipatum

2208 2124 2334 2193 quin
2357 2125 2518 2180 etiam
2551 2144 2762 2199 gregem
2790 2147 2949 2200 quem
2979 2134 3255 2191 custodire
3285 2137 3572 2203 debueras,
3620 2144 3780 2213 siqui-

2208 2214 2331 2271 dem
2382 2217 2533 2285 juxta
2585 2234 2681 2274 nos
2731 2231 2941 2277 amator
2993 2226 3125 2279 recti
3167 2224 3434 2295 dogmatis
3484 2233 3780 2291 exsﬁtisses

2208 2317 2515 2361 sanctorum
2551 2309 2767 2365 Patrum
2810 2312 3033 2383 vestigia
3079 2316 3162 2382 pia
3194 2329 3532 2375 consectans.
3581 2324 3779 2379 Omnes

2207 2396 2384 2465 itaque
2429 2414 2565 2466 quos
2624 2414 2838 2470 prepter
2889 2403 3046 2457 ﬁdem
3092 2415 3179 2459 tua
3238 2409 3422 2476 religio
3466 2425 3495 2464 a
3547 2426 3782 2468 commu-

2207 2485 2365 2541 nione
2395 2490 2623 2543 removit
2673 2501 2764 2545 aut
2792 2492 2860 2546 ab
2910 2494 3099 2550 ordine
3153 2510 3251 2551 suo
3300 2498 3566 2568 deposuit,
3623 2503 3781 2560 laicus

2146 2630 2157 2639 _
2206 2587 2296 2632 aut
2339 2581 2586 2647 clericos,
2629 2581 2682 2636 in
2730 2595 2967 2638 nostram
3018 2589 3453 2645 communionem
3502 2593 3780 2662 recipimus

2206 2668 2314 2740 [T.,
2346 2672 2395 2735 1,
2428 2670 2483 2736 2,
2515 2670 2607 2738 0.,
2636 2674 2943 2747 recipimus]
2978 2694 2992 2730 :
3025 2693 3131 2732 non
3160 2679 3303 2734 enim
3349 2682 3552 2750 justum
3582 2696 3665 2740 est
3687 2701 3813 2742 eos.

2205 2761 2307 2814 tuis
2335 2762 2564 2818 decretis
2586 2766 2815 2833 opprimi
2838 2768 2928 2835 qui
2967 2778 3229 2824 noverunt
3262 2781 3403 2826 recta
3433 2776 3657 2841 sentire,
3687 2780 3779 2846 qtti

2202 2852 2361 2906 etiam
2394 2854 2529 2910 bene
2572 2856 2831 2912 facientes
2853 2859 2948 2913 tibi
2991 2862 3407 2930 prudentissime
3436 2868 3780 2934 restiterunt;

2204 2943 2306 2999 huc
2337 2944 2475 3000 idem
2510 2960 2739 3018 namque
2770 2949 2821 3002 in
2861 2951 3087 3019 epistola
3117 2968 3277 3021 quam
3308 2955 3502 3010 misisti
3544 2959 3611 3012 ad
3645 2974 3782 3026 pra:-

2126 3037 2375 3105 Csulem
2448 3041 2639 3107 amplae
2718 3040 2902 3097 Romae
2976 3052 3220 3098 sanctum
3284 3054 3341 3100 et
3409 3049 3784 3118 coepiscopum

2201 3138 2444 3185 nostrum
2473 3131 2823 3188 Caelestinum
2854 3135 3159 3205 signiﬁcare
3208 3140 3426 3194 curasti.
3458 3140 3573 3196 Non
3602 3153 3784 3201 autem

2198 3223 2395 3277 sufﬁcit
2447 3235 2551 3278 tua:
2601 3226 2846 3295 religioni
2895 3229 3231 3285 solummodo
3293 3231 3415 3286 ﬁdei
3478 3235 3784 3303 symbolum

2198 3314 2441 3368 conﬁteri
2470 3315 2611 3384 quod
2636 3317 2938 3384 expositum
2967 3326 3048 3372 est
3083 3334 3177 3387 per
3201 3320 3341 3374 idem
3374 3331 3581 3391 tempus
3608 3327 3784 3382 sancti

2196 3405 2427 3471 Spiritus
2454 3407 2695 3475 largitate
2717 3423 2745 3460 a
2770 3410 3074 3463 venerando
3096 3420 3149 3464 et
3167 3426 3358 3479 magno
3383 3414 3619 3469 concilio
3641 3418 3787 3484 apud

2195 3494 2424 3550 Nicaeam
2474 3510 2829 3566 congregato;
2863 3499 2962 3554 hoc
2990 3502 3131 3554 enim
3184 3517 3282 3556 nec
3329 3504 3648 3561 intellexisti
3684 3524 3787 3564 nec

2195 3600 2339 3641 recte
2389 3588 2769 3657 interpretatus
2799 3605 2879 3655 es,
2904 3592 3148 3658 quinimo
3180 3608 3456 3661 perverse,
3490 3596 3615 3650 licet
3646 3614 3788 3651 sonu

2192 3680 2341 3735 vocis
2391 3684 2579 3735 eadem
2627 3683 2787 3737 verba
2822 3685 3111 3753 protuleris
3161 3703 3173 3738 :
3205 3689 3301 3740 sed
3333 3701 3670 3756 consequens
3697 3703 3790 3748 est

2192 3786 2243 3829 et
2266 3774 2611 3844 jurejurando
2645 3776 2799 3831 fateri
2826 3787 2896 3842 te,
2925 3780 3068 3847 quod
3111 3782 3529 3836 anathematizes
3558 3783 3788 3851 quidem

2192 3873 2279 3918 tua
2309 3866 2507 3933 polluta
2539 3876 2593 3921 et
2625 3867 2843 3935 profana
2869 3869 3138 3937 dogmata,
3162 3873 3361 3925 sentias
3391 3882 3570 3928 autem
3592 3884 3649 3928 et
3676 3875 3791 3930 do-

2189 3970 2312 4011 ceas
2340 3974 2459 4026 qua:
2492 3973 2588 4011 nos
2628 3960 2859 4013 universi
2905 3976 2998 4027 per
3036 3961 3308 4016 Orientem
3349 3978 3444 4018 seu
3495 3980 3589 4031 per
3621 3968 3791 4019 Occi-

2188 4047 2400 4101 dentem
2430 4049 2667 4117 episc0pi
2698 4060 2749 4103 et
2778 4050 3015 4119 magistri
3050 4053 3413 4120 prtesulesque
3455 4058 3791 4123 pupulorum

2187 4139 2457 4195 credimus
2504 4150 2558 4197 et
2592 4142 2869 4196 docemus.
2920 4144 3169 4210 Epistolis
3216 4156 3391 4200 autem
3442 4146 3511 4201 ab
3542 4148 3791 4205 Alexan-

2185 4234 2334 4289 drina
2366 4244 2466 4287 tua:
2494 4234 2732 4303 religioni
2757 4235 2978 4290 directis
3012 4235 3247 4289 Ecclesia
3277 4252 3602 4292 consensum
3635 4255 3787 4308 prte-

2187 4326 2297 4379 bnit
2345 4332 2450 4378 tam
2510 4339 2573 4378 ea
2627 4341 2746 4393 qum
2799 4327 2937 4394 apud
2996 4327 3179 4381 urbem
3236 4328 3458 4383 Romam
3512 4334 3789 4387 convenit

2111 4394 2161 4454 θ
2186 4427 2368 4472 sancta
2400 4418 2663 4486 synodus,
2695 4432 2850 4486 quam
2884 4420 3042 4472 etiam
3074 4434 3170 4472 nos
3210 4434 3397 4473 omnes
3424 4423 3566 4475 velut
3622 4435 3790 4479 recte

2183 4508 2832 4574 irieprclaensibiliterque
2885 4509 3225 4579 conscriptis.
3292 4510 3648 4567 Subdidimus
3684 4531 3794 4567 an-

2181 4611 2284 4653 tem
2304 4599 2389 4653 his
2413 4601 2610 4653 nostris
2637 4601 2978 4667 litteris,qu:n
3002 4610 3053 4654 te
3076 4603 3279 4656 sentire
3309 4612 3557 4670 oporteat
3584 4615 3640 4659 et
3677 4607 3786 4660 do-

2176 4706 2322 4757 cere,
2351 4699 2404 4745 et
2430 4706 2459 4744 a
2490 4692 2681 4760 quibus
2709 4692 2980 4746 abstinere
3009 4694 3324 4759 conveniat;
3363 4694 3477 4748 haec
3505 4707 3587 4750 est
3620 4698 3791 4752 enim

2177 4784 2306 4837 fides
2336 4783 2613 4837 catholicae
2649 4785 2897 4839 Ecclesia:
2938 4786 3021 4838 cui
3072 4787 3251 4841 cuncti
3281 4792 3625 4843 consentiunt
3686 4808 3793 4845 or-

2175 4873 2389 4928 thodoxi
2424 4889 2518 4941 per
2556 4873 2827 4928 Orientem
2859 4876 3314 4946 Occidentemque
3344 4879 3653 4945 pontiﬁces.

2243 4988 2524 5044 Credimus
2550 4989 2600 5042 in
2625 5003 2788 5041 unum
2820 4989 2988 5043 Deum
3044 4990 3255 5044 Patrem
3303 4991 3787 5058 omnipotentem,

2172 5082 2408 5135 omnium
2441 5078 2735 5133 visibilium
2760 5088 2814 5133 ct
2844 5080 3187 5134 invisibilium
3212 5081 3551 5135 conditorem
3586 5101 3599 5135 :
3634 5086 3789 5138 etin

2171 5190 2331 5228 unum
2365 5174 2645 5227 Dominum
2679 5172 2864 5227 Jesum
2889 5172 3162 5227 Christum
3197 5174 3387 5228 Filium
3422 5167 3512 5230 Dei
3574 5186 3789 5230 natum

2169 5268 2235 5321 de
2258 5266 2413 5321 Patre
2434 5267 2760 5335 unigenitum
2779 5306 2794 5330 ,
2823 5265 2923 5319 hoc
2949 5275 3032 5319 est
3057 5280 3120 5321 ex
3147 5264 3227 5337 [Β.
3258 5267 3351 5329 Π..
3385 5266 3448 5319 Ε.
3475 5267 3531 5335 5,
3557 5266 3661 5330 U.,
3683 5266 3789 5337 de]

2167 5359 2463 5415 substantia
2497 5360 2689 5424 Patris,
2727 5360 2891 5412 Deum
2923 5374 2989 5414 ex
3024 5360 3163 5426 Deo,
3197 5361 3373 5415 lumen
3417 5375 3483 5414 ex
3527 5361 3784 5425 lumine,

2168 5452 2331 5506 Deum
2356 5467 2538 5506 verum
2560 5467 2623 5506 ex
2655 5452 2764 5505 Deo
2805 5466 2953 5515 vero,
2988 5463 3189 5516 natum,
3228 5468 3333 5505 non
3385 5452 3581 5507 factum
3610 5494 3626 5516 ,
3669 5454 3789 5506 ho-

2166 5544 2407 5598 monsiun
2450 5542 2592 5595 Patri
2621 5542 2721 5596 hoc
2750 5551 2833 5597 cst
2861 5544 3015 5598 unius
3041 5557 3162 5597 cum
3207 5542 3365 5597 Patre
3414 5543 3788 5607 substantiae,

2237 5681 2360 5755 βΕχ
2383 5680 2492 5759 43.,
2526 5681 2587 5737 Τ.
2612 5682 2665 5749 2,
2696 5680 2756 5736 υ.
2782 5681 2836 5736 in
2866 5682 2995 5737 A.ct
3014 5682 3230 5751 reliquis
3261 5683 3395 5736 item
3423 5697 3777 5738 ccccuvus.
