2036 3088
189 113 242 141 155

672 116 872 147 οιυεεοιιυιι
892 117 1061 147 CONCILIA.
1081 134 1116 141 —-
1136 121 1346 152 EPHBSINUH.

1771 131 1823 159 155

185 182 236 209 per.
249 180 329 209 quem
344 173 436 202 omnia
450 174 517 202 tacta
532 180 594 203 sunt
608 175 634 203 in
646 176 716 204 caelo
729 181 757 204 et
772 178 798 204 in
813 181 883 205 terra
896 182 919 210 η,
934 178 979 213 qui
994 177 1017 206 Α
1031 178 1102 206 enim
1121 179 1234 207 Verbum
1247 181 1405 209 habitaverit
1418 182 1445 209 in
1467 183 1554 217 nobis,
1567 190 1594 213 et
1613 185 1714 214 dictum
1737 189 1773 216 sit
1793 191 1820 218 in

185 226 297 255 propter
316 228 367 248 nos
395 222 519 249 homines
539 226 567 249 et
591 228 699 257 propter
721 228 840 250 nostram
866 224 980 251 salutem

184 267 327 294 descendit
337 272 364 294 et
377 267 530 294 incarnatus
543 273 597 299 est,
617 273 644 295 et
668 268 748 295 homo
774 269 859 296 laetus
885 276 980 304 passus

183 318 235 346 est,
250 317 278 340 et
291 321 437 348 resurgens
451 313 495 349 [8.
510 314 556 346 R.,
573 313 616 347 1'.,
631 314 659 347 Ξ,
675 315 832 350 resurrexit]
847 316 924 342 tertia
937 315 980 343 die

186 359 309 385 ascendit
324 359 350 385 in
365 360 464 391 caelos;
480 359 542 386 inde
562 365 691 388 venturus
714 361 769 395 82
793 365 836 387 est
859 360 980 394 judicare

186 403 261 428 vivos
275 407 303 429 et
314 407 437 430 mortuos
450 411 456 428 :
469 409 496 430 et
511 404 537 429 in
548 404 676 436 Spiritum
685 407 816 431 sanetum.
830 404 881 431 Eos
891 409 979 432 autem

185 447 231 480 qui
247 447 342 474 dicunt
358 455 365 473 :
382 453 440 474 erat
454 453 559 483 tempus
574 450 681 483 quando
700 456 753 476 non
774 455 842 482 erat,
854 454 881 477 et
902 455 980 478 ante-

186 499 266 525 quam
282 497 437 520 nasceretur
451 501 504 520 non
518 498 592 526 erat,
608 500 636 521 et
649 493 711 529 quia
726 502 758 521 ex
776 495 854 522 nullis
869 500 980 523 exstan-

189 537 258 563 tibus
270 538 354 563 iactus
369 543 410 564 est
432 544 477 565 aut
495 547 526 565 ex
552 540 606 565 alia
628 540 775 566 substantia
799 540 841 567 vel
865 542 980 568 essentia

188 583 279 609 dicant
294 591 365 617 esse,
381 588 426 610 aut
449 584 651 611 convertibilcm
676 590 722 612 aut
746 584 801 621 [E.
817 587 844 618 5,
862 585 891 613 T.
911 586 935 618 Ι,
951 585 978 620 2,

186 627 234 663 et]
264 629 482 656 commutabilem
510 630 554 657 Dei
581 630 676 657 Filium
700 629 715 650 δ
741 638 749 657 :
774 630 980 659 anathetttalizat

188 674 324 701 catholica
338 680 365 701 et
380 676 524 709 apostolica
539 675 668 703 Ecclesia.

221 720 373 753 Seqttcutes
390 728 399 740 ε
414 722 501 755 itaque
526 729 573 754 per
595 722 683 749 omnia
702 727 854 750 sanctorum
870 724 979 751 Patrum

184 765 388 797 conlessiones,
412 774 477 801 quas
499 767 624 801 loquente
647 768 672 794 iu
697 768 736 795 eis
759 773 853 796 sancto
878 769 979 802 Spiritu

185 812 365 843 protulerunt,
380 816 407 838 et
422 812 562 839 intentioni
579 821 638 847 quze
653 808 734 843 estfin
758 821 851 841 eorum
875 814 980 841 intelle-

1031 224 1138 252 Christo
1153 226 1275 254 habitare
1287 231 1394 256 omnem
1411 229 1604 263 plenitudinem
1626 233 1734 261 deitatis
1758 242 1820 263 eor-

1032 269 1159 303 poraliter
1168 277 1194 298 et
1209 274 1476 309 tamenintelligimus
1484 283 1556 310 cum,
1566 278 1636 312 quod
1648 286 1712 306 caro
1723 279 1820 313 factus.

1032 322 1084 342 non
1098 316 1167 343 sicut
1182 317 1207 344 in
1231 319 1330 346 sanctis
1351 319 1469 348 habitare
1488 321 1666 357 dieatur,_nec
1692 326 1770 353 talem
1793 327 1819 354 in

1033 360 1093 394 ipso
1111 362 1301 391 habitationem
1318 365 1414 392 factam
1437 366 1550 395 delinire
1570 370 1746 403 tentavimus;
1771 372 1818 398 sed

1034 408 1123 435 unitus
1133 408 1208 442 juxta
1224 415 1345 438 naturam
1357 420 1406 439 nec
1420 412 1445 439 in
1457 420 1564 440 carnem
1577 416 1683 449 penitus
1698 424 1819 444 commu-

1033 458 1101 481 tatus
1113 455 1190 481 talem
1203 456 1253 483 sibi
1269 456 1331 484 fecit
1345 457 1535 485 habitationem
1555 460 1660 493 qualem
1681 466 1708 487 et
1730 462 1817 489 anima

1032 501 1147 528 nominis
1163 502 1261 529 ltabere
1275 503 1393 530 creditur
1407 504 1438 530 ad
1455 505 1591 539 proprium
1612 513 1718 540 corpus.
1745 507 1819 535 Unus

1031 545 1111 580 igitur
1136 553 1177 574 est
1198 548 1340 581 Christus,
1366 549 1449 577 Filius
1473 555 1499 577 et
1522 551 1658 583 Dominus,
1681 560 1731 579 non
1747 553 1819 580 velut

1030 593 1246 626 coniunctionem
1270 594 1417 628 quamlibet
1441 595 1466 621 in
1500 596 1600 623 unitate
1625 597 1761 632 dignitatis
1792 604 1819 626 et

1030 637 1196 665 auctoritatis
1209 638 1323 666 hominis
1335 639 1457 667 ltabentis
1469 641 1501 666 ad
1513 640 1607 673 Deum,
1619 650 1670 669 non
1681 644 1753 670 enim
1771 651 1820 677 po.

1031 687 1084 710 test
1095 684 1171 711 unire
1187 688 1297 712 naturas
1311 685 1368 712 sola
1383 685 1520 720 dignitatis
1534 687 1684 721 aequalitas.
1702 688 1820 724 Denique

1031 730 1126 758 Petrus
1140 736 1167 758 et
1178 731 1293 759 Joannes
1301 732 1418 766 aequales
1429 738 1492 761 sttnt
1502 733 1658 761 alterutrum
1671 735 1819 770 dignitatis,

1031 779 1139 810 propter
1166 777 1237 811 quod
1264 782 1292 804 et
1313 778 1430 811 apostoli
1455 782 1483 806 et
1504 779 1587 806 sancti
1615 779 1737 814 discipuli
1760 787 1820 807 esse

1032 825 1224 854 monstrantur,
1240 828 1424 850 verumtamen
1436 827 1548 858 uterque
1559 831 1610 850 non
1624 831 1693 851 unus
1707 829 1758 856 est,
1771 832 1820 851 nec

183 856 270 883 “ibus
285 857 370 891 ίυίιυῖε
393 858 510 891 νοειίμίίε
536 858 708 891 ίιι¹¹ίυτθηιθ³ν
720 863 800 893 atque
816 860 867 887 ile?
882 860 976 886 ambu-
994 859 1016 888 Β
1029 865 1104 899 juxta
1119 866 1286 893 collationem
1302 867 1343 894 vel
1355 856 1550 895 connexion'em
1575 868 1682 895 modum
1706 869 1820 903 conjun-

183 903 271 928 lantcs
300 903 400 936 regium
428 904 583 937 protitcmur
608 904 677 938 quod
699 904 786 938 ipsum
811 905 977 940 unigenitum

185 948 232 974 hei
250 947 367 975 Verbum
383 949 428 975 Dei
446 954 535 976 natum
556 957 588 976 ex
614 952 670 984 ipsa
697 951 784 978 Putris
804 952 930 984 essentia,
946 952 979 979 de

185 992 240 1019 Deo
256 1001 320 1020 vero
336 994 405 1020 Detts
426 1002 514 1025 verus,
536 996 624 1022 lumen
650 996 683 1024 de
705 996 815 1029 lumine,
829 1005 876 1030 per
898 1005 977 1030 quem

181 1039 271 1065 omnia
288 1039 354 1065 facta
368 1044 431 1066 sunt
446 1041 503 1067 sive
519 1041 543 1067 in
560 1042 635 1069 caelis
645 1041 701 1069 sive
716 1042 742 1069 in
757 1047 826 1069 terra
839 1042 848 1078 [
862 1042 893 1069 Τ.
909 1044 934 1076 1,
951 1043 977 1070 in

183 1085 263 1111 terris
277 1083 296 1119 1,
313 1086 406 1112 salutis
421 1091 519 1112 nostrre
529 1094 607 1113 causa
625 1087 792 1115 descendens
806 1088 839 1115 ad
853 1088 977 1116 exinani-

182 1130 284 1156 tionem
299 1138 358 1157 sese
368 1131 492 1165 dignatus
507 1137 548 1158 est
563 1133 700 1160 inclinare.
719 1132 877 1161 lncarnatus
887 1139 976 1162 autetn

183 1179 213 1201 et
229 1175 311 1201 homo
331 1175 424 1207 lactus.
442 1176 467 1203 id
494 1182 533 1204 est
554 1185 663 1204 carnem
690 1178 725 1206 de
750 1178 857 1213 Virgine
885 1184 976 1207 sancta

183 1221 337 1254 suscipiens
349 1241 357 1253 ,
379 1229 488 1255 eamque
514 1223 648 1256 propriam
670 1223 773 1251 faciens
786 1244 794 1257 ,
810 1224 975 1252 nativitatem

181 1271 305 1292 nostram
320 1274 353 1293 ex
368 1268 442 1293 vulva
459 1268 597 1300 sustinuit,
614 1269 695 1296 homo
705 1270 739 1296 de
751 1269 868 1297 muliere
882 1277 976 1304 proce-

179 1312 246 1339 dens
263 1312 342 1348 [./E.,
359 1314 515 1349 prodiens],
534 1323 582 1341 nec
593 1315 663 1349 quod
675 1321 731 1343 erat
744 1316 883 1350 abjiciens.
908 1315 974 1343 Nam
990 1309 997 1319 ’

177 1359 241 1386 licet
263 1359 347 1386 tactus
368 1362 403 1387 sit
426 1361 451 1387 in
470 1362 651 1395 assumptione
671 1363 760 1390 carnis
779 1368 807 1390 et
825 1364 973 1398 sanguinis,

177 1409 266 1430 tamen
281 1405 360 1432 etiam
375 1407 414 1434 sic
430 1406 498 1440 quod
525 1412 583 1434 erat
610 1408 679 1435 Deus
703 1413 797 1436 natura
824 1410 927 1436 scilicet
947 1413 975 1436 et

175 1451 288 1477 veritate
301 1452 457 1484 persistens.
470 1452 523 1479 Nec
537 1460 645 1480 carnem
657 1455 745 1488 itaque
758 1454 873 1481 dicimus
887 1456 912 1481 in
926 1462 973 1482 na-

176 1502 263 1523 turam
277 1498 384 1524 deitatis
404 1506 463 1525 esse
474 1506 641 1533 conversam,
659 1507 710 1527 nec
724 1501 899 1528 substantiam
913 1509 971 1528 car-

1030 911 1129 938 ctionis
1144 912 1308 939 advertimus
1322 921 1327 938 :
1349 914 1400 940 hoc
1411 914 1483 940 enim
1494 913 1526 940 ad
1543 913 1670 941 unitatem
1688 921 1741 940 non
1763 913 1819 940 suf-

1031 956 1258 990 licituaturalem,
1275 965 1326 985 nec
1349 959 1494 986 secundum
1519 958 1731 993 participazionis
1755 958 1819 986 eﬂ‘e-

1028 1007 1099 1029 etttm
1113 1002 1171 1039 [E.,
1186 1002 1219 1030 Β.
1235 1003 1284 1036 R.,
1300 1004 1448 1039 all'ecluml,
1463 1005 1532 1032 sicut
1558 1013 1607 1032 nos
1629 1006 1708 1032 etiant
1731 1006 1819 1033 adhae-

1030 1052 1118 1076 rentes
1143 1050 1255 1077 Domino
1277 1058 1346 1078 unus
1369 1058 1428 1077 cum
1449 1058 1482 1078 eo
1506 1051 1615 1086 spiritus
1639 1059 1741 1085 sumus,
1765 1052 1818 1079 imo

1029 1093 1116 1127 potius
1136 1093 1335 1128 conjunctionis
1347 1103 1445 1122 nomen
1458 1096 1590 1123 evitamus
1613 1100 1739 1129 tanquam
1764 1105 1817 1124 non

1028 1139 1146 1168 existens
1160 1145 1171 1159 °
1186 1141 1311 1168 idoneum
1326 1142 1397 1177 quod
1409 1142 1542 1177 signiﬁcet
1554 1142 1663 1169 unitatis
1677 1150 1817 1171 arcanum.

1027 1185 1078 1213 Sed
1090 1194 1176 1221 neque
1191 1186 1276 1214 Deum
1292 1192 1338 1214 aut
1363 1187 1505 1215 Dominum
1527 1188 1626 1215 Christi
1649 1187 1719 1224 [U.,
1742 1188 1817 1215 Chri-

1026 1232 1117 1266 stum]
1132 1232 1248 1260 Verbum
1266 1233 1312 1260 Dei
1328 1233 1415 1260 Patris
1427 1233 1584 1265 asserimus,
1601 1240 1636 1260 ne
1651 1233 1748 1260 iterum
1759 1240 1817 1260 ma-

1027 1277 1151 1305 nifestius
1175 1278 1201 1305 in
1224 1279 1277 1305 duo
1297 1278 1449 1305 dividamus
1464 1286 1544 1305 unum
1558 1278 1705 1311 Christum,
1721 1278 1816 1306 Filium

1027 1328 1054 1350 et
1083 1324 1240 1356 Dominum,
1266 1328 1293 1350 et
1319 1325 1344 1350 in
1367 1324 1468 1351 crimen
1493 1323 1626 1358 sacrilegii
1651 1324 1815 1356 recidamus.

1027 1369 1111 1396 Deum
1123 1369 1159 1396 illi
1171 1377 1200 1397 se
1220 1370 1306 1404 ipsum
1329 1369 1457 1396 facientes
1478 1374 1506 1396 et
1529 1369 1668 1396 Dominum
1695 1376 1702 1396 :
1727 1371 1816 1396 unitus

1026 1414 1122 1448 quippe
1142 1415 1347 1449 sicutsuperius
1363 1415 1488 1447 diximus,
1506 1415 1574 1442 Deus
1597 1414 1715 1442 Verbum
1741 1414 1815 1441 carni

1025 1461 1176 1488 secundum
1186 1462 1388 1489 subsistentiam
1414 1462 1487 1497 [/E.,
1511 1462 1544 1489 B.
1565 1463 1609 1494 IL,
1625 1461 1814 1498 substantiam]

1026 1506 1097 1534 Deus
1111 1508 1218 1542 quidem
1233 1514 1273 1535 est
1292 1508 1410 1535 omnium
1428 1513 1456 1536 et
1470 1508 1621 1535 dominatur
1635 1508 1815 1536 universitati.

176 1543 218 1569 nis
236 1543 261 1569 in
275 1543 438 1571 inell‘abitetn
454 1545 498 1571 Dei
516 1545 594 1572 Verbi
609 1546 751 1573 essentiam
764 1550 966 1581 commutatam,
986 1535 1008 1566 ί)
1027 1535 1214 1581 νει-υηξωητθη
1231 1562 1280 1582 nec
1293 1562 1384 1582 servus
1399 1560 1441 1582 est
1460 1555 1510 1582 sibi
1526 1556 1584 1590 ipse
1608 1562 1656 1582 nec
1680 1555 1814 1587 dominus,

177 1589 393 1617 inconvertibilis
404 1591 473 1617 enim
492 1596 532 1618 est
547 1597 573 1618 et
589 1593 816 1620 incommutabilis
826 1614 832 1625 ,
846 1593 971 1628 idemque

176 1635 321 1669 ipsejuxta
335 1637 488 1670 Scripturas
512 1637 610 1671 jugitvr
635 1645 807 1673 permanens.
830 1639 909 1666 Visus
932 1643 972 1666 est

175 1686 264 1708 autem
280 1689 306 1708 et
324 1684 450 1715 parvu'us
463 1685 563 1716 positus
578 1685 665 1711 adhuc
688 1685 714 1710 in
736 1684 869 1711 cunabilis
894 1689 922 1711 et
945 1685 970 1711 in

174 1728 278 1755 sinibus
297 1728 363 1764 [U.,
378 1730 403 1755 in
419 1730 476 1756 sinu
491 1730 498 1765 ]
514 1730 650 1764 genitricis
667 1731 783 1766 Virginis
798 1732 970 1764 constitutus,

177 1775 330 1801 universam
346 1781 495 1801 creaturam
510 1776 630 1809 replebat
651 1780 679 1802 ut
700 1776 780 1809 Deus,
794 1776 907 1811 genitori
922 1784 971 1803 suo

174 1819 306 1845 indivisus
330 1820 468 1852 existens;
493 1821 563 1854 quod
587 1821 706 1848 divinum
736 1827 777 1848 est
811 1822 883 1848 enim
912 1822 971 1849 sine

174 1866 327 1899 quantitate
343 1872 370 1893 et
386 1868 443 1893 sine
459 1868 527 1893 mole
553 1867 736 1901 Cognoscitur,
751 1875 801 1894 nec
827 1868 888 1894 ullis
917 1873 970 1895 ter-

176 1912 259 1938 tninis
281 1912 443 1938 continetur.
469 1912 577 1938 L‘nituni
600 1920 663 1946 ergo
682 1913 756 1939 carni
783 1913 897 1940 Verbum
923 1913 969 1940 Dei

172 1959 322 1985 secundum
344 1959 545 1984 subsistentiam
561 1956 573 1975 ά
589 1959 755 1989 conﬁtentes,
772 1966 852 1986 unum
874 1958 969 1986 adora-

172 2012 233 2030 tnus
250 2003 348 2030 Filium
363 2009 389 2030 et
404 2004 543 2030 Dominum
557 2003 647 2030 Jcsutn
660 2004 808 2036 Christum,
825 2011 878 2031 non
891 2012 968 2031 seor-

172 2058 232 2077 sum
249 2055 380 2083 ponentes
398 2054 425 2076 et
440 2050 650 2077 deicrminanles
670 2049 806 2077 hominem
831 2054 858 2077 et
883 2050 906 2076 D
923 2058 968 2077 um

173 2095 376 2127 velutjuvii-em
391 2095 440 2121 sibi
462 2095 600 2130 dignitatis
625 2099 652 2122 et
674 2095 842 2122 auctoritatis
868 2096 969 2123 unitate

172 2140 344 2173 conjunctos,
362 2140 413 2166 hoc
428 2141 499 2166 enim
516 2141 620 2166 novitas
631 2140 705 2168 vocis
715 2146 756 2167 est
768 2145 795 2167 et
805 2141 877 2167 aliud
890 2140 967 2174 nihil,

176 2194 223 2213 nec
243 2187 308 2214 item
337 2186 471 2213 Christum
499 2187 655 2219 Specialiler
681 2186 852 2214 nominantes
884 2186 966 2213 Deum

175 2232 289 2259 Verbum
301 2232 372 2265 quod
385 2240 417 2258 ex
433 2232 486 2258 Deo
500 2238 551 2264 est,
565 2240 613 2258 nec
628 2233 743 2259 alterum
755 2232 879 2259 similiter
890 2232 968 2259 Citri-

173 2282 243 2303 slum
259 2277 411 2311 specialiter
425 2279 468 2310 qui
484 2278 517 2303 de
533 2277 645 2304 muliere
659 2281 737 2304 natus
750 2282 787 2304 est
800 2285 808 2310 ;
823 2277 870 2305 sed
885 2285 967 2304 unum

172 2322 343 2349 solummodo
355 2322 487 2348 Christum
502 2322 548 2349 Dei
563 2322 649 2348 Patris
662 2321 777 2349 Verbum
790 2330 848 2349 tum
861 2324 967 2356 propria

173 2376 252 2396 carne
267 2369 465 2402 cognoscimus.
483 2367 556 2394 Tunc
578 2373 588 2386 ε
609 2368 681 2394 enim
701 2368 776 2401 juxta
798 2376 846 2395 nos
873 2374 967 2396 unctus

173 2420 221 2447 est,
237 2415 360 2449 quamvis
372 2414 493 2449 spiritum
512 2415 597 2449 dignis
615 2416 673 2449 ipse
694 2416 840 2443 contulerit
863 2421 891 2442 et
913 2424 967 2443 non

173 2460 204 2487 ad
217 2468 384 2492 mensuram,
398 2461 466 2487 sicut
481 2461 574 2487 beatus
590 2461 752 2495 evangelista
765 2461 882 2489 Joannes
893 2469 967 2490 asse-

173 2509 234 2534 ruit.
250 2508 302 2535 Sed
316 2515 366 2535 nec
382 2508 446 2534 illud
458 2508 572 2534 dicimus
585 2507 656 2540 quod
683 2507 729 2534 Dei
753 2507 869 2534 Verbum
893 2508 967 2535 velut

172 2554 281 2581 homine
295 2554 440 2586 communi,
454 2554 498 2587 qui
514 2553 547 2579 de
561 2557 652 2579 sancta
681 2552 786 2587 Virgine
812 2557 890 2580 natus
911 2558 964 2587 est,

172 2601 305 2627 habitaret
326 2600 391 2636 {U.,
405 2600 450 2632 6.,
468 2598 615 2633 habitarit]
630 2620 638 2631 ,
658 2598 713 2634 83
734 2607 768 2626 ne
788 2599 870 2626 Deum
887 2600 966 2626 homo

171 2645 294 2673 Christus
320 2646 499 2673 habitatorem
529 2646 668 2680 possidere
685 2645 819 2673 credatur.
839 2645 965 2680 Quamvis

207 2707 221 2737 Ρ
241 2702 299 2735 Εη
314 2707 384 2733 sunt,
400 2710 457 2736 qua:
471 2704 498 2729 t'n
510 2704 571 2730 uelo
585 2708 609 2730 ιι
623 2711 679 2737 qva:
689 2703 715 2729 in
728 2707 804 2730 terra.

206 2736 220 2756 δ
246 2738 283 2764 Ex
307 2738 432 2764 omnibus
450 2738 591 2765 Codicibus
610 2736 750 2773 desumpta
768 2738 846 2766 verba
858 2738 905 2765 ι)ιή
918 2739 965 2766 Fi-

166 2773 244 2803 litm,
261 2780 321 2807 quae
337 2773 433 2799 desunt
446 2774 475 2799 in
487 2776 519 2800 Α.

209 2807 310 2843 {11.2,
318 2809 498 2843 substantiam.
518 2808 561 2841 U.,
575 2809 709 2843 jruliliam.

208 2840 223 2861 ⁴
242 2842 300 2876 AL,
317 2842 382 2876 BIL,
399 2843 428 2870 Ε.
440 2843 467 2877 5,
485 2844 541 2877 Τηι
575 2840 603 2877 Ξ,
622 2843 667 2877 υ.,
681 2849 739 2871 tunc
750 2844 814 2871 enim
826 2844 902 2872 etiam

1023 1600 1082 1633 quia
1099 1600 1220 1635 ineptum
1237 1605 1278 1628 est
1290 1601 1330 1628 vel
1343 1601 1432 1635 potius
1445 1601 1553 1635 impium
1577 1600 1628 1627 hoc
1650 1601 1750 1628 sentire
1773 1600 1814 1627 vel

1023 1645 1113 1673 dicere
1130 1647 1269 1679 :quamvis
1282 1647 1355 1673 enini
1371 1647 1454 1674 Deum
1468 1654 1546 1674 suum
1573 1646 1677 1673 Patrem
1705 1646 1813 1677 dixerit,

1022 1693 1081 1717 etim
1097 1690 1167 1717 Deus
1181 1691 1216 1717 sit
1229 1690 1308 1717 etiam
1322 1692 1380 1725 ipse
1396 1695 1490 1717 natura
1501 1695 1528 1718 et
1542 1691 1576 1717 de
1590 1690 1663 1717 illius
1678 1690 1812 1722 essentia;

1023 1741 1111 1763 tamen
1122 1736 1274 1764 nullatenus
1282 1736 1436 1771 ignoramus
1447 1736 1517 1771 quod
1530 1743 1641 1763 manens
1653 1736 1722 1763 Deus
1733 1735 1812 1762 homo

1020 1791 1127 1819 quoque
1142 1784 1227 1811 iactus
1241 1783 1287 1818 sit,
1305 1784 1349 1818 qui
1364 1783 1414 1811 sub
1429 1783 1483 1810 Deo
1496 1783 1568 1818 juxta
1593 1782 1710 1810 debitam
1726 1782 1812 1816 legem

1020 1834 1114 1856 natura
1131 1829 1306 1856 humanitatis
1321 1828 1447 1856 existeret
1474 1837 1480 1854 :
1504 1828 1561 1862 ipse
1583 1835 1647 1855 vero
1671 1827 1722 1855 sibi
1747 1835 1813 1862 quo-

1021 1875 1101 1902 modo
1112 1876 1152 1902 vel
1169 1876 1237 1902 Deus
1252 1875 1350 1909 poterit
1364 1882 1436 1907 esse,
1449 1874 1490 1901 vel
1503 1874 1646 1901 dominus?
1661 1875 1730 1909 Ergo
1744 1874 1812 1902 sicut

1021 1920 1121 1953 homo,
1148 1925 1275 1955 quantum
1304 1920 1435 1947 decenter
1461 1920 1650 1948 exinanitionis
1677 1927 1811 1947 mensurae

1020 1966 1153 2001 congruit,
1168 1967 1217 1993 sub
1246 1966 1303 1993 Deo
1322 1974 1352 1993 se
1377 1967 1515 1994 nobiscum
1531 1974 1591 1994 esse
1605 1967 1742 1999 disseruitl
1759 1967 1812 1994 hoc

1019 2012 1099 2039 etiam
1115 2012 1195 2038 modo
1215 2015 1264 2037 sub
1286 2011 1346 2044 lege
1360 2010 1446 2037 factus
1458 2016 1508 2043 est,
1520 2011 1641 2045 quamvis
1665 2012 1721 2045 ipse
1745 2018 1809 2044 pro-

1019 2056 1179 2090 mulgaverit
1208 2056 1292 2091 legem
1315 2061 1342 2083 et
1364 2056 1498 2090 legislator
1520 2060 1549 2083 ut
1574 2056 1643 2083 Deus
1665 2057 1809 2084 exstiterit.

1018 2102 1149 2129 Cavemtts
1162 2102 1172 2138 [
1185 2102 1231 2135 U.,
1248 2102 1395 2129 Careamus
1406 2101 1415 2137 ]
1427 2106 1515 2129 autem
1531 2104 1564 2129 de
1579 2101 1686 2129 Christo
1696 2103 1786 2130 dicere
1800 2112 1806 2129 :

1019 2153 1129 2183 propter
1140 2153 1321 2175 assumentem
1337 2155 1450 2175 veneror
1463 2154 1641 2183 assumptum.
1657 2152 1685 2175 et
1699 2154 1809 2183 propter

1020 2194 1179 2221 invisibilem
1193 2194 1277 2221 adoro
1290 2194 1434 2222 visibilem.
1451 2195 1617 2222 llorrendum
1642 2202 1709 2223 vero
1729 2202 1810 2229 super

1020 2240 1071 2267 hoc
1084 2241 1163 2266 etiam
1178 2240 1239 2266 illud
1255 2240 1352 2267 docere
1369 2240 1379 2259 ί
1397 2249 1403 2267 :
1420 2241 1443 2268 is
1457 2240 1502 2275 qui
1524 2248 1664 2274 susceptus
1688 2245 1728 2268 est
1748 2247 1808 2267 cum

1019 2293 1052 2313 eo
1065 2286 1109 2320 qui
1125 2287 1242 2320 suscepit
1256 2293 1308 2313 non
1324 2291 1491 2320 nuncupatur
1502 2287 1587 2319 Deus;
1601 2286 1646 2321 qui
1663 2286 1734 2314 enim
1750 2286 1808 2314 hrec

1018 2330 1092 2361 dicit,
1107 2331 1201 2358 dividit
1213 2332 1308 2359 iterum
1322 2333 1347 2358 in
1362 2332 1429 2359 duos
1443 2332 1565 2359 Christus
1589 2339 1650 2359 eum
1674 2332 1718 2366 qui
1741 2340 1809 2360 unus

1018 2383 1070 2409 est,
1084 2377 1219 2404 hominem
1232 2377 1289 2413 84
1303 2385 1424 2405 seorsum
1440 2379 1466 2405 in
1484 2383 1568 2411 parte,
1581 2383 1607 2405 at
1629 2378 1710 2405 Deum
1733 2379 1794 2406 simi

1018 2423 1078 2450 liter
1093 2423 1118 2450 in
1133 2428 1206 2457 parte
1218 2424 1399 2456 constituens;
1411 2423 1550 2453 evidenter
1563 2424 1635 2451 enim
1661 2424 1670 2460 [
1683 2424 1717 2451 U.
1730 2445 1737 2457 ,
1760 2431 1805 2451 au-

1019 2468 1089 2504 tem]
1111 2469 1225 2504 denegat
1237 2470 1368 2497 unitatem
1393 2470 1539 2498 sectmdum
1562 2477 1641 2504 quam
1666 2478 1718 2496 non
1739 2470 1807 2496 alter

1017 2522 1076 2542 cum
1093 2516 1177 2543 altero
1187 2515 1349 2543 coadoratur
1361 2520 1407 2543 aut
1422 2521 1623 2549 conuneupatur
1646 2515 1730 2545 Deus;
1757 2515 1804 2540 sed

1019 2568 1087 2588 unus
1101 2552 1258 2597 inteliigitur
1273 2561 1396 2589 Christus
1407 2562 1487 2588 Jesus
1502 2561 1584 2588 Filius
1608 2560 1655 2586 Dei
1682 2559 1805 2595 unigeni-

1018 2612 1070 2638 tos,
1089 2615 1139 2634 una
1156 2608 1286 2634 servitute
1307 2615 1367 2640 cum
1392 2607 1497 2641 propria
1519 2613 1600 2632 carne
1624 2605 1802 2638 venerandus.

1016 2651 1180 2679 Conlitemur
1193 2652 1284 2684 etiam,
1301 2651 1371 2686 quod
1386 2652 1456 2678 idem
1470 2651 1526 2686 ipse
1539 2651 1582 2685 qui
1596 2658 1629 2678 ex
1641 2651 1700 2678 ’Βυο
1725 2651 1804 2679 Ntre

1053 2712 1065 2726 °
1086 2707 1123 2734 Ex
1135 2707 1240 2734 caeteris
1252 2705 1402 2733 Codicibus.
1418 2706 1445 2732 lu
1462 2708 1506 2739 A.,
1518 2706 1660 2734 emittenda.
1677 2706 1803 2739 Quadam

1015 2747 1103 2769 autem
1121 2742 1199 2776 hujus
1212 2741 1317 2769 Codicis
1329 2741 1390 2768 folia
1408 2741 1459 2768 isto
1474 2742 1636 2777 transposita
1652 2742 1710 2770 luco
1726 2750 1803 2777 rcpc-

1016 2778 1130 2804 tiuntttr.

1053 2811 1061 2831 ¹
1079 2812 1137 2846 ΑΕ..
1151 2812 1215 2847 BIL,
1229 2813 1258 2840 T.
1277 2813 1302 2846 1,
1314 2812 1341 2847 Ξ,
1355 2812 1399 2846 U.,
1415 2813 1507 2840 dicere.
