4072 6176
486 246 590 302 158

490 464 639 502 suam
680 463 872 516 expers
911 450 1172 515 passionis
1209 448 1497 512 exstiterit,
1545 464 1642 515 pro
1691 448 1848 501 nobis
1899 458 2076 502 tamen

490 541 783 594 secundum
812 541 1117 609 Scripturas
1146 556 1307 595 carne
1336 556 1621 607 perpessus
1641 541 1746 605 sit,
1780 550 1834 593 et
1878 553 1991 595 erat
2027 542 2077 595 in

493 632 747 686 crucitixo
769 647 998 705 corpore
1029 634 1255 697 proprias
1283 633 1461 684 carnis
1485 632 1892 697 impassibiliter
1930 632 1994 683 ad
2022 645 2081 686 se

495 724 735 776 referens
767 724 1071 792 passionem
1113 731 1171 786 ·;
1200 724 1366 791 gratia
1395 737 1526 775 vero
1559 723 1649 775 Dei
1684 737 1778 789 pro
1830 722 2081 776 omnibus

494 815 727 880 gustavit
758 821 1009 875 mortem,
1039 811 1254 865 tradens
1278 821 1331 865 et
1354 814 1623 879 proprium
1646 828 1865 877 corpus,
1896 827 2084 881 quam-

495 905 576 957 vis
609 904 924 956 naturaliter
955 903 1071 970 ipse
1112 902 1216 955 vita
1249 902 1320 956 sit
1372 912 1426 957 et
1475 905 1795 957 resurrectio
1846 913 2086 957 mortuo-

494 1008 636 1045 rum.
667 992 798 1044 Nam
830 1002 888 1045 ut
913 1000 1140 1045 mortem
1169 991 1422 1045 ineffabili
1458 995 1695 1060 potentia
1727 993 2083 1061 proculcaret,

493 1096 558 1136 ac
585 1082 731 1150 prius
762 1082 813 1135 in
855 1096 951 1135 sua
980 1095 1146 1137 carne
1175 1083 1563 1151 primogenitus
1585 1098 1649 1137 ex
1679 1086 1907 1138 mortuis
1933 1083 2087 1138 ﬁeret

492 1182 549 1228 ct
579 1173 826 1240 primitias
863 1173 1272 1236 dormientium,
1302 1176 1551 1242 viamque
1593 1173 1794 1229 faceret
1838 1175 2086 1229 humana:

495 1278 699 1321 natura:
733 1267 798 1319 ad
832 1266 1246 1335 lucorrnptibnis
1270 1280 1491 1320 cursum
1523 1266 1571 1331 δ,
1601 1267 1770 1334 gratia
1801 1266 1919 1331 Dei,
1954 1267 2089 1321 sicut

492 1368 652 1423 supra
679 1354 883 1408 dictum
918 1360 1143 1425 esthpro
1182 1355 1432 1408 omnibus
1459 1355 1698 1423 gustavit
1749 1364 2001 1421 mortem,
2035 1364 2088 1411 et

496 1447 654 1500 tertio
677 1447 763 1500 die
780 1461 1067 1515 resurgens
1090 1447 1346 1514 spoliavit
1369 1447 1659 1500 internum.
1685 1447 1884 1502 Idcirco
1910 1463 2092 1517 quam-

496 1540 580 1592 vis
609 1539 822 1593 dicatur
850 1538 991 1606 quod
1023 1552 1118 1606 per
1162 1538 1433 1593 hominem
1478 1538 1611 1593 facta
1654 1542 1726 1594 sit
1763 1541 2089 1594 resurrectio

498 1641 830 1684 mortuorum
857 1669 873 1693 ,
918 1638 1121 1681 tamen.
1152 1628 1499 1697 intelligimus
1559 1628 1829 1683 hominem
1888 1627 2087 1683 factum

1166 242 1551 300 COLLECTIO
1583 240 1911 300 CANONUM
1952 242 2024 299 S.
2063 235 2333 295 ISlDOliO
2374 238 2646 297 IIISPAL.
2694 239 3051 297 ASCRIP'I‘A.

488 369 641 413 natus
669 366 751 413 est
780 355 946 411 Filius
966 356 1270 426 uuigenitus
1297 358 1462 422 Deus,
1492 357 1618 410 licet
1644 357 1793 423 juxta
1821 368 2067 411 naturam
2100 354 2149 414 Α
2178 352 2482 407 nullatenus
2527 351 2774 421 ignorans
2823 353 3038 407 Judznos
3084 354 3372 423 alloquitur
3422 371 3437 409 :

2177 444 2404 511 queritis
2432 445 2659 497 occidere
2680 444 2934 497 hominem
2958 447 3048 514 qui
3073 448 3330 500 veritatem
3381 450 3517 501 vobis
3564 451 3739 506 locum

2178 550 2313 597 sum,
2345 534 2470 586 item
2503 549 2607 587 non
2660 535 2836 588 minus
2881 550 3028 598 eum,
3074 539 3161 604 qni
3213 538 3265 591 in
3315 538 3657 593 similitudine
3699 553 3745 597 et

3648 245 3730 300 l5'5

3491 355 3653 410 Nunc.
3672 376 3741 412 me

2181 625 2482 694 aequalitate
2514 625 2682 681 Patris
2720 635 2835 691 est,
2870 626 3037 681 Deum
3088 644 3271 682 verum
3316 629 3474 701 [/E.,
3508 634 3745 706 verbum]

2182 717 2340 770 etiam
2364 717 2488 769 etin
2520 718 2788 771 mensuris
2840 718 3191 773 humanitatis
3243 721 3360 789 ejus
3415 725 3745 787 agnoscimus.

2184 807 2239 864 Si
2272 819 2448 861 autem
2478 811 2782 863 necessario
2802 810 3059 875 creditur,
3089 813 3231 881 quod
3256 823 3444 868 natura
3479 815 3618 871 Deus
3655 818 3751 871 exi-
3789 808 3793 815 ’

2185 909 2331 953 stens
2354 899 2524 954 factus
2544 900 2614 953 sit
2635 915 2782 964 caro,
2806 900 2912 954 imo
2934 903 3106 968 potius
3130 903 3290 957 homo
3312 907 3578 959 animatus
3598 908 3750 962 anima

2187 990 2431 1045 rationali
2457 989 2543 1063 [Τ.
2578 992 2632 1056 l,
2655 991 2712 1057 ‘2,
2743 990 3095 1062 rationabili],
3130 1008 3249 1060 quin
3298 1008 3457 1049 causa
3508 1007 3591 1051 est
3637 1009 3684 1051 ut
3708 1001 3750 1053 in

2186 1083 2301 1149 ejus
2333 1082 2557 1148 quilibet
2581 1081 2800 1136 vocibus
2822 1085 3127 1150 erubescat,
3158 1085 3204 1139 si
3232 1100 3324 1140 eas
3354 1087 3568 1143 homine
3588 1089 3754 1157 dignas

2189 1171 2379 1225 eﬂ'alns
2405 1172 2529 1226 est?
2558 1171 2710 1238 Quod
2760 1173 2803 1227 si
2850 1188 3129 1227 sermones
3176 1173 3377 1229 homini
3422 1189 3755 1245 congruentes

2188 1264 2394 1329 abiicit,
2420 1264 2566 1332 juxta
2598 1279 2693 1319 nos
2722 1265 2992 1318 hominem
3049 1266 3160 1320 ﬁeri
3211 1270 3329 1336 quis
3377 1271 3591 1340 coegit?
3639 1270 3754 1325 Cum

2193 1370 2323 1408 vcro
2347 1372 2406 1409 se
2447 1352 2660 1425 propter
2709 1372 2806 1410 nos
2850 1358 2915 1410 ad
2966 1358 3388 1413 exinanitionem
3425 1372 3754 1428 spontaucam

2192 1443 2616 1501 misericorditer
2667 1446 2988 1511 inclinaret,
3018 1463 3176 1516 quam
3216 1449 3286 1503 ob
3330 1464 3547 1505 causam
3592 1454 3759 1523 dignos

2191 1536 2562 1590 exinar‘zitione
2585 1551 2863 1592 sermones
2892 1537 3172 1601 effugerit?
3200 1539 3300 1595 Uni
3332 1540 3491 1611 igitur
3536 1558 3758 1609 persona:

2192 1636 2409 1680 cunctas
2432 1626 2547 1696 ejus
2566 1628 2618 1680 in
2641 1628 2930 1697 Evangelia
2956 1644 3116 1685 voces
3146 1632 3480 1699 ascribimus,
3515 1637 3603 1689 uni
3648 1637 3758 1690 sub~

508 1721 737 1775 Verbum
771 1708 915 1790 quod
942 1726 1005 1775 ex
1041 1719 1150 1773 Deo
1170 1730 1272 1784 est,
1297 1729 1353 1775 et
1382 1730 1476 1789 per
1502 1722 1675 1790 ipsum
1708 1722 1893 1776 mortis
1919 1723 2087 1789 impe-
2126 1705 2164 1762 Β
2195 1716 2450 1770 sistentiae
2488 1717 2642 1772 Verbi
2671 1719 2876 1773 scilicet
2904 1719 3183 1786 incarnati,
3214 1722 3334 1790 quia
3367 1739 3503 1778 unus
3546 1737 3625 1779 est
3674 1727 3763 1779 llo-

499 1808 637 1863 rium
672 1810 834 1864 fuisse
873 1810 1223 1864 destructum.
1268 1809 1457 1865 Veniet
1499 1824 1519 1850 ε
1552 1820 1729 1866 autem
1760 1813 2090 1880 temporibus

503 1904 783 1971 praeﬁnitis
813 1904 950 1958 sicut
980 1895 1060 1957 es't
1093 1918 1228 1957 unus
1254 1903 1421 1958 Filius
1446 1913 1501 1957 et
1533 1903 1790 1958 Dominus
1834 1905 1885 1957 in
1925 1905 2090 1971 gloria

506 1997 700 2062 Patris,
728 2004 785 2049 ut
810 1995 1015 2064 judicet
1043 1993 1231 2048 orbem
1264 2006 1523 2050 terrarum
1555 1996 1609 2049 in
1650 1997 1903 2065 aequitate
1956 1996 2095 2050 sicut

504 2087 779 2155 Scriptura
811 2095 1058 2141 testatur.
1095 2086 1410 2141 Necessario
1456 2087 1615 2156 igitur
1658 2098 1712 2142 et
1756 2087 1859 2142 hoc
1902 2086 2092 2156 adjici-

511 2194 666 2232 mus:
698 2178 1079 2231 annuntiantcs
1107 2177 1249 2232 enim
1284 2178 1575 2231 secundum
1606 2193 1818 2233 carnem
1868 2187 2092 2233 mortem

504 2271 762 2339 noigeniti
795 2269 912 2324 Filii
941 2271 1053 2335 Dei,
1077 2270 1125 2324 id
1154 2271 1401 2339 est,.lesn
1431 2270 1719 2339 Cliristi,et
1742 2272 2094 2326 resurrectio-

508 2366 631 2415 nem
660 2361 776 2430 ejus
798 2372 846 2415 et
870 2360 920 2414 in
946 2362 1110 2417 coelos
1132 2361 1502 2416 ascensionem
1531 2364 1727 2430 pariter
1747 2364 2092 2425 conﬁtentes,

509 2455 839 2507 incruentam
866 2454 1204 2506 celebramus
1234 2452 1285 2505 in
1317 2451 1560 2506 ccclesiis
1589 2452 1837 2507 sacriﬁcii
1867 2453 2096 2507 servitu-

507 2554 640 2596 tem.
663 2542 754 2598 Sic
776 2541 935 2596 etiam
966 2543 1031 2595 ad
1061 2543 1311 2611 mysticas
1342 2542 1742 2597 benedictiones
1768 2544 2095 2610 accedimus,

508 2643 565 2687 ct
584 2633 981 2689 sanctiﬁcatum-
1012 2633 1301 2701 participes
1332 2634 1499 2686 sancti
1527 2634 1772 2701 corporis
1794 2642 1847 2687 et
1876 2634 2095 2702 pretiosi

509 2725 784 2795 sanguinis
826 2723 1025 2778 Christi
1088 2725 1327 2778 omnium
1386 2734 1688 2779 nostrorum
1740 2723 2096 2793 redemptoris

506 2818 704 2884 el'l‘ecti,
738 2833 843 2872 non
870 2828 925 2872 ut
947 2832 1285 2871 communem
1314 2832 1529 2871 carnem
1557 2817 1931 2886 percipientes,
1956 2834 2025 2889 qu
2048 2818 2096 2874 id

506 2914 667 2977 absit,
698 2928 796 2967 nec
822 2923 878 2966 ut
912 2913 1006 2966 viri
1035 2912 1351 2966 sanctiﬁcati
1378 2921 1430 2966 ct
1462 2912 1635 2966 Verbo
1685 2913 1956 2981 conjuncti
2006 2929 2094 2969 se-

504 3005 738 3060 cundum
763 3004 1036 3074 dignitatis
1066 3002 1320 3057 ttnitatem
1353 3015 1442 3057 aut
1470 3006 1609 3059 sicut
1634 3005 1869 3058 divinam
1924 3007 2094 3073 possi-

506 3098 685 3153 dentis
719 3096 1123 3160 l.abitationcm,
1167 3097 1260 3149 sed
1311 3106 1367 3149 ut
1418 3111 1540 3150 vere
1585 3097 1985 3151 vivilicatricem
2043 3108 2098 3153 et

507 3192 680 3257 ipsius
712 3188 867 3243 Verbi
904 3190 1170 3257 propriam
1203 3190 1392 3243 iactam
1425 3191 1563 3242 :vita
1590 3192 1732 3242 enim
1758 3190 2091 3257 naturaliter,

512 3291 569 3334 ut
603 3281 762 3348 Dens,
807 3280 1071 3348 existens,
1124 3282 1242 3349 quia
1289 3283 1517 3349 propria:
1564 3284 1712 3336 carni
1764 3285 1944 3338 uultus
1991 3293 2095 3350 est,

513 3373 910 3427 viviﬁcalricent
939 3388 1056 3427 eam
1089 3388 1211 3427 esse
1243 3372 1516 3440 professus
1540 3384 1642 3428 est.
1673 3374 1739 3429 Et
1772 3376 1892 3429 ideo
1913 3390 2098 3441 quam.

511 3467 593 3518 vis
623 3466 761 3519 dicat
788 3466 853 3518 ad
881 3480 978 3519 nos
1007 3483 1021 3520 :
1054 3466 1211 3519 Amen
1240 3480 1391 3518 amen
1422 3467 1535 3519 dico
1556 3467 1714 3531 vobis,
1750 3468 1848 3521 nisi
1882 3468 2099 3521 orandu-

507 3557 739 3610 caveritis
766 3572 967 3609 carnem
1002 3554 1126 3609 Filii
1165 3556 1382 3609 hominis
1403 3567 1449 3610 et
1495 3557 1715 3611 biberitis
1744 3562 1855 3629 ejus
1892 3560 2100 3627 sangui-

510 3661 623 3698 nem
658 3661 675 3697 :
709 3661 813 3707 non
847 3656 1022 3698 tamen
1060 3662 1178 3699 eam
1224 3656 1282 3698 ut
1334 3646 1565 3700 hominis
1617 3648 1772 3702 unius
1825 3664 1891 3702 ex
1946 3650 2099 3704 nobis

509 3738 821 3791 existimare
847 3737 1132 3803 debemus;
1171 3739 1441 3805 quomodo
1482 3739 1622 3791 enim
1669 3741 1816 3807 juxta
1848 3752 2093 3795 naturam

510 3844 662 3883 suam
690 3828 1004 3882 viviﬁcatrix
1030 3842 1148 3881 esse
1192 3842 1318 3881 caro
1360 3829 1591 3883 hominis
1623 3832 1850 3897 poterit?
1898 3832 1994 3886 sed
2044 3841 2100 3887 ut

512 3937 638 3974 vere
671 3922 937 3988 propriam
988 3919 1104 3987 ejus
1154 3919 1371 3983 factam,
1403 3922 1489 3989 qui
1540 3933 1758 3993 propter
1807 3938 1904 3979 nos
1960 3924 2098 3979 ﬁlius

511 4012 744 4066 huminis
786 4022 837 4064 et
891 4010 1059 4065 factus
1106 4019 1188 4065 est
1237 4020 1292 4064 et
1338 4024 1571 4066 vocatus.
1626 4014 1727 4067 Eas
1773 4024 1948 4068 autem
1996 4029 2097 4070 vo-

504 4123 600 4161 cos
641 4122 773 4177 quas
803 4106 1050 4160 Satiatur
1093 4117 1276 4159 noster
1322 4108 1372 4159 in
1432 4107 1730 4176 Evangeliis
1782 4109 2097 4180 85protu-

512 4196 572 4253 lit
604 4215 708 4253 non
739 4201 789 4252 in
813 4198 1018 4253 duabus
1043 4198 1405 4253 subsistentiis
1433 4208 1525 4251 aut
1575 4202 1818 4268 personis
1871 4203 2096 4255 omnino

505 4291 792 4359 partimur,
846 4304 950 4342 non
1001 4289 1144 4342 enim
1188 4288 1378 4356 duplex
1430 4301 1513 4345 est
1568 4306 1706 4344 unus
1755 4291 2003 4345 Christus
2042 4301 2098 4346 et

507 4385 655 4439 solus
681 4379 731 4455 fl,
759 4378 1000 4449 quamvis
1022 4394 1086 4433 ex
1116 4378 1322 4433 duabus
1344 4379 1675 4450 diversisque
1696 4382 1854 4436 rebus
1874 4382 1937 4435 ad
1967 4366 2166 4463 uni-'D

510 4489 673 4530 tatem
722 4482 1080 4544 cognoscatur
1130 4472 1457 4527 individuam
1508 4477 1826 4529 convenisse
1877 4492 1893 4529 :
1952 4477 2089 4531 sicut

505 4569 667 4622 homo
697 4582 909 4636 quoque
931 4582 995 4620 ex
1019 4565 1193 4619 anima
1216 4575 1468 4619 constans
1499 4576 1553 4620 et
1592 4581 1818 4634 corpore
1849 4583 1955 4621 non
1994 4568 2090 4622 du-

509 4661 628 4727 plex
660 4662 857 4726 potius,
883 4657 975 4711 sed
1006 4672 1143 4711 unus
1174 4665 1255 4710 est
1282 4670 1349 4711 ex
1376 4668 1617 4726 utroque.
1658 4658 1927 4713 llumanas
1955 4676 2084 4729 ergo

502 4759 559 4803 et
586 4748 793 4801 divinas
819 4747 1039 4816 insuper
1064 4762 1224 4801 voces
1266 4748 1332 4801 ab
1356 4764 1461 4802 uno
1491 4749 1702 4803 Christo
1722 4750 1897 4805 dictas
1920 4751 2092 4805 anim-

504 4839 877 4900 advertentes,
938 4846 1086 4891 recte
1139 4837 1421 4892 sentimus.
1469 4839 1599 4893 Cum
1649 4841 1791 4894 enim
1838 4841 1906 4895 de
1958 4842 2087 4904 Deo,

502 4932 816 4999 dignissime
841 4931 1074 4998 loquitur
1102 4933 1170 4985 de
1194 4945 1253 4985 se
1279 4930 1397 4998 ipso
1422 4948 1435 4983 :
1471 4931 1571 4998 Qui
1602 4947 1679 4984 me
1700 4930 1854 4998 videt,
1883 4931 2019 4985 videt
2043 4941 2090 4986 et

502 5022 733 5085 Putrem,
761 5031 807 5075 et
857 5038 947 5091 ego
996 5030 1043 5075 et
1087 5022 1245 5076 Pater
1272 5038 1432 5075 unum
1478 5038 1676 5085 sumus,
1709 5022 1939 5076 divinam
1970 5023 2087 5091 ejus

500 5116 846 5183 intell'gimus
868 5113 1299 5184 ineﬁ'abilernque
1320 5124 1589 5178 naturam,
1615 5112 1906 5168 secundum
1931 5130 2088 5184 quam

502 5222 664 5260 unum
691 5216 774 5259 est
795 5222 914 5260 cum
947 5207 1104 5260 Patre
1129 5221 1227 5259 suo
1259 5216 1472 5274 propter
1518 5220 1674 5259 unam
1730 5207 2089 5276 eamdemque

501 5298 875 5363 substantiam,
908 5297 1082 5367 imago
1108 5307 1164 5352 et
1198 5298 1477 5351 character
1505 5295 1864 5366 splendorque
1906 5300 2089 5367 gloriae

500 5392 618 5461 ejus
644 5393 908 5448 existens.
940 5390 1072 5444 Cum
1101 5405 1226 5444 vero
1258 5391 1501 5445 humana:
1535 5400 1736 5443 natura:
1783 5406 2084 5445 mensuram

570 5533 593 5559 ο
626 5524 740 5587 [Εη
767 5525 826 5576 D.
861 5524 951 5589 R.,
988 5522 1046 5574 Ε.
1076 5522 1131 5593 ᾗ,
1265 5522 1315 5593 l,
1344 5521 1401 5593 ‘2,
1546 5522 1942 5593 G.,,passiones.

569 5594 597 5632 δ
636 5594 751 5655 ΛΕ..
784 5594 840 5647 Ιῖ.
869 5594 954 5655 ιι,
982 5593 1041 5645 Ε.
1075 5591 1129 5654 5,
1164 5592 1228 5646 Τ.
1264 5592 1313 5655 1,
1336 5592 1389 5655 Ξ,
1426 5592 1512 5652 υ..
1543 5594 1630 5655 (ᾖ,
1660 5591 1935 5648 recursum.

568 5678 593 5705 ε
637 5664 713 5718 Ex
746 5665 854 5731 ΛΖ..
890 5664 949 5717 Β.
984 5664 1072 5727 ιι.,
1107 5662 1171 5717 U.
1208 5664 1261 5715 In
1288 5664 1349 5716 A.
1384 5672 1437 5714 ct
1462 5662 1679 5729 reliquis
1710 5680 1722 5717 :
1756 5667 1906 5718 venit.

2197 1807 2371 1861 minus
2398 1806 2555 1861 Jesus
2585 1807 2829 1863 Christus
2862 1819 2920 1863 ut
2963 1811 3218 1877 scriptum
3265 1822 3349 1866 est
3393 1828 3408 1867 :
3460 1816 3764 1882 appellatum

2198 1914 2325 1952 vero
2372 1899 2673 1967 apostolum
2723 1909 2774 1953 et
2825 1901 3129 1969 pontiﬁcem
3185 1905 3542 1958 confessionis
3590 1918 3769 1960 nostra:

2200 1999 2449 2057 tanquam
2472 1988 2861 2043 sacriﬁcantem
2897 1990 3006 2045 Deo
3025 2001 3081 2044 et
3111 1991 3253 2045 [δαιτί
3280 1993 3399 2047 lidei
3434 2004 3626 2048 nostra:
3649 2011 3771 2049 con.

2202 2079 2509 2145 iussionem,
2542 2096 2661 2149 qua:
2689 2095 2715 2133 a
2743 2080 2896 2135 nobis
2930 2082 3060 2150 ipsis
3105 2092 3159 2136 et
3207 2098 3303 2151 per
3346 2083 3515 2152 ipsum
3568 2086 3671 2140 Deo
3722 2098 3772 2141 et

2201 2169 2343 2223 Patri
2369 2169 2699 2224 incessanter
2725 2172 2966 2225 ollertur.
2993 2172 3187 2226 lterum
3215 2188 3338 2228 eum
3365 2176 3587 2229 dicimus
3607 2178 3688 2245 qui
3710 2194 3771 2232 ex

2201 2260 2312 2315 Deo
2338 2261 2627 2315 secundum
2664 2271 2908 2316 naturam
2933 2264 3099 2318 Filius
3130 2266 3446 2335 unigenitus,
3465 2283 3560 2323 nec
3581 2271 3773 2324 homiui

2202 2363 2395 2421 praeter
2425 2369 2549 2409 eum
2590 2356 2743 2410 alteri
2772 2358 3057 2411 sacerdotii
3089 2374 3284 2414 nomen
3312 2370 3368 2415 et
3410 2362 3637 2415 ol'ﬁcium
3681 2364 3772 2418 de-

2202 2456 2484 2514 putamus;
2512 2447 2676 2500 l'actus
2701 2456 2788 2501 est
2812 2449 2954 2500 enim
2996 2449 3261 2503 mediator
3307 2450 3397 2505 Dei
3427 2460 3481 2504 et
3510 2451 3776 2507 hominum

2202 2546 2256 2592 ct
2283 2539 2656 2593 reconciliator
2682 2541 2747 2593 ad
2774 2556 2979 2608 pacem.
3015 2545 3364 2611 semetipsum
3414 2545 3523 2599 Deo
3550 2556 3601 2601 et
3642 2548 3776 2602 Patri

2206 2646 2300 2700 pro
2326 2630 2479 2684 nobis
2509 2630 2739 2685 offerens
2767 2632 2819 2686 in
2850 2633 3068 2688 odorem
3101 2626 3383 2690 suavitatis
3405 2678 3422 2704 ,
3450 2638 3668 2707 ideoque
3704 2639 3781 2692 di-

2203 2719 2356 2773 cebat
2390 2737 2403 2772 :
2434 2719 2764 2788 Sacriﬁcium
2794 2733 2839 2776 et
2870 2724 3179 2778 oblationem
3209 2729 3448 2793 noluisti,
3489 2728 3782 2784 holocausta

2202 2826 2295 2879 pro
2321 2822 2522 2878 peccato
2545 2828 2649 2865 non
2679 2814 2769 2866 tibi
2800 2815 3124 2883 placuerunt,
3177 2834 3365 2902 corptv
3409 2831 3579 2874 autem
3627 2826 3783 2891 perfe-

2201 2902 2315 2955 cisti
2337 2902 2482 2955 mihi.
2508 2902 2653 2955 Tunc
2681 2904 2791 2956 dixi
2813 2921 2833 2957 :
2864 2903 2995 2958 Ecce
3016 2922 3057 2959 υς
3076 2908 3180 2961 nio.
3209 2906 3274 2961 In
3315 2910 3484 2975 capi’e
3508 2912 3625 2964 libri
3658 2914 3784 2965 scri-

2203 3006 2341 3066 ptum
2361 3008 2435 3050 est
2461 2999 2523 3051 de
2551 3014 2657 3065 me,
2684 3008 2739 3052 ut
2762 3000 2951 3069 faciam
2982 3001 3116 3055 Deus
3150 3005 3458 3057 voluntatem
3484 3014 3622 3058 tuam
3646 3021 3668 3060 :
3696 3008 3786 3061 ob-

2206 3089 2323 3142 tnlit
2347 3089 2490 3143 enim
2526 3092 2796 3157 preprium
2827 3085 3023 3160 corpus
3056 3108 3158 3147 non
3193 3110 3290 3163 pro
3316 3111 3395 3161 se,
3424 3097 3517 3151 sed
3546 3113 3642 3164 pro
3692 3112 3787 3152 no-

2202 3181 2283 3234 bis
2312 3182 2363 3234 in
2393 3181 2615 3237 odorem
2648 3185 2949 3238 suavitatis.
2979 3184 3111 3239 Nam
3145 3202 3246 3255 qua
3280 3203 3376 3256 pro
3422 3203 3482 3243 se
3524 3189 3792 3245 oblatione

2199 3274 2284 3327 vel
2308 3274 2574 3328 sacriﬁcio
2596 3274 2861 3344 indigeret
2888 3277 2956 3331 ab
2979 3276 3124 3331 omni
3158 3288 3375 3345 peccato
3401 3280 3532 3333 liber
3563 3292 3620 3332 ut
3650 3280 3791 3336 Deus

2199 3367 2476 3420 existens?
2508 3367 2660 3433 Quod
2686 3368 2730 3423 si
2756 3383 2942 3423 omnes
2972 3379 3329 3438 peccaverunt
3355 3381 3408 3424 et
3435 3382 3595 3441 egent
3620 3372 3791 3441 gloria

2202 3460 2319 3524 Dei,
2349 3460 2643 3515 secundum
2678 3461 2782 3516 hoc
2811 3463 2952 3531 quod
2980 3478 3167 3517 sumus
3196 3463 3263 3517 ad
3296 3465 3667 3520 mutabilitatis
3697 3481 3794 3520 ex-

2199 3564 2414 3605 cessum
2447 3552 2728 3618 pronicres
2754 3552 2928 3608 ell‘ecti
2952 3565 3006 3607 et
3035 3556 3268 3624 peccatis
3296 3558 3574 3625 mgrotavit
3601 3557 3795 3611 buma-

2201 3654 2265 3693 na
2296 3641 2407 3710 86
2461 3652 2686 3708 natura;
2723 3644 2834 3713 ipso
2865 3659 2993 3699 vero
3025 3660 3131 3699 non
3158 3645 3252 3709 ita,
3285 3647 3511 3715 ideoque
3543 3663 3643 3703 nos
3669 3651 3792 3718 glo-

2201 3733 2280 3786 ria
2304 3734 2420 3801 cjus
2449 3733 2781 3800 evincimur;
2814 3750 2911 3790 cur
2936 3737 3041 3791 erit
3073 3737 3211 3791 ultra
3229 3737 3340 3809 jam
3386 3739 3603 3794 dubium
3644 3756 3734 3809 qu-
3757 3741 3796 3795 ἀ

2199 3836 2367 3892 agnus
2391 3839 2545 3878 verus
2573 3840 2668 3894 pro
2697 3826 2849 3881 nobis
2874 3828 2944 3881 sit
2966 3827 3299 3882 immolatus?
3324 3829 3423 3897 Qui
3451 3832 3580 3886 dicit
3600 3843 3792 3886 autem

2198 3915 2319 3980 quia
2351 3916 2698 3986 semetipsum
2732 3927 2835 3970 tam
2868 3932 2964 3986 pro
2992 3934 3050 3973 se
3082 3935 3240 3987 quam
3272 3935 3368 3988 pro
3414 3925 3563 3978 nobis
3592 3924 3799 3979 obtulit

2200 4005 2288 4078 [Τ.
2344 4006 2393 4075 1,
2451 4008 2505 4073 9,
2568 4008 2843 4081 obtulerit]
2894 4012 3198 4068 nullatenus
3247 4014 3532 4085 impietatis
3580 4019 3793 4073 crimen

2196 4099 2436 4169 ell‘ugiet,
2460 4116 2579 4156 cum
2610 4103 2738 4156 nihil
2772 4119 2993 4172 prorsus
3016 4104 3115 4159 iste
3143 4106 3428 4176 deliquerit
3468 4124 3567 4163 nec
3618 4111 3673 4163 nl
3705 4126 3797 4168 unt

2197 4190 2384 4245 fecerit
2412 4194 2631 4247 omnino
2650 4204 2926 4262 peccatum
2952 4213 2966 4249 :
2990 4211 3091 4265 qua
3112 4197 3272 4265 igitur
3290 4210 3468 4268 egeret
3488 4201 3802 4267 oblatione,

2197 4283 2343 4337 nullo
2373 4299 2470 4337 suo
2496 4294 2740 4340 exstante
2765 4285 3024 4349 facinore.
3056 4304 3154 4357 pro
3202 4305 3311 4359 quo
3358 4292 3403 4344 si
3453 4304 3601 4347 esset
3658 4298 3805 4348 satis

2195 4374 2485 4431 admodum
2524 4380 2908 4433 convenienter
2932 4381 3190 4435 oﬂ‘erret?
3241 4381 3316 4436 De
3340 4382 3540 4449 Spiritu
3570 4401 3807 4454 quoque

2193 4480 2315 4518 cum
2345 4465 2473 4521 dicit
2498 4482 2514 4521 :
2543 4465 2645 4519 Ille
2668 4484 2747 4520 me
2794 4467 3133 4539 glori/icabit,
3166 4474 3267 4525 hoc
3314 4472 3616 4529 rectissime
3664 4490 3807 4529 seu-

2194 4559 2409 4623 tientes,
2438 4575 2601 4613 unum
2628 4559 2901 4616 Christum
2927 4572 2983 4616 et
3013 4563 3229 4629 Filium,
3261 4579 3365 4618 non
3394 4566 3538 4619 velut
3561 4566 3808 4621 alterius

2192 4664 2440 4720 egentem
2469 4652 2659 4720 gloria,
2688 4655 3005 4708 conlitemur
3030 4656 3097 4711 ab
3122 4655 3324 4725 Spiritu
3351 4670 3537 4713 sancto
3556 4660 3810 4728 gloriam

2191 4757 2561 4810 consecutum,
2587 4744 2708 4814 quia
2730 4745 2962 4813 Spiritus
2992 4746 3109 4815 ejus
3135 4762 3234 4802 nec
3263 4747 3453 4803 melior
3480 4764 3580 4803 nec
3628 4765 3815 4818 supe-

2194 4839 2303 4891 rior
2330 4836 2446 4905 ipso
2469 4847 2586 4901 est;
2611 4837 2704 4892 sed
2725 4840 2847 4906 quia
2879 4837 3013 4892 mira
3044 4853 3205 4909 opera
3235 4838 3437 4894 faciens
3459 4840 3525 4895 ad
3554 4841 3816 4896 ιῑοιιιοιιο

2191 4930 2503 4985 strationem
2525 4944 2638 4983 sum
2665 4930 2882 4985 deitatis
2910 4931 2995 4985 vir
3010 4940 3120 4985 tute
3151 4932 3350 5001 proprii
3375 4930 3617 5001 Spiritus
3671 4942 3813 4987 ute-

2193 5024 2371 5089 batur,
2407 5026 2475 5076 ab
2508 5034 2622 5091 lpSO
2652 5022 2937 5091 gloriﬁcari
2980 5022 3198 5089 dicitur,
3232 5024 3705 5093 quemadmodum
3759 5026 3813 5079 si

2191 5118 2308 5186 quis
2332 5117 2401 5172 de
2434 5116 2738 5170 hominibus
2759 5126 3031 5171 asseveret
3064 5118 3203 5185 quod
3241 5118 3407 5170 virtus
3447 5130 3542 5169 sua
3591 5117 3685 5171 vel
3722 5120 3820 5173 di-

2191 5210 2413 5279 sciplina
2445 5210 2698 5279 quszltbet
2728 5223 3161 5285 unumquemque
3202 5209 3482 5263 clarificet.
3526 5208 3820 5274 Quamvis

2191 5316 2331 5357 enim
2363 5304 2416 5355 in
2446 5316 2541 5355 sua
2570 5301 2640 5355 sit
2666 5300 3013 5356 subsistentia
3045 5300 3293 5371 Spiritus.
3326 5311 3377 5353 et
3407 5301 3525 5367 ejus
3583 5299 3821 5353 inti-lli-

2190 5403 2341 5462 gatur
2367 5409 2419 5447 ιιι
2452 5407 2678 5463 persona
2713 5393 3008 5463 proprietas
3047 5392 3202 5462 juxta
3252 5390 3301 5446 id
3349 5391 3497 5461 quod
3548 5391 3821 5459 Spiritus

2260 5534 2286 5565 ο
2332 5529 2405 5611 Ex
2439 5525 2655 5598 reliquis
2686 5537 2876 5596 prmter
2907 5529 2996 5593 A.,
3025 5526 3085 5582 Ε.
3119 5527 3171 5593 5,
3206 5526 3257 5580 in
3290 5525 3481 5596 quibus
3511 5524 3661 5579 solus
3713 5521 3823 5590 qui

2187 5616 2436 5670 quamvis.
