2036 3088
163 120 212 148 15⁸1

657 119 857 148 ϐΜΕΩΟΒϋΜ
876 119 1042 149 CONClLlA.
1058 134 1092 140 —
1107 119 1313 153 EPHESiNUM.

1750 130 1798 158 138

156 182 201 205 est
214 180 306 204 etnon
323 174 422 208 Filius;
438 178 525 202 tamen
539 173 611 211 [ιΕ.,
624 174 656 201 Β.
674 175 720 209 8.,
732 174 764 202 Ε.
780 177 807 209 5,
823 174 953 210 attamen]
968 176 993 205 Α
1006 179 1067 209 post
1088 175 1233 211 unitatem,
1253 179 1310 205 sola
1331 186 1376 207 eas
1397 179 1565 208 connexione
1583 181 1752 217 conjungeus
1765 193 1798 212 ea

158 231 213 250 non
223 226 267 250 est
280 222 386 250 alienus
399 221 434 248 ab
453 221 510 254 illo,
525 228 584 248 nam
599 221 715 256 Spiritus
739 222 888 256 appellatus
911 226 952 250 est

157 269 280 297 veritatis
291 272 321 295 ct
336 267 437 295 veritas
452 266 572 294 Christus
584 272 643 294 est:
660 267 730 295 unde
750 273 776 295 et
790 268 823 295 ab
849 268 899 295 isto
922 268 957 295 si-

155 316 257 344 militer
271 315 343 343 sicut
368 322 401 342 ex
428 315 483 342 Deo
509 314 588 341 Patre
617 314 745 346 procedit.
769 313 887 348 Denique
911 313 955 340 hic

157 363 216 396 ipse
230 361 348 396 Spiritus
358 360 439 387 etiam
454 368 501 394 per
524 364 676 386 sanctorum
702 366 797 386 manus
820 359 957 392 apostolo-

158 416 218 434 rum
233 407 360 433 iniraCula
374 406 487 439 gloriosa
511 404 661 438 pcrticiens,
688 404 828 430 Dominutn
855 403 955 437 gloriﬁ-

157 453 228 480 cat‘it
243 453 335 479 Jcsum
352 452 487 478 Christum
503 456 642 485 postquam
657 449 779 477 ascendit
798 450 823 476 in
839 449 954 482 cmlu'in;

158 507 222 525 nam
237 498 352 525 creditus
367 501 409 523 est
425 496 560 527 Christus,
576 500 670 522 natura
683 495 755 522 Deus
770 495 889 521 existens
909 501 957 528 per

158 553 238 571 suum
252 544 379 576 Spiritum
396 542 507 568 virtutes
533 541 661 572 alliciens,
688 540 801 575 ideoque
824 539 930 567 dicebat
946 548 953 565 :

158 590 198 616 De
217 598 272 616 meo
284 589 391 622 arcipirt
406 593 429 613 ct
443 587 603 613 annuntiabit
614 586 694 614 uobis.
707 586 878 620 Nequaquam
890 593 955 613 vero

158 637 364 670 participatione
378 635 486 661 alterius
503 635 572 661 idem
585 634 702 668 Spiritus
716 634 823 668 sapiens
847 638 893 660 aut
908 640 955 667 po-

158 687 217 709 tens
232 682 339 713 dicitur,
356 682 416 714 quia
432 688 477 714 per
492 681 581 706 nnmia
593 679 728 713 perfectus
752 684 803 712 est,
831 684 859 706 et
881 679 954 706 nullo

157 735 268 762 prorsus
282 727 402 759 indigens
416 726 502 757 bono;
518 734 578 751 nam
598 729 717 759 paterna:
730 725 836 752 virtutis
859 728 886 752 et
910 732 954 751 sa-

157 773 265 807 incutiat
280 773 305 798 id
322 778 363 798 est
381 772 438 798 Filii
452 771 565 805 Sp‘nitus
577 771 705 802 creditur,
717 774 744 797 et
760 770 820 797 ideo
845 770 902 804 ipsa
925 776 954 796 re

156 827 182 844 et
214 818 386 844 subsistentia
417 817 500 843 \‘irlu‘
525 821 552 842 et
582 816 713 850 sapientia
748 815 948 850 comprobatur.

1008 228 1066 255 qua:
1088 222 1234 249 secundum
1257 223 1412 258 dignitatem
1427 229 1468 252 est
1483 225 1524 253 vel
1541 225 1622 253 etiam
1646 230 1798 258 auctorita-

1009 270 1060 292 tem
1081 271 1125 292 aut
1145 271 1321 300 potestatem,
1345 277 1377 297 ac
1401 278 1453 296 non
1479 270 1568 304 potius
1592 279 1737 307 conventu,
1752 277 1798 310 qui

1008 318 1054 344 per
1072 311 1201 339 unitatem
1221 313 1305 341 factus
1320 320 1360 341 est
1380 316 1544 350 naturalem;
1560 319 1703 346 anathema
1719 321 1764 348 sit.

1044 356 1087 383 ιν.
1108 357 1135 383 Si
1156 359 1215 392 quis
1233 359 1353 392 personis
1372 361 1476 387 duabus
1491 362 1532 389 vel
1553 362 1733 391 subsistentiis
1752 372 1798 393 eas

1005 406 1086 427 voces
1113 410 1173 435 qua:
1203 403 1228 430 in
1255 404 1411 437 apostolicis
1440 406 1547 440 scriptis
1578 408 1750 435 continentttr
1772 414 1800 436 et

1006 447 1177 479 evangelicis,
1194 447 1299 481 dividit,
1321 450 1360 476 vel
1373 458 1432 484 quae
1446 451 1480 477 de
1493 450 1601 479 Christo
1616 460 1631 478 a
1645 454 1745 480 sanctis
1760 454 1800 481 di-

1006 497 1102 517 cuntur
1118 492 1160 518 vei
1177 493 1211 519 ab
1225 493 1284 526 ipso
1299 494 1378 521 etiam
1394 495 1428 522 de
1443 503 1473 522 se
1493 496 1561 530 ipso,
1578 501 1605 523 et
1619 497 1723 532 aliquas
1740 500 1800 531 qui-

1005 535 1065 562 dem
1085 543 1117 563 ex
1146 537 1187 564 his
1206 538 1281 565 velut
1302 539 1403 567 homini
1422 541 1468 575 qui
1492 547 1590 574 preter
1614 542 1660 569 Dei
1684 542 1798 571 Verbum

1005 582 1159 615 specialiter
1179 583 1353 619 intelligatur.
1373 587 1523 619 aptaverit,
1547 588 1605 615 illas
1624 594 1714 616 autent
1739 595 1796 617 tan-

1005 633 1084 661 quam
1101 627 1156 655 Deo
1171 628 1264 663 dignas
1279 630 1328 657 soli
1346 630 1392 658 Dei
1410 631 1497 659 Patria
1512 632 1601 661 Verbo
1612 633 1796 668 deputaverit;

1005 677 1146 701 anathema
1161 676 1206 702 sit.
1371 706 1373 709 ,

1042 719 1072 746 V.
1092 719 1121 747 Si
1137 720 1196 755 quis
1221 722 1302 750 audet
1315 722 1404 751 dicere
1417 723 1551 752 Christum
1567 725 1703 754 hominem
1718 728 1795 756 theo-

1004 762 1119 798 phoron,
1143 765 1168 792 id
1186 771 1226 792 est
1241 767 1323 794 Deum
1338 768 1477 802 ferentem,
1492 777 1523 797 ac
1541 778 1592 797 non
1610 772 1697 805 potius
1710 773 1793 801 Deum

1003 814 1063 835 esse
1079 810 1209 837 veraciter
1223 810 1337 845 dixerit,
1359 817 1484 848 tanquam
1499 814 1596 842 Filium
1612 823 1660 850 per
1673 822 1796 844 naturain

157 864 238 896 Igitur
263 863 324 896 quia
354 863 437 888 Deum
462 869 542 888 carne
567 861 670 888 unitum
695 861 774 894 juxta
798 860 947 888 subsisten-
964 852 987 881 Β
1000 854 1145 881 secundum
1161 856 1231 889 Iluud
1247 856 1360 884 Verbum
1376 866 1440 886 caro
1452 860 1549 887 factum
1566 866 1617 893 est,
1632 867 1659 888 et
1674 870 1796 890 commu-

157 909 221 933 ii.un
244 915 301 932 sam
312 912 337 932 ta
366 906 444 939 Virgo
460 905 763 945 corporaliterpeperit,
777 905 877 932 idcirco
892 913 952 932 eam

156 954 204 980 itci
220 953 376 987 genitricem
403 960 462 978 esse
488 953 642 985 proﬁtemur
668 959 675 978 :
702 959 754 978 non
777 951 847 985 quod
872 951 952 978 Verbi

156 1006 249 1026 Ilztlura
265 998 395 1025 mistcmii
414 998 572 1032 principium
587 998 620 1025 de
632 1005 712 1025 carne
725 998 819 1024 sortita
836 998 881 1031 sit,
897 1003 951 1025 erat

155 1047 226 1073 enim
240 1047 265 1072 in
279 1046 406 1080 prnicipio
423 1044 531 1070 Verbum
547 1050 569 1070 ct
588 1044 655 1070 [Laus
665 1050 719 1071 erat
736 1043 842 1071 Verbum
851 1051 873 1070 et
889 1044 951 1071 Ver-

154 1093 214 1118 bum
229 1097 283 1119 erat
299 1092 367 1126 apud
385 1090 474 1122 Dauni,
488 1094 515 1116 et
527 1090 583 1123 ipse
594 1094 635 1116 est
645 1090 949 1122 conditor-smculorum,

154 1138 435 1168 l‘alricomlei'utts,ct
461 1136 643 1162 unitersitatis
663 1141 784 1168 creator;
809 1135 857 1163 sed
879 1135 949 1169 quod

155 1184 284 1217 Superius
297 1184 418 1215 diximus,
430 1183 504 1216 juxta
523 1182 724 1209 subsistentiam
737 1181 845 1209 sibimet
856 1183 949 1208 unieus

156 1231 304 1256 humanam
320 1234 438 1256 naturam
464 1228 630 1256 nativitatem
655 1228 813 1256 sustinuerit
836 1236 868 1256 ex
892 1229 949 1262 ipsa

155 1277 234 1302 vulva
248 1283 392 1310 corporea;
418 1283 472 1301 non
498 1275 568 1309 quod
595 1275 698 1309 eguerit
725 1274 877 1303 necessario
903 1279 949 1301 aut

156 1327 268 1356 propter
286 1328 359 1347 suam
384 1325 506 1346 naturam
534 1320 673 1346 nativitate
698 1320 757 1352 ista,
775 1326 834 1353 quze
857 1324 899 1346 est
922 1319 948 1346 iit

154 1366 381 1394 extremissceculi
396 1365 462 1392 facta
478 1366 653 1399 temporibus,
661 1365 707 1393 sed
720 1370 748 1392 ut
759 1365 830 1399 ipsas
839 1365 949 1393 benedi-

154 1418 226 1439 curet
241 1412 400 1440 substantiae
413 1416 509 1438 nostra:
528 1411 669 1446 primitias,
685 1416 712 1439 et
722 1412 785 1438 dum
797 1419 858 1439 cum
873 1411 947 1439 carni

153 1461 255 1487 unitum
268 1460 365 1487 mulier
380 1459 520 1490 edidisset,
535 1460 577 1486 illa
592 1467 653 1493 qua:
666 1459 796 1487 adversus
811 1466 891 1487 omne
902 1466 948 1494 ge-

151 1516 203 1534 nus
220 1508 365 1533 humautnu
392 1506 545 1532 maledictio
566 1505 653 1533 fuerat
678 1505 780 1540 prolata
801 1505 944 1539 desineret,

151 1560 202 1579 nec
224 1552 280 1586 jam
304 1551 384 1578 morti
410 1555 501 1577 nostra
515 1559 628 1583 Corpora
641 1551 694 1586 37
708 1551 866 1583 destinaret,
882 1551 946 1578 illttd

153 1606 257 1633 quoque
271 1598 344 1632 quod
358 1598 459 1624 dictum
475 1602 515 1623 est
531 1607 536 1623 :
560 1597 592 1624 In
607 1597 710 1623 tristitia
721 1598 805 1631 paries
815 1597 881 1631 ﬁlios
892 1597 948 1630 ipse

152 1645 313 1676 dissolvens,
330 1651 422 1670 verum
444 1651 502 1670 esse
530 1647 694 1670 monstraret
715 1642 785 1677 quod
810 1643 948 1676 propheta:

153 1698 216 1717 voce
230 1690 391 1724 pranlixerat
402 1697 408 1716 :
419 1689 542 1723 Aliam-pta
558 1694 592 1715 est
605 1697 673 1715 mors
689 1689 715 1715 in
726 1689 843 1720 victoria,
856 1691 883 1714 et
899 1688 947 1714 ite-

152 1743 209 1762 rum
227 1744 234 1761 :
251 1735 361 1761 Abstulit
376 1734 501 1760 Dominus
516 1743 615 1761 onmem
626 1736 765 1769 laci'ynmm
778 1734 808 1760 ab
822 1735 889 1760 omni
904 1735 946 1768 fa-

152 1782 196 1807 cie.
218 1780 333 1815 Propter
347 1781 417 1806 hanc
438 1781 535 1806 etenim
559 1786 666 1806 causam
688 1779 802 1806 dicimus
822 1786 883 1806 eum
906 1778 948 1806 di-

153 1827 322 1860 spensatorie
337 1831 363 1852 et
375 1825 438 1859 ipsis
450 1825 620 1852 bent-dixisse
641 1830 703 1852 tunc
718 1826 832 1859 nuptiis,
844 1833 904 1852 cum
919 1825 946 1852 iu

152 1874 223 1899 Cana
236 1872 354 1899 Galilarac
370 1880 429 1898 cum
455 1873 555 1899 sanctis
575 1876 684 1899 vocatus
699 1872 829 1906 apostolis
851 1872 947 1899 adesse

151 1920 275 1954 dignatus
309 1924 361 1946 est.
385 1919 446 1945 "xc
467 1926 561 1951 sapere
583 1925 675 1946 sumus
698 1917 786 1945 edocti
806 1925 821 1944 a
846 1917 947 1945 sanctis

153 1965 283 1999 apostolis
295 1970 322 1991 et
331 1964 501 1999 evangelistis
512 1965 577 1990 etab
587 1964 659 1991 omni
673 1964 808 1997 Scriptura
820 1964 947 1991 divinitus

152 2011 290 2045 inspirata,
304 2018 353 2037 nec
371 2019 422 2036 non
438 2016 464 2037 et
482 2019 496 2036 a
511 2011 593 2037 beatis
604 2010 712 2038 Patrum
732 2010 944 2038 confessionibus

151 2058 264 2083 veritate
279 2056 409 2082 subnixis.
425 2056 470 2082 llis
480 2057 604 2083 omnibus
614 2057 693 2082 etiam
707 2062 778 2083 tuam
790 2055 946 2091 religionem

151 2102 338 2133 cuncordare.
360 2106 387 2128 et
417 2109 512 2135 praeuer
540 2102 654 2135 aliquem
679 2101 768 2128 dolum
794 2102 947 2128 consentire

151 2149 200 2182 iam
211 2149 342 2175 convenit
359 2156 365 2173 :
380 2155 439 2181 qua!
452 2155 515 2174 vero
532 2147 688 2182 religionem
703 2152 774 2174 tuam
789 2146 947 2174 anathema-

152 2200 231 2220 nzare
246 2200 359 2219 necesse
373 2198 413 2218 est
428 2193 488 2219 huic
503 2192 622 2226 epistola:
643 2196 741 2219 nostrae
756 2192 876 2226 suhjvcta
892 2191 901 2227 {
914 2191 942 2218 Τ.
960 2203 986 2232 ι)

151 2241 177 2271 1,
191 2239 221 2270 9.,
235 2238 395 2274 subjuncta]
410 2244 481 2265 sunt.

187 2295 208 2322 I.
230 2294 259 2322 Si
283 2295 343 2329 quis
369 2303 422 2322 non
446 2294 589 2323 conﬁtetur
614 2295 697 2322 Deum
726 2296 858 2323 veraciter
883 2303 944 2324 esse

152 2340 311 2368 Emmanuel
336 2345 364 2368 et
384 2346 525 2376 propterea
543 2341 589 2369 Dei
614 2340 772 2376 genitricem
797 2348 915 2368 sanctam
934 2346 947 2360 ἰ

153 2386 287 2421 Virginem
302 2385 329 2417 ιι,
346 2388 448 2421 peperit
462 2387 533 2413 enim
547 2386 693 2413 secundum
707 2393 827 2417 carnem,
837 2393 945 2413 carnem

152 2431 250 2458 factum
268 2431 313 2458 Dei
332 2431 448 2458 Verbum
472 2432 619 2459 secundum
644 2432 714 2466 quod
737 2432 865 2466 scriptum
887 2437 945 2459 est:

158 2474 267 2502 Verbum
280 2483 342 2501 caro
355 2475 451 2509 [actum
465 2480 518 2507 ut;
534 2476 676 2503 anathema
691 2476 736 2504 sit.

186 2522 217 2548 ll.
239 2522 269 2550 Si
284 2523 345 2557 quis
359 2530 413 2549 non
428 2523 573 2550 coulitetur
587 2524 662 2550 carni
686 2524 833 2550 secundum
856 2522 945 2551 subsi-

151 2568 276 2594 stentiam
292 2567 393 2594 unitum
410 2568 455 2595 Dei
472 2568 560 2595 Patris
577 2568 692 2596 Verbum
705 2589 713 2602 ,
738 2577 872 2604 unumque
887 2576 948 2597 esse

151 2613 288 2640 Christum
305 2620 366 2639 cum
382 2614 489 2648 propria
501 2621 592 2648 carne,
608 2615 730 2642 eumdem
746 2615 849 2642 scilicet
864 2614 946 2643 Dequ

151 2660 229 2686 simul
245 2664 273 2686 et
287 2659 442 2692 hominem;
458 2660 600 2687 anathema
615 2660 660 2687 sit.

186 2704 229 2732 Ill.
254 2709 266 2723 ι
287 2705 317 2732 Si
337 2706 398 2739 quis
418 2705 446 2732 in
470 2711 523 2732 uno
544 2705 651 2733 Christo
673 2705 768 2733 dividit
786 2705 947 2734 substantias

188 2774 200 2788 ³
222 2769 269 2802 U.,
282 2775 401 2805 iunctain
411 2769 522 2796 Mariam
536 2770 668 2805 virginem.

186 2804 200 2822 ὶι
221 2804 324 2836 ΕιᾹΞ..
336 2805 364 2831 Β.
374 2805 479 2838 ιι.,τ.·ι
489 2826 497 2837 ,
508 2805 536 2838 Ξ,
546 2804 580 2832 G.
592 2806 618 2832 In
632 2808 664 2832 Α.
676 2810 703 2832 et
715 2804 745 2831 Ε.
757 2804 933 2838 5.,Virgincm

221 2824 313 2831 μω.
336 2824 404 2831 υ.
434 2824 443 2832 .
454 2825 460 2831 .
473 2824 479 2831 .
510 2824 524 2830 -
547 2824 578 2832 ν.
676 2824 703 2832 ν,
715 2824 745 2831 ...
757 2824 783 2832 .,.
808 2824 814 2830 .

149 2840 277 2879 peperisse
290 2825 357 2868 etim.
375 2826 419 2875 U.;
436 2824 567 2876 Virginem
581 2848 636 2876 qua:
650 2842 745 2876 peperit
759 2824 909 2870 uiantium.
938 2827 944 2840 ’

1007 899 1137 928 nicaverit
1160 902 1215 937 88
1239 902 1365 931 simiiiter
1389 910 1416 932 ut
1441 913 1491 934 nos
1515 906 1590 934 carni
1613 912 1640 934 ct
1654 908 1796 943 sanguini;

1005 944 1147 973 anathema
1163 947 1208 974 sit.

1042 991 1083 1018 Vl.
1106 992 1134 1020 Si
1149 993 1208 1028 quis
1223 993 1289 1021 dicit
1310 995 1393 1022 Deum
1409 1003 1469 1023 esse
1484 997 1524 1024 vel
1540 997 1682 1025 Dominum
1696 997 1797 1026 Christi

1004 1036 1052 1064 Dei
1074 1037 1160 1065 Patris
1183 1039 1308 1072 Verbum,
1334 1045 1361 1068 et
1381 1049 1434 1068 nou
1455 1042 1540 1077 magis
1561 1044 1686 1071 eumdem
1710 1045 1795 1078 ipsum

1002 1082 1144 1109 coulitetur
1162 1083 1245 1110 Deum
1261 1085 1339 1111 simul
1359 1090 1384 1113 et
1399 1086 1551 1119 hominem.
1569 1092 1709 1122 propterea
1724 1089 1796 1123 quod

1004 1127 1119 1154 Verbum
1136 1135 1199 1156 caro
1219 1128 1318 1157 factum
1333 1137 1374 1158 est
1387 1132 1534 1160 secundum
1548 1133 1717 1168 Scripturas;
1732 1142 1796 1162 ana-

1004 1174 1091 1199 thema
1107 1173 1152 1200 sit.

1039 1216 1094 1243 γει.
1116 1217 1143 1244 Si
1159 1218 1218 1253 quis
1233 1219 1304 1246 velut
1319 1220 1453 1248 hominem
1466 1222 1559 1249 .Iesnm
1574 1224 1730 1257 operatione
1745 1225 1794 1253 Dei

1003 1263 1082 1290 Verbi
1110 1265 1172 1292 dicit
1196 1266 1326 1300 adjutum,
1342 1273 1369 1295 et
1388 1269 1517 1303 uuigenili
1538 1271 1648 1306 gloriam
1667 1275 1794 1306 tanquam

1001 1309 1077 1336 alteri
1095 1316 1192 1345 praeter
1207 1313 1293 1347 ipsum
1307 1315 1432 1342 cxistenti
1458 1316 1567 1350 tribuit;
1590 1318 1731 1346 anathema
1746 1318 1793 1347 sit.

1038 1356 1102 1384 Vill.
1123 1358 1152 1386 Si
1174 1359 1235 1393 quis
1256 1360 1337 1387 audet
1360 1362 1450 1390 dicere
1471 1368 1638 1397 assumptum
1656 1364 1793 1392 hominem

1001 1401 1197 1430 coadorandum
1216 1403 1269 1432 Deo
1291 1404 1387 1439 Verbo,
1403 1411 1430 1433 et
1453 1408 1707 1442 cungloriticandum
1724 1409 1748 1444 ιι,
1764 1415 1792 1437 et

1001 1448 1241 1482 conuncupaudum
1256 1449 1339 1478 Deum
1354 1456 1479 1486 tanquam
1495 1454 1607 1480 alterum
1622 1462 1682 1482 eum
1696 1455 1792 1488 altero,

1002 1501 1061 1520 nam
1077 1502 1135 1521 cum
1149 1495 1252 1530 syllaba
1267 1504 1375 1531 semper
1389 1498 1494 1533 adjecta
1512 1500 1562 1527 hoc
1575 1500 1646 1535 cogit
1669 1501 1791 1536 intelligi,

1000 1543 1027 1566 et
1051 1547 1104 1566 non
1125 1541 1215 1575 potius
1239 1549 1290 1568 una
1311 1543 1506 1577 supplicatione
1522 1551 1663 1572 veneratur
1686 1545 1793 1573 Emma-

1000 1585 1073 1615 nuel.
1100 1594 1234 1621 unamque
1263 1588 1289 1616 ei
1316 1589 1539 1624 gloriﬁcationem
1567 1591 1696 1626 dependit
1717 1593 1791 1627 juxta

1000 1631 1071 1664 quod
1088 1631 1203 1659 Veibum
1218 1640 1281 1660 caro
1297 1634 1397 1661 factum
1411 1640 1467 1669 est;
1483 1637 1625 1664 anathema
1639 1637 1684 1666 sit.

1036 1687 1082 1714 IX.
1103 1688 1131 1715 Si
1146 1688 1205 1722 quis
1226 1697 1307 1716 unum
1324 1690 1464 1718 Dominum
1478 1691 1570 1719 Jesnm
1586 1692 1722 1719 Christum
1736 1692 1792 1726 glo-

999 1733 1131 1760 riticatum
1144 1733 1210 1760 dicit
1221 1734 1255 1761 ab
1267 1735 1368 1768 Spiritu
1382 1741 1488 1769 sancto,
1506 1742 1630 1771 tanquam
1644 1737 1689 1771 qui
1704 1738 1791 1764 aliena

1000 1778 1100 1806 virtute
1115 1785 1163 1813 per
1178 1786 1238 1806 eum
1257 1787 1321 1807 usus
1341 1781 1434 1814 tuerit,
1451 1786 1478 1809 et
1492 1782 1526 1809 ah
1539 1789 1572 1809 eo
1584 1784 1718 1817 acceperit
1732 1783 1791 1810 eit‘tv

999 1826 1098 1853 cat-iam
1115 1831 1210 1854 contra
1235 1827 1386 1855 immundos
1401 1829 1520 1862 spiritus,
1538 1836 1617 1864 posse
1630 1833 1658 1856 et
1673 1829 1792 1856 homini~

999 1872 1048 1899 bus
1068 1872 1159 1899 divina
1179 1873 1255 1907 signa
1270 1873 1412 1908 perﬁcere,
1429 1881 1461 1900 ac
1478 1882 1531 1901 non
1553 1875 1640 1909 potius
1656 1874 1792 1909 proprium

998 1916 1096 1945 fatetur
1111 1918 1170 1951 ejus
1183 1917 1309 1952 Spiritum
1324 1927 1372 1953 per
1385 1928 1464 1954 quem
1480 1920 1570 1948 divina
1585 1921 1661 1956 signa
1674 1921 1792 1956 comple~

999 1963 1053 1995 vit;
1069 1963 1210 1989 anathema
1225 1964 1270 1989 sit.

1036 2008 1069 2035 X.
1095 2009 1252 2036 l‘ontiticein
1273 2013 1301 2035 et
1319 2009 1468 2042 apostolum
1491 2010 1668 2038 confessionis
1692 2015 1791 2039 nostra)

999 2052 1098 2080 factum
1123 2060 1183 2080 esse
1198 2053 1331 2080 Christum
1355 2053 1443 2080 divina
1466 2054 1603 2088 Scriptura
1626 2063 1792 2083 commento-

999 2103 1055 2130 rat;
1072 2098 1168 2125 obtulit
1182 2102 1270 2125 autem
1291 2099 1465 2133 semetipsum
1482 2107 1530 2133 pro
1544 2100 1621 2127 nobis
1636 2100 1662 2126 in
1679 2100 1791 2128 odorem

999 2143 1139 2171 suavitatis
1158 2144 1212 2170 Deo
1234 2148 1263 2171 et
1276 2144 1358 2171 Patri.
1380 2143 1409 2171 Si
1432 2145 1494 2179 quis
1513 2152 1578 2180 ergo
1597 2145 1749 2180 pontiﬁcem
1762 2151 1791 2174 et

1000 2189 1148 2224 apostolum
1164 2194 1284 2217 nostrum
1297 2190 1362 2217 dicit
1375 2189 1473 2217 factum
1489 2198 1542 2218 non
1559 2199 1646 2226 ipsum
1660 2191 1708 2219 Dei
1724 2191 1790 2220 Ver-

1001 2236 1074 2268 bum,
1091 2235 1198 2270 quando
1213 2242 1276 2262 caro
1291 2234 1389 2262 [aetum
1410 2240 1460 2269 est,
1485 2242 1512 2263 et
1531 2236 1606 2271 juxta
1630 2244 1680 2264 nos
1703 2237 1791 2265 homi-

999 2288 1071 2314 nem,
1095 2280 1144 2308 sed
1169 2280 1242 2308 velut
1262 2281 1381 2308 alterum
1409 2285 1505 2315 praeter
1528 2281 1615 2315 ipsum
1638 2282 1790 2316 specialiter

1000 2325 1136 2354 hominem
1157 2334 1188 2354 ex
1206 2326 1334 2359 muliere;
1349 2330 1395 2353 aut
1408 2328 1470 2361 quis
1489 2327 1554 2354 dicit
1566 2332 1592 2353 et
1606 2334 1655 2361 pro
1668 2334 1698 2355 se
1709 2327 1791 2355 obtu—

998 2371 1063 2398 lisse
1075 2372 1249 2406 semetipsum
1264 2372 1426 2399 oblationem
1440 2377 1467 2399 et
1481 2380 1533 2399 non
1550 2373 1638 2407 potius
1651 2380 1699 2407 pro
1712 2374 1791 2402 nobis

999 2417 1075 2448 solis,
1108 2424 1162 2443 non
1195 2417 1267 2444 enim
1300 2418 1375 2452 eguit
1404 2417 1541 2446 oblatione
1573 2418 1619 2453 qui
1651 2423 1789 2453 peccatum

998 2462 1109 2490 omnino
1128 2462 1257 2496 nescivit;
1270 2463 1414 2491 anathema
1428 2464 1473 2491 sit.

1035 2519 1081 2546 ΧΙ.
1102 2519 1130 2547 Si
1145 2519 1204 2553 quis
1224 2527 1276 2546 non
1297 2521 1443 2547 conﬁtetur
1457 2527 1566 2548 carnem
1582 2520 1687 2547 Domini
1702 2520 1789 2547 viviﬁ-

999 2567 1123 2594 catricem
1147 2574 1208 2594 esse
1233 2571 1260 2593 et
1276 2568 1411 2601 propriam
1437 2568 1520 2601 ipsius
1534 2567 1612 2594 Verbi
1628 2567 1674 2594 Dei
1690 2566 1787 2603 Patris,

998 2616 1045 2642 sed
1061 2615 1133 2641 velut
1149 2615 1259 2643 alterius
1276 2620 1373 2649 praeter
1388 2615 1472 2648 ipsum
1488 2613 1623 2649 conjuncti
1639 2615 1725 2643 eidem
1741 2623 1789 2650 per

998 2660 1174 2694 dignitatem,
1194 2665 1240 2687 aut
1260 2660 1336 2694 quasi
1361 2658 1478 2686 divinam
1502 2658 1625 2688 habentis
1646 2660 1788 2688 habitatio-

999 2713 1072 2740 nem,
1089 2710 1118 2734 et
1134 2713 1189 2733 non
1208 2706 1297 2740 potius
1317 2710 1345 2732 ut
1359 2704 1476 2732 diximus
1500 2705 1699 2734 viviﬁcatricem
1714 2713 1786 2741 esse,

1037 2778 1047 2793 ε
1070 2773 1149 2800 Deest
1163 2772 1206 2799 hic
1218 2779 1303 2798 canon
1318 2772 1344 2799 in
1366 2772 1398 2800 U.
1412 2777 1439 2800 ct
1452 2772 1486 2799 ϐ.

1036 2808 1048 2828 ιι
1068 2809 1107 2836 Ex
1122 2807 1178 2842 All,
1192 2807 1236 2839 U..
1253 2807 1332 2844 G._ln
1346 2809 1377 2836 A.
1393 2815 1418 2836 ct
1432 2807 1539 2843 reliquis
1555 2816 1561 2834 :
1576 2807 1788 2844 gloriﬁcaudttm.
