4048 6182
415 226 519 281 159

1105 226 1485 284 COLLECTIO
1524 220 1853 280 CANONUM
1891 222 1949 278 S.
1982 222 2231 285 ISIDORI
2272 226 2539 285 IIISPAL.
2585 227 2940 285 ASCRIPTA.

3583 225 3682 284 150

410 342 530 407 quia
558 341 689 395 iacta
717 349 804 397 est
826 344 1041 413 propria
1090 343 1245 399 Verbi
1276 351 1468 397 cuncta
1499 339 1774 393 viviﬁcare
1806 338 1990 393 valen-
2023 344 2064 399 Α
2092 347 2255 414 ipsius
2300 346 2573 415 proprium
2621 354 2703 398 est
2742 343 2934 396 factum
2988 354 3199 411 passum
3233 346 3349 403 est,
3402 340 3522 395 ideo
3569 342 3680 395 hmo

412 436 508 503 tis;
539 437 819 492 anathema
850 438 943 493 sit.

478 554 591 624 89
627 553 739 607 XII.
782 554 836 609 Si
868 555 986 623 quis
1016 569 1118 606 non
1164 549 1448 604 conﬁtetur
1476 549 1567 603 Dei
1599 547 1831 601 Verbum
1870 561 1994 615 pas-

415 661 532 700 sum
574 663 755 709 carne,
788 648 1096 700 cruciﬁxum
1128 660 1309 711 carne,
1353 652 1406 696 et
1450 649 1677 695 m‘ortcm
1709 656 1868 693 carne
1898 655 1995 709 gu-

410 747 600 802 stasse,
636 736 934 805 factumque
965 736 1375 803 primogenitum
1406 748 1471 802 ex
1516 732 1763 796 mortuis,
1804 745 1998 784 secun-

410 826 534 880 dum
566 827 705 895 quod
737 826 845 879 vita
876 833 958 879 est
988 833 1041 879 et
1069 824 1364 877 vivil'icator
1400 833 1458 878 ut
1487 822 1660 887 Deus;
1710 820 1995 874 anathema

413 926 505 969 ειι.

515 1046 633 1099 Alia
661 1046 727 1098 ad
755 1047 990 1100 eumdem
1023 1046 1321 1101 Nestorium
1351 1019 1620 1100 decretalis
1648 1044 1889 1111 epistola.

481 1160 570 1215 Ait
614 1160 775 1230 igitur
815 1171 997 1215 sancta
1040 1172 1094 1215 et
1139 1177 1326 1231 magna
1366 1160 1606 1232 synodus
1643 1178 1656 1214 :
1701 1162 1875 1226 Ipsum
1909 1159 1997 1231 qui

409 1259 491 1304 est
527 1260 595 1303 ex
632 1251 738 1304 Deo
771 1252 928 1305 Patre
962 1253 1274 1306 naturaliter
1301 1262 1477 1318 natus,
1515 1252 1705 1305 Filium
1756 1250 2000 1321 unigeni-

411 1352 543 1407 tum,
577 1342 745 1395 Deum
794 1358 976 1397 verum
1026 1344 1094 1397 de
1125 1342 1235 1398 Deo
1264 1359 1413 1408 vero,
1449 1345 1631 1397 lumen
1678 1342 1745 1397 de
1777 1343 1998 1408 lumine,

416 1450 511 1502 per
539 1448 697 1503 quem
735 1444 787 1490 et
818 1450 938 1490 cum
968 1450 1073 1504 quo
1101 1437 1281 1490 omnia
1315 1436 1497 1491 fecerit
1532 1436 1708 1501 Pater,
1747 1436 1887 1488 hunc
1914 1434 2004 1490 de-

411 1526 721 1591 sceu'disse,
773 1527 1105 1581 incarnatum
1157 1542 1298 1592 esse,
1354 1538 1405 1581 et
1452 1527 1727 1580 hominem
1781 1526 1998 1589 factum,

415 1630 628 1683 passum
657 1631 797 1680 esse,
828 1619 1189 1672 resurrexisse
1220 1618 1376 1671 tertia
1402 1616 1514 1682 die,
1545 1616 1851 1671 ascendisse
1880 1631 2001 1669 rur-

2090 436 2273 492 omuia
2298 452 2392 505 pro
2424 436 2577 489 nobis
2617 434 2732 503 ipse
2762 434 2959 487 dicitur
2987 447 3174 500 passus
3201 447 3214 494 ;
3252 432 3424 484 iuerat
3449 432 3591 484 enim
3626 433 3677 485 in

2090 543 2156 583 eo
2178 543 2403 596 corpOre
2433 527 2572 597 quod
2599 526 2900 594 patiebatur
2928 525 3065 578 Deus
3109 524 3195 592 qui
3239 524 3343 590 pati
3390 538 3493 574 non
3529 531 3681 590 pote-

2091 630 2193 675 rat.
2232 620 2401 675 Simili
2441 621 2599 675 modo
2630 628 2685 674 et
2720 629 2944 673 mortem
2978 618 3142 686 ipsius
3175 616 3548 684 intelligimus,
3582 618 3682 669 im-

2092 713 2319 767 mortale
2342 712 2484 766 enim
2518 721 2572 765 et
2609 710 3013 777 incorruptibile
3040 719 3122 764 est
3158 708 3468 761 naturaliter
3492 718 3545 762 et
3573 708 3678 760 vita

2090 813 2147 859 et
2193 804 2467 857 viviﬁcans
2525 802 2615 855 Dei
2667 802 2930 867 Verbum;
2974 801 3067 855 sed
3111 800 3227 869 quia
3268 815 3461 869 corpus
3513 800 3678 867 ipsius

2092 896 2365 963 prOprium
2403 893 2573 963 gratia
2600 893 2692 945 Dei
2716 893 2865 960 juxta
2900 892 3044 946 Pauli
3079 906 3265 945 vocem
3299 904 3395 957 pro
3422 892 3681 943 omnibus

2092 998 2320 1042 mortem
2347 987 2597 1058 gustavit,
2625 985 2821 1041 idcirco
2849 986 2961 1054 ipse
2986 984 3179 1039 dicitur
3208 992 3434 1038 mortem
3486 996 3673 1049 passus

2093 1092 2214 1133 esse
2242 1092 2340 1147 pro
2377 1077 2550 1142 nobis,
2586 1092 2691 1129 non
2717 1076 2856 1144 quod
2906 1077 3020 1145 ipse
3047 1084 3271 1129 mortem
3299 1084 3441 1128 esset
3484 1088 3677 1142 exper-

2095 1178 2199 1234 tus,
2243 1179 2498 1238 quantum
2539 1169 2601 1222 ad
2646 1167 2812 1235 ipsius
2865 1178 3107 1220 naturam
3154 1167 3423 1234 pertinet,
3469 1164 3675 1218 insania

2092 1262 2232 1314 enim
2275 1273 2357 1315 est
2400 1260 2500 1314 hoc
2528 1260 2608 1314 vel
2656 1260 2857 1313 sentire
2906 1258 2985 1312 vel
3017 1257 3233 1324 dicere,
3284 1257 3378 1311 sed
3412 1256 3589 1324 quod,
3621 1265 3675 1308 ut

2092 1367 2252 1415 Supra
2284 1352 2537 1416 diximus,
2564 1367 2689 1405 vero
2718 1366 2845 1409 caro
2867 1350 3032 1419 ipsius
3055 1360 3277 1403 mortem
3306 1350 3539 1418 gustavit
3565 1364 3577 1399 :
3607 1347 3676 1399 ita

2101 1443 2157 1487 et
2198 1434 2513 1502 resurgente
2554 1449 2748 1499 carne,
2798 1437 2963 1506 ipsius
3009 1453 3192 1493 rursus
3234 1455 3683 1497 resurrectionem

2102 1525 2350 1589 dicimus,
2386 1541 2491 1579 non
2520 1527 2642 1593 quia
2684 1527 2735 1580 in
2767 1529 3168 1598 corruptionem
3198 1532 3484 1595 ceciderat,
3520 1537 3673 1599 absit

2105 1615 2197 1669 sed
2229 1616 2349 1685 quia
2379 1616 2496 1685 ejus
2521 1621 2757 1672 surrexit
2786 1634 3004 1691 corpus.
3040 1622 3114 1675 Ita
3142 1631 3197 1676 et
3225 1623 3495 1679 Christum
3524 1643 3684 1682 unum

413 1723 506 1761 sus
550 1708 603 1763 in
642 1709 827 1763 caelos.
876 1709 998 1764 Haec
1041 1725 1140 1766 nos
1185 1711 1336 1779 sequi
1375 1711 1536 1764 verba
1575 1709 1868 1773 debemus,
1916 1707 1998 1761 his
2029 1710 2076 1768 B
2109 1715 2161 1758 et
2204 1705 2484 1760 Dominum
2533 1710 2895 1776 conlitemur,
2958 1726 3064 1765 non
3114 1720 3361 1780 tanquam
3414 1715 3683 1770 hominem

415 1819 515 1857 nos
559 1804 807 1857 convenit
835 1804 1205 1871 obtemperare
1242 1803 1602 1873 dogmatibus,
1644 1802 2001 1857 consideran-

419 1903 498 1945 tes
526 1895 649 1963 quid
684 1895 754 1949 sit
782 1896 1114 1949 iucarnatum
1145 1910 1267 1951 esse
1290 1905 1342 1949 et
1374 1896 1643 1949 hominem
1675 1894 1872 1948 factum
1907 1894 1998 1948 Dei

415 1981 672 2037 Verbum.
710 1985 820 2038 Non
863 1986 1002 2039 enim
1048 1986 1273 2040 dicimus
1302 1985 1442 2054 quod
1487 1984 1579 2039 Dei
1632 1994 1821 2039 natura
1870 1998 2002 2038 con-

415 2095 569 2134 versa
597 2080 683 2134 vel
716 2082 994 2135 immutata
1043 2082 1178 2136 facta
1206 2081 1273 2135 sit
1320 2095 1469 2147 caro,
1506 2095 1604 2134 nec
1637 2079 1779 2148 quod
1835 2080 1885 2132 in
1920 2088 2000 2132 to—

416 2182 528 2229 tum
562 2176 830 2231 hominem
862 2178 950 2246 qtti
981 2186 1065 2232 est
1093 2193 1158 2232 ex
1188 2180 1361 2233 anima
1390 2187 1443 2233 et
1474 2192 1702 2246 corpore
1734 2176 2000 2231 transfor-

423 2274 563 2320 mata
608 2268 708 2335 sit,
754 2268 846 2321 sed
880 2268 1007 2321 illud
1050 2268 1216 2339 magis
1261 2268 1402 2338 quod
1449 2281 1665 2321 carnem
1712 2266 2000 2321 animatam

417 2359 596 2410 anima
628 2359 925 2413 rationabili
958 2359 1059 2413 sibi
1087 2360 1418 2427 ctipulaverit
1453 2358 1718 2422 Verbum;
1747 2357 2002 2412 substan-

420 2448 640 2513 tialiter,
688 2449 1030 2504 ineﬁ'abiliter
1070 2458 1124 2504 et
1154 2450 1694 2521 irreprehensibiliter
1729 2446 1902 2503 factus
1934 2449 2005 2502 sit

419 2539 611 2603 homo,
655 2547 709 2592 et
746 2547 1084 2607 nuncupatus
1127 2541 1195 2592 sit
1234 2541 1393 2593 etiam
1438 2541 1575 2593 lilius
1607 2538 1863 2603 hominis,
1896 2553 2002 2593 non

418 2631 557 2679 nuda
611 2627 977 2680 tantummodo
1026 2628 1320 2691 voluntate,
1354 2628 1448 2682 sed
1497 2643 1594 2681 nec
1630 2628 2004 2696 assumptione

419 2717 529 2770 sola
564 2731 806 2785 personae
828 2758 843 2781 ,
882 2717 976 2770 sed
1007 2718 1148 2787 quod
1179 2718 1407 2771 diversae
1437 2717 1652 2785 quidem
1701 2727 1903 2771 natura:
1950 2719 2000 2771 in

418 2823 579 2862 unum
628 2808 1009 2873 convenerint;
1042 2823 1176 2862 unus
1209 2820 1383 2863 tamen
1415 2825 1478 2863 ex
1509 2808 1767 2863 ambabus
1797 2818 1821 2845 ἰ
1848 2809 2002 2863 Chri-

416 2910 528 2954 stus
566 2909 619 2954 et
656 2899 840 2965 Filius,
888 2916 991 2954 non
1025 2912 1279 2956 evacuata
1313 2910 1405 2955 aut
1444 2901 1653 2955 sublata
1685 2901 2002 2956 diversitate

420 3003 727 3044 naturarum
763 3007 857 3060 per
889 2991 1325 3061 conjunctiones,
1363 2992 1455 3046 scd
1486 2993 1609 3061 quia
1656 2991 1817 3044 simul
1848 2993 2003 3046 nobis

2104 1809 2224 1849 cum
2263 1795 2437 1850 Verbo
2466 1798 2837 1862 coadorantes,
2873 1816 2940 1854 ne
2969 1802 3248 1857 divisionis
3290 1806 3534 1873 quaedam
3567 1822 3690 1871 spe-

2104 1885 2212 1941 cies
2244 1886 2547 1953 indncatur,
2573 1888 2667 1941 sed
2698 1905 2857 1943 unum
2882 1890 2989 1957 jam
3022 1904 3073 1945 et
3098 1896 3344 1948 eumdem
3368 1897 3684 1962 adorantes;

2103 1981 2227 2048 quia
2256 1996 2361 2033 non
2385 1989 2468 2034 est
2497 1982 2725 2037 alienum
2759 1998 2785 2034 a
2814 1982 2987 2038 Verbo
3007 2000 3199 2053 corpus
3224 2002 3398 2051 suum,
3431 2005 3551 2043 cum
3585 2008 3689 2059 quo

2105 2069 2206 2137 ipsi
2252 2071 2411 2123 etiam
2460 2072 2663 2126 assidet
2696 2073 2862 2127 Patri.
2914 2075 3020 2129 Nec
3050 2076 3148 2129 hoc
3176 2074 3246 2128 ita
3280 2077 3506 2132 dicimus
3536 2083 3689 2149 quasi

2105 2162 2315 2217 duobus
2360 2164 2483 2217 ﬁliis
2512 2164 2888 2232 assidentibus,
2938 2169 3031 2223 sed
3083 2184 3187 2223 uno
3230 2186 3349 2223 cum
3378 2186 3540 2227 carne
3594 2190 3691 2241 μετ

2106 2258 2393 2324 unitatem,
2442 2259 2564 2326 quia
2601 2270 2622 2297 ο
2654 2260 2697 2314 si
2734 2262 2890 2315 talem
2932 2262 3326 2331 copulationetn
3359 2264 3548 2319 factam
3594 2281 3690 2335 per

2108 2352 2486 2415 substantiam,
2517 2360 2609 2406 aut
2650 2354 2800 2422 quasi
2846 2354 3235 2424 impassibilcm
3286 2367 3377 2411 aut
3404 2360 3554 2426 quasi
3600 2374 3691 2428 pa-

2108 2459 2226 2498 rum
2271 2444 2521 2499 decoram
2555 2444 2888 2500 uoluerimus
2917 2446 3183 2515 accipere,
3231 2448 3283 2502 in
3326 2449 3377 2503 id
3410 2449 3689 2505 incidimus

2108 2547 2165 2589 ut
2190 2536 2325 2591 duos
2356 2536 2494 2590 ﬁlios
2522 2552 2641 2591 esse
2667 2537 2929 2594 dicamus.
2946 2539 3181 2595 Necesse
3207 2550 3291 2597 est
3318 2544 3460 2597 enim
3488 2544 3689 2598 disci-r-

2108 2643 2236 2681 nere
2280 2636 2334 2682 et
2377 2627 2579 2690 dicere,
2616 2628 2886 2683 hominem
2937 2633 3225 2700 separatim
3267 2632 3430 2687 fuisse
3457 2635 3565 2687 sola
3598 2634 3688 2687 ﬁlii

2109 2720 2465 2788 appellatione
2493 2719 2837 2786 honoratum,
2870 2730 2924 2776 et
2953 2738 3141 2777 rursus
3173 2722 3403 2778 Verbum
3445 2724 3582 2794 quod
3609 2737 3690 2778 est

2108 2824 2172 2864 ex
2202 2810 2311 2864 Deo
2338 2819 2392 2864 et
2421 2813 2635 2866 nomine
2663 2820 2717 2865 et
2743 2813 2968 2867 veritate
3000 2812 3165 2867 Filius
3202 2815 3319 2879 Dei,
3352 2814 3446 2867 sed
3495 2812 3692 2867 discer-

2110 2915 2238 2955 nere
2289 2902 2342 2955 in
2389 2901 2524 2955 duos
2578 2901 2716 2956 ﬁlios
2761 2918 2866 2955 non
2917 2902 3173 2958 debemus
3216 2919 3377 2957 unum
3411 2903 3690 2957 Dominum

2112 3005 2352 3046 nostrum
2383 2992 2563 3046 Jesum
2608 2992 2912 3056 Christum,
2974 3010 3148 3064 neque
3204 2995 3347 3049 enim
3398 2994 3448 3048 id
3481 2995 3691 3063 adjuvat

418 3083 714 3137 ell'ecerunt
742 3100 903 3138 unttm
936 3085 1098 3139 Deum
1131 3093 1182 3138 et
1206 3082 1476 3138 Christum
1507 3091 1561 3138 et
1591 3082 1806 3149 Filium,
1842 3069 2003 3137 idest
2033 3073 2078 3135 C
2111 3080 2134 3118 ἀ
2160 3096 2359 3137 rectam
2392 3084 2511 3137 ﬁdei
2544 3084 2825 3151 rationem,
2861 3086 2985 3138 licet
3016 3086 3255 3139 nonnulli
3298 3086 3690 3154 copulationent

416 3174 668 3227 divinitas
708 3182 762 3227 et
806 3176 1108 3229 humanitas
1144 3190 1238 3243 per
1279 3190 1532 3229 arcanam
1574 3174 1715 3227 illam
1760 3173 2001 3229 ineﬁ‘abi-

417 3264 629 3334 lemque
658 3265 1049 3335 copulationem
1076 3266 1142 3322 ad
1175 3268 1450 3323 unitatem.
1488 3265 1666 3335 Itaque
1693 3267 1738 3321 is
1762 3266 1852 3335 qui
1878 3275 2003 3321 ante

416 3357 613 3411 saecula
652 3357 830 3412 omnia
861 3367 945 3413 est
993 3370 1147 3414 natus
1190 3374 1255 3415 ex
1288 3359 1446 3414 Patre
1473 3362 1636 3414 etiam
1681 3374 1747 3413 ex
1779 3359 2003 3414 muliere

416 3449 699 3503 carnaliter
725 3450 922 3505 dicitur
956 3460 1288 3520 procreatus,
1320 3467 1425 3506 non
1467 3452 1589 3520 quia
1624 3451 1801 3505 divina
1835 3451 2003 3521 ipsius

419 3549 609 3591 natusa
655 3540 722 3593 de
766 3551 975 3593 sacrata
1010 3541 1226 3610 Virgine
1276 3542 1505 3606 sumpsit
1549 3541 1849 3604 exordium,
1902 3555 2002 3594 nec

356 3654 359 3659 ι
419 3629 563 3697 quod
598 3638 816 3696 pr0ptcr
862 3644 919 3683 se
970 3628 1139 3695 ipsam
1182 3644 1316 3697 opus
1350 3630 1533 3682 habuit
1571 3628 1809 3682 secundo
1855 3629 1999 3684 nasci

425 3727 543 3787 post
588 3718 733 3771 illam
766 3719 1095 3773 nativitatem
1137 3734 1295 3787 quam
1330 3718 1559 3772 habebat
1587 3733 1653 3773 ex
1687 3718 1843 3773 Patre
1875 3736 1887 3770 :
1919 3727 2002 3772 est

422 3796 566 3864 enim
611 3811 848 3878 ineptum
891 3820 941 3866 et
996 3812 1218 3865 stultum
1267 3811 1367 3866 hoc
1415 3811 1619 3877 dicere,
1646 3812 1787 3880 quod
1835 3812 1880 3865 is
1909 3812 1999 3882 qui

420 3915 548 3960 ante
575 3907 750 3959 omnia
782 3907 978 3961 saecula
1006 3916 1087 3962 est
1116 3907 1579 3978 consempiternus
1612 3908 1753 3963 Patri
1806 3923 2001 3964 secun-

422 3997 505 4051 da
532 3998 892 4068 generationis
931 3998 1138 4069 eguerit
1170 4009 1224 4053 ut
1261 4015 1380 4054 esse
1421 4001 1715 4070 inciperet;
1750 3999 1844 4055 sud
1876 4001 2000 4069 quia

421 4101 637 4161 propter
685 4100 923 4146 nostram
983 4092 1211 4147 salutem
1270 4104 1513 4145 naturam
1580 4091 1679 4145 sibi
1736 4091 2004 4158 copulavit

419 4185 707 4238 humanam
755 4196 809 4240 et
856 4185 1117 4254 processit
1162 4199 1225 4237 ex
1274 4184 1513 4246 muliere,
1564 4182 1765 4236 idcirco
1810 4181 2005 4235 dicitur

421 4285 578 4331 natus
608 4289 728 4331 esse
754 4276 1062 4330 carnaliter.
1093 4274 1277 4343 Neque
1304 4276 1443 4327 enim
1479 4275 1710 4343 primum
1743 4284 1895 4325 natus
1922 4280 2005 4325 est

422 4366 583 4421 homo
609 4366 907 4420 communis
945 4366 1014 4419 de.
1055 4374 1239 4419 sancta
1270 4364 1503 4435 Virgine,
1547 4373 1602 4418 et
1646 4370 1755 4416 tum
1785 4362 1999 4415 demum

2110 3174 2467 3243 nescioquam
2497 3177 2810 3243 perhibeant
2839 3192 3209 3247 personarum.
3242 3176 3355 3231 Non
3386 3178 3521 3233 d:xit
3550 3179 3694 3233 enim

2109 3265 2381 3336 Scriptura
2424 3267 2654 3322 Verbum
2701 3268 2793 3324 Dei
2843 3284 3124 3336 personam
3172 3269 3273 3323 sibi
3326 3270 3557 3325 hominis
3603 3285 3693 3324 as-

2108 3359 2421 3428 sumpsisse,
2453 3359 2549 3414 sed
2593 3374 2807 3414 carnem
2858 3361 3051 3415 factum
3098 3375 3218 3417 esse
3252 3379 3265 3416 :
3296 3361 3345 3415 id
3395 3372 3574 3417 autem
3612 3373 3695 3417 cst

2108 3453 2397 3509 ostendere
2428 3453 2659 3508 Verbum
2698 3454 2790 3508 Dei
2821 3453 3067 3508 similitr
3095 3469 3157 3507 ac
3187 3468 3283 3507 nos
3316 3454 3693 3523 participatum

2110 3550 2361 3601 habuisse
2411 3546 2587 3599 carnis
2635 3556 2689 3598 et
2741 3545 3045 3613 sanguinis,
3103 3554 3155 3599 et
3204 3560 3399 3615 corpus
3446 3554 3691 3599 nostrum

2109 3639 2322 3706 proprie
2348 3652 2502 3690 suum
2548 3634 2757 3698 fecisse,
2805 3645 2860 3688 et
2894 3634 3159 3688 hominem
3193 3650 3257 3689 ex
3306 3635 3530 3690 muliere
3562 3650 3689 3703 pro-

2107 3742 2226 3781 ce~s
2248 3742 2363 3790 sse,
2402 3740 2503 3777 non
2535 3724 2742 3791 abjecta
2776 3740 2873 3778 nec
2910 3725 3150 3793 deposita
3181 3727 3379 3780 deitate
3408 3736 3500 3780 aut
3526 3742 3690 3795 gene-

2108 3818 2315 3871 ratime
2361 3816 2444 3870 illa
2477 3830 2638 3884 quam
2689 3816 2922 3870 habebat
2966 3831 3030 3870 ex
3066 3816 3255 3883 Patre;
3288 3818 3379 3873 sed
3432 3820 3695 3874 mansisse

2108 3907 2268 3961 etiam
2321 3907 2371 3959 in
2419 3907 2784 3973 assumptione
2813 3909 2988 3960 carnis
3020 3906 3184 3960 Deum
3216 3907 3358 3975 quod
3388 3917 3527 3962 erat.
3582 3908 3696 3961 lloc

2109 4000 2304 4069 ubique
2335 4010 2477 4053 recta
2526 4000 2645 4053 ﬁdei
2692 4001 2826 4052 ratio
2872 4007 3227 4066 protestatur;
3282 3998 3334 4052 in
3388 3998 3479 4053 tali
3530 4012 3695 4053 sensu

2107 4102 2323 4144 sanctos
2350 4091 2532 4144 Patres
2565 4089 2732 4144 fuisse
2761 4090 3151 4155 comperimus;
3186 4090 3306 4144 ideo
3350 4089 3428 4143 illi
3456 4104 3559 4143 non
3588 4090 3693 4142 du-

2109 4181 2348 4234 hilaruni.
2385 4190 2622 4233 sanctam
2678 4179 2948 4247 Virginem
2989 4164 3170 4233 dicere
3217 4178 3549 4244 Theotocon,
3584 4192 3692 4231 non

2109 4273 2231 4340 quia
2260 4270 2424 4326 Verbi
2464 4277 2653 4323 natura
2683 4270 2960 4339 deitasque
3006 4269 3058 4323 in
3086 4278 3272 4324 sancta
3299 4270 3514 4340 Virgine
3540 4285 3693 4322 sum-

2112 4364 2215 4430 psit
2243 4362 2543 4431 exordium,
2591 4362 2684 4415 sed
2730 4362 2870 4428 quod
2918 4376 2982 4415 ex
3021 4376 3084 4415 ea
3134 4369 3316 4416 natum
3369 4361 3439 4415 sit
3481 4375 3694 4415 sacrum

420 4456 738 4511 inhabitavit
779 4456 831 4510 in
872 4471 937 4510 eo
965 4455 1218 4518 Verbum,
1260 4428 1438 4509 sed'in
1484 4428 1596 4521 ipsa
1631 4454 1785 4506 vulva
1826 4461 2007 4506 utero-
2038 4428 2087 4487 θ
2114 4428 2243 4509 illud
2292 4471 2487 4524 corpus
2529 4428 2821 4507 animatum
2867 4454 3042 4507 anima
3085 4454 3405 4514 rationabili.
3438 4454 3523 4508 cui
3552 4453 3697 4506 sub-

418 4563 524 4617 que
552 4547 799 4618 virginali
852 4563 911 4602 se
953 4562 1073 4603 cum
1103 4563 1263 4603 carne
1298 4546 1574 4617 conjunxit
1604 4545 1629 4583 δ
1662 4555 1717 4601 et
1752 4545 2005 4599 sustinuit

419 4642 820 4711 generationem
882 4645 1151 4700 carnalem
1187 4684 1203 4708 ,
1271 4643 1448 4699 carnis
1506 4656 1618 4696 suae
1672 4642 2001 4695 nativitatem

418 4748 570 4788 suam
605 4734 825 4790 faciens.
866 4736 958 4792 Sic
1000 4737 1144 4791 illum
1176 4736 1404 4791 dicimus
1450 4744 1505 4790 et
1534 4750 1751 4805 passum
1796 4746 1920 4789 esse
1950 4744 2004 4788 et

421 4828 809 4895 rcsurrexisse,
860 4846 968 4885 non
1017 4831 1140 4900 quia
1190 4829 1330 4883 Deus
1362 4828 1596 4883 Verbum
1643 4828 1753 4898 90
1802 4826 1854 4881 in
1906 4838 2000 4879 sua

420 4926 608 4971 natura
638 4931 824 4986 passus
854 4919 925 4973 sit
953 4929 1042 4971 aut
1070 4918 1248 4987 plagas
1275 4926 1367 4971 aut
1394 4916 1664 4970 clavorum
1699 4913 2005 4967 transﬁxio—

420 5023 516 5063 nes
564 5015 657 5062 aut
703 5005 807 5061 alia
850 5006 1117 5071 vulnera,
1169 5007 1307 5060 Deus
1367 5020 1600 5073 namque
1650 5001 2002 5071 incorporalis

419 5108 568 5153 extra
615 5096 917 5166 passionem
963 5105 1066 5163 est,
1119 5094 1215 5151 sed
1261 5095 1384 5165 quia
1432 5107 1628 5162 corpus
1674 5090 1804 5148 illud
1856 5091 2033 5173 quod,

494 5261 517 5287 “
559 5251 672 5315 ΑΒ..
706 5253 765 5305 Β.
791 5253 880 5322 R.,
913 5253 1005 5317 U.,
1028 5253 1291 5307 ambobus.

497 5323 521 5360 δ
564 5324 622 5375 Β.
651 5324 739 5388 1L,
762 5340 932 5376 secum
960 5341 1165 5378 carnem
1188 5321 1471 5393 conjunxit.

495 5395 636 5464 {Ex
664 5394 851 5449 Graeco
878 5396 1190 5464 exemplari,
1219 5389 1474 5450 mendose
1502 5392 1643 5449 enim
1674 5390 1727 5446 in
1752 5389 2001 5448 omnibus

428 5462 733 5532 (Iudicibus,
759 5464 927 5535 quasi.

2108 4545 2427 4600 Stantialiter
2473 4545 2765 4599 adunatum
2820 4546 2911 4600 Dei
2948 4545 3179 4601 Verbum
3232 4545 3519 4599 carnaliter
3572 4556 3696 4597 esse

2110 4648 2290 4692 natum
2339 4639 2553 4693 dicitur.
2608 4638 2733 4693 Haec
2783 4641 2942 4711 igitur
2994 4656 3089 4708 pro
3133 4641 3239 4710 91
3285 4625 3547 4693 charitate
3583 4646 3605 4673 ⁸
3638 4636 3696 4689 in

2106 4729 2323 4785 Christo
2355 4730 2535 4784 scribo
2565 4727 2612 4794 τ,
2637 4745 2882 4799 quaerens
2913 4739 3162 4798 tanquam
3194 4728 3437 4791 fratrem,
3468 4738 3522 4781 et
3563 4742 3698 4780 con-

2108 4830 2309 4877 testans
2336 4835 2514 4876 coram
2551 4821 2663 4875 Deo
2689 4827 2747 4873 et
2786 4821 2971 4875 electis
3014 4818 3241 4887 angelis,
3272 4827 3331 4871 ut
3360 4820 3473 4870 haec
3504 4817 3696 4871 nobis-

2109 4929 2231 4968 cum
2265 4922 2319 4967 et
2351 4913 2552 4967 sentias
2581 4913 2691 4982 92
2721 4912 2875 4965 simul
2904 4920 2958 4964 et
2986 4912 3178 4964 doceas
3207 4949 3221 4973 ς
3252 4919 3309 4963 ut
3338 4908 3694 4964 ecclesiarum

2112 5023 2211 5077 pax
2242 5008 2384 5060 salva
2433 5017 2696 5070 servetur,
2724 5015 2778 5060 et
2816 5004 3113 5060 concordiae
3158 5003 3542 5071 charitatisque
3574 5001 3691 5057 vin-

2108 5102 2290 5155 culum
2315 5098 2686 5155 indissolubile
2716 5105 2929 5152 maneat
2955 5094 3341 5151 sacerdotibus.

2182 5236 2205 5272 ά
2244 5237 2307 5290 Τ.
2344 5238 2394 5298 1,
2422 5234 2479 5300 2,
2515 5234 2578 5290 U.
2608 5246 2661 5287 et
2692 5233 2967 5303 G.,]twat.

2184 5316 2208 5344 ο
2248 5308 2308 5361 Τ.
2352 5307 2402 5367 1,
2435 5308 2489 5368 ‘2,
2524 5321 2630 5372 pra:
2660 5302 2923 5357 cltari’tate.
2959 5302 3042 5365 U.,
3077 5317 3167 5369 per
3194 5304 3507 5372 rltcrt'tatrmf

2182 5375 2199 5415 ί
2247 5380 2323 5430 Ex
2356 5369 2543 5430 Graaco
2571 5376 2886 5442 exemplari,
2910 5388 3029 5427 cum
3058 5377 3109 5427 in
3133 5373 3379 5428 omnibus
3401 5369 3684 5426 Codicibus

2108 5449 2364 5505 mendose
2395 5450 2602 5516 legatur
2630 5461 2642 5497 :
2673 5445 2883 5515 scripto.
