4048 6182
366 368 467 425 161

1252 324 1648 417 GiiA‘lCUlillM
1690 358 2022 415 CONCILIA.
2053 390 2121 399 —-
2148 358 2756 426 CIIAI.CEDONEN$E.

3546 356 3645 413 162

367 490 3645 521 MM

1973 583 2091 653 ΧΙ

1100 733 1769 816 CONCILIUM
1844 726 2913 813 CHALCEDONENSE.

365 893 835 939 sexcesronru
883 890 1189 932 TBIGINTA
1231 889 1698 943 EPISCOPORUM,
1751 889 2043 931 naevum
2108 889 2354 933 CONTRA
2405 892 2615 934 omnes
2672 890 2998 948 HEBESES,
3064 890 3143 931 ET
3205 889 3465 934 sintut;
3530 889 3650 930 Αυ-

450 974 689 1016 vensus
738 971 1084 1014 BUTYCHEM
1134 970 1213 1011 ET
1258 968 1620 1012 ntusconUM
1655 995 1671 1025 ,
1722 967 2192 1011 VALENTINIANO
2260 972 2516 1014 SEPTIES
2577 972 2656 1013 ET
2706 971 2937 1013 ABIENO
2982 969 3397 1023 CONSULIBUS,
3443 968 3583 1010 ams
3620 961 3650 991 ἰ

448 1051 949 1096 CCCCLXXXVIIII.

435 1157 699 1211 Consulto
724 1152 753 1191 δ
783 1150 1009 1223 piissimi
1042 1157 1096 1204 et
1142 1148 1394 1203 amatoris
1425 1147 1625 1202 Christi
1669 1147 1960 1218 imperato-
1990 1153 2032 1208 Α
2063 1166 2179 1203 rum
2211 1166 2329 1219 quae
2360 1158 2543 1204 sancta
2576 1160 2629 1203 et
2658 1164 2783 1202 vera
2813 1147 3061 1202 consistit
3090 1147 3438 1201 indubitatam
3477 1148 3650 1203 omni-

367 1253 446 1305 ris
470 1248 637 1303 Flavii
668 1245 918 1301 Marciani
944 1246 1185 1312 perpetul
1205 1242 1429 1312 Augusti
1454 1241 1541 1294 die
1563 1240 1687 1295 Idus
1711 1239 1960 1295 Octobris

363 1342 611 1413 synodus
666 1338 806 1391 facta
859 1337 909 1389 in
935 1332 1367 1390 Chalcedonensi
1411 1333 1629 1386 civitate
1674 1331 1958 1400 metropoli

366 1433 661 1504 provinciae
690 1430 954 1501 Bithynia:
975 1444 1039 1482 ex
1062 1427 1281 1481 decreto
1301 1425 1660 1492 piissimorum
1683 1434 1738 1478 et
1762 1424 1961 1479 fidelis-

364 1529 628 1581 simorum
655 1526 1036 1591 imperatorum
1066 1516 1422 1573 Valentiniani
1449 1525 1501 1571 et
1533 1516 1805 1582 Marciani,
1832 1530 1962 1568 con-

366 1616 709 1673 venientibus
732 1614 783 1667 in
803 1612 1031 1667 ecclesia
1058 1619 1258 1664 sancta:
1278 1623 1341 1662 ac
1371 1607 1791 1675 triumphatricis
1821 1591 1962 1659 mar-

363 1711 501 1781 tyris
523 1706 832 1777 Eupliemiae
854 1701 1258 1773 gloriosissimis
1280 1698 1632 1768 principibus,
1652 1696 1703 1751 id
1726 1706 1828 1762 est,
1849 1711 1961 1749 ma-

366 1799 814 1871 gniﬁcentissimo
842 1804 897 1850 et
923 1793 1408 1864 gloriﬁceutissimo
1439 1789 1692 1857 magistro
1734 1789 1958 1841 militum

361 1892 689 1963 exprmfecto
708 1902 761 1945 et
790 1886 1086 1945 exconsulc
1105 1886 1320 1954 patritio
1339 1883 1645 1948 Anatltolio,
1672 1892 1726 1936 et
1753 1881 1959 1950 magni-

367 1986 723 2039 licentissitno
755 1991 809 2036 et
834 1979 1227 2048 gloriosissimo
1258 1975 1509 2046 praefecto
1550 1974 1689 2029 sacri
1724 1972 1961 2043 praetorii

365 2069 703 2143 prtefecturae
730 2071 989 2129 Palladio.
1021 2077 1076 2123 et
1107 2064 1639 2136 magniﬁcentissimo
1666 2072 1718 2118 et
1766 2062 1963 2131 glorio-

365 2167 585 2220 sissimo
618 2163 874 2235 praefecto
903 2160 1051 2214 urbis
1072 2158 1320 2223 Tatiano,
1346 2166 1399 2211 et
1431 2151 1962 2224 magniﬁcentissimo

365 2268 423 2311 et
453 2257 842 2326 gloriosissimo
876 2252 1131 2319 magistro
1170 2248 1331 2302 divini
1365 2248 1525 2302 officii
1554 2244 1960 2308 Vincomalonc,

367 2360 422 2403 et
458 2342 986 2411 magnificentissimo
1036 2350 1091 2395 et
1119 2337 1509 2410 gloriosissimo
1558 2334 1753 2390 comite
1797 2332 1962 2402 largi-

370 2452 497 2493 tore
528 2438 648 2509 ]U.,
672 2435 762 2499 (2.,
785 2432 1142 2505 largitionum]
1174 2432 1456 2496 Martialio,
1494 2438 1548 2483 et
1575 2426 1963 2499 gloriosissimo

2066 1238 2165 1293 bus
2195 1241 2490 1295 declarare.
2526 1240 2862 1294 lllanilestuin
2895 1248 2976 1292 est
3007 1241 3145 1292 enim
3172 1239 3311 1308 quod
3342 1256 3406 1294 ex
3430 1242 3647 1294 avaritia

2065 1333 2147 1384 vel
2192 1346 2335 1387 vano
2373 1334 2559 1386 studio
2607 1332 2681 1396 hi,
2715 1332 2803 1401 qni
2849 1332 3272 1400 praecedentibus
3322 1332 3649 1402 temporibus

2063 1422 2279 1477 diversa
2332 1434 2626 1492 sapuerunt
2680 1433 2736 1478 ct
2776 1425 3077 1478 docuerunt
3139 1423 3387 1491 pepulum
3440 1439 3534 1491 pro
3582 1439 3650 1478 eo

2063 1514 2206 1583 quod
2251 1516 2329 1568 eis
2368 1516 2623 1583 expediit,
2666 1531 2769 1569 non
2811 1522 2969 1584 prout
3010 1515 3259 1569 convenit
3302 1529 3472 1582 neque
3506 1516 3644 1582 quod

2063 1606 2260 1659 veritas
2291 1615 2383 1659 aut
2418 1606 2658 1660 doctrina
2693 1608 2905 1661 Patrum
2937 1607 3187 1676 exquirit,
3224 1606 3373 1661 multi
3402 1606 3470 1659 ad
3500 1621 3651 1659 erro-

2062 1712 2176 1752 rem
2209 1699 2413 1751 seducti
2436 1698 2580 1771 [/E.,
2603 1699 2663 1754 Β.
2686 1699 2775 1763 IL,
2805 1698 3041 1770 adducti]
3063 1708 3184 1755 sunt
3209 1716 3221 1751 :
3243 1700 3382 1753 unde
3410 1708 3648 1753 sanetam

2065 1790 2329 1860 synodum
2363 1790 2568 1845 scilicet
2597 1791 2661 1843 ad
2692 1791 2849 1844 istam
2884 1791 2995 1844 ﬁeri
3029 1791 3411 1860 perfectionem
3452 1791 3649 1859 proba-

2062 1882 2237 1937 vimus
2272 1880 2290 1918 τ
2318 1890 2371 1934 et
2405 1882 2640 1936 laborem
2674 1881 2821 1935 vobis
2863 1882 3103 1936 arbitrati
3129 1896 3314 1935 sumus
3348 1880 3648 1949 imponere,

2063 1982 2121 2029 ut
2162 1974 2307 2027 omni
2352 1974 2553 2029 erroris
2602 1975 2829 2044 caligine
2876 1976 3107 2042 detersa,
3160 1976 3461 2031 secundum
3509 1976 3647 2044 quod

2065 2066 2177 2134 ipsa
2206 2065 2459 2120 divinitas
2507 2066 2813 2120 hominibus
2861 2081 2919 2120 se
2960 2067 3070 2119 ﬁeri
3118 2066 3452 2121 manifestam
3484 2068 3654 2119 voluit

2064 2164 2121 2209 et
2146 2156 2366 2209 Patrum
2417 2153 2811 2208 demonstravit
2856 2153 3118 2217 doctrina,
3169 2154 3246 2207 sic
3290 2154 3420 2206 ﬁdes
3468 2163 3649 2206 nostra

2064 2259 2186 2313 qua:
2218 2259 2349 2314 pura
2381 2253 2437 2298 et
2465 2254 2653 2299 sancta
2681 2244 2927 2299 consistit
2974 2244 3025 2297 in
3059 2243 3297 2295 omnium
3344 2241 3649 2310 ingrediens

2065 2337 2274 2392 animas
2314 2334 2547 2406 propriae
2589 2336 2834 2391 veritatis
2878 2336 3127 2404 ell’ulgeat
3178 2336 3313 2388 luce.
3352 2335 3425 2389 De
3453 2346 3650 2390 caetero

2066 2428 2263 2482 audeat
2292 2444 2451 2482 nemo
2468 2429 2535 2483 de
2565 2427 2841 2482 nativitate
2862 2426 3067 2482 Domini
3098 2438 3148 2483 et
3167 2425 3456 2482 Salvatoris
3485 2427 3651 2481 nostri

367 2543 426 2584 et
481 2503 1006 2599 magnificentissimo
1048 2503 1245 2582 comite
1296 2525 1713 2580 domesticorum
1765 2524 1958 2590 Sparo-
1989 2503 2036 2561 Β
2065 2520 2191 2575 Jesu
2219 2517 2420 2573 Christi
2468 2518 2622 2574 aliter
2651 2517 2926 2587 diSpntare
2959 2528 3150 2585 praeter
3196 2518 3337 2586 quod
3381 2516 3651 2585 apostolo-

364 2625 454 2676 cio
480 2634 525 2684 ε,
558 2633 612 2676 et
640 2620 1170 2690 magniﬁcentissimo
1202 2618 1398 2672 comite
1426 2632 1602 2670 rerum
1636 2616 1961 2685 privatarum

374 2710 699 2767 Genetholio
729 2710 795 2778 .d‘;
827 2711 1087 2781 appositis
1128 2709 1286 2765 etiam
1338 2724 1370 2763 e
1413 2708 1647 2777 glorioso
1678 2715 1887 2767 senatu,
1913 2704 1964 2758 id

364 2812 473 2868 est,
504 2801 1045 2872 magniﬁcentissimo
1098 2808 1153 2854 et
1201 2798 1592 2869 gloriosissimo
1644 2793 1965 2863 expraefecto

372 2905 430 2949 et
459 2892 753 2948 exconsule
782 2906 834 2945 et
868 2891 1084 2961 patritio
1109 2889 1403 2955 Florentio,
1436 2897 1490 2942 et
1533 2885 1965 2956 magniﬁcentis-

373 2988 517 3043 simo
563 2996 618 3040 et
666 2983 1063 3055 gloriosissimo
1111 2980 1412 3036 exconsule
1441 2990 1494 3035 et
1542 2978 1765 3048 patricio
1808 2991 1966 3031 sena-

368 3089 513 3145 tore,
543 3086 598 3132 et
626 3072 1165 3146 magniﬁcentissimo
1197 3082 1250 3127 et
1280 3069 1672 3141 gloriosissimo
1726 3065 1966 3136 exrnagi-

366 3186 482 3227 stro
510 3180 566 3226 et
594 3150 1151 3237 excousule‘patricio
1194 3163 1398 3229 Nonio,
1449 3170 1503 3217 et
1545 3159 1963 3231 magniﬁcentis-

367 3266 509 3318 simo
535 3272 589 3318 et
620 3261 1014 3333 gloriosissimo
1057 3256 1382 3328 expraefecto
1431 3264 1485 3334 et
1531 3253 1823 3308 exconsule
1869 3266 1965 3318 pa-

370 3358 533 3412 tricio
559 3356 903 3425 Protogenio,
937 3362 992 3408 et
1032 3347 1564 3421 magniﬁcentissimo
1611 3356 1664 3400 et
1690 3344 1967 3414 gloriosis-

370 3449 517 3502 simo
565 3449 883 3515 exprzelecto
913 3443 1091 3510 Zolio,
1144 3451 1198 3497 et
1227 3438 1761 3510 magniﬁcentissimo
1808 3445 1967 3503 atque

367 3537 760 3608 gloriosissimo
798 3535 1124 3604 exprazfecto
1157 3533 1304 3588 urbis
1316 3530 1702 3598 Theodoro,fet
1724 3526 1966 3597 magniﬁ-

368 3628 681 3684 centissimo
699 3635 753 3681 et
764 3625 1149 3695 gloriosissimo
1164 3638 1225 3679 ex
1234 3636 1341 3692 prae
1350 3620 1486 3675 fecto
1502 3620 1647 3674 urbis
1660 3620 1699 3672 A
1710 3616 1965 3687 pollouio,

368 3730 427 3775 et
445 3718 974 3788 magniﬁcentissimo
993 3724 1043 3769 et
1066 3713 1457 3786 gleriosissimo
1479 3710 1840 3779 exprmposito
1861 3708 1965 3760 Ar-

369 3823 616 3877 taxerxe;
633 3810 987 3865 conveniente
1005 3810 1165 3863 etiam
1190 3816 1375 3861 sancto
1397 3804 1621 3859 concilio
1642 3802 1800 3857 totius
1817 3799 1963 3854 orbis

368 3904 667 3958 secundum
692 3900 932 3955 divinum
953 3909 1276 3968 praeceptum
1294 3899 1346 3951 in
1363 3894 1718 3951 Chalcedonia
1748 3894 1962 3948 civitate

370 4002 726 4065 congregato,
772 3992 825 4047 id
868 4001 948 4047 est
976 3990 1262 4045 Paschasio
1306 4001 1359 4044 et
1390 3988 1651 4043 Lucensio
1694 3984 1964 4055 episcopis

370 4098 428 4142 et
453 4086 735 4141 Bonifacio
763 4085 1077 4157 presbytero
1103 4080 1502 4136 continentibus
1530 4079 1703 4132 locum
1735 4090 1964 4131 venera-

372 4182 497 4237 bilis
550 4190 606 4235 et
634 4175 1233 4244 sanctimrchiepiscopi
1279 4174 1511 4242 antiquae
1533 4171 1717 4223 Romae
1744 4168 1962 4232 Leonis,

370 4283 426 4328 et
454 4271 747 4327 Anatholio
775 4280 961 4325 sancto
990 4265 1396 4335 archiepiscopo
1424 4259 1965 4331 magniﬁcentissima:

370 4363 978 4433 Constantinopolitana:
1029 4375 1178 4415 nova:
1209 4359 1413 4424 Romae,
1465 4365 1519 4411 et
1568 4354 1787 4423 reliquis
1836 4367 1965 4406 san-

372 4459 632 4514 ctissimis
665 4467 715 4512 et
762 4453 1219 4511 reverentissimis
1266 4448 1538 4505 sexcentis
1588 4447 1800 4516 triginta
1852 4446 1966 4515 epi-

370 4549 585 4617 scopis;
616 4556 671 4602 et
697 4545 1009 4601 sedentibus
1048 4542 1298 4599 omnibus
1325 4550 1449 4595 ante
1489 4541 1759 4594 cancellos
1791 4538 1963 4594 sancti

372 4640 561 4693 altaris
598 4653 720 4692 cum
759 4634 1300 4708 magniﬁcentissimis
1332 4632 1662 4701 principibus
1691 4640 1743 4685 et
1770 4630 1966 4699 glorio-

371 4730 605 4784 sissimis
638 4738 661 4765 ε
689 4736 744 4782 et
767 4726 977 4782 eximiis
1006 4735 1252 4791 senatus;
1296 4722 1616 4776 adveniente
1642 4721 1801 4774 etiam
1833 4721 1962 4788 piis-

372 4823 515 4876 simo
547 4821 874 4888 imperatore
898 4818 1164 4872 Marciano
1184 4819 1233 4869 in
1250 4814 1554 4883 supradicta
1577 4809 1823 4882 93-95I
1842 4825 1966 4865 san-

373 4911 618 4967 etissima
653 4910 892 4975 basilica,
927 4915 1192 4977 prmsente
1233 4908 1391 4959 etiam
1424 4903 1539 4958 zelo
1576 4903 1757 4957 divino
1787 4912 1839 4955 et
1869 4915 1964 4954 ca—

376 5002 493 5056 lore
526 5000 649 5055 ﬁdei
696 5015 920 5056 accensa
954 5000 1187 5068 piissima
1219 5006 1272 5052 et
1301 4995 1607 5050 ﬁdelissima
1661 4996 1837 5064 regina
1871 5008 1966 5047 au-

373 5106 531 5165 gusta
580 5094 887 5159 Pulcheria,
937 5100 1181 5147 sanctam
1230 5090 1491 5160 synodum
1530 5085 1792 5141 allocutus
1822 5083 1962 5157 [/E'.,

2067 2624 2184 2663 rum
2218 2609 2547 2678 praeconium
2586 2616 2641 2663 et
2680 2618 3043 2663 trecentorum
3072 2607 3258 2663 decent
3292 2618 3345 2661 et
3373 2618 3495 2661 octo
3523 2622 3652 2661 san-

2066 2709 2275 2755 ctorum
2308 2700 2528 2755 Patrum
2560 2716 2864 2756 consonans
2894 2699 3015 2754 huic
3058 2700 3317 2754 doctrina:
3369 2700 3652 2754 tradidisse

2066 2806 2398 2862 noscuntur,
2455 2798 2593 2852 sicut
2636 2807 2691 2852 et
2750 2795 3073 2851 sanctissimi
3124 2810 3271 2864 papae
3322 2792 3515 2848 Leonis
3561 2795 3651 2862 qui

2066 2891 2418 2956 apostolicum
2466 2891 2726 2961 gubernat
2770 2889 3019 2944 thronum
3053 2888 3117 2943 ad
3147 2900 3346 2943 sancta:
3378 2887 3650 2942 meruoziae

2070 2979 2383 3034 Flavianum
2438 2983 2599 3050 regite
2640 2982 2789 3035 urbis
2826 2980 3427 3048 Constantinopolitanae
3482 2995 3653 3048 quon-

2066 3071 2188 3125 dam
2219 3072 2529 3141 episcopum
2562 3081 2829 3127 testantur
2868 3072 3077 3126 litteraz.
3122 3071 3363 3126 Remotis
3402 3070 3561 3140 igitur
3597 3081 3651 3125 et

2066 3167 2357 3234 amputatis
2398 3166 2591 3221 talibus
2622 3167 2933 3235 patrociniis
2972 3175 3025 3220 et
3055 3166 3386 3219 cessantibus
3412 3165 3651 3218 avaritiis

2067 3258 2243 3311 omnis
2288 3245 2489 3312 veritas
2540 3257 2916 3313 manifestetur
2949 3273 2962 3310 :
2992 3270 3089 3311 nos
3131 3259 3327 3310 etenim
3361 3256 3425 3309 ad
3454 3256 3651 3310 confir-

2066 3346 2315 3401 mandam
2375 3348 2556 3414 fidem,
2591 3363 2696 3401 non
2743 3348 2809 3401 ad
2864 3348 3249 3401 ostendendam
3300 3346 3547 3399 virtutem
3595 3356 3651 3399 et

2066 3436 2316 3505 exemplo
2354 3436 2695 3505 imperatoris
2726 3436 3058 3490 Constantini
3100 3436 3289 3490 adesse
3319 3435 3523 3505 synodo
3549 3450 3648 3489 ex-

2065 3526 2439 3596 cogitavimus,
2468 3526 2570 3588 ,sed
2611 3542 2678 3582 ne
2722 3528 2774 3581 in
2816 3536 3087 3597 posterum
3137 3526 3418 3580 multitudo
3469 3527 3650 3596 populi

2066 3617 2493 3674 institutionibus
2540 3620 2841 3673 inveniatur
2888 3618 3251 3684 dissentiens;
3297 3616 3447 3672 facile
3506 3619 3649 3671 enim

2066 3707 2385 3778 simplicitas
2411 3709 2763 3778 quorumdam
2801 3710 3120 3763 commentis
3150 3705 3447 3777 loquacium
3480 3724 3651 3776 usque

2069 3815 2211 3855 nunc
2253 3801 2440 3855 delusa
2479 3809 2562 3857 est
2592 3818 2605 3855 :
2636 3801 2976 3856 manifestum
3022 3800 3269 3868 quoniam
3314 3780 3647 3853 diversorum

1995 3872 2244 3960 cpravis
2291 3894 2549 3947 doctrinis
2595 3892 2879 3947 discordiae
2932 3899 2987 3945 et
3039 3891 3276 3947 haereses
3327 3900 3457 3945 ortas
3502 3900 3649 3945 sunt.

2064 3986 2230 4041 Nobis
2280 3995 2458 4039 autem
2491 4000 2654 4039 omne
2701 3985 2932 4039 studium
2980 3984 3343 4039 adhibendum
3376 3993 3457 4038 est
3486 3998 3651 4052 pupu-

2065 4081 2173 4134 lnm
2207 4088 2423 4147 prepter
2450 4092 2629 4131 veram
2664 4085 2716 4131 et
2763 4084 3000 4130 sanctam
3044 4076 3340 4129 doctrinam
3391 4074 3439 4126 id
3474 4076 3647 4139 ipsum

2064 4174 2387 4229 sentientem
2440 4172 2530 4225 uni
2584 4178 2747 4224 rectae
2794 4166 3064 4237 applicare
3115 4165 3389 4233 Ecclesiae,
3425 4172 3479 4217 et
3530 4165 3654 4218 ideo

2066 4279 2247 4320 veram
2279 4264 2437 4318 ﬁdem
2469 4262 2792 4316 catholicam
2845 4259 3004 4314 etiam
3038 4270 3311 4326 eXponere
3354 4256 3650 4309 secundum

2068 4360 2283 4414 Patrum
2346 4356 2646 4411 doctrinam
2700 4339 3151 4407 concordantibus
3208 4347 3401 4402 animis
3457 4350 3656 4402 vestris

2066 4459 2243 4505 vestra
2292 4454 2547 4517 praperet
2597 4445 2934 4511 reverentia,
2989 4452 3046 4496 ut
3089 4442 3319 4511 qualiter
3365 4454 3395 4493 a
3442 4439 3651 4493 Nica-na

2068 4545 2276 4616 synodo
2326 4558 2492 4612 usque
2526 4543 2576 4594 in
2628 4540 2727 4593 hoc
2776 4547 2983 4607 tempus
3018 4535 3258 4590 abscisso
3301 4548 3485 4588 errore
3527 4545 3654 4585 vera

2067 4637 2201 4690 ﬁdes
2250 4642 2333 4689 est
2378 4634 2627 4715 pmnibus
2669 4631 2904 4699 Cognita,
2958 4629 3035 4681 sic
3082 4636 3135 4680 et
3182 4638 3343 4689 nunc,
3376 4639 3470 4693 per
3516 4622 3655 4679 hanc

2068 4739 2308 4782 sanctam
2336 4725 2598 4795 synodum
2641 4724 2881 4790 deposita
2928 4719 3143 4785 nebula,
3176 4718 3379 4785 quzein
3412 4718 3495 4772 bis
3526 4732 3655 4787 pau-

2069 4822 2147 4876 cis
2186 4821 2363 4886 annis,
2398 4825 2455 4873 ut
2484 4815 3015 4886 superius-diximus,
3045 4827 3115 4867 ex
3148 4811 3410 4881 pravitate
3439 4821 3493 4867 et
3531 4827 3656 4865 ava-

2069 4911 2193 4964 ritia
2233 4907 2586 4979 quorumdam
2629 4907 2738 4962 visa
2771 4916 2853 4963 est
2902 4902 3125 4969 exoriri,
3176 4904 3221 4957 si
3275 4918 3490 4972 semper
3535 4917 3654 4955 ser-

2070 5012 2262 5058 ventur
2293 5018 2412 5071 quae
2440 5010 2637 5056 statuta
2671 5012 2816 5066 sunt,
2848 5001 2951 5055 erit
2978 4999 3193 5069 quidem
3237 4998 3431 5052 divinw
3481 4994 3652 5063 pravi.

2070 5094 2288 5159 dentiae,
2320 5094 2459 5164 quod
2496 5093 2580 5163 pie
2609 5092 2724 5149 ﬁeri
2768 5092 3035 5158 volumus,
3084 5093 3133 5144 in
3164 5091 3358 5142 szncula
3396 5086 3481 5158 [Τ.
3510 5088 3562 5150 1,
3592 5086 3647 5151 2,

379 5188 477 5252 Πον
508 5185 759 5259 311θευίδ]
792 5196 873 5240 θεῖ
899 5185 1013 5238 hinc
1047 5200 1059 5236 ε
1093 5182 1225 5237 Cum
1266 5181 1493 5251 Primum
1528 5195 1620 5247 Per
1646 5180 1963 5234 electionem
1996 5206 2044 5268 D
2071 5188 2125 5243 in
2152 5188 2413 5260 Ecclesia]
2443 5190 2543 5244 hoc
2570 5204 2889 5244 conservare
2916 5184 3240 5239 ﬁrmissime.
3276 5182 3345 5235 Et
3367 5190 3483 5249 post
3509 5184 3651 5248 regia
3737 5175 3740 5178 ’

379 5298 433 5335 ιη
469 5295 689 5350 regnum
729 5279 948 5334 decreto
983 5276 1075 5331 Dei
1112 5274 1334 5345 profecti
1373 5286 1587 5342 sumus,
1620 5271 1761 5327 inter
1793 5281 1967 5327 tantas

380 5372 624 5440 publicas
658 5370 916 5426 utilitates
960 5368 1166 5422 nullum
1207 5365 1286 5421 sic
1315 5366 1483 5435 magis
1515 5380 1616 5419 nos
1647 5364 1971 5420 constrinxit

379 5464 679 5533 negotium,
709 5476 870 5531 quam
916 5468 1115 5516 rectam
1148 5466 1201 5513 et
1230 5471 1413 5512 veram
1445 5455 1601 5510 ﬁdem
1634 5454 1968 5510 Christiano-

455 5625 479 5651 ιι
520 5615 635 5680 ΑΕ..
679 5617 744 5672 Ε.
784 5616 843 5682 5,
902 5616 1035 5673 Era
1100 5628 1501 5670 ccccaxxxvm.
1570 5611 1633 5666 Τ.
1679 5612 1730 5679 l,
1766 5610 1822 5679 ‘2,
1863 5625 1969 5667 aera

377 5702 767 5744 ccccuxxtm.

458 5759 483 5794 δ
527 5759 600 5836 [git
635 5759 700 5836 ΒΣ»
724 5761 811 5836 lib
843 5756 1082 5836 Τ-.-1,η9..
1124 5755 1275 5836 ln_A.
1311 5765 1363 5810 et
1393 5753 1611 5824 reliquis
1639 5771 1650 5808 :
1677 5752 1966 5808 consulatu.

460 5840 481 5866 ε
524 5828 634 5897 AL,
669 5831 726 5883 Β.
759 5829 847 5894 ll.,
879 5828 970 5893 U.,
994 5827 1255 5896 Spuralio.

2075 5282 2190 5337 hmc
2236 5284 2395 5337 verba
2442 5296 2632 5337 omnes
2664 5280 2899 5348 cpiscOpi
2950 5277 3318 5330 clamaverunt
3346 5291 3360 5327 :
3388 5274 3653 5328 Marciano

2058 5372 2213 5427 novo
2243 5373 2596 5427 Constantino
2642 5369 2836 5421 multos
2886 5378 3083 5431 annos,
3116 5363 3269 5418 multi
3320 5364 3441 5418 anni
3490 5364 3651 5429 regis,

2075 5466 2230 5523 multi
2257 5465 2379 5519 anni
2410 5464 2607 5532 reginae
2634 5459 3076 5522 orthodoxmum,
3110 5456 3294 5512 multis
3337 5454 3488 5511 annis
3517 5454 3658 5509 Mar-

2148 5617 2173 5657 d
2212 5617 2275 5670 Τ.
2308 5618 2361 5683 i,
2389 5615 2446 5679 2,
2487 5613 2577 5678 G.,
2603 5612 2897 5668 Genetlth'o.

2153 5696 2174 5722 θ
2220 5690 2279 5741 Β.
2304 5689 2395 5745 Β..
2430 5685 2824 5739 Gloriosissimis
2850 5682 3023 5737 eximii
3055 5688 3280 5737 senatus.

2128 5756 2310 5841 "113.,
2348 5759 2407 5813 E.
2442 5756 2495 5826 5,
2526 5756 2589 5813 Τ.
2623 5756 2671 5823 1,
2700 5755 2756 5823 ‘2,
2796 5755 2884 5824 U.,
2914 5754 3004 5821 6.,
3038 5753 3438 5824 prapcravimus.
