4048 6182
458 364 556 419 165

1158 357 1543 415 COLLECTIO
1579 355 1910 412 CANONUM
1951 355 2005 410 S.
2054 352 2303 410 lSlDOBI
2348 349 2610 407 lilSPAL.
2652 350 3012 408 ASCRIPTA.

3630 355 3730 411 161

451 483 591 539 ciani
620 479 875 535 amatoris
901 476 1092 532 Christi
1126 491 1369 543 regnum,
1394 475 1448 528 in
1476 473 1669 528 stecula
1695 478 2035 541 permaneat:
2071 469 2118 528 Α
2147 477 2263 516 rtun
2316 461 2505 516 decem
2551 471 2606 515 et
2667 469 2789 515 octo
2833 469 3140 515 sanctorum
3191 476 3253 515 ac
3300 462 3735 518 beatissimorum

454 572 597 641 digni
631 570 942 626 orthodoxm
979 568 1122 631 lidei,
1176 576 1445 618 amatores
1473 561 1671 617 Christi
1698 603 1714 627 ,
1765 563 1837 616 sit
1886 560 2036 615 vobis

450 668 634 735 procul
669 665 899 719 invidia;
941 664 1006 717 Et
1037 670 1157 730 post
1184 662 1277 714 has
1305 676 1465 715 vnces
1493 658 1670 714 XEtius
1700 658 2033 713 archidiaco-

448 774 553 813 nus
580 755 1186 824 Constantinopolitaum
1226 767 1377 806 novas
1410 753 1591 806 [iomze
1621 760 1674 805 et
1700 750 2036 820 primicerius

455 852 787 903 notariorum
817 848 950 901 dixit
978 862 991 898 :
1023 843 1286 913 Quoniam
1320 856 1447 898 nutu
1476 860 1725 914 superum
1764 845 1950 914 gratiae
1982 853 2038 898 et

454 939 569 994 zelo
597 939 783 991 divino
811 937 1118 990 serenitatis
1144 945 1356 998 vestrre,
1392 935 1611 1003 piissimi
1644 936 1835 1004 quibus
1863 950 1890 985 a
1924 935 2038 988 Deo

450 1044 638 1084 omnes
680 1028 774 1099 [υ.
803 1028 927 1080 add.
953 1026 1219 1095 homines]
1251 1041 1437 1095 regere
1466 1016 1780 1080 concessum
1823 1036 1905 1079 est
1936 1024 2037 1077 im-

452 1130 726 1189 peratores
760 1160 774 1182 ,
825 1118 967 1173 circa
1020 1119 1353 1172 sanctionem
1416 1124 1648 1170 vestram
1715 1125 2035 1185 congregata

449 1219 632 1264 sancta
684 1211 797 1263 inec
839 1216 895 1262 et
940 1222 1131 1276 magna
1183 1208 1349 1260 totius
1395 1204 1577 1258 mundi
1619 1204 1880 1274 synodus,
1913 1218 2034 1257 cum

452 1303 674 1373 plurima
706 1300 992 1354 multarum
1036 1298 1243 1352 dierqu
1278 1298 1560 1350 vacatione
1607 1303 1661 1350 et
1696 1296 1872 1349 divina
1913 1292 2037 1347 dili-

449 1393 627 1459 gentia
658 1406 869 1444 omnem
893 1389 1132 1458 quidem,
1163 1388 1215 1440 in
1251 1392 1523 1453 prmtcrito
1553 1386 1823 1455 quomodo
1848 1392 2034 1438 exorta

450 1492 532 1538 est
554 1493 737 1535 eontra
767 1490 967 1535 rectam
992 1489 1046 1533 et
1069 1480 1427 1533 inviolabilem
1454 1478 1769 1531 catholicam
1795 1485 2032 1530 nostram

456 1574 638 1640 tidem,
670 1575 835 1628 verbo
866 1572 1107 1626 veritatis
1150 1569 1470 1624 discordiam
1512 1568 1788 1637 ctl'ugavit,
1819 1581 2034 1621 omnem

453 1665 716 1734 abigendo
763 1664 1159 1717 innovatiouem
1186 1680 1200 1716 :
1229 1663 1365 1716 sicut
1393 1670 1448 1716 et
1478 1667 1529 1715 iu
1557 1662 1771 1730 scriptis
1802 1676 1894 1730 per
1921 1662 2033 1714 sin-

447 1760 569 1827 guia
599 1773 715 1827 qua:
739 1758 1141 1823 subsequuntur
1169 1765 1283 1809 acta
1312 1755 1712 1820 demonstrant;
1745 1752 2030 1807 terminum

2140 553 2228 621 qui
2281 553 2332 605 in
2377 550 2554 605 Nica'a
2602 551 2703 605 sub
2745 549 3099 605 Constantino
3132 553 3230 621 pia:
3266 555 3540 607 memorire
3572 558 3736 623 impe-

2142 657 2325 700 ratore
2379 652 2768 699 convenerunt;
2816 644 3133 699 Continetur
3182 656 3360 699 autem
3415 656 3468 701 et
3519 660 3734 701 centum

2139 737 2523 807 quinquaginta
2555 744 2864 790 sanctorum
2898 735 3121 789 Patrum
3169 735 3223 790 in
3266 738 3398 791 urbe
3424 738 3737 792 Constanti-

2141 828 2446 896 nopolitano
2470 830 2746 882 decretum
2775 827 2841 880 ad
2867 829 3289 896 peremptionem
3321 830 3538 898 quidem
3563 842 3739 884 sectae

2140 935 2257 973 rum
2302 928 2426 972 tunc
2453 919 2825 986 pullulantiuin
2848 957 2864 983 ,
2915 917 3385 972 conﬁrmationem
3418 935 3546 974 vero
3574 918 3740 988 ipsius

2140 1008 2169 1046 ι’
2206 1010 2486 1065 catholica:
2516 1021 2676 1078 atque
2705 1009 3014 1077 apostolicae
3045 1018 3243 1064 nostra:
3270 1009 3415 1064 ﬁdei.

2229 1121 2537 1193 Symbolum
2569 1132 2913 1193 trecentorum,
2940 1122 3112 1176 decem
3143 1134 3187 1176 et
3218 1133 3330 1176 octo
3356 1133 3650 1177 sanctorum

2396 1192 2615 1246 Patrum
2648 1195 2735 1261 qui
2771 1195 2821 1245 in
2868 1192 3102 1246 Nicaeam
3129 1205 3488 1247 convenerunt.

2210 1281 2495 1337 Credimus
2544 1284 2596 1335 in
2637 1298 2798 1335 unum
2834 1283 2997 1337 Deum
3041 1283 3252 1336 Patrem
3288 1283 3735 1351 omnipotentem,

2138 1376 2376 1428 onmium
2406 1375 2695 1428 visibilium
2719 1388 2770 1430 et
2802 1374 3145 1429 invisibilium
3189 1376 3522 1430 conditorem
3543 1419 3559 1444 ,
3592 1386 3645 1431 et
3684 1380 3735 1431 in

2145 1482 2308 1519 unum
2340 1466 2619 1519 Dominum
2650 1465 2833 1520 Jesum
2867 1465 3343 1521 ChristumFilium
3359 1468 3452 1521 Dei
3482 1468 3550 1523 de
3584 1468 3739 1521 Patre

2138 1566 2341 1618 natum,
2363 1556 2695 1624 unigenitum
2714 1556 2812 1611 hoc
2831 1566 2913 1611 est
2941 1557 3007 1612 de
3033 1559 3330 1613 substantia
3358 1559 3549 1625 Patris,
3568 1558 3733 1612 Deum

2136 1646 2204 1701 de
2236 1645 2367 1712 Deo,
2399 1646 2578 1701 lumen
2611 1646 2678 1700 de
2707 1647 2929 1713 lumine,
2962 1648 3129 1703 Deum
3157 1665 3340 1704 verum
3366 1650 3433 1704 de
3448 1650 3556 1704 Deo
3586 1666 3734 1715 veru,

2139 1751 2345 1804 natum,
2378 1754 2485 1792 non
2514 1738 2711 1792 factum
2732 1779 2747 1803 ,
2782 1739 3097 1796 homousion
3145 1726 3317 1808 Patri,
3353 1741 3452 1796 hoc
3480 1750 3563 1796 est
3593 1741 3735 1809 ejus-

448 1864 575 1902 vero
606 1848 902 1914 simplicem
941 1846 1128 1900 statuit
1160 1844 1458 1899 divinarum
1491 1844 1887 1910 Scripturarum
1927 1843 2025 1897 \ir-

2139 1830 2260 1884 dem
2301 1846 2420 1884 cum
2451 1830 2609 1885 Patre
2654 1832 2999 1897 substantiae,
3056 1846 3151 1900 per
3186 1848 3345 1901 quem
3386 1834 3566 1886 omnia
3598 1832 3733 1886 facta

448 1951 561 1994 tute
607 1938 893 2002 munitum,
922 1948 977 1992 et
1001 1946 1312 1992 sanctorum
1366 1952 1429 1991 ac
1472 1936 1902 1992 beatissimorum
1936 1934 2035 1988 Pa-
2070 2004 2078 2011 .

450 2041 587 2083 trum
642 2032 695 2082 in
753 2028 927 2097 ipsum
985 2042 1312 2082 conservans
1367 2027 1689 2083 sententiam
1738 2026 1805 2081 ad
1850 2040 2029 2081 veram

446 2121 773 2191 agnitionem
804 2122 894 2189 qui
926 2119 1139 2174 sincere
1188 2120 1492 2188 requirunt.
1542 2118 1804 2189 Longazva
1852 2129 2030 2172 autem

444 2228 638 2268 corona
675 2214 837 2267 vestri
886 2212 1137 2282 imperii:
1177 2221 1233 2266 et
1275 2213 1447 2266 habeo
1486 2212 1660 2280 ipsum
1715 2226 1825 2280 pra:
1857 2208 2029 2263 maui-

446 2306 564 2370 bus,
602 2304 727 2359 etsi
758 2304 970 2358 videtur
1021 2304 1172 2358 nutui
1222 2313 1414 2358 vestrae
1463 2303 1808 2370 serenitatis,
1856 2303 2032 2372 perle-

447 2410 588 2463 gam.
673 2395 951 2449 Piissimus
1000 2405 1054 2448 et
1102 2393 1446 2449 ﬁdelissimus
1514 2394 1805 2463 imperator
1855 2393 2026 2451 dixit:

453 2488 706 2556 Perlege;
738 2495 791 2540 et
820 2487 958 2539 idem
984 2486 1396 2541 archidiaconus
1426 2488 1671 2556 perlegit.

512 2581 705 2635 Sancta
736 2588 790 2633 et
816 2594 1002 2647 magna
1034 2580 1358 2647 universalis
1388 2579 1625 2649 synodus
1645 2618 1661 2645 ,
1689 2594 1808 2648 qua:
1838 2592 2030 2632 secum

441 2674 567 2726 dum
594 2673 817 2741 gratiam
864 2670 957 2724 Dei
1000 2679 1055 2725 et
1081 2670 1297 2725 decreto
1328 2672 1687 2739 piissimarum
1738 2670 2030 2737 imperato-

442 2781 559 2818 rum
589 2761 943 2817 Valentiniani
974 2768 1029 2815 et
1051 2760 1304 2815 Marciani
1332 2769 1676 2830 augustormn
1707 2772 2028 2829 congregata

437 2866 522 2911 est
549 2856 603 2910 in
635 2854 1129 2909 Chalcedonensem
1178 2853 1452 2909 civitatem
1475 2894 1491 2919 ,
1522 2853 1859 2923 metr0polim
1895 2868 2028 2922 pro-

433 2948 625 3002 vincia:
654 2946 939 3017 Bithyniae,
973 2946 1025 3000 in
1072 2945 1289 3000 basilica
1320 2955 1519 3001 sanctze
1568 2960 1630 3000 ac
1662 2944 2027 3015 triumphatri-

438 3038 516 3093 cis
542 3039 794 3107 martyris
827 3034 1159 3106 Euphemias,
1190 3035 1380 3091 statuit
1409 3052 1527 3106 qua:
1556 3037 1751 3091 subter
1780 3052 2027 3107 compre—

438 3129 605 3184 bcnsa
631 3139 775 3184 sunt.
810 3129 1067 3184 Dominus
1106 3138 1160 3184 et
1189 3128 1435 3185 Salvator
1466 3140 1646 3185 noster
1674 3129 1834 3185 Jesus
1862 3130 2019 3184 Chri-

2135 1926 2258 1973 sunt
2290 1934 2408 1989 qua:
2435 1919 2487 1972 in
2515 1920 2654 1974 cmlo
2682 1927 2738 1974 et
2767 1936 2884 1988 quae
2910 1922 2961 1973 in
2992 1930 3157 1987 terra,
3191 1922 3281 1989 qui
3307 1931 3525 1991 prOpter
3554 1937 3651 1976 nos
3682 1934 3734 1976 et

2115 2014 2355 2079 'propter
2402 2020 2638 2064 nostram
2671 2010 2894 2073 salutem
2953 2012 3264 2076 descendit,
3324 2021 3379 2066 et
3426 2014 3734 2065 incarnatus

2133 2112 2237 2165 est,
2270 2103 2429 2155 homo
2461 2103 2630 2155 factus
2656 2115 2845 2170 passus
2876 2112 2987 2166 est,
3012 2112 3065 2157 et
3093 2105 3387 2157 resurrexit
3420 2103 3574 2157 tertia
3607 2103 3730 2168 die,

2134 2200 2182 2246 et
2211 2192 2453 2246 ascendit
2478 2192 2529 2245 in
2558 2198 2758 2257 castos;
2784 2191 2906 2246 inde
2932 2200 3183 2246 venturus
3207 2193 3545 2262 estjudicare
3577 2195 3731 2247 vivos

2133 2296 2188 2339 et
2216 2300 2497 2339 mortuos:
2530 2295 2584 2339 et
2615 2286 2666 2339 iu
2696 2284 2955 2355 Spiritum
2988 2298 3253 2340 sanctum.
3290 2285 3395 2340 Eos
3427 2296 3602 2341 autem
3635 2288 3729 2355 qui

2132 2378 2314 2433 dicunt
2346 2395 2358 2431 :
2412 2389 2529 2433 erat
2557 2379 2773 2448 quando
2797 2394 2901 2432 non
2931 2386 3066 2442 erat,
3118 2388 3173 2433 et
3207 2386 3493 2447 antequam
3541 2392 3729 2432 nasce-

2132 2480 2281 2531 retur
2313 2486 2416 2523 non
2448 2480 2585 2533 erat,
2616 2478 2670 2523 et
2707 2471 2829 2538 quia
2873 2483 2937 2522 ex
2972 2468 3133 2522 nullis
3183 2470 3515 2523 exstantibus
3561 2469 3728 2524 lactus

2131 2573 2248 2629 est,
2282 2572 2373 2614 aut
2411 2577 2475 2614 ex
2522 2563 2624 2614 alia
2666 2561 3012 2614 subsistentia
3070 2562 3150 2615 vel
3194 2560 3491 2615 substantia
3545 2562 3727 2614 dicunt

2130 2668 2252 2709 esse
2303 2664 2393 2707 aut
2440 2653 2846 2711 convertibilcm
2887 2654 2969 2707 vel
3021 2651 3329 2707 mutabilem
3372 2651 3565 2707 Filium
3605 2651 3720 2719 Dei,

2132 2746 2550 2800 auathematixat
2576 2743 2834 2799 catholica
2866 2754 2921 2799 et
2958 2744 3249 2812 apostolica
3285 2745 3546 2799 Ecclesia.

2131 2839 2199 2892 Et
2228 2840 2281 2893 id
2329 2840 2496 2905 ipsum
2529 2848 2729 2891 centum
2756 2838 3126 2907 quinquaginta
3160 2846 3454 2891 sanctorum
3483 2834 3719 2892 Patrum.

2200 2931 2479 2986 Credimus
2528 2931 2581 2983 in
2626 2944 2791 2983 unum
2825 2918 2989 2983 Deum
3025 2930 3234 2983 Patrem
3269 2929 3720 2996 utnuipoteutem,

2131 3023 2390 3077 factorem
2420 3022 2544 3077 εαξη
2575 3030 2629 3076 et
2669 3029 2827 3075 terra:
2852 3061 2866 3085 ,
2900 3020 3186 3074 visibilium
3219 3020 3455 3074 omnium
3497 3029 3550 3073 et
3588 3018 3723 3072 invi-

2130 3116 2364 3169 sibiliuiu
2410 3114 2783 3168 c0nditorem:
2834 3124 2888 3167 et
2940 3115 2990 3166 iu
3039 3128 3198 3167 unum
3233 3113 3508 3167 Dominum
3538 3112 3719 3167 Jesum

439 3164 605 3184 uva-aa
631 3164 775 3184 auus.
810 3164 1067 3184 υιηιιιιιυυδ
1106 3164 1160 3184 υ.
1189 3164 1425 3185 uua-aw-
1466 3164 1635 3185 ιιυοιυι
1674 3164 1834 3185 vocuo
1862 3164 2019 3184 υιιιι-
2416 3164 2736 3168 -νν-κ-ίν--νί
2770 3164 2782 3168 -
2842 3164 2884 3167 -τ
3046 3164 3070 3167 ἡ
3098 3164 3196 3167 rw
3234 3164 3255 3166 ν
3542 3164 3556 3167 ν
3582 3164 3621 3167 ’ν
3690 3164 3715 3165 η

434 3232 572 3288 διας,
761 3223 1035 3291 agnitione
1064 3222 1305 3291 proprios
1334 3222 1663 3277 conﬁrmans
1706 3221 2017 3291 discipulos,
2050 3164 2099 3230 c
2130 3204 2397 3260 Christum
2806 3204 3170 3273 unigenitum,
3222 3219 3288 3258 ex
3337 3204 3492 3257 Patre
3540 3212 3719 3257 natum

435 3314 542 3368 ait:
603 3312 791 3367 Pacem
831 3330 995 3367 meam
1040 3314 1107 3366 do
1153 3313 1329 3379 vobis,
1379 3329 1553 3384 pacem
1600 3329 1765 3366 meam
1793 3315 2023 3379 relinquo

435 3407 610 3471 vobis;
668 3418 722 3460 ut
775 3414 924 3460 neca
956 3405 1063 3460 ulla
1108 3404 1231 3459 ﬁdei
1277 3406 1543 3460 diSsensio
1574 3406 1710 3460 inter
1753 3406 2024 3474 proximos

435 3495 659 3559 oriatur,
685 3494 777 3548 sed
810 3510 873 3547 ex
898 3510 1051 3561 te.in
1079 3494 1315 3549 veritatis
1346 3495 1656 3561 prmdicatio
1686 3494 2019 3547 ostendatur.

434 3587 537 3642 Sed
571 3586 693 3653 quia
744 3599 847 3638 non
879 3586 1081 3638 desinit
1129 3586 1391 3653 malignus
1424 3586 1475 3637 in
1508 3585 1636 3653 ipsis
1677 3583 1890 3649 pietatis
1937 3597 2022 3635 se-

433 3676 662 3730 minibus
686 3674 893 3726 zizauia
944 3688 1037 3729 sua
1077 3674 1337 3737 inserere,
1383 3683 1437 3726 et
1482 3673 1603 3725 novi
1637 3671 1889 3736 quiddam
1926 3671 2022 3723 ad-

435 3778 620 3820 versus
648 3765 923 3818 veritatem
971 3778 1184 3830 semper
1214 3764 1517 3831 exc0gitare
1541 3803 1556 3828 ,
1604 3762 1801 3816 idcirco
1835 3761 2018 3815 Domi-

433 3869 534 3909 nus
564 3862 745 3909 noster
776 3851 1012 3906 humano
1043 3852 1229 3921 generi
1274 3852 1431 3906 solite
1456 3854 1677 3920 cupiens
1702 3851 2018 3921 providere,

434 3946 728 4015 piissimum
762 3942 903 3997 hunc
932 3952 985 3998 et
1014 3943 1384 3997 ﬁdelissimum
1432 3942 1809 4013 imperatorem
1850 3945 2021 3998 erexit

432 4040 495 4096 ad
522 4040 715 4096 ctelum
747 4040 836 4109 qui
870 4039 1103 4108 undique
1158 4038 1496 4095 sacerdotum
1548 4040 1827 4108 pontiﬁces
1854 4039 1919 4090 ad
1959 4053 2020 4093 se

431 4134 783 4195 convocavit,
839 4141 898 4186 ut
947 4132 1116 4201 gratia
1171 4132 1378 4186 Domini
1430 4132 1595 4185 nostri
1647 4129 1771 4184 Jesu
1818 4128 2019 4184 Christi

431 4234 757 4295 cooperante
782 4264 797 4288 ,
839 4238 1052 4278 omnem
1104 4223 1368 4277 mendacii
1403 4221 1755 4290 peStilentiam
1796 4220 1862 4274 ab
1899 4221 2019 4273 ovi-

430 4319 529 4371 hus
580 4314 773 4369 Christi
828 4322 1135 4375 removeat,
1183 4326 1381 4379 easque
1430 4313 1667 4366 veritatis
1688 4311 2017 4381 germinibus

432 4407 658 4461 reﬁciat.
690 4404 842 4469 Quod
873 4411 929 4457 et
957 4404 1227 4456 communi
1258 4404 1477 4458 decreto
1509 4405 1831 4471 peregimus,
1861 4416 2016 4455 erro-

431 4501 505 4553 ris
527 4497 739 4567 quidem
764 4502 941 4549 sectas
967 4493 1279 4563 abjicientes
1301 4505 1353 4548 et
1380 4494 1592 4548 Patrum
1618 4503 1816 4548 rectam
1852 4494 2007 4549 ﬁdem

430 4598 791 4656 renovantes,
822 4597 1184 4644 trecentorum
1231 4588 1414 4642 decem
1468 4599 1523 4642 et
1545 4597 1667 4642 octo
1708 4587 2010 4656 symbolum

430 4682 683 4736 omnibus
715 4680 1090 4749 praedicantes,
1122 4689 1176 4733 et
1209 4680 1353 4733 velut
1383 4680 1573 4733 horum
1611 4680 1718 4750 95
1760 4679 2013 4733 domesti-

427 4789 521 4827 cos
548 4774 684 4827 alios
729 4782 942 4827 centum
980 4772 1358 4844 quinquaginta
1381 4771 1568 4827 Patres
1610 4774 1735 4826 huic
1778 4772 2015 4840 piissimo

433 4866 584 4920 titulo
614 4865 1014 4920 consentientes
1036 4864 1358 4923 nctavimus,
1386 4865 1472 4931 qui
1500 4872 1617 4925 post
1653 4862 1766 4916 haec
1796 4864 1846 4916 in
1880 4862 2016 4917 hanc

428 4957 812 5027 amplissimam
878 4958 1064 5010 urbem
1131 4954 1773 5023 Constantinopolitanam
1821 4970 2016 5008 conve-

431 5051 660 5115 nientes,
703 5046 861 5103 etiam
910 5047 1010 5115 ipsi
1055 5045 1296 5100 eamdem
1350 5046 1507 5100 ﬁdem
1546 5047 2013 5116 consignaverunt.

429 5142 720 5198 Statuimus
759 5139 921 5209 igitur
949 5137 1192 5193 ordinem
1253 5146 1307 5191 et
1355 5152 1544 5192 omnes
1594 5137 1714 5191 ﬁdei
1758 5136 2014 5191 formulas

432 5233 789 5288 custodientes
820 5241 872 5286 et
899 5244 1134 5286 nos:ram
1163 5230 1322 5286 etiam
1354 5238 1591 5283 sanctam
1627 5230 1885 5300 synodum
1916 5228 2016 5283 du-

429 5321 554 5375 dum
587 5320 782 5391 Ephesi
812 5321 1037 5385 factam,
1084 5320 1237 5390 cujus
1266 5319 1484 5375 fuerunt
1514 5327 1762 5375 auctores
1790 5335 2016 5375 venera-

430 5414 550 5467 bilis
580 5411 855 5469 memox'ia:
880 5411 1206 5467 leestiuus
1250 5415 1503 5469 Romanae
1528 5414 1676 5469 urbis
1705 5423 1758 5468 et
1786 5412 2016 5484 Cyrillus

432 5504 804 5557 Alexandrina:
830 5502 1077 5557 ecclesia:
1105 5504 1436 5569 sacerdotes,
1465 5515 1521 5557 ut
1564 5504 1872 5573 prazfulgeat
1895 5503 2014 5571 qui-

432 5596 551 5648 dem
599 5606 760 5648 rectre
786 5603 841 5647 et
883 5592 1225 5662 inculpabilis
1265 5594 1388 5647 ﬁdei
1441 5598 1704 5664 expositio
1745 5605 2015 5651 trecento-

501 5737 523 5761 ⁸
561 5724 601 5780 U
636 5765 649 5789 ,
678 5725 815 5779 vobis
840 5740 859 5779 :
885 5726 1000 5779 ideo
1029 5733 1195 5779 tamen
1223 5725 1522 5779 instruimur
1550 5738 1607 5781 ut
1634 5745 1744 5782 nec.

498 5795 523 5832 ι)
563 5797 649 5860 [1,
674 5796 1063 5867 pullulantiunt,
1091 5796 1310 5851 continet
1357 5812 1472 5872 vero
1504 5807 1548 5853 ει
1578 5799 2015 5867 conﬁrmationem

2127 3312 2251 3354 ante
2278 3299 2456 3354 omnia
2479 3299 2692 3362 saecula,
2724 3298 2890 3353 Deum
2923 3299 2988 3352 de
3017 3299 3144 3362 Deo,
3181 3299 3356 3353 lumen
3390 3300 3455 3351 de
3490 3300 3711 3360 lumine,

2129 3392 2292 3448 Deum
2322 3408 2507 3447 verum
2539 3392 2604 3446 de
2640 3391 2747 3445 Deo
2779 3407 2929 3455 vero,
2973 3402 3189 3456 natum,
3226 3405 3328 3443 non
3362 3387 3581 3455 factum,
3613 3388 3719 3443 bo-

2126 3489 2372 3541 mousiou
2406 3487 2572 3552 Patri,
2610 3487 2709 3539 hoc
2740 3496 2822 3539 est
2852 3485 3093 3554 ejusdem
3119 3501 3242 3540 cum
3272 3485 3426 3539 Patre
3462 3485 3720 3539 substan-

2127 3576 2234 3638 tia),
2278 3591 2373 3642 per
2402 3592 2559 3644 quem
2592 3575 2773 3628 omnia
2805 3577 2937 3628 facta
2982 3585 3107 3629 sunt
3133 3592 3249 3645 qua:
3279 3577 3330 3630 in
3352 3577 3486 3631 coelo
3516 3586 3569 3630 et
3596 3593 3717 3645 qu:u

2124 3667 2180 3720 in
2213 3668 2394 3730 terris,
2425 3670 2512 3734 qui
2547 3676 2762 3735 propter
2791 3678 2958 3720 noset
2986 3678 3200 3737 propter
3228 3680 3462 3723 nostram
3491 3670 3715 3724 salutem

2123 3758 2425 3823 descendit,
2447 3759 2557 3828 96
2582 3767 2635 3812 et
2665 3758 2970 3812 incarnatus
2994 3770 3075 3813 est
3106 3760 3175 3814 de
3207 3760 3407 3831 Spiritu
3439 3772 3621 3815 Sancto
3649 3780 3712 3813 cx

2126 3850 2287 3905 Maria
2338 3850 2562 3919 virgine,
2619 3849 2777 3902 homo
2824 3848 2994 3903 factus
3045 3864 3232 3918 passus
3261 3864 3345 3905 εει
3398 3852 3495 3904 sub
3528 3850 3715 3905 Pontio

2124 3942 2331 4006 Pilato,
2387 3942 2628 4010 sepultus
2674 3941 2827 3994 tertia
2885 3939 2970 3995 die
3018 3942 3337 4007 resurrexit,
3390 3941 3625 3995 ascendit
3660 3943 3713 3995 in

2122 4037 2323 4102 caelos,
2369 4036 2522 4090 sedet
2562 4034 2627 4087 ad
2658 4034 2933 4088 dexteram
2983 4033 3188 4100 Patris,
3226 4034 3415 4086 iterum
3459 4043 3717 4087 venturus

2123 4129 2176 4183 in
2209 4129 2376 4198 gloria
2401 4128 2645 4197 judicare
2676 4127 2828 4179 vivos
2856 4135 2908 4181 et
2937 4138 3192 4190 mortuos,
3236 4126 3388 4204 cujus
3432 4126 3575 4194 regni
3608 4139 3715 4177 non

2122 4219 2225 4274 erit
2254 4217 2374 4271 ﬁnis
2406 4235 2419 4269 :
2454 4227 2507 4270 et
2554 4218 2605 4270 in
2642 4216 2895 4283 Spiritum
2926 4226 3166 4270 sanctum
3196 4217 3470 4270 dominum
3501 4229 3554 4269 et
3586 4216 3719 4269 rivi-

2122 4313 2392 4365 ﬁcatorem
2425 4308 2548 4383 [U.,
2578 4304 2979 4376 viviﬁcantem],
3016 4322 3079 4360 ex
3114 4307 3267 4361 Patre
3302 4308 3711 4375 procedentem,

2119 4416 2237 4456 cum
2272 4401 2428 4456 Patre
2455 4409 2509 4454 et
2536 4399 2670 4453 Filio
2708 4399 3038 4451 adorandum
3067 4406 3125 4451 et
3153 4398 3585 4467 gloriﬁcaudum,
3617 4401 3714 4463 qui

2121 4495 2328 4550 locutus
2367 4502 2451 4548 est
2474 4507 2567 4562 per
2620 4490 2946 4561 prephetas:
2999 4491 3049 4543 iu
3084 4506 3240 4545 unam
3277 4492 3595 4546 catholicam
3627 4501 3714 4541 at-

2116 4602 2219 4656 que
2264 4584 2611 4654 apostolicam
2662 4583 2954 4638 Ecclesiam
2991 4599 3005 4635 :
3060 4584 3382 4638 confitemur
3429 4593 3587 4635 unum
3619 4582 3717 4633 ha-

2117 4680 2308 4747 ptisma
2358 4677 2413 4731 in
2470 4675 2841 4731 remissionem
2894 4688 3279 4743 peccatorum:
3336 4680 3715 4741 exspectamus

2118 4767 2566 4823 resurrectionem
2593 4777 2923 4819 mortuorum
2959 4765 3226 4833 vitamque
3257 4760 3404 4833 [Αῖη
3436 4772 3490 4816 et
3526 4760 3714 4833 vitam]

2119 4858 2283 4913 futuri
2313 4857 2519 4911 saeculi.
2552 4859 2743 4910 Amen.

2188 4948 2482 5004 Suﬂ‘ecerat
2510 4948 2724 5017 quidem
2773 4946 2838 4999 ad
2892 4944 3256 5013 plenissimam
3298 4942 3509 5010 pietatis
3552 4942 3713 5012 agni-

2119 5041 2320 5095 tionem
2360 5050 2413 5095 et
2456 5039 2917 5094 conﬁrmationem
2946 5035 3311 5089 cautiSsimum
3346 5034 3445 5104 hoc
3475 5042 3532 5089 et
3560 5042 3713 5088 satu-

2121 5145 2233 5188 tare
2270 5133 2465 5186 divina:
2508 5131 2690 5201 gratiae
2722 5128 3059 5199 symbolum;
3091 5126 3158 5182 de
3188 5126 3346 5182 Patre
3373 5128 3512 5181 enim
3548 5125 3712 5179 Filio-

2117 5238 2221 5295 que
2246 5233 2269 5261 ο
2300 5232 2354 5277 et
2384 5224 2587 5291 Spiritu
2618 5232 2804 5276 sancto
2831 5220 3126 5275 doctrinam
3156 5217 3451 5303 perfectam
3481 5216 3663 5271 edocet
3688 5256 3706 5280 ,

2118 5325 2173 5371 et
2200 5315 2621 5370 incarnationem
2654 5314 2976 5368 dominicam
3027 5312 3254 5367 ﬁdeliter
3292 5308 3708 5380 suscipientibus

2120 5408 2445 5462 manifestat.
2488 5404 2594 5460 Sed
2623 5407 2873 5472 quoniam
2908 5403 2958 5455 hi
2986 5403 3074 5471 qui
3106 5400 3541 5470 praedicationem
3566 5396 3706 5450 veri.

2122 5500 2245 5554 tatis
2272 5499 2550 5552 destruere
2581 5494 2820 5549 nituntur
2869 5494 3123 5562 quasdam
3168 5493 3397 5560 prOprim
3440 5490 3707 5542 bazrcseos

2119 5598 2385 5651 novitates
2413 5590 2744 5661 parturiunt;
2796 5589 3007 5659 quidam
3057 5589 3200 5645 enim
3255 5586 3564 5663 mysterium
3608 5595 3706 5652 pro

2120 5746 2364 5868 maria-3"
2397 5796 2457 5855 Β.
2487 5794 2650 5867 RWF.
2697 5798 2754 5862 ,5,
2786 5794 2859 5865 τ’
2884 5794 2932 5860 ί,
2969 5792 3023 5862 ε,
3054 5792 3146 5863 ι]η
3178 5802 3221 5846 ei
3248 5786 3409 5845 Filio.
