4072 6176
397 316 505 377 165

1322 322 1721 381 (ἰῐὶΛΞϐΟΙὶυΜ
1765 326 2105 383 CUNCILIA.
2146 356 2217 370 -—
2253 331 2866 396 CilALCEDONENSE.

3577 356 3679 411 166

398 438 555 491 nobis
585 444 765 490 actum
809 434 1004 536 divina:
1043 436 1456 507 dispensationis
1503 442 1702 497 audent
1746 459 1988 500 corrum-
2017 450 2062 505 Α
2092 445 2247 499 nobis
2277 449 2477 517 absque
2507 464 2749 521 peccato,
2793 464 2918 510 ante
2964 459 3165 514 satcula
3189 462 3408 531 quidem
3434 479 3498 521 ex
3530 479 3679 536 patro

397 536 622 593 net-met
652 539 837 581 vocem
866 525 1194 582 illamdivini
1219 541 1400 597 partus
1421 528 1619 585 factam
1633 532 1701 587 ad
1724 534 1991 603 Virginem

396 609 695 693 “flagitat,
738 616 831 671 alii
871 626 1352 686 temperamentum
1392 616 1869 693 confusionetnque
1912 623 1991 676 itt-

393 688 657 765 uitcentes
695 713 751 762 et
790 721 953 762 unam
996 722 1117 763 esse
1159 719 1403 764 naturam
1449 712 1629 766 cat-nis
1674 724 1729 767 et
1781 688 1991 768 deitatis

393 798 672 855 insensate
695 808 1085 867 componentes
1119 802 1423 869 passibllem
1463 804 1722 872 unigenili
1754 804 1988 859 divinam

394 901 647 946 naturam
698 889 791 943 tali
833 887 1150 946 Confusione
1197 893 1500 961 prodigiose
1553 893 1855 963 divulgant;
1912 895 1989 948 id-

392 987 538 1039 eirco
566 983 656 1055 [Τ.
691 984 745 1049 1,
775 981 830 1047 2,
863 981 1115 1061 ideoque]
1156 1000 1371 1040 omnem
1418 988 1683 1041 adversus
1714 989 1986 1042 veritatem

394 1074 774 1145 Opponendam
806 1073 873 1127 ab
919 1075 1047 1142 ipsis
1097 1076 1547 1131 machinationem
1580 1079 1765 1132 volens
1803 1080 1988 1134 excluv

392 1165 523 1220 dere
548 1173 734 1219 saneta
763 1174 817 1218 et
839 1180 1030 1235 magna
1058 1168 1378 1222 universalis
1406 1169 1643 1239 synodus
1666 1212 1681 1234 ,
1712 1170 1985 1235 antiquam

392 1255 833 1325 praedicationem
867 1256 1196 1311 immobilem
1237 1257 1458 1323 docens,
1502 1263 1686 1313 statuit
1721 1261 1987 1328 praecipue

391 1356 757 1399 trecentorum
804 1345 992 1399 decem
1042 1356 1097 1400 et
1141 1359 1264 1401 octo
1294 1360 1601 1403 sanctorum
1657 1350 1870 1404 Patrum
1920 1351 1983 1403 li-

385 1436 509 1488 dem
559 1436 1036 1489 incontaminatatu
1096 1452 1366 1492 manere:
1422 1449 1476 1493 et
1524 1449 1742 1510 propter
1770 1455 1864 1494 eos
1896 1440 1983 1509 qui

388 1522 613 1592 Spiritui
663 1534 854 1579 sancto
908 1528 1294 1594 adversantur,
1345 1538 1557 1583 centum
1602 1530 1982 1599 quinquaginta

389 1619 605 1671 Patrum
639 1620 799 1687 paulo
832 1620 1129 1687 posteriore
1161 1628 1405 1690 tempore
1436 1622 1487 1675 in
1521 1622 1652 1676 urbe
1681 1622 1985 1676 Constanti-

386 1712 698 1779 nopolitana
758 1712 1194 1767 convenientium
1261 1715 1329 1767 de
1397 1713 1692 1769 substantia
1750 1716 1981 1783 Spiritus

2098 547 2277 590 natum
2307 542 2599 596 secundum
2648 543 3027 615 divinitatem,
3079 552 3130 606 in
3192 555 3503 612 novissimis
3551 576 3680 613 vero

2094 625 2283 678 diebus
2309 630 2556 684 eumdem
2584 644 2803 701 propter
2829 651 2927 690 nos
2953 649 3004 692 et
3038 649 3256 710 propter
3277 654 3513 701 nostram
3542 652 3679 703 salo-

2097 722 2202 768 tem
2222 728 2283 767 ex
2300 714 2463 770 Maria
2481 720 2686 788 virgine
2702 722 2791 778 Dei
2807 727 3067 793 genitrice
3081 732 3372 786 secundum
3392 735 3677 793 humanita-

2095 810 2200 857 tem
2233 821 2394 860 ttnum
2427 811 2783 885 cumdemque
2812 816 3084 874 Christum
3114 821 3307 877 Filium
3339 834 3371 861 ε
3397 827 3677 884 Dominum

2093 895 2420 963 unigenitum
2441 899 2494 953 iu
2516 901 2651 956 duas
2674 914 2890 958 naturas
2913 907 3213 976 inconfuse,
3239 914 3676 986 immutabiliter,

2092 985 2338 1052 indivise,
2366 991 2793 1060 inseparabiliter
2810 1002 3271 1069 cognoscendum;
3296 1006 3348 1059 in
3364 1009 3509 1062 nullo
3525 985 3677 1067 natu-

2091 1092 2268 1131 rarum
2285 1079 2613 1138 dilferentias
2627 1096 2844 1154 propter
2863 1081 3115 1146 unitatem
3132 1096 3492 1165 perimendas,
3511 1108 3677 1172 magis

2088 1180 2265 1222 autem
2287 1171 2432 1224 salva
2464 1175 2742 1245 utriusque
2769 1192 2972 1234 natura:
2998 1194 3342 1251 proprietate,
3375 1199 3429 1243 et
3476 1192 3528 1244 in
3572 1171 3674 1248 una

2087 1268 2315 1313 coeunte
2345 1276 2575 1330 persona
2605 1281 2815 1335 unoque
2861 1278 3001 1323 statu
3032 1288 3420 1345 concurrente;
3468 1296 3575 1337 non
3624 1287 3674 1337 in
3738 1257 3753 1267 1

2087 1343 2293 1402 duabus
2346 1353 2590 1417 personis
2638 1358 2973 1421 partiendum
3037 1364 3116 1415 vel
3167 1343 3530 1434 dividendum,
3581 1376 3675 1426 sed

2087 1450 2251 1490 unum
2274 1440 2853 1510 eumdetnqueFilium
2888 1453 3219 1520 unigenitum
3245 1456 3410 1513 Deum
3443 1461 3683 1518 Verbum

2088 1526 2367 1585 Dominum
2401 1544 2644 1592 nostrum
2676 1538 2859 1595 Jesum
2890 1543 3165 1600 Christum
3189 1588 3204 1612 ,
3256 1550 3488 1607 sicutab
3517 1572 3676 1610 exor-

2084 1617 2172 1673 dio
2204 1623 2474 1691 prophetae
2504 1629 2572 1683 de
2603 1644 2669 1683 eo
2713 1641 2768 1685 et
2806 1632 2920 1701 ipse
2952 1652 2984 1689 n
3024 1653 3050 1690 s
3080 1641 3314 1696 erudivit
3358 1654 3411 1697 et
3459 1644 3670 1702 Patrum

2086 1712 2243 1765 nobis
2268 1716 2485 1769 tradidit
2522 1722 2848 1788 symbolum.
2897 1725 2989 1781 llis
3033 1730 3211 1799 itaque
3249 1746 3369 1786 cum
3401 1738 3546 1790 omni
3576 1755 3675 1792 un-

384 1802 553 1855 sancti
593 1801 845 1855 traditam
885 1801 1185 1856 doctrinam
1214 1804 1562 1870 corroborat,
1613 1819 1771 1874 quam
1819 1807 1979 1858 etiam
2014 1803 2060 1863 B
2091 1800 2251 1871 dique
2280 1806 2576 1863 subtilitate
2611 1823 2665 1865 et
2704 1813 2977 1882 diligentia
3004 1832 3033 1871 a
3078 1820 3231 1875 nobis
3255 1824 3535 1892 ordinatis,
3568 1841 3675 1882 sta-

383 1890 460 1943 illi
502 1891 753 1944 omnibus
784 1891 1228 1959 insinuaverunt;
1269 1907 1376 1946 nou
1408 1893 1551 1962 quod
1585 1894 1638 1948 iu
1673 1895 1983 1962 prteceden-

383 1990 528 2036 tinus
556 1982 759 2051 aliquid
792 1983 1009 2037 deesset
1036 1981 1373 2053 adjicientes,
1405 1988 1497 2038 sed
1531 1985 1599 2041 de
1625 1985 1828 2057 Spiritu
1851 2002 1978 2041 san-

379 2084 468 2129 cto
488 2076 804 2129 eorumdem
830 2072 947 2145 [U.,
961 2073 1232 2146 eumdem]
1260 2072 1584 2131 intellectum
1606 2078 1864 2133 adversus
1885 2093 1981 2133 eos

379 2170 472 2235 qui
489 2169 705 2223 deitatis
724 2168 840 2236 ejus
860 2168 1282 2223 dominationem
1304 2169 1547 2223 nituntur
1563 2170 1800 2226 adimere
1828 2170 1977 2226 Scri-

380 2271 664 2329 pturarutn
694 2261 1017 2315 testimoniis
1044 2262 1252 2329 plenius
1280 2261 1686 2317 manifestantes
1713 2277 1725 2316 ε
1761 2274 1979 2333 propter

381 2368 479 2407 eos
506 2368 639 2407 sane
668 2354 755 2423 qui
786 2352 1201 2424 dispensationis
1248 2356 1561 2424 mysterium
1618 2365 1823 2409 tentant
1860 2370 1978 2410 cor-

382 2460 663 2513 rumpere,
696 2456 747 2500 et
774 2462 957 2516 purqu
984 2446 1257 2501 hominem
1289 2462 1409 2501 esse
1435 2448 1524 2517 qui
1553 2462 1621 2502 ex
1655 2456 1839 2503 sancta
1872 2448 1977 2501 vir-

376 2542 507 2611 gine
536 2540 699 2594 Maria
728 2549 881 2594 natus
918 2550 1002 2596 est
1052 2541 1393 2611 impudenter
1420 2540 1693 2609 divulgant
1714 2579 1729 2605 ,
1778 2539 1975 2596 beatis-

373 2637 498 2691 simi
529 2635 796 2706 quondam
827 2634 1012 2705 Cyrilli
1044 2632 1418 2689 Alexandrina:
1445 2634 1690 2689 ecclesia:
1718 2634 1974 2687 sacerdo-

375 2731 445 2779 tis
473 2726 759 2797 synodicas
788 2727 1044 2795 epistotas
1100 2736 1207 2779 tam
1250 2724 1317 2778 ad
1360 2724 1666 2781 Nestorium
1712 2739 1871 2793 quam
1904 2724 1971 2777 ad

372 2830 601 2875 exteros
631 2833 728 2889 per
757 2820 1015 2874 orientem
1046 2834 1309 2888 congruas
1349 2828 1401 2873 et
1430 2819 1530 2874 sibi
1572 2818 1971 2874 consentientes

370 2910 615 2979 suscepit
647 2908 768 2979 |U.,
820 2908 1101 2981 suscipit],
1157 2918 1223 2963 ad
1277 2911 1698 2965 eonlutationem
1756 2910 1968 2981 quidem

373 3001 711 3056 Nemoriante
761 3003 1013 3056 amentiae
1038 3043 1053 3068 ,
1099 3003 1594 3071 interpretationem
1627 3017 1754 3055 vero
1783 3017 1967 3057 eorum

373 3094 464 3162 qui
502 3091 756 3162 religioso
800 3093 916 3146 zelo
966 3093 1214 3146 salutaris
1257 3092 1485 3162 syniboli
1516 3092 1735 3161 cupiunt
1764 3092 1966 3148 intelle-

372 3194 516 3238 ctum
546 3200 561 3237 :
596 3161 793 3253 quibus
822 3184 927 3254 97
964 3194 1015 3238 et
1044 3183 1325 3253 epistolam
1372 3182 1541 3237 sancti
1574 3199 1636 3238 ac
1666 3183 1962 3238 beatissimi
1994 3161 2038 3222 Ο

372 3277 561 3346 prima:
594 3277 740 3331 sedis
770 3275 1159 3346 archiepiscopi
1194 3276 1389 3330 Leonis
1410 3316 1425 3343 ,
1473 3276 1724 3344 scriptam
1755 3277 1820 3329 ad
1853 3275 1967 3329 Fla-

376 3376 591 3424 vianum
649 3380 852 3424 sancta:
915 3368 1307 3424 recordationis
1372 3368 1830 3435 archiepisc0pum
1901 3367 1967 3421 ad

374 3463 750 3532 perimendum
801 3462 1117 3532 Eutychetis
1147 3462 1527 3531 malignitatem
1575 3475 1802 3530 qumque
1854 3477 1967 3513 tita-

370 3559 459 3628 gni
510 3557 658 3612 Petri
716 3558 1039 3612 confessioni
1107 3556 1435 3619 concordat,
1503 3564 1557 3610 et
1628 3570 1963 3609 communem

372 3649 664 3717 quamdam
712 3648 957 3718 paginam
991 3648 1310 3702 existentetn
1360 3658 1545 3701 contra
1589 3661 1682 3701 eos
1725 3646 1814 3715 qui
1859 3662 1964 3699 non

370 3750 521 3794 recte
562 3740 867 3808 glorilicant
910 3739 976 3793 ad
1025 3741 1488 3793 cettﬁrmationem
1519 3738 1791 3793 catholicae
1840 3739 1966 3793 reli-

370 3832 549 3900 gionis
587 3830 869 3885 evidenter
899 3831 1197 3898 subjunxit.
1244 3831 1379 3883 Nam
1409 3838 1461 3884 et
1490 3843 1582 3884 eos
1612 3833 1699 3899 qui
1730 3829 1786 3882 in
1830 3828 1965 3883 duos

370 3926 511 3981 tilias
562 3926 984 3994 dispensationis
1023 3926 1307 3981 dominico
1356 3927 1665 3996 mysterium
1719 3925 1965 3981 sciude-e

370 4022 665 4075 moliuntur
687 4031 1019 4085 exsecratur,
1046 4029 1101 4073 et
1128 4034 1222 4074 eos
1245 4020 1333 4089 qui
1369 4020 1673 4088 passibilem
1706 4018 1965 4073 divinita-

368 4123 475 4165 tem
502 4111 765 4180 uuigeuiti
797 4108 921 4165 Filii
944 4109 1142 4164 audent
1162 4124 1406 4165 asserere
1431 4111 1497 4164 de
1526 4110 1753 4164 concilio
1775 4123 1963 4163 sacer-

366 4204 551 4255 dotum
603 4200 845 4268 repellit,
894 4210 948 4255 et
991 4216 1085 4255 eos
1123 4202 1213 4270 qui
1257 4201 1308 4255 in
1359 4200 1491 4255 duas
1520 4210 1738 4255 naturas
1766 4201 1963 4255 Christi

368 4301 860 4361 temperamentum
893 4294 974 4347 vel
1010 4292 1379 4347 confusionem
1408 4301 1846 4361 argumentantur
1867 4293 1960 4345 ad-

368 4394 638 4450 versatur,
666 4392 721 4438 et
758 4384 846 4453 qui
873 4387 1147 4441 caelestem
1192 4394 1284 4438 aut
1311 4386 1531 4440 alterius
1554 4386 1809 4454 cujusque
1836 4389 1962 4439 sul,-

366 4477 623 4531 utetiam
667 4476 899 4531 existere
949 4481 1173 4531 turmam
1216 4480 1355 4532 servi
1392 4492 1549 4546 quam
1583 4492 1647 4531 ex
1680 4477 1832 4532 nobis
1877 4492 1957 4532 as-

2089 1892 2186 1946 tuit
2221 1905 2405 1949 sancta
2440 1907 2493 1951 et
2520 1901 2837 1958 universalis
2877 1908 3113 1976 synodus
3142 1909 3302 1965 aliam
3354 1915 3510 1971 [idem
3544 1921 3673 1974 unlti

2084 1982 2248 2039 licere
2281 1986 2543 2054 proferre,
2586 2002 2676 2045 aut
2706 1994 2964 2064 scribere,
3001 2008 3093 2053 aut
3119 2001 3303 2072 edere,
3335 2018 3425 2060 aut
3446 2022 3670 2075 sapere,

2082 2085 2172 2128 aut
2212 2076 2411 2133 docere
2461 2079 2652 2149 aliter;
2681 2083 2771 2151 qui
2803 2096 2977 2141 autem
3019 2091 3218 2146 audent
3270 2104 3361 2148 aut
3402 2111 3673 2166 exponere

2080 2165 2238 2221 aliam
2273 2167 2432 2224 ﬁdem
2455 2210 2471 2237 ,
2508 2183 2598 2226 aut
2628 2172 2869 2241 proferre
2889 2218 2905 2244 ,
2958 2189 3049 2233 aut
3076 2181 3271 2237 docere
3291 2225 3305 2248 ,
3339 2195 3430 2238 aut
3460 2187 3671 2242 tradere

2081 2256 2219 2311 aliud
2260 2261 2561 2330 symbolum
2620 2265 2925 2322 volentibus
2972 2273 3215 2326 converti
3268 2274 3334 2329 ad
3390 2278 3677 2333 scientiam

2080 2349 2319 2405 veritatis
2349 2366 2413 2406 ex
2442 2352 2769 2424 Gentilibus,
2802 2374 2866 2412 ex
2906 2358 3108 2416 Judazis
3139 2364 3222 2419 vel
3260 2367 3525 2423 haeret-cis
3554 2374 3669 2438 qui-

2078 2435 2412 2529 buScunque,
2437 2444 2480 2497 si
2504 2445 2720 2514 quidem
2748 2450 2985 2522 episcOpi
3008 2466 3096 2507 aut
3116 2456 3227 2527 98
3247 2458 3424 2514 clerici
3448 2435 3675 2529 fuerint,

2076 2528 2281 2583 alienos
2325 2544 2447 2585 esse
2494 2537 2780 2603 episcOpos
2824 2540 2893 2594 ab
2931 2542 3242 2611 episcopatu
3283 2556 3338 2600 et
3383 2549 3607 2604 clericos
3637 2568 3667 2606 a

2074 2618 2261 2673 clero:
2294 2622 2376 2675 sin
2406 2637 2534 2678 vero
2565 2627 2817 2682 monachi
2848 2631 2934 2685 vel
2962 2632 3083 2689 laici
3113 2634 3336 2703 fuerint,
3382 2639 3667 2697 anathema

2078 2709 2219 2767 lieri.

2078 2824 2291 2896 Regula
2316 2829 2672 2886 ecclesiastica:
2692 2834 2946 2891 ordinata:
2968 2854 2999 2891 a
3028 2855 3187 2909 supra
3217 2842 3401 2913 scripto
3428 2845 3666 2900 concilio.

2073 2937 2115 2991 l.
2154 2937 2233 2993 De
2270 2944 2548 2998 canonibus
2590 2948 2995 3023 uniuscujusque
3032 2956 3237 3009 concilii
3283 2962 3665 3016 conservand.“

2142 3053 2186 3106 Δ
2209 3054 2406 3108 sanctis
2428 3055 2673 3113 Patribus
2695 3059 2748 3114 in
2771 3077 3086 3134 unaquaque
3108 3068 3313 3137 synodo
3336 3084 3501 3140 usque
3522 3088 3664 3129 nunc

2074 3144 2305 3210 prolatas
2334 3146 2545 3215 regulas
2574 3160 2757 3206 tenere
2784 3154 3092 3209 statuimus.

2107 3252 2173 3306 ll.
2203 3253 2349 3319 Quod
2373 3271 2475 3336 non
2497 3271 2725 3336 oporteat
2744 3264 2865 3330 epist
2882 3281 3007 3331 opas
3042 3271 3389 3336 autquoslibet
3411 3287 3475 3325 ex
3492 3274 3631 3328 clero

2390 3326 2644 3399 [clericos]
2678 3326 3032 3401 per'pecu'nias
3069 3326 3315 3393 ordinari.

2139 3432 2194 3488 Si
2220 3432 2340 3502 quis
2366 3434 2739 3506 episc0porum
2767 3454 2981 3510 accepta
3012 3447 3233 3512 pecunia
3266 3448 3659 3508 ordinationem

2068 3525 2257 3582 fecerit
2276 3535 2333 3579 et
2357 3527 2408 3579 in
2431 3531 2872 3587 nundinationem
2901 3534 3183 3591 deduxerit
3206 3542 3661 3608 inappretiabilem

2067 3625 2313 3693 gratiam,
2333 3635 2490 3696 atque
2512 3626 2837 3680 ordmaverit
2855 3628 3162 3696 episcOpum
3185 3630 3297 3685 sive
3318 3634 3516 3702 chosep
3538 3650 3579 3691 si
3595 3652 3659 3688 o-

2069 3728 2216 3784 pum,
2238 3731 2330 3771 seu
2357 3718 2750 3788 presbyterum,
2768 3732 2859 3771 seu
2873 3717 3153 3775 diaconum
3180 3729 3272 3775 aut
3296 3737 3606 3793 quemcunq~
3633 3741 3669 3781 e

2067 3809 2230 3861 alium
2257 3808 2348 3877 qui
2370 3818 2787 3863 connumeratur
2814 3809 2952 3865 inter
2981 3811 3206 3865 clericos
3235 3825 3323 3867 aut
3343 3825 3557 3884 accepta
3582 3833 3666 3885 pe-

2066 3897 2221 3952 cunia
2252 3900 2575 3953 ordinaverit
2604 3915 2975 3965 (renuentum,
2999 3903 3337 3959 defensorem
3367 3910 3483 3962 sive
3514 3921 3663 3977 pata.

2066 3991 2363 4044 monariutn
2384 4008 2397 4057 ;
2417 3993 2712 4061 quicunque
2726 4008 2853 4061 ergo
2879 3994 2992 4047 haec
3020 3997 3319 4064 tentaverit,
3341 3998 3457 4055 sive
3476 4003 3667 4056 convi-

2067 4091 2183 4135 ctus
2201 4082 2376 4148 fuerit,
2396 4081 2508 4152 ipse
2530 4084 2742 4153 quidem
2767 4084 2955 4139 subeat
2979 4085 3003 4121 ι’
3027 4088 3221 4154 gradus
3238 4089 3319 4142 sui
3334 4094 3665 4158 periculum;

2066 4185 2118 4230 ct
2138 4176 2225 4245 qui
2250 4176 2328 4230 sic
2350 4176 2627 4229 0rd;natur
2670 4175 2871 4229 nullum
2904 4177 3093 4230 haheat
3128 4178 3355 4233 fructum
3386 4196 3450 4235 cx
3477 4183 3665 4251 hujus-

2067 4267 2208 4320 modi
2263 4266 2658 4320 mercimonio°
2692 4274 2746 4319 et
2793 4268 3062 4321 creatione
3109 4268 3399 4337 probrosa,
3452 4272 3544 4325 sed
3591 4273 3671 4327 sit

2065 4356 2272 4412 alienus
2301 4367 2354 4411 et
2397 4356 2669 4426 dignitatis
2696 4370 2748 4412 et
2792 4358 3169 4414 scilicitndinis
3193 4360 3309 4430 ejus
3356 4378 3513 4431 quam
3566 4379 3665 4432 per

2068 4451 2316 4516 pecunias
2354 4449 2659 4519 impetravit
2685 4467 2700 4506 :
2730 4454 2823 4505 sed
2852 4462 2903 4506 et
2938 4451 3024 4507 ille
3063 4454 3152 4522 qui
3200 4456 3251 4508 in
3285 4456 3367 4509 his
3396 4466 3501 4510 tam
3550 4467 3662 4509 tur-

363 4567 598 4635 sumpsit
628 4568 943 4621 insanieudo
993 4577 1243 4622 asserunt
1286 4529 1470 4638 proc‘ul
1514 4566 1725 4638 abjicit,
1771 4578 1826 4622 et
1864 4584 1958 4623 eos
1990 4529 2041 4588 Β
2069 4543 2219 4638 ν-ίίΨθ
2246 4552 2298 4595 θι
2337 4542 2371 4638 i!
2395 4540 2532 4638 imis
2556 4544 2714 4638 “feris
2739 4541 3359 4638 ί¹¹¹εῗτ⁰θῗ⁵⁰ξ³9νπ¹¹ξθ
3392 4547 3658 4638 Si‘lume‘"

362 4661 451 4729 qui
483 4659 624 4714 duas
670 4662 889 4730 quidem
920 4671 1045 4716 ante
1076 4662 1454 4716 adunationem
1498 4672 1717 4715 naturas
1749 4661 1961 4716 Domini

361 4754 642 4816 delirant,
677 4768 836 4807 unam
865 4770 992 4810 vero
1037 4765 1156 4825 post
1180 4754 1561 4810 adunationem
1603 4756 1960 4824 contingunt,

359 4845 652 4899 anathema
683 4844 828 4899 facit.

430 4938 853 4995 Consenticntes
884 4940 1043 5010 igitur
1075 4941 1274 4996 sanctis
1311 4941 1557 5001 Patribus
1600 4956 1759 4995 unum
1810 4954 1963 4995 eum-

359 5033 597 5100 demque
649 5031 844 5086 Filium
891 5033 1135 5088 confiteri
1171 5035 1456 5091 Dominum
1504 5047 1747 5091 nostrum
1776 5034 1958 5089 Jesntn

324 5125 638 5193 .Chriswm
692 5139 925 5180 consona
979 5140 1113 5182 voce
1167 5126 1372 5196 pariter
1399 5126 1725 5182 edocemur:
1782 5128 1957 5196 perfe-

325 5201 328 5209 ’
356 5229 504 5272 ctum
528 5216 783 5272 eumdem
832 5219 886 5273 in
936 5219 1216 5274 divinitate
1237 5261 1253 5286 ,
1298 5220 1589 5289 perfectum
1627 5222 1874 5275 eumdem
1904 5220 1956 5275 in

359 5309 719 5375 humanitate,
739 5310 903 5364 Deum
919 5326 1104 5366 verum
1129 5322 1181 5365 et
1194 5313 1464 5368 hominem
1479 5327 1687 5379 verum,
1708 5312 1958 5367 eumdem

357 5418 423 5456 ex
445 5404 627 5456 anima
652 5402 900 5459 rationali
928 5416 984 5459 et
1011 5419 1238 5475 corpore
1261 5447 1278 5473 ,
1307 5406 1601 5461 secundum
1621 5406 1956 5462 divinitatem

359 5498 518 5548 unius
548 5508 672 5547 eum
726 5493 885 5551 Patre
936 5504 1179 5565 naturae,
1230 5498 1524 5552 secundum
1571 5496 1957 5550 humanitatem

362 5588 613 5641 eumdem
637 5587 795 5643 unius
819 5598 1029 5645 natura
1056 5589 1355 5659 nobiscum,
1390 5603 1487 5659 per
1512 5588 1693 5644 omnia
1721 5588 1955 5643 similem
1994 5654 1999 5658 η

434 5726 459 5788 ξ·
495 5716 586 5782 υ.,
618 5715 711 5788 (ξη
739 5714 931 5771 Fil'um
956 5718 1050 5773 Dei
1080 5720 1414 5788 unigenitum.

434 5785 461 5824 δ
497 5789 574 5841 Ex
610 5786 885 5856 Aﬁ.,°lm.,
919 5790 981 5846 U.
1014 5791 1067 5845 In
1101 5785 1255 5848 Αἶει
1286 5791 1501 5863 reliquis
1529 5808 1542 5846 :
1572 5789 1853 5861 subjaceat.

2063 4635 2288 4688 clericus
2351 4633 2539 4696 fuerit,
2569 4632 2636 4687 de
2666 4634 2881 4701 proprio
2931 4633 3140 4688 decidat
3178 4636 3383 4703 gradu;
3433 4636 3480 4691 si
3531 4652 3669 4693 vero

2064 4728 2234 4781 laicus
2260 4727 2372 4781 sive
2399 4729 2713 4793 monachus,
2747 4726 3029 4780 anathema
3061 4727 3147 4780 sit.

2063 4839 2153 4896 lll.
2199 4839 2349 4905 Quod
2387 4854 2489 4891 nou
2533 4847 2760 4905 oporteat
2801 4838 3095 4908 episcopos,
3146 4840 3355 4893 cletiros
3394 4850 3441 4893 et
3480 4858 3653 4898 ηιοηα-

2223 4909 2345 4963 chos
2375 4908 2566 4977 prterita
2595 4908 2866 4961 swcularia
2894 4910 2969 4961 uel
3004 4925 3184 4963 causas
3213 4913 3488 4978 suscipere.

2134 5022 2387 5077 Pervenit
2426 5023 2481 5075 in
2509 5034 2745 5076 sanetam
2779 5023 3065 5091 synodum,
3111 5023 3229 5090 quia
3258 5025 3323 5076 dc
3356 5024 3437 5075 his
3477 5023 3566 5092 qui
3598 5024 3652 5077 in

2061 5116 2211 5172 clero
2260 5125 2714 5170 connumerantur
2768 5116 2983 5183 quidam
3044 5128 3261 5182 propter
3306 5116 3475 5182 turpis
3521 5118 3650 5168 lucri

2062 5210 2284 5279 gratiam
2314 5207 2539 5259 aliorum
2568 5205 2967 5274 possessionum
3000 5204 3381 5258 conductiones
3421 5216 3475 5261 et
3516 5222 3659 5261 cau-

2062 5312 2152 5352 sas
2206 5296 2496 5350 saeculares
2533 5295 2847 5362 suscipiant,
2880 5302 2934 5347 et
2974 5307 3033 5347 se
3072 5295 3215 5360 ipsos
3244 5295 3457 5365 quidem
3487 5313 3514 5349 a
3547 5300 3652 5351 nti.

2061 5389 2299 5443 nisteriis
2324 5387 2523 5441 sanctis
2577 5400 2673 5455 per
2714 5384 2972 5439 desidiam
3014 5399 3297 5455 separant,
3346 5387 3411 5441 ad
3465 5389 3653 5443 domos

2061 5491 2237 5533 autem
2267 5476 2605 5533 sateularium
2654 5488 2978 5531 concurrant
3006 5489 3061 5532 et
3105 5479 3526 5533 substantiarum
3560 5498 3648 5533 en.

2062 5587 2178 5627 rum
2204 5569 2617 5641 gubernationes
2653 5569 2891 5624 avaritiae
2921 5584 3078 5625 causa
3108 5570 3417 5640 suscipiant.
3458 5572 3652 5627 Decre-

2134 5723 2155 5750 τ
2183 5707 2271 5775 U.,
2304 5707 2648 5775 mercimonio,
2681 5707 2768 5761 sed
2795 5707 3137 5763 exsecratione
3165 5709 3407 5778 probrosa
3436 5708 3496 5764 sit
3518 5709 3649 5763 alic-

2060 5802 2178 5839 nus.
