4048 6182
394 361 489 417 167

1095 347 1471 408 ουιιεωίο
1509 348 1834 405 CANONl‘M
1876 350 1931 405 S.
1975 346 2243 405 ISIDORO
2286 346 2549 405 IIISI’AL.
2593 348 2947 404 ASCRII'TA.

3560 338 3661 402 168

394 475 470 527 vit
520 471 675 541 igitur
704 475 886 523 saneta
932 473 989 519 et
1036 477 1221 531 magna
1260 460 1493 530 synodus
1522 462 1788 513 neminem
1818 462 1970 514 dein-
2004 477 2053 531 Α
2082 463 2331 517 naSteriis
2360 506 2374 530 ,
2426 462 2764 517 decrevimus
2794 474 2966 530 neque
3010 460 3075 513 ad
3118 458 3359 514 militiam
3396 473 3569 527 neque
3597 459 3661 515 ad

391 578 518 631 ceps
548 562 760 625 horum,
803 559 902 611 hoc
927 564 1037 620 est,
1070 554 1402 621 episcopum,
1434 552 1547 605 sive
1575 551 1847 619 clericum,
1881 562 1974 619 aut

376 652 710 707 monachum
757 657 779 684 ⁸
820 647 1118 701 conducere
1146 642 1512 711 possessiones
1542 655 1629 694 aut
1663 643 1811 695 misct
1832 657 1888 695 re
1917 657 1974 696 se

391 743 732 799 saecularibus
770 734 1227 808 procurationibus
1273 746 1447 800 posse,
1484 732 1582 785 nisi
1612 734 1746 787 forte
1775 732 1867 802 qui
1899 734 1975 787 le-

392 838 546 908 gibus
600 836 663 889 ad
715 835 978 887 minorum
1009 838 1224 882 aetatum
1278 827 1468 880 tutelas
1515 826 1628 880 sive
1669 827 1975 881 curationes

392 924 783 981 inexcusabiles
835 920 1202 985 attrahuntur,
1254 927 1344 970 aut
1389 918 1471 971 cui
1522 917 1690 985 ipsius
1744 916 1976 971 civitatis

392 1020 673 1091 episcopus
701 1014 1188 1071 ecclesiasticarum
1217 1024 1393 1066 rerum
1422 1007 1752 1064 commiserit
1780 1008 1978 1078 guber-

392 1113 603 1179 nacula,
631 1109 714 1164 vel
743 1107 1105 1178 orphanorum
1151 1115 1243 1157 aut
1265 1098 1545 1156 viduarum
1574 1115 1693 1168 quae
1737 1099 1976 1153 indefen-

391 1219 467 1259 sa:
511 1209 636 1257 sunt
660 1198 688 1237 ι»
729 1209 819 1252 aut
849 1210 1031 1250 earum
1064 1205 1411 1264 personarum
1436 1205 1556 1260 quae
1606 1187 1842 1242 maxime
1889 1201 1977 1241 ec-

391 1293 694 1350 clesiastico
740 1289 977 1358 indigent
1005 1287 1115 1357 99
1144 1281 1466 1338 adminiculo
1498 1292 1545 1347 ο,
1576 1287 1793 1348 prepter
1821 1278 1976 1330 timo-

388 1400 503 1441 rem
537 1384 651 1438 Dei.
675 1382 729 1437 Si
754 1382 873 1449 quis
895 1392 1024 1433 vero
1046 1387 1409 1445 transgressus
1434 1371 1593 1426 fuerit
1615 1378 1811 1424 statuta
1838 1367 1973 1435 hinc,

388 1474 766 1533 ecclesiastica:
792 1469 1115 1539 correptioui
1149 1466 1441 1534 subjaceat.

391 1588 477 1644 IV.
535 1586 611 1641 De
661 1584 851 1639 honore
904 1580 1165 1634 monachis
1206 1586 1512 1647 competente
1533 1585 1578 1628 et
1608 1584 1661 1628 ut
1694 1574 1865 1628 nullus
1894 1591 1977 1627 eo-

458 1675 573 1711 rum
622 1665 773 1709 tentet
819 1652 1161 1707 ecclesiastica
1218 1658 1303 1701 aut
1359 1648 1627 1701 scecularia
1695 1647 1978 1715 inquietare

455 1730 695 1798 negotia,
747 1740 837 1777 nec
879 1724 1105 1775 alienant
1147 1735 1345 1774 servum
1389 1727 1572 1787 praeter
1616 1720 1978 1770 conscientiam

446 1798 659 1851 domini
688 1798 796 1867 ejus
829 1799 1106 1863 suscipere.

458 1888 559 1956 Qui
587 1901 712 1941 vere
756 1896 809 1940 et
860 1898 992 1954 pure
1047 1880 1342 1935 Solitariam
1372 1878 1575 1948 eligunt
1622 1877 1783 1931 vitam
1833 1874 1980 1945 digni

389 1988 516 2035 sunt
544 1977 879 2033 convenienti
912 1975 1117 2028 honore
1146 1988 1160 2026 :
1189 1972 1311 2040 quia
1344 1981 1521 2025 tamen
1549 1969 1764 2039 quidam
1798 1968 1978 2022 habitu

394 2067 639 2123 monachi
670 2072 901 2128 utentes,
934 2062 1327 2117 ecclesiasticos
1357 2070 1508 2114 actus
1534 2060 1823 2127 civilesque
1851 2071 1979 2110 cou-

393 2162 624 2224 turbant,
658 2160 1055 2212 circumeuntes
1088 2154 1453 2208 indill'erenter
1481 2150 1722 2205 civitates
1752 2163 1849 2204 nec
1871 2164 1978 2202 non

390 2265 444 2307 et
471 2251 816 2315 monasteria,
841 2263 899 2302 se
948 2248 1092 2316 ipsos
1122 2244 1521 2315 praesumptioni
1553 2242 1784 2311 prOpt‘iaB
1830 2256 1976 2295 com-

391 2346 737 2409 mendantes;
793 2342 989 2409 placuit
1039 2341 1307 2396 neminem
1340 2339 1442 2393 sibi
1470 2348 1561 2391 aut
1597 2334 1862 2390 aediﬁcare
1888 2341 1979 2387 aut

390 2438 715 2490 constituere
745 2433 886 2506 [/E.,
910 2432 1250 2504 construere]
1280 2433 1606 2488 monasteria
1636 2439 1729 2483 aut
1755 2427 1977 2484 oratorii

390 2528 606 2599 domum
657 2529 772 2579 sine
810 2525 1139 2578 conscientia
1186 2525 1351 2592 ipsius
1403 2522 1636 2576 civitatis
1689 2519 1974 2588 episcoi-i:

392 2633 485 2674 eos
505 2633 631 2672 vero
658 2617 747 2685 qui
778 2630 871 2684 per
909 2615 1147 2683 singulas
1177 2614 1421 2666 civitates
1460 2626 1555 2665 seu
1606 2612 1978 2677 possessiones

394 2710 447 2763 in
466 2706 803 2762 monasteriis
834 2714 959 2757 sunt
978 2702 1247 2773 subjectos
1269 2717 1387 2756 esse
1418 2702 1722 2769 episc0p05,
1754 2710 1807 2753 et
1828 2700 1976 2767 quie-

394 2810 475 2854 tos
490 2796 513 2835 ἀ
534 2811 748 2866 operam
772 2796 899 2849 dare
920 2805 1079 2863 atque
1101 2795 1345 2848 observat
1360 2807 1390 2846 e
1406 2791 1607 2861 jejunia
1636 2800 1690 2844 et
1709 2791 1979 2843 oru;ioues

392 2892 443 2945 in
473 2891 602 2944 locis
634 2891 685 2942 in
715 2887 915 2957 {quibus
944 2885 1114 2939 semel
1144 2884 1252 2939 Deo
1283 2900 1405 2939 sese
1426 2882 1739 2938 deVoverint
1770 2895 1971 2949 perma-

394 2992 606 3045 nentes,
636 2990 689 3034 et
715 2994 889 3047 neque
919 2978 1338 3040 communicare,
1380 2974 1771 3029 ecclesiasticas
1809 2985 1980 3040 neque

392 3077 676 3128 saeculares
725 3073 929 3141 aliquas
969 3079 1254 3124 attrectare
1282 3081 1524 3121 actiones
1550 3106 1564 3130 ,
1618 3066 1981 3133 relinquentes

2078 556 2310 609 honores
2334 556 2621 608 smcnlares
2650 554 2854 618 venire,
2894 562 2985 605 aut
3014 566 3108 605 eos
3138 552 3229 619 qni
3278 550 3380 604 hoc
3410 549 3525 605 ausi
3553 551 3662 605 fue-

2076 648 2183 700 rint
2213 649 2389 700 Iacere
2414 658 2466 700 et
2495 661 2601 700 non
2630 646 2745 714 ejus
2795 646 2870 699 rei
2903 644 3168 714 paenitere
3218 642 3541 710 maluerint,
3575 652 3669 697 aut

2076 737 2141 790 ad
2188 739 2287 790 hoc
2320 736 2455 791 idem
2487 746 2829 792 revertantur
2851 737 2994 806 quod
3024 746 3148 790 ante
3179 745 3287 791 non
3315 736 3535 790 obtentu
3575 734 3668 790 Dei

2078 837 2474 896 proposuerant
2502 827 2628 892 sibi,
2658 827 2941 882 anathema
2982 840 3125 881 esse.

2078 913 2206 968 VIII.
2243 914 2317 967 De
2347 915 2542 969 clericis
2567 915 2652 984 qui
2688 924 2807 968 sunt
2841 914 2894 967 in
2919 914 3135 983 ptochiis
3166 923 3212 976 ε,
3240 913 3564 966 monasteriis
3593 921 3670 964 at-

2146 1002 2241 1054 que
2268 986 2530 1054 martyriis
2558 1001 2671 1055 qua:
2695 988 2787 1038 sub
2816 995 3062 1055 potestate
3100 984 3455 1053 episcoporum
3486 984 3668 1037 unius-

2146 1058 2393 1125 cujusque
2419 1056 2637 1110 ciritatis
2668 1056 2911 1110 existunt.

2148 1147 2341 1202 Clerici
2372 1148 2424 1201 in
2449 1148 2681 1217 ptochiis
2708 1158 2764 1203 et
2799 1149 2851 1202 in
2883 1146 3222 1203 monasteriis
3262 1156 3353 1200 aut
3397 1143 3667 1215 martyriis

2076 1240 2349 1293 constituti
2376 1240 2475 1294 sub
2507 1248 2771 1309 potestate
2796 1242 2903 1295 sint
2932 1239 3078 1309 ejus,
3121 1239 3210 1309 qui
3245 1240 3295 1293 in
3318 1253 3379 1292 ea
3428 1248 3508 1292 est
3539 1238 3671 1291 civi-

2079 1338 2186 1386 tate
2233 1331 2562 1403 episc0pus,
2618 1333 2917 1388 secundum
2973 1332 3315 1386 traditionem
3361 1341 3668 1385 sanctorum

2077 1422 2333 1493 Patrum,
2382 1440 2483 1481 nec
2529 1442 2622 1495 per
2664 1427 3137 1497 priesmnptionem
3185 1426 3441 1481 recedant
3493 1440 3523 1478 a
3573 1440 3673 1478 suo

2078 1518 2351 1586 episcopo,
2389 1518 2423 1572 ii
2450 1534 2575 1573 vero
2608 1519 2701 1588 qui
2752 1520 2867 1572 ausi
2904 1521 3100 1572 iuerint
3128 1519 3435 1572 rescindere
3483 1517 3672 1585 hujus-

2079 1610 2222 1663 tnodi
2256 1610 2650 1665 ordinationem
2678 1625 2995 1680 quocunque
3038 1610 3218 1677 modo,
3270 1610 3354 1664 vel
3407 1608 3451 1662 si
3481 1610 3672 1663 nolue-

2080 1700 2478 1771 rintsuiijacere
2502 1705 2723 1773 proprio
2746 1705 3020 1773 episcopo,
3037 1704 3081 1758 si
3105 1703 3318 1772 quidem
3343 1703 3538 1757 iuerint
3564 1703 3673 1756 cle-

2010 1829 2057 1886 B
2087 1793 2203 1860 rici,
2240 1806 2578 1862 paternarum
2623 1795 3018 1849 ordinationum
3050 1795 3364 1863 subjaceant
3411 1793 3670 1849 condem-

2087 1885 2421 1950 nationibus;
2444 1885 2487 1937 si
2518 1893 2697 1939 autem
2728 1885 2979 1939 monachi
3005 1899 3099 1939 seu
3132 1884 3253 1940 laici
3280 1895 3428 1951 sunt,
3459 1898 3673 1940 escom-

2081 1986 2442 2030 ωυιιιοοιιιυτ.

2184 2069 2278 2124 ιχ.
2332 2069 2479 2133 Quod
2534 2085 2637 2123 non
2690 2079 2921 2139 Oporteat
2977 2070 3187 2123 clericos
3230 2067 3572 2138 prietermisso

2291 2144 2526 2211 episcopo
2551 2141 2617 2192 ad
2640 2140 2913 2193 swcularia
2928 2141 3130 2209 judicia
3157 2153 3460 2192 commeare.

2152 2228 2209 2285 Si
2254 2230 2481 2284 clericus
2526 2229 2783 2284 adversus
2823 2231 3073 2283 clericum
3117 2228 3311 2283 habeat
3362 2224 3678 2294 negotium,

2081 2336 2187 2377 non
2217 2323 2483 2393 relinquat
2504 2337 2657 2377 suum
2678 2321 2990 2390 episcOpum
3013 2329 3064 2374 et
3087 2319 3151 2373 ad
3180 2314 3677 2385 sreculariajudicia

2080 2423 2398 2479 concurrat;
2452 2413 2548 2466 sed
2610 2414 2845 2482 primum
2903 2411 3171 2479 negotium
3222 2408 3395 2477 ipsum
3448 2404 3681 2473 agitetur

2081 2506 2220 2575 apud
2252 2508 2561 2574 episcopum
2595 2506 2890 2572 proprium,
2942 2511 2995 2556 et
3037 2502 3128 2563 ita,
3160 2501 3203 2553 si
3234 2497 3391 2551 fuerit
3418 2495 3676 2566 judicium

2082 2598 2248 2665 ipsius
2275 2596 2514 2664 episcopi
2571 2595 2687 2666 [U.,
2724 2593 2962 2663 episcopi
2995 2586 3375 2659 contrarium],
3424 2587 3561 2655 apud
3591 2601 3678 2639 ar-

2086 2687 2251 2740 bitros
2290 2701 2353 2739 es
2388 2696 2611 2754 utraque
2653 2695 2805 2753 parte
2855 2687 3057 2737 electus
3090 2682 3335 2735 audiatur
3366 2680 3674 2747 negotium:

2080 2776 2127 2831 si
2157 2777 2272 2844 quis
2303 2791 2426 2831 vero
2466 2784 2651 2830 contra
2682 2777 2797 2829 huic
2846 2775 3062 2841 fecerit,
3113 2786 3379 2828 canonum
3408 2770 3679 2840 subjaccat

2082 2871 2530 2938 correptionilius.
2590 2871 2657 2923 Et
2691 2869 2735 2923 si
2780 2869 3008 2923 clericus
3050 2868 3307 2922 adversus
3353 2879 3529 2927 suum,
3582 2875 3676 2915 seu

2083 2960 2243 3013 alium
2275 2961 2586 3029 episcopum
2633 2960 2824 3014 haheat
2864 2974 3114 3024 causam,
3161 2957 3300 3027 apud
3353 2955 3677 3009 audientiam

2084 3050 2275 3121 synodi
2308 3051 2594 3119 provinciae
2621 3049 2741 3118 ejus
2768 3059 3132 3117 conqueratur
3160 3044 3256 3118 [1E
3265 3085 3303 3109 .,
3336 3039 3678 3114 inquiratur]:

394 3168 606 3234 propria
656 3136 1012 3225 monasteria;
1070 3160 1170 3213 nisi
1222 3159 1362 3213 forte
1422 3157 1710 3227 jubeamur
1765 3165 1981 3223 propter
2008 3179 2055 3241 ο
2088 3146 2131 3196 si
2163 3157 2291 3197 vero
2330 3151 2520 3196 contra
2568 3142 2733 3211 ipsius
2765 3141 3058 3209 provincia:
3098 3153 3161 3193 ac
3209 3136 3677 3206 metropolitanum

397 3264 649 3326 urgentes
696 3255 1042 3309 necessitates
1084 3250 1153 3304 ab
1195 3248 1362 3319 ipsius
1410 3247 1640 3302 civitatis
1688 3247 1978 3315 episcopo:

397 3359 453 3404 et
480 3348 746 3404 neminem
777 3360 1051 3402 servorum
1077 3344 1277 3413 suscipi
1321 3344 1372 3396 in
1415 3341 1796 3395 monasterium
1842 3351 1899 3392 ut
1918 3336 1987 3390 sit

395 3456 517 3496 cum
547 3443 625 3495 eis
665 3436 995 3503 monachus,
1048 3436 1151 3491 nisi
1182 3450 1304 3490 cum
1357 3433 1560 3489 domini
1610 3431 1811 3502 proprii
1851 3443 1983 3483 con-

395 3533 639 3589 scientia.
672 3532 1090 3585 Praetereuntem
1121 3542 1249 3581 vero
1303 3526 1418 3578 haec
1454 3523 1789 3578 decrevimus
1834 3529 1984 3575 extra

396 3623 830 3678 communionem
854 3634 996 3685 esse,
1022 3633 1089 3671 ne
1116 3631 1310 3672 nomen
1334 3614 1541 3669 Domini
1567 3613 1979 3679 blasphemetur:

398 3713 649 3769 convenit
679 3726 804 3764 vero
833 3710 1061 3765 civitatis
1088 3709 1340 3776 episcopo
1369 3720 1551 3760 curam
1585 3713 1641 3759 et
1672 3704 1985 3759 sollicitudi-

400 3820 524 3859 nem
557 3802 913 3858 necessariam
946 3800 1291 3855 monasteriis
1316 3798 1591 3853 exhibere.

400 3893 466 3949 γ.
500 3894 648 3959 Quod
688 3909 787 3945 non
826 3892 975 3945 liceat
1022 3892 1315 3959 episcopum
1361 3890 1436 3944 vel
1465 3888 1730 3958 quemlibet
1768 3887 1984 3943 exclero

611 3964 674 4017 de
704 3964 809 4016 alia
838 3963 905 4016 ad
928 3964 1087 4015 aliam
1113 3961 1474 4032 transmigrare
1497 3962 1769 4013 civitatem.

472 4057 697 4128 Propter
725 4072 817 4112 eos
841 4057 1122 4128 episcOpos
1151 4056 1263 4111 sive
1288 4057 1516 4112 clericos
1559 4058 1646 4126 qui
1678 4056 1744 4111 de
1774 4056 1987 4110 civitate

402 4151 469 4208 ad
509 4150 776 4207 civitatem
827 4159 1100 4205 transeunt
1142 4150 1339 4217 placuit
1389 4149 1727 4203 deﬁnitiones
1774 4149 1926 4203 datas
1954 4163 1984 4202 a

402 4246 600 4300 sanctis
632 4244 874 4298 Patt'ibus
905 4244 1102 4298 habere
1144 4245 1409 4312 propriam
1443 4243 1768 4296 firmitatem.

480 4336 567 4391 VI.
597 4335 745 4400 Quod
774 4350 874 4387 non
900 4343 1128 4415 aperient
1150 4333 1375 4413 absolute
1398 4332 1643 4401 quoslibet
1675 4333 1913 4386 ordinare

956 4406 1053 4457 nisi
1097 4406 1149 4456 in
1201 4407 1430 4471 propria.

2088 3235 2398 3305 episc0pum
2430 3235 2716 3303 episcopus
2745 3231 2858 3286 sive
2897 3231 3127 3286 clericus
3156 3229 3345 3282 haheat
3367 3236 3677 3282 controver-

2088 3330 2261 3393 siam,
2296 3338 2484 3398 pergat
2531 3333 2624 3380 aut
2651 3325 2718 3380 ad
2763 3326 2926 3394 ipsius
2970 3322 3217 3379 dioecesis
3262 3322 3562 3391 episcopos,
3590 3329 3682 3373 aut

2087 3429 2235 3477 certe
2275 3422 2340 3474 ad
2384 3417 2987 3487 Constantiimpolitanre
3026 3418 3186 3487 regia:
3219 3414 3449 3469 civitatis
3471 3416 3677 3475 sedem,

2087 3523 2141 3567 et
2162 3514 2232 3567 ibi
2261 3513 2533 3581 proprium
2564 3512 2836 3583 negotium
2859 3519 3179 3579 exsequatur
3205 3506 3289 3579 [Β.
3320 3508 3407 3575 κη
3427 3504 3680 3575 exquira-

2089 3601 2214 3674 tur].

2194 3693 2262 3749 X.
2298 3692 2447 3758 Quod
2494 3708 2596 3746 non
2624 3694 2771 3746 liceat
2792 3692 2982 3773 cltrico
3023 3692 3076 3745 in
3115 3690 3314 3744 duabus
3350 3688 3574 3741 ecclesiis

2730 3775 3038 3815 ηιιιιιεινανε.

2159 3858 2273 3912 Νοιι
2302 3857 2465 3912 licere
2494 3856 2747 3911 clericum
2791 3858 2842 3910 in
2868 3854 3110 3910 ecclesiis
3140 3853 3372 3908 duarum
3404 3849 3679 3903 civitatum

2089 3948 2323 4004 ordinari
2348 3947 2436 4020 [T.
2463 3946 2517 4011 2,
2558 3945 2919 4018 ministrare],
2945 3947 3039 4000 sed
3063 3949 3113 3998 in
3140 3960 3203 3999 ea
3228 3946 3279 3998 iii
3309 3957 3409 4012 qua
3440 3941 3507 3994 ab
3530 3939 3683 3993 initio

2087 4045 2365 4098 ordinatus
2413 4050 2496 4096 est
2544 4049 2595 4094 et
2650 4041 2803 4108 cujus
2852 4039 3150 4108 espetierat
3180 4047 3306 4090 ante
3336 4034 3681 4104 perfugium:

2088 4146 2142 4190 et
2188 4136 2232 4189 si
2266 4144 2485 4204 propter
2534 4148 2687 4186 vanae
2715 4132 2901 4202 gloriae
2948 4128 3277 4184 desiderium
3313 4126 3465 4194 ιρι
3501 4131 3684 4191 utpote

2087 4225 2152 4279 ad
2193 4226 2473 4279 ecclesiam
2507 4224 2765 4292 majorem
2797 4220 3131 4287 confugerit,
3170 4219 3419 4288 jubemus
3439 4228 3560 4268 eum
3589 4225 3683 4266 ec-

2087 4319 2267 4372 clesite
2294 4318 2524 4385 propria:
2548 4312 2777 4379 restitui,
2804 4313 2857 4366 id
2881 4322 2963 4365 est
2994 4311 3079 4364 ubi
3111 4310 3179 4363 ab
3208 4305 3430 4361 exordio
3461 4303 3681 4357 ordina-

2088 4420 2171 4465 tus
2196 4419 2278 4464 est
2302 4451 2317 4476 ,
2348 4419 2402 4464 et
2445 4409 2514 4462 ibi
2566 4408 2935 4461 tantummodo
2962 4405 3281 4458 ministrare.
3316 4398 3372 4452 Si
3406 4412 3531 4452 vero
3564 4396 3683 4463 quis

475 4494 749 4551 Neminem
792 4494 1032 4549 absolute
1061 4494 1311 4549 ordinare
1342 4494 1710 4564 presbyterum
1752 4492 1835 4546 vel
1866 4493 1975 4547 dia-
2018 4502 2194 4596 Djam
2237 4502 2527 4554 translatus
2573 4508 2657 4553 est
2697 4500 2764 4551 ab
2805 4496 3030 4551 ecclesia
3074 4495 3125 4548 in
3165 4488 3637 4546 aliam~ccclesiam
3664 4523 3680 4547 ,

407 4604 598 4643 conum
632 4605 729 4644 nec
759 4589 1049 4659 quemlibet
1087 4588 1245 4642 alium
1293 4588 1346 4641 in
1375 4587 1738 4642 ecclesiastica
1768 4586 1987 4640 ordina-

408 4681 550 4732 tione
578 4680 945 4746 constitutum,
979 4679 1077 4733 nisi
1111 4677 1390 4734 manifeste
1419 4680 1471 4731 in
1503 4678 1730 4732 ecclesia
1759 4676 1989 4732 civitatis

407 4774 520 4826 sive
548 4774 901 4841 possessionis
928 4781 1019 4826 aut
1057 4773 1111 4826 in
1159 4774 1413 4843 martyrio
1440 4783 1529 4825 aut
1556 4772 1610 4825 in
1640 4772 1988 4836 monasterio,

407 4871 462 4916 et
515 4860 606 4929 qui
661 4862 935 4916 ordinatur
984 4871 1253 4916 mereatur
1302 4862 1653 4917 ordinationis
1709 4862 1992 4930 publicata

410 4951 765 5007 vocabulum:
815 4969 907 5007 eos
961 4968 1089 5006 vero
1136 4954 1224 5022 qui
1269 4954 1514 5008 absolute
1552 4954 1868 5008 ordinantur
1892 4952 1991 5007 de-

408 5048 577 5104 crevit
621 5057 801 5102 sancta
838 5049 1073 5117 synodus
1101 5064 1317 5103 vacuam
1365 5048 1561 5102 habere
1594 5063 1781 5102 manus
1820 5050 1993 5117 impo-

409 5144 692 5209 sitionem,
747 5152 801 5199 et
851 5141 1049 5197 nullum
1095 5144 1210 5211 ejus
1254 5143 1357 5197 tale
1398 5142 1593 5195 factum
1629 5142 1785 5213 100
1816 5146 1994 5199 valere

411 5236 475 5289 ad
505 5235 749 5304 injuriam
784 5236 949 5306 ipsius
981 5237 1069 5307 qui
1103 5252 1223 5290 eum
1258 5235 1544 5290 ordinavit.

552 5325 663 5381 VII.
703 5326 775 5380 De
798 5329 992 5409 clericis
1019 5340 1065 5382 et
1096 5327 1356 5382 monachis
1381 5342 1490 5409 non
1535 5327 1851 5382 manentibus

928 5401 982 5450 in
1033 5417 1125 5453 suo
1182 5401 1464 5471 proposito.

485 5489 592 5544 Eos
618 5491 706 5560 qui
752 5490 919 5544 semel
950 5490 1001 5542 in
1035 5492 1180 5545 clero
1208 5496 1369 5545 taxati
1403 5491 1619 5556 fuerint,
1650 5491 1763 5545 sive
1794 5490 1849 5544 in
1880 5503 1993 5545 mo-

485 5610 510 5674 _'
539 5601 655 5674 ἔθη
676 5605 1023 5674 episcoporum
1046 5602 1147 5674 sive
1170 5602 1465 5656 clericorum
1490 5613 1580 5657 aut
1603 5603 1990 5659 monachorum.

481 5667 507 5706 δ
654 5667 747 5745 βζ,
778 5667 890 5744 qua:
908 5673 1258 5745 jamdefesste
1285 5683 1424 5726 sunt.

483 5748 502 5776 ε
747 5741 801 5798 In
827 5741 921 5801 ~A.'
950 5756 1002 5800 et
1033 5741 1266 5811 reliquis
1294 5759 1308 5797 :
1342 5744 1735 5799 ecclesiasticum
1765 5744 1995 5817 indigent

414 5812 795 5868 adminiculum.

2094 4593 2225 4647 nihil
2255 4593 2445 4647 habeat
2473 4605 2760 4647 commune
2803 4604 2924 4643 cum
2962 4589 3137 4657 priore
3162 4582 3409 4647 ecclesia,
3442 4581 3554 4634 sive
3577 4578 3679 4631 sub

2093 4682 2314 4737 ecclesia
2337 4682 2636 4736 constitutis
2661 4681 2928 4750 martyriis
2956 4682 3069 4731 sive
3095 4676 3320 4745 ptocliiis
3340 4672 3417 4727 vel
3444 4668 3682 4724 xenodo-

2093 4772 2229 4826 chiis
2257 4782 2345 4827 aut
2373 4788 2558 4827 eorum
2590 4772 2836 4842 negotiis.
2875 4772 2978 4823 Eos
3010 4783 3134 4822 vero
3185 4768 3272 4834 qui
3324 4766 3438 4819 ausi
3485 4763 3681 4816 fuerint

2096 4874 2216 4934 post
2234 4865 2627 4919 ordinationem
2652 4864 2808 4932 hujus
2837 4878 3042 4933 magnae
3065 4870 3121 4916 et
3145 4859 3459 4915 universalis
3484 4855 3679 4928 synodi

2093 4974 2252 5027 agere
2272 4973 2391 5027 qua:
2419 4956 2683 5024 prohibita
2713 4966 2857 5022 sunt,
2889 4960 3073 5012 statuit
3089 4964 3273 5010 sancta
3301 4951 3536 5021 synodus
3583 4966 3679 5004 ca-

2096 5052 2225 5104 dere
2250 5050 2315 5102 de
2346 5048 2562 5117 proprio
2588 5048 2780 5115 gradu.

2096 5142 2188 5195 XI.
2232 5140 2384 5206 Quod
2426 5148 2650 5209 oporteat
2674 5138 2846 5208 egenis
2885 5138 3121 5205 epistolia
3153 5136 3328 5201 tribui,
3362 5132 3678 5209 honestiores

2306 5206 2477 5263 autem
2507 5206 2933 5262 commendatitiis
2954 5209 3131 5263 litteris
3162 5206 3459 5278 approbari.

2166 5303 2367 5357 Omnes
2400 5315 2658 5371 pauperes
2684 5309 2741 5354 et
2769 5301 3067 5367 indigentes
3105 5296 3483 5353 ecclesiasticis
3524 5290 3679 5346 auxi-

2098 5396 2180 5450 liis
2207 5410 2329 5449 cum
2373 5395 2686 5464 probatione
2725 5387 2959 5462 epistol'ii
2987 5392 3100 5445 sive
3150 5390 3407 5458 pacificis,
3434 5400 3554 5456 qua:
3589 5385 3675 5437 di-

2095 5502 2290 5544 cuntur
2330 5487 2527 5542 irenica
2566 5486 2954 5551 ecclesiastica,
3006 5483 3376 5541 tantummodo
3410 5477 3678 5549 proﬁcisci

2168 5599 2194 5637 ά
2222 5601 2297 5654 Ex
2332 5600 2394 5655 ll.
2430 5600 2485 5653 In
2520 5601 2580 5652 A.
2611 5606 2666 5653 et
2692 5599 2949 5667 reliquis:
2980 5594 3151 5665 quieti.

2170 5680 2194 5709 ο
2224 5674 2279 5724 lit
2302 5671 2587 5724 Codicibns
2618 5660 2903 5738 depi'av'ate
2924 5660 3462 5738 seiibitur_h:ec_vor_t_.
3497 5660 3552 5738 In
3586 5661 3676 5738 ΑΔ,

2097 5729 3023 5867 ἓιὶ.η[ᾷ.,ε⁷›,’1“.1,υ.’,8.,ιοείἱδ.
3062 5734 3256 5808 ιη,ίΕ.,
3295 5733 3497 5807 ιριοεξίε.
3527 5731 3581 5784 In
3612 5729 3674 5783 τ.

2141 5857 2154 5867 .
2186 5824 2345 5867 108618.

2140 5857 2154 5885 ,
2186 5824 2345 5867 totcts.
