  <div class='ocr_page' id='page_1' title='image "/cluster/home/n/w/nwhite01/storage/ocr_20150623/84/hvd.32044054758883/090.png"; bbox 0 0 4072 6176; ppageno 0'>
   <div class='ocr_carea' id='block_1_1' title="bbox 323 299 425 354">
    <p class='ocr_par' dir='ltr' id='par_1_1' title="bbox 323 299 425 354">
     <span class='ocr_line' id='line_1_1' title="bbox 323 299 425 354; baseline 0 -1"><span class='ocrx_word' id='word_1_1' title='bbox 323 299 425 354; x_wconf 69' lang='grc' dir='ltr'><strong>Ιὺθ</strong></span> 
     </span>
    </p>
   </div>
   <div class='ocr_carea' id='block_1_2' title="bbox 1224 300 2762 366">
    <p class='ocr_par' dir='ltr' id='par_1_2' title="bbox 1224 300 2762 366">
     <span class='ocr_line' id='line_1_2' title="bbox 1224 300 2762 366; baseline 0.006 -9"><span class='ocrx_word' id='word_1_2' title='bbox 1224 300 1626 361; x_wconf 69' lang='lat' dir='ltr'><strong>GIIA‘ICURUM</strong></span> <span class='ocrx_word' id='word_1_3' title='bbox 1663 304 1996 359; x_wconf 80' lang='lat' dir='ltr'><strong>CONCILIA.</strong></span> <span class='ocrx_word' id='word_1_4' title='bbox 2038 332 2109 348; x_wconf 70' lang='grc' dir='ltr'><strong>-υ</strong></span> <span class='ocrx_word' id='word_1_5' title='bbox 2147 304 2762 366; x_wconf 74' lang='lat' dir='ltr'><strong>CIIALCEDONENSE.</strong></span> 
     </span>
    </p>
   </div>
   <div class='ocr_carea' id='block_1_3' title="bbox 3503 329 3601 386">
    <p class='ocr_par' dir='ltr' id='par_1_3' title="bbox 3503 329 3601 386">
     <span class='ocr_line' id='line_1_3' title="bbox 3503 329 3601 386; baseline 0 -1"><span class='ocrx_word' id='word_1_6' title='bbox 3503 329 3601 386; x_wconf 84' lang='lat' dir='ltr'><strong>I70</strong></span> 
     </span>
    </p>
   </div>
   <div class='ocr_carea' id='block_1_4' title="bbox 316 415 3602 515">
    <p class='ocr_par' dir='ltr' id='par_1_4' title="bbox 316 415 3602 515">
     <span class='ocr_line' id='line_1_4' title="bbox 316 415 3602 515; baseline 0.01 -47"><span class='ocrx_word' id='word_1_7' title='bbox 316 415 633 481; x_wconf 87' lang='lat' dir='ltr'><strong>statuimus,</strong></span> <span class='ocrx_word' id='word_1_8' title='bbox 692 423 746 470; x_wconf 93' lang='lat' dir='ltr'><strong>et</strong></span> <span class='ocrx_word' id='word_1_9' title='bbox 804 429 908 469; x_wconf 91' lang='lat' dir='ltr'><strong>non</strong></span> <span class='ocrx_word' id='word_1_10' title='bbox 951 418 1403 473; x_wconf 86' lang='lat' dir='ltr'><strong>commendatitiis</strong></span> <span class='ocrx_word' id='word_1_11' title='bbox 1455 419 1736 489; x_wconf 77' lang='lat' dir='ltr'><strong>epistolis;</strong></span> <span class='ocrx_word' id='word_1_12' title='bbox 1792 418 1915 489; x_wconf 87' lang='lat' dir='ltr'><strong>quia</strong></span> <span class='ocrx_word' id='word_1_13' title='bbox 1946 429 1991 485; x_wconf 75' lang='grc' dir='ltr'><strong>Α</strong></span> <span class='ocrx_word' id='word_1_14' title='bbox 2023 420 2450 489; x_wconf 83' lang='lat' dir='ltr'><strong>possessionibus</strong></span> <span class='ocrx_word' id='word_1_15' title='bbox 2489 436 2806 491; x_wconf 82' lang='lat' dir='ltr'><strong>permanere</strong></span> <span class='ocrx_word' id='word_1_16' title='bbox 2852 426 3155 487; x_wconf 84' lang='lat' dir='ltr'><strong>immobiles</strong></span> <span class='ocrx_word' id='word_1_17' title='bbox 3200 436 3338 505; x_wconf 80' lang='lat' dir='ltr'><strong>apud</strong></span> <span class='ocrx_word' id='word_1_18' title='bbox 3381 454 3475 496; x_wconf 89' lang='lat' dir='ltr'><strong>eos</strong></span> <span class='ocrx_word' id='word_1_19' title='bbox 3509 450 3602 515; x_wconf 89' lang='lat' dir='ltr'><strong>qui</strong></span> 
     </span>
    </p>
   </div>
   <div class='ocr_carea' id='block_1_5' title="bbox 313 506 1914 579">
    <p class='ocr_par' dir='ltr' id='par_1_5' title="bbox 313 506 1914 579">
     <span class='ocr_line' id='line_1_5' title="bbox 313 506 1914 579; baseline 0.003 -18"><span class='ocrx_word' id='word_1_20' title='bbox 313 506 795 561; x_wconf 81' lang='lat' dir='ltr'><strong>commendatitias</strong></span> <span class='ocrx_word' id='word_1_21' title='bbox 838 521 971 576; x_wconf 91' lang='lat' dir='ltr'><strong>quas</strong></span> <span class='ocrx_word' id='word_1_22' title='bbox 1002 506 1234 562; x_wconf 87' lang='lat' dir='ltr'><strong>dicimus</strong></span> <span class='ocrx_word' id='word_1_23' title='bbox 1281 510 1537 579; x_wconf 88' lang='lat' dir='ltr'><strong>op&#39;stolas</strong></span> <span class='ocrx_word' id='word_1_24' title='bbox 1583 525 1676 565; x_wconf 90' lang='lat' dir='ltr'><strong>cos</strong></span> <span class='ocrx_word' id='word_1_25' title='bbox 1709 519 1914 566; x_wconf 87' lang='lat' dir='ltr'><strong>tantum</strong></span> 
     </span>
    </p>
   </div>
   <div class='ocr_carea' id='block_1_6' title="bbox 311 594 1917 668">
    <p class='ocr_par' dir='ltr' id='par_1_6' title="bbox 311 594 1917 668">
     <span class='ocr_line' id='line_1_6' title="bbox 311 594 1917 668; baseline 0.004 -19"><span class='ocrx_word' id='word_1_26' title='bbox 311 594 571 663; x_wconf 82' lang='lat' dir='ltr'><strong>accipere</strong></span> <span class='ocrx_word' id='word_1_27' title='bbox 601 595 885 660; x_wconf 68' lang='lat' dir='ltr'><strong>convenit,</strong></span> <span class='ocrx_word' id='word_1_28' title='bbox 908 595 996 664; x_wconf 90' lang='lat' dir='ltr'><strong>qui</strong></span> <span class='ocrx_word' id='word_1_29' title='bbox 1026 598 1077 651; x_wconf 89' lang='lat' dir='ltr'><strong>in</strong></span> <span class='ocrx_word' id='word_1_30' title='bbox 1114 597 1364 666; x_wconf 79' lang='lat' dir='ltr'><strong>Opinione</strong></span> <span class='ocrx_word' id='word_1_31' title='bbox 1392 608 1518 653; x_wconf 88' lang='lat' dir='ltr'><strong>sunt</strong></span> <span class='ocrx_word' id='word_1_32' title='bbox 1547 600 1826 668; x_wconf 84' lang='lat' dir='ltr'><strong>clariores,</strong></span> <span class='ocrx_word' id='word_1_33' title='bbox 1860 610 1917 655; x_wconf 87' lang='lat' dir='ltr'><strong>ut</strong></span> 
     </span>
    </p>
   </div>
   <div class='ocr_carea' id='block_1_7' title="bbox 311 684 1199 754">
    <p class='ocr_par' dir='ltr' id='par_1_7' title="bbox 311 684 1199 754">
     <span class='ocr_line' id='line_1_7' title="bbox 311 684 1199 754; baseline 0.001 -15"><span class='ocrx_word' id='word_1_34' title='bbox 311 684 397 739; x_wconf 82' lang='lat' dir='ltr'><strong>eis</strong></span> <span class='ocrx_word' id='word_1_35' title='bbox 434 686 811 739; x_wconf 71' lang='lat' dir='ltr'><strong>tantummodo</strong></span> <span class='ocrx_word' id='word_1_36' title='bbox 841 685 1199 754; x_wconf 71' lang='lat' dir='ltr'><strong>prmbcan‘tur.</strong></span> 
     </span>
    </p>
   </div>
   <div class='ocr_carea' id='block_1_8' title="bbox 314 774 1915 851">
    <p class='ocr_par' dir='ltr' id='par_1_8' title="bbox 314 774 1915 851">
     <span class='ocr_line' id='line_1_8' title="bbox 314 774 1915 851; baseline 0.004 -24"><span class='ocrx_word' id='word_1_37' title='bbox 314 774 434 828; x_wconf 68' lang='lat' dir='ltr'><strong>Ml.</strong></span> <span class='ocrx_word' id='word_1_38' title='bbox 484 774 641 841; x_wconf 82' lang='lat' dir='ltr'><strong>Quod</strong></span> <span class='ocrx_word' id='word_1_39' title='bbox 669 790 991 851; x_wconf 73' lang='lat' dir='ltr'><strong>nequaquam</strong></span> <span class='ocrx_word' id='word_1_40' title='bbox 1018 777 1231 851; x_wconf 75' lang='lat' dir='ltr'><strong>induas</strong></span> <span class='ocrx_word' id='word_1_41' title='bbox 1264 779 1687 849; x_wconf 81' lang='lat' dir='ltr'><strong>metropolitanos</strong></span> <span class='ocrx_word' id='word_1_42' title='bbox 1709 781 1915 851; x_wconf 67' lang='lat' dir='ltr'><strong>provino</strong></span> 
     </span>
    </p>
   </div>
   <div class='ocr_carea' id='block_1_9' title="bbox 916 848 1316 903">
    <p class='ocr_par' dir='ltr' id='par_1_9' title="bbox 916 848 1316 903">
     <span class='ocr_line' id='line_1_9' title="bbox 916 848 1316 903; baseline 0.013 -5"><span class='ocrx_word' id='word_1_43' title='bbox 916 848 995 899; x_wconf 82' lang='lat' dir='ltr'><strong>cia</strong></span> <span class='ocrx_word' id='word_1_44' title='bbox 1037 848 1316 903; x_wconf 73' lang='lat' dir='ltr'><strong>dividatur.</strong></span> 
     </span>
    </p>
   </div>
   <div class='ocr_carea' id='block_1_10' title="bbox 388 934 1910 1010">
    <p class='ocr_par' dir='ltr' id='par_1_10' title="bbox 388 934 1910 1010">
     <span class='ocr_line' id='line_1_10' title="bbox 388 934 1910 1010; baseline 0.007 -23"><span class='ocrx_word' id='word_1_45' title='bbox 388 934 646 990; x_wconf 76' lang='lat' dir='ltr'><strong>Pervenit</strong></span> <span class='ocrx_word' id='word_1_46' title='bbox 663 935 731 990; x_wconf 89' lang='lat' dir='ltr'><strong>ad</strong></span> <span class='ocrx_word' id='word_1_47' title='bbox 756 950 856 991; x_wconf 88' lang='lat' dir='ltr'><strong>nos</strong></span> <span class='ocrx_word' id='word_1_48' title='bbox 884 936 1026 1007; x_wconf 87' lang='lat' dir='ltr'><strong>quod</strong></span> <span class='ocrx_word' id='word_1_49' title='bbox 1048 938 1265 1006; x_wconf 86' lang='lat' dir='ltr'><strong>quidam</strong></span> <span class='ocrx_word' id='word_1_50' title='bbox 1297 948 1491 1010; x_wconf 81' lang='lat' dir='ltr'><strong>praeter</strong></span> <span class='ocrx_word' id='word_1_51' title='bbox 1516 940 1910 997; x_wconf 82' lang='lat' dir='ltr'><strong>ecclesiasticas</strong></span> 
     </span>
    </p>
   </div>
   <div class='ocr_carea' id='block_1_11' title="bbox 312 1025 1909 1101">
    <p class='ocr_par' dir='ltr' id='par_1_11' title="bbox 312 1025 1909 1101">
     <span class='ocr_line' id='line_1_11' title="bbox 312 1025 1909 1101; baseline 0.006 -24"><span class='ocrx_word' id='word_1_52' title='bbox 312 1025 689 1080; x_wconf 79' lang='lat' dir='ltr'><strong>ordinationes</strong></span> <span class='ocrx_word' id='word_1_53' title='bbox 715 1026 1028 1082; x_wconf 71' lang='lat' dir='ltr'><strong>ali‘ectantes</strong></span> <span class='ocrx_word' id='word_1_54' title='bbox 1068 1030 1361 1097; x_wconf 73' lang='lat' dir='ltr'><strong>potentiam</strong></span> <span class='ocrx_word' id='word_1_55' title='bbox 1399 1046 1494 1099; x_wconf 86' lang='lat' dir='ltr'><strong>per</strong></span> <span class='ocrx_word' id='word_1_56' title='bbox 1522 1031 1909 1101; x_wconf 81' lang='lat' dir='ltr'><strong>pragmaticum</strong></span> 
     </span>
    </p>
   </div>
   <div class='ocr_carea' id='block_1_12' title="bbox 310 1120 1909 1191">
    <p class='ocr_par' dir='ltr' id='par_1_12' title="bbox 310 1120 1909 1191">
     <span class='ocr_line' id='line_1_12' title="bbox 310 1120 1909 1191; baseline 0.006 -18"><span class='ocrx_word' id='word_1_57' title='bbox 310 1132 525 1173; x_wconf 80' lang='lat' dir='ltr'><strong>sacrum</strong></span> <span class='ocrx_word' id='word_1_58' title='bbox 551 1134 714 1173; x_wconf 89' lang='lat' dir='ltr'><strong>unam</strong></span> <span class='ocrx_word' id='word_1_59' title='bbox 741 1120 1071 1188; x_wconf 81' lang='lat' dir='ltr'><strong>provinciam</strong></span> <span class='ocrx_word' id='word_1_60' title='bbox 1098 1122 1150 1175; x_wconf 90' lang='lat' dir='ltr'><strong>in</strong></span> <span class='ocrx_word' id='word_1_61' title='bbox 1181 1122 1318 1176; x_wconf 77' lang='lat' dir='ltr'><strong>duas</strong></span> <span class='ocrx_word' id='word_1_62' title='bbox 1348 1123 1612 1191; x_wconf 79' lang='lat' dir='ltr'><strong>dividant,</strong></span> <span class='ocrx_word' id='word_1_63' title='bbox 1640 1134 1693 1179; x_wconf 89' lang='lat' dir='ltr'><strong>et</strong></span> <span class='ocrx_word' id='word_1_64' title='bbox 1719 1140 1782 1180; x_wconf 80' lang='lat' dir='ltr'><strong>ex</strong></span> <span class='ocrx_word' id='word_1_65' title='bbox 1809 1124 1909 1181; x_wconf 88' lang='lat' dir='ltr'><strong>hoc</strong></span> 
     </span>
    </p>
   </div>
   <div class='ocr_carea' id='block_1_13' title="bbox 312 1211 1907 1286">
    <p class='ocr_par' dir='ltr' id='par_1_13' title="bbox 312 1211 1907 1286">
     <span class='ocr_line' id='line_1_13' title="bbox 312 1211 1907 1286; baseline 0.006 -22"><span class='ocrx_word' id='word_1_66' title='bbox 312 1211 665 1267; x_wconf 82' lang='lat' dir='ltr'><strong>inveniuntur</strong></span> <span class='ocrx_word' id='word_1_67' title='bbox 690 1214 801 1268; x_wconf 92' lang='lat' dir='ltr'><strong>duo</strong></span> <span class='ocrx_word' id='word_1_68' title='bbox 840 1214 1234 1283; x_wconf 83' lang='lat' dir='ltr'><strong>metropolitani</strong></span> <span class='ocrx_word' id='word_1_69' title='bbox 1266 1216 1504 1286; x_wconf 85' lang='lat' dir='ltr'><strong>episcopi</strong></span> <span class='ocrx_word' id='word_1_70' title='bbox 1537 1217 1587 1271; x_wconf 91' lang='lat' dir='ltr'><strong>in</strong></span> <span class='ocrx_word' id='word_1_71' title='bbox 1619 1218 1805 1273; x_wconf 87' lang='lat' dir='ltr'><strong>eadem</strong></span> <span class='ocrx_word' id='word_1_72' title='bbox 1851 1229 1907 1274; x_wconf 92' lang='lat' dir='ltr'><strong>et</strong></span> 
     </span>
    </p>
   </div>
   <div class='ocr_carea' id='block_1_14' title="bbox 310 1303 1905 1379">
    <p class='ocr_par' dir='ltr' id='par_1_14' title="bbox 310 1303 1905 1379">
     <span class='ocr_line' id='line_1_14' title="bbox 310 1303 1905 1379; baseline 0.007 -26"><span class='ocrx_word' id='word_1_73' title='bbox 310 1317 420 1356; x_wconf 86' lang='lat' dir='ltr'><strong>una</strong></span> <span class='ocrx_word' id='word_1_74' title='bbox 473 1316 596 1357; x_wconf 88' lang='lat' dir='ltr'><strong>esse</strong></span> <span class='ocrx_word' id='word_1_75' title='bbox 647 1303 961 1371; x_wconf 88' lang='lat' dir='ltr'><strong>provincia:</strong></span> <span class='ocrx_word' id='word_1_76' title='bbox 1010 1305 1196 1358; x_wconf 84' lang='lat' dir='ltr'><strong>statuit</strong></span> <span class='ocrx_word' id='word_1_77' title='bbox 1240 1305 1399 1375; x_wconf 90' lang='lat' dir='ltr'><strong>igitur</strong></span> <span class='ocrx_word' id='word_1_78' title='bbox 1439 1319 1622 1362; x_wconf 88' lang='lat' dir='ltr'><strong>sancta</strong></span> <span class='ocrx_word' id='word_1_79' title='bbox 1669 1309 1905 1379; x_wconf 87' lang='lat' dir='ltr'><strong>synodus</strong></span> 
     </span>
    </p>
   </div>
   <div class='ocr_carea' id='block_1_15' title="bbox 304 1393 1903 1470">
    <p class='ocr_par' dir='ltr' id='par_1_15' title="bbox 304 1393 1903 1470">
     <span class='ocr_line' id='line_1_15' title="bbox 304 1393 1903 1470; baseline 0.008 -26"><span class='ocrx_word' id='word_1_80' title='bbox 304 1393 571 1462; x_wconf 87' lang='lat' dir='ltr'><strong>deinceps</strong></span> <span class='ocrx_word' id='word_1_81' title='bbox 599 1393 734 1447; x_wconf 80' lang='lat' dir='ltr'><strong>nihil</strong></span> <span class='ocrx_word' id='word_1_82' title='bbox 765 1394 868 1448; x_wconf 85' lang='lat' dir='ltr'><strong>tale</strong></span> <span class='ocrx_word' id='word_1_83' title='bbox 888 1396 1144 1450; x_wconf 89' lang='lat' dir='ltr'><strong>attentari</strong></span> <span class='ocrx_word' id='word_1_84' title='bbox 1177 1412 1203 1449; x_wconf 87' lang='lat' dir='ltr'><strong>a</strong></span> <span class='ocrx_word' id='word_1_85' title='bbox 1231 1397 1473 1467; x_wconf 90' lang='lat' dir='ltr'><strong>quolibet</strong></span> <span class='ocrx_word' id='word_1_86' title='bbox 1500 1399 1774 1470; x_wconf 91' lang='lat' dir='ltr'><strong>episcopo,</strong></span> <span class='ocrx_word' id='word_1_87' title='bbox 1808 1416 1903 1456; x_wconf 89' lang='lat' dir='ltr'><strong>eos</strong></span> 
     </span>
    </p>
   </div>
   <div class='ocr_carea' id='block_1_16' title="bbox 306 1484 1901 1562">
    <p class='ocr_par' dir='ltr' id='par_1_16' title="bbox 306 1484 1901 1562">
     <span class='ocr_line' id='line_1_16' title="bbox 306 1484 1901 1562; baseline 0.009 -28"><span class='ocrx_word' id='word_1_88' title='bbox 306 1496 444 1536; x_wconf 85' lang='lat' dir='ltr'><strong>vero</strong></span> <span class='ocrx_word' id='word_1_89' title='bbox 471 1484 560 1551; x_wconf 91' lang='lat' dir='ltr'><strong>qui</strong></span> <span class='ocrx_word' id='word_1_90' title='bbox 592 1484 799 1554; x_wconf 86' lang='lat' dir='ltr'><strong>aliquid</strong></span> <span class='ocrx_word' id='word_1_91' title='bbox 844 1484 949 1540; x_wconf 89' lang='lat' dir='ltr'><strong>tale</strong></span> <span class='ocrx_word' id='word_1_92' title='bbox 995 1489 1320 1544; x_wconf 89' lang='lat' dir='ltr'><strong>tentaverint</strong></span> <span class='ocrx_word' id='word_1_93' title='bbox 1364 1489 1556 1546; x_wconf 86' lang='lat' dir='ltr'><strong>cadere</strong></span> <span class='ocrx_word' id='word_1_94' title='bbox 1584 1491 1652 1547; x_wconf 90' lang='lat' dir='ltr'><strong>de</strong></span> <span class='ocrx_word' id='word_1_95' title='bbox 1682 1495 1901 1562; x_wconf 86' lang='lat' dir='ltr'><strong>proprio</strong></span> 
     </span>
    </p>
   </div>
   <div class='ocr_carea' id='block_1_17' title="bbox 308 1574 1898 1651">
    <p class='ocr_par' dir='ltr' id='par_1_17' title="bbox 308 1574 1898 1651">
     <span class='ocr_line' id='line_1_17' title="bbox 308 1574 1898 1651; baseline 0.009 -25"><span class='ocrx_word' id='word_1_96' title='bbox 308 1574 503 1642; x_wconf 78' lang='lat' dir='ltr'><strong>gradu.</strong></span> <span class='ocrx_word' id='word_1_97' title='bbox 531 1574 588 1629; x_wconf 89' lang='lat' dir='ltr'><strong>Si</strong></span> <span class='ocrx_word' id='word_1_98' title='bbox 619 1591 742 1646; x_wconf 78' lang='lat' dir='ltr'><strong>qua:</strong></span> <span class='ocrx_word' id='word_1_99' title='bbox 772 1592 900 1632; x_wconf 87' lang='lat' dir='ltr'><strong>vero</strong></span> <span class='ocrx_word' id='word_1_100' title='bbox 928 1586 1081 1633; x_wconf 82' lang='lat' dir='ltr'><strong>antea</strong></span> <span class='ocrx_word' id='word_1_101' title='bbox 1116 1580 1359 1636; x_wconf 87' lang='lat' dir='ltr'><strong>civitates</strong></span> <span class='ocrx_word' id='word_1_102' title='bbox 1388 1596 1484 1651; x_wconf 90' lang='lat' dir='ltr'><strong>per</strong></span> <span class='ocrx_word' id='word_1_103' title='bbox 1515 1584 1898 1651; x_wconf 84' lang='lat' dir='ltr'><strong>pragmaticum</strong></span> 
     </span>
    </p>
   </div>
   <div class='ocr_carea' id='block_1_18' title="bbox 302 1660 1899 1738">
    <p class='ocr_par' dir='ltr' id='par_1_18' title="bbox 302 1660 1899 1738">
     <span class='ocr_line' id='line_1_18' title="bbox 302 1660 1899 1738; baseline 0.008 -20"><span class='ocrx_word' id='word_1_104' title='bbox 302 1665 589 1734; x_wconf 79' lang='lat' dir='ltr'><strong>imperiale</strong></span> <span class='ocrx_word' id='word_1_105' title='bbox 651 1670 1049 1738; x_wconf 83' lang='lat' dir='ltr'><strong>metropolitani</strong></span> <span class='ocrx_word' id='word_1_106' title='bbox 1106 1672 1337 1727; x_wconf 85' lang='lat' dir='ltr'><strong>nominis</strong></span> <span class='ocrx_word' id='word_1_107' title='bbox 1387 1660 1592 1728; x_wconf 82' lang='lat' dir='ltr'><strong>honore</strong></span> <span class='ocrx_word' id='word_1_108' title='bbox 1630 1674 1899 1730; x_wconf 63' lang='lat' dir='ltr'><strong>decoratas</strong></span> 
     </span>
    </p>
   </div>
   <div class='ocr_carea' id='block_1_19' title="bbox 299 1759 1970 1843">
    <p class='ocr_par' dir='ltr' id='par_1_19' title="bbox 299 1759 1970 1843">
     <span class='ocr_line' id='line_1_19' title="bbox 299 1759 1970 1843; baseline 0.007 -34"><span class='ocrx_word' id='word_1_109' title='bbox 299 1766 452 1822; x_wconf 88' lang='lat' dir='ltr'><strong>sunt,</strong></span> <span class='ocrx_word' id='word_1_110' title='bbox 495 1759 714 1815; x_wconf 84' lang='lat' dir='ltr'><strong>nomine</strong></span> <span class='ocrx_word' id='word_1_111' title='bbox 749 1762 867 1815; x_wconf 92' lang='lat' dir='ltr'><strong>solo</strong></span> <span class='ocrx_word' id='word_1_112' title='bbox 900 1760 1167 1828; x_wconf 89' lang='lat' dir='ltr'><strong>fruantur,</strong></span> <span class='ocrx_word' id='word_1_113' title='bbox 1209 1772 1264 1817; x_wconf 91' lang='lat' dir='ltr'><strong>et</strong></span> <span class='ocrx_word' id='word_1_114' title='bbox 1308 1764 1397 1833; x_wconf 89' lang='lat' dir='ltr'><strong>qui</strong></span> <span class='ocrx_word' id='word_1_115' title='bbox 1442 1765 1732 1820; x_wconf 85' lang='lat' dir='ltr'><strong>Ecclesiam</strong></span> <span class='ocrx_word' id='word_1_116' title='bbox 1773 1766 1893 1834; x_wconf 84' lang='lat' dir='ltr'><strong>ejus</strong></span> <span class='ocrx_word' id='word_1_117' title='bbox 1923 1782 1970 1843; x_wconf 67' lang='grc' dir='ltr'><strong>Β</strong></span> 
     </span>
    </p>
   </div>
   <div class='ocr_carea' id='block_1_20' title="bbox 299 1855 1889 1928">
    <p class='ocr_par' dir='ltr' id='par_1_20' title="bbox 299 1855 1889 1928">
     <span class='ocr_line' id='line_1_20' title="bbox 299 1855 1889 1928; baseline 0.006 -22"><span class='ocrx_word' id='word_1_118' title='bbox 299 1855 473 1925; x_wconf 83' lang='lat' dir='ltr'><strong>regit,</strong></span> <span class='ocrx_word' id='word_1_119' title='bbox 525 1855 813 1925; x_wconf 85' lang='lat' dir='ltr'><strong>episcopus</strong></span> <span class='ocrx_word' id='word_1_120' title='bbox 864 1856 1092 1921; x_wconf 89' lang='lat' dir='ltr'><strong>scilicet,</strong></span> <span class='ocrx_word' id='word_1_121' title='bbox 1151 1856 1431 1928; x_wconf 87' lang='lat' dir='ltr'><strong>privilegio</strong></span> <span class='ocrx_word' id='word_1_122' title='bbox 1476 1859 1889 1928; x_wconf 74' lang='lat' dir='ltr'><strong>metropolitano</strong></span> 
     </span>
    </p>
   </div>
   <div class='ocr_carea' id='block_1_21' title="bbox 298 1949 1275 2020">
    <p class='ocr_par' dir='ltr' id='par_1_21' title="bbox 298 1949 1275 2020">
     <span class='ocr_line' id='line_1_21' title="bbox 298 1949 1275 2020; baseline 0.004 -20"><span class='ocrx_word' id='word_1_123' title='bbox 298 1952 555 2018; x_wconf 82' lang='lat' dir='ltr'><strong>episcopo</strong></span> <span class='ocrx_word' id='word_1_124' title='bbox 576 1949 701 2020; x_wconf 84' lang='lat' dir='ltr'><strong>jure</strong></span> <span class='ocrx_word' id='word_1_125' title='bbox 732 1951 952 2019; x_wconf 83' lang='lat' dir='ltr'><strong>praprio</strong></span> <span class='ocrx_word' id='word_1_126' title='bbox 982 1959 1275 2005; x_wconf 87' lang='lat' dir='ltr'><strong>reservato.</strong></span> 
     </span>
    </p>
   </div>
   <div class='ocr_carea' id='block_1_22' title="bbox 299 2040 1886 2113">
    <p class='ocr_par' dir='ltr' id='par_1_22' title="bbox 299 2040 1886 2113">
     <span class='ocr_line' id='line_1_22' title="bbox 299 2040 1886 2113; baseline 0.002 -18"><span class='ocrx_word' id='word_1_127' title='bbox 299 2040 441 2095; x_wconf 77' lang='lat' dir='ltr'><strong>XIII.</strong></span> <span class='ocrx_word' id='word_1_128' title='bbox 484 2042 635 2106; x_wconf 84' lang='lat' dir='ltr'><strong>Quod</strong></span> <span class='ocrx_word' id='word_1_129' title='bbox 662 2059 763 2097; x_wconf 90' lang='lat' dir='ltr'><strong>non</strong></span> <span class='ocrx_word' id='word_1_130' title='bbox 793 2051 1022 2113; x_wconf 83' lang='lat' dir='ltr'><strong>oporteat</strong></span> <span class='ocrx_word' id='word_1_131' title='bbox 1061 2052 1329 2097; x_wconf 74' lang='lat' dir='ltr'><strong>extraneos</strong></span> <span class='ocrx_word' id='word_1_132' title='bbox 1372 2042 1584 2098; x_wconf 78' lang='lat' dir='ltr'><strong>clericos</strong></span> <span class='ocrx_word' id='word_1_133' title='bbox 1608 2044 1717 2099; x_wconf 83' lang='lat' dir='ltr'><strong>sine</strong></span> <span class='ocrx_word' id='word_1_134' title='bbox 1755 2061 1886 2099; x_wconf 88' lang='lat' dir='ltr'><strong>com-</strong></span> 
     </span>
    </p>
   </div>
   <div class='ocr_carea' id='block_1_23' title="bbox 659 2113 1529 2168">
    <p class='ocr_par' dir='ltr' id='par_1_23' title="bbox 659 2113 1529 2168">
     <span class='ocr_line' id='line_1_23' title="bbox 659 2113 1529 2168; baseline 0.001 -1"><span class='ocrx_word' id='word_1_135' title='bbox 659 2114 971 2168; x_wconf 85' lang='lat' dir='ltr'><strong>mendatitiis</strong></span> <span class='ocrx_word' id='word_1_136' title='bbox 1007 2113 1190 2167; x_wconf 74' lang='lat' dir='ltr'><strong>litteris</strong></span> <span class='ocrx_word' id='word_1_137' title='bbox 1218 2115 1529 2168; x_wconf 84' lang='lat' dir='ltr'><strong>ministrare.</strong></span> 
     </span>
    </p>
   </div>
   <div class='ocr_carea' id='block_1_24' title="bbox 367 2202 1886 2260">
    <p class='ocr_par' dir='ltr' id='par_1_24' title="bbox 367 2202 1886 2260">
     <span class='ocr_line' id='line_1_24' title="bbox 367 2202 1886 2260; baseline 0.004 -6"><span class='ocrx_word' id='word_1_138' title='bbox 367 2202 702 2258; x_wconf 74' lang='lat' dir='ltr'><strong>Extraneum</strong></span> <span class='ocrx_word' id='word_1_139' title='bbox 746 2202 999 2258; x_wconf 85' lang='lat' dir='ltr'><strong>clericum</strong></span> <span class='ocrx_word' id='word_1_140' title='bbox 1042 2214 1096 2257; x_wconf 89' lang='lat' dir='ltr'><strong>et</strong></span> <span class='ocrx_word' id='word_1_141' title='bbox 1122 2203 1353 2259; x_wconf 89' lang='lat' dir='ltr'><strong>lectores</strong></span> <span class='ocrx_word' id='word_1_142' title='bbox 1396 2215 1545 2260; x_wconf 76' lang='lat' dir='ltr'><strong>extra</strong></span> <span class='ocrx_word' id='word_1_143' title='bbox 1577 2220 1726 2259; x_wconf 91' lang='lat' dir='ltr'><strong>suam</strong></span> <span class='ocrx_word' id='word_1_144' title='bbox 1756 2206 1886 2260; x_wconf 89' lang='lat' dir='ltr'><strong>civi-</strong></span> 
     </span>
    </p>
   </div>
   <div class='ocr_carea' id='block_1_25' title="bbox 292 2295 1884 2368">
    <p class='ocr_par' dir='ltr' id='par_1_25' title="bbox 292 2295 1884 2368">
     <span class='ocr_line' id='line_1_25' title="bbox 292 2295 1884 2368; baseline 0.005 -23"><span class='ocrx_word' id='word_1_145' title='bbox 292 2300 460 2348; x_wconf 88' lang='lat' dir='ltr'><strong>tatem</strong></span> <span class='ocrx_word' id='word_1_146' title='bbox 493 2295 611 2348; x_wconf 88' lang='lat' dir='ltr'><strong>sine</strong></span> <span class='ocrx_word' id='word_1_147' title='bbox 663 2295 1119 2351; x_wconf 85' lang='lat' dir='ltr'><strong>commendatitiis</strong></span> <span class='ocrx_word' id='word_1_148' title='bbox 1167 2295 1360 2351; x_wconf 88' lang='lat' dir='ltr'><strong>litteris</strong></span> <span class='ocrx_word' id='word_1_149' title='bbox 1403 2298 1604 2367; x_wconf 85' lang='lat' dir='ltr'><strong>proprii</strong></span> <span class='ocrx_word' id='word_1_150' title='bbox 1645 2297 1884 2368; x_wconf 78' lang='lat' dir='ltr'><strong>episcopi</strong></span> 
     </span>
    </p>
   </div>
   <div class='ocr_carea' id='block_1_26' title="bbox 286 2387 1414 2455">
    <p class='ocr_par' dir='ltr' id='par_1_26' title="bbox 286 2387 1414 2455">
     <span class='ocr_line' id='line_1_26' title="bbox 286 2387 1414 2455; baseline 0.004 -17"><span class='ocrx_word' id='word_1_151' title='bbox 286 2400 576 2454; x_wconf 83' lang='lat' dir='ltr'><strong>nunquam</strong></span> <span class='ocrx_word' id='word_1_152' title='bbox 599 2394 622 2420; x_wconf 66' lang='grc'>³</span> <span class='ocrx_word' id='word_1_153' title='bbox 657 2388 860 2455; x_wconf 86' lang='lat' dir='ltr'><strong>penitus</strong></span> <span class='ocrx_word' id='word_1_154' title='bbox 895 2387 1054 2443; x_wconf 89' lang='lat' dir='ltr'><strong>liceat</strong></span> <span class='ocrx_word' id='word_1_155' title='bbox 1089 2387 1414 2443; x_wconf 88' lang='lat' dir='ltr'><strong>ministrare.</strong></span> 
     </span>
    </p>
   </div>
   <div class='ocr_carea' id='block_1_27' title="bbox 284 2473 1881 2542">
    <p class='ocr_par' dir='ltr' id='par_1_27' title="bbox 284 2473 1881 2542">
     <span class='ocr_line' id='line_1_27' title="bbox 284 2473 1881 2542; baseline 0.004 -15"><span class='ocrx_word' id='word_1_156' title='bbox 284 2473 438 2528; x_wconf 77' lang='lat' dir='ltr'><strong>XIV.</strong></span> <span class='ocrx_word' id='word_1_157' title='bbox 487 2474 640 2542; x_wconf 82' lang='lat' dir='ltr'><strong>Quod</strong></span> <span class='ocrx_word' id='word_1_158' title='bbox 685 2492 782 2529; x_wconf 86' lang='lat' dir='ltr'><strong>non</strong></span> <span class='ocrx_word' id='word_1_159' title='bbox 816 2478 960 2530; x_wconf 81' lang='lat' dir='ltr'><strong>liceat</strong></span> <span class='ocrx_word' id='word_1_160' title='bbox 1009 2477 1193 2532; x_wconf 84' lang='lat' dir='ltr'><strong>clerico</strong></span> <span class='ocrx_word' id='word_1_161' title='bbox 1243 2494 1453 2532; x_wconf 71' lang='lat' dir='ltr'><strong>uxorem</strong></span> <span class='ocrx_word' id='word_1_162' title='bbox 1485 2489 1629 2531; x_wconf 72' lang='lat' dir='ltr'><strong>scene</strong></span> <span class='ocrx_word' id='word_1_163' title='bbox 1668 2480 1881 2533; x_wconf 72' lang='lat' dir='ltr'><strong>alterius</strong></span> 
     </span>
    </p>
   </div>
   <div class='ocr_carea' id='block_1_28' title="bbox 356 2547 1879 2618">
    <p class='ocr_par' dir='ltr' id='par_1_28' title="bbox 356 2547 1879 2618">
     <span class='ocr_line' id='line_1_28' title="bbox 356 2547 1879 2618; baseline 0.005 -22"><span class='ocrx_word' id='word_1_164' title='bbox 356 2547 617 2614; x_wconf 76' lang='lat' dir='ltr'><strong>accipere,</strong></span> <span class='ocrx_word' id='word_1_165' title='bbox 645 2547 744 2600; x_wconf 88' lang='lat' dir='ltr'><strong>nisi</strong></span> <span class='ocrx_word' id='word_1_166' title='bbox 768 2547 899 2616; x_wconf 80' lang='lat' dir='ltr'><strong>forte</strong></span> <span class='ocrx_word' id='word_1_167' title='bbox 943 2549 1275 2618; x_wconf 83' lang='lat' dir='ltr'><strong>speponderit</strong></span> <span class='ocrx_word' id='word_1_168' title='bbox 1306 2562 1359 2602; x_wconf 87' lang='lat' dir='ltr'><strong>se</strong></span> <span class='ocrx_word' id='word_1_169' title='bbox 1399 2551 1465 2601; x_wconf 85' lang='lat' dir='ltr'><strong>ad</strong></span> <span class='ocrx_word' id='word_1_170' title='bbox 1516 2565 1682 2602; x_wconf 77' lang='lat' dir='ltr'><strong>rerum</strong></span> <span class='ocrx_word' id='word_1_171' title='bbox 1723 2550 1879 2618; x_wconf 77' lang='lat' dir='ltr'><strong>ﬁdem</strong></span> 
     </span>
    </p>
   </div>
   <div class='ocr_carea' id='block_1_29' title="bbox 356 2630 552 2669">
    <p class='ocr_par' dir='ltr' id='par_1_29' title="bbox 356 2630 552 2669">
     <span class='ocr_line' id='line_1_29' title="bbox 356 2630 552 2669; baseline 0.015 -3"><span class='ocrx_word' id='word_1_172' title='bbox 356 2630 552 2669; x_wconf 78' lang='lat' dir='ltr'><strong>ventre.</strong></span> 
     </span>
    </p>
   </div>
   <div class='ocr_carea' id='block_1_30' title="bbox 355 2708 1876 2782">
    <p class='ocr_par' dir='ltr' id='par_1_30' title="bbox 355 2708 1876 2782">
     <span class='ocr_line' id='line_1_30' title="bbox 355 2708 1876 2782; baseline 0.004 -22"><span class='ocrx_word' id='word_1_173' title='bbox 355 2708 493 2773; x_wconf 87' lang='lat' dir='ltr'><strong>Quia</strong></span> <span class='ocrx_word' id='word_1_174' title='bbox 535 2708 589 2762; x_wconf 91' lang='lat' dir='ltr'><strong>in</strong></span> <span class='ocrx_word' id='word_1_175' title='bbox 625 2708 943 2778; x_wconf 89' lang='lat' dir='ltr'><strong>quibusdam</strong></span> <span class='ocrx_word' id='word_1_176' title='bbox 990 2710 1281 2782; x_wconf 75' lang='lat' dir='ltr'><strong>provinciis</strong></span> <span class='ocrx_word' id='word_1_177' title='bbox 1313 2710 1629 2766; x_wconf 86' lang='lat' dir='ltr'><strong>conceditur</strong></span> <span class='ocrx_word' id='word_1_178' title='bbox 1662 2711 1876 2781; x_wconf 83' lang='lat' dir='ltr'><strong>psalmi-</strong></span> 
     </span>
    </p>
   </div>
   <div class='ocr_carea' id='block_1_31' title="bbox 280 2796 1877 2874">
    <p class='ocr_par' dir='ltr' id='par_1_31' title="bbox 280 2796 1877 2874">
     <span class='ocr_line' id='line_1_31' title="bbox 280 2796 1877 2874; baseline 0.005 -24"><span class='ocrx_word' id='word_1_179' title='bbox 280 2796 429 2851; x_wconf 74' lang='lat' dir='ltr'><strong>stisb</strong></span> <span class='ocrx_word' id='word_1_180' title='bbox 469 2808 525 2854; x_wconf 89' lang='lat' dir='ltr'><strong>et</strong></span> <span class='ocrx_word' id='word_1_181' title='bbox 577 2800 872 2856; x_wconf 71' lang='lat' dir='ltr'><strong>lectoribus</strong></span> <span class='ocrx_word' id='word_1_182' title='bbox 927 2816 1123 2857; x_wconf 81' lang='lat' dir='ltr'><strong>uxores</strong></span> <span class='ocrx_word' id='word_1_183' title='bbox 1173 2802 1447 2872; x_wconf 87' lang='lat' dir='ltr'><strong>accipere,</strong></span> <span class='ocrx_word' id='word_1_184' title='bbox 1498 2804 1655 2874; x_wconf 78' lang='lat'><strong>102</strong></span> <span class='ocrx_word' id='word_1_185' title='bbox 1695 2803 1877 2858; x_wconf 88' lang='lat' dir='ltr'><strong>statuit</strong></span> 
     </span>
    </p>
   </div>
   <div class='ocr_carea' id='block_1_32' title="bbox 278 2891 1873 2963">
    <p class='ocr_par' dir='ltr' id='par_1_32' title="bbox 278 2891 1873 2963">
     <span class='ocr_line' id='line_1_32' title="bbox 278 2891 1873 2963; baseline 0.007 -21"><span class='ocrx_word' id='word_1_186' title='bbox 278 2903 467 2944; x_wconf 88' lang='lat' dir='ltr'><strong>sancta</strong></span> <span class='ocrx_word' id='word_1_187' title='bbox 500 2891 740 2962; x_wconf 81' lang='lat' dir='ltr'><strong>synodus</strong></span> <span class='ocrx_word' id='word_1_188' title='bbox 763 2908 985 2963; x_wconf 87' lang='lat' dir='ltr'><strong>prorsus</strong></span> <span class='ocrx_word' id='word_1_189' title='bbox 1016 2911 1124 2951; x_wconf 91' lang='lat' dir='ltr'><strong>non</strong></span> <span class='ocrx_word' id='word_1_190' title='bbox 1161 2897 1325 2952; x_wconf 88' lang='lat' dir='ltr'><strong>licere</strong></span> <span class='ocrx_word' id='word_1_191' title='bbox 1362 2895 1445 2951; x_wconf 92' lang='lat' dir='ltr'><strong>his</strong></span> <span class='ocrx_word' id='word_1_192' title='bbox 1472 2896 1690 2952; x_wconf 78' lang='lat' dir='ltr'><strong>alterius</strong></span> <span class='ocrx_word' id='word_1_193' title='bbox 1711 2906 1873 2953; x_wconf 68' lang='lat' dir='ltr'><strong>sectae</strong></span> 
     </span>
    </p>
   </div>
   <div class='ocr_carea' id='block_1_33' title="bbox 275 2986 1872 3060">
    <p class='ocr_par' dir='ltr' id='par_1_33' title="bbox 275 2986 1872 3060">
     <span class='ocr_line' id='line_1_33' title="bbox 275 2986 1872 3060; baseline 0.006 -23"><span class='ocrx_word' id='word_1_194' title='bbox 275 2986 528 3054; x_wconf 59' lang='lat' dir='ltr'><strong>accipere</strong></span> <span class='ocrx_word' id='word_1_195' title='bbox 569 3001 792 3042; x_wconf 79' lang='lat' dir='ltr'><strong>uxorem</strong></span> <span class='ocrx_word' id='word_1_196' title='bbox 820 3005 835 3041; x_wconf 90' lang='lat'><strong>:</strong></span> <span class='ocrx_word' id='word_1_197' title='bbox 870 2987 914 3043; x_wconf 94' lang='lat' dir='ltr'><strong>si</strong></span> <span class='ocrx_word' id='word_1_198' title='bbox 946 2989 1065 3059; x_wconf 89' lang='lat' dir='ltr'><strong>quis</strong></span> <span class='ocrx_word' id='word_1_199' title='bbox 1111 3003 1241 3045; x_wconf 79' lang='lat' dir='ltr'><strong>vero</strong></span> <span class='ocrx_word' id='word_1_200' title='bbox 1273 3000 1297 3029; x_wconf 75' lang='grc' dir='ltr'><strong><em>ο</em></strong></span> <span class='ocrx_word' id='word_1_201' title='bbox 1322 2992 1583 3060; x_wconf 60' lang='lat' dir='ltr'><strong>praevenit</strong></span> <span class='ocrx_word' id='word_1_202' title='bbox 1615 3002 1669 3046; x_wconf 91' lang='lat' dir='ltr'><strong>et</strong></span> <span class='ocrx_word' id='word_1_203' title='bbox 1714 2991 1872 3046; x_wconf 82' lang='lat' dir='ltr'><strong>habet</strong></span> 
     </span>
    </p>
   </div>
   <div class='ocr_carea' id='block_1_34' title="bbox 272 3075 1870 3150">
    <p class='ocr_par' dir='ltr' id='par_1_34' title="bbox 272 3075 1870 3150">
     <span class='ocr_line' id='line_1_34' title="bbox 272 3075 1870 3150; baseline 0.005 -23"><span class='ocrx_word' id='word_1_204' title='bbox 272 3075 383 3143; x_wconf 83' lang='lat' dir='ltr'><strong>jam</strong></span> <span class='ocrx_word' id='word_1_205' title='bbox 406 3075 478 3131; x_wconf 90' lang='lat' dir='ltr'><strong>de</strong></span> <span class='ocrx_word' id='word_1_206' title='bbox 507 3077 599 3130; x_wconf 73' lang='lat' dir='ltr'><strong>tali</strong></span> <span class='ocrx_word' id='word_1_207' title='bbox 634 3079 902 3133; x_wconf 90' lang='lat' dir='ltr'><strong>connubio</strong></span> <span class='ocrx_word' id='word_1_208' title='bbox 934 3080 1097 3146; x_wconf 76' lang='lat' dir='ltr'><strong>filios,</strong></span> <span class='ocrx_word' id='word_1_209' title='bbox 1129 3080 1172 3135; x_wconf 91' lang='lat' dir='ltr'><strong>si</strong></span> <span class='ocrx_word' id='word_1_210' title='bbox 1214 3079 1354 3135; x_wconf 87' lang='lat' dir='ltr'><strong>forte</strong></span> <span class='ocrx_word' id='word_1_211' title='bbox 1390 3080 1748 3150; x_wconf 75' lang='lat' dir='ltr'><strong>prmvenerint</strong></span> <span class='ocrx_word' id='word_1_212' title='bbox 1776 3094 1870 3135; x_wconf 91' lang='lat' dir='ltr'><strong>eos</strong></span> 
     </span>
    </p>
   </div>
   <div class='ocr_carea' id='block_1_35' title="bbox 273 3150 1982 3239">
    <p class='ocr_par' dir='ltr' id='par_1_35' title="bbox 273 3150 1982 3239">
     <span class='ocr_line' id='line_1_35' title="bbox 273 3150 1982 3239; baseline 0.005 -21"><span class='ocrx_word' id='word_1_213' title='bbox 273 3166 384 3235; x_wconf 75' lang='lat' dir='ltr'><strong>iam</strong></span> <span class='ocrx_word' id='word_1_214' title='bbox 428 3167 575 3236; x_wconf 90' lang='lat' dir='ltr'><strong>apud</strong></span> <span class='ocrx_word' id='word_1_215' title='bbox 624 3169 909 3225; x_wconf 73' lang='lat' dir='ltr'><strong>luereticos</strong></span> <span class='ocrx_word' id='word_1_216' title='bbox 954 3170 1249 3239; x_wconf 84' lang='lat' dir='ltr'><strong>baptizare,</strong></span> <span class='ocrx_word' id='word_1_217' title='bbox 1295 3170 1497 3227; x_wconf 82' lang='lat' dir='ltr'><strong>debent</strong></span> <span class='ocrx_word' id='word_1_218' title='bbox 1539 3185 1634 3226; x_wconf 88' lang='lat' dir='ltr'><strong>eos</strong></span> <span class='ocrx_word' id='word_1_219' title='bbox 1668 3171 1865 3225; x_wconf 72' lang='lat' dir='ltr'><strong>offerre</strong></span> <span class='ocrx_word' id='word_1_220' title='bbox 1894 3150 1938 3210; x_wconf 62' lang='grc' dir='ltr'><strong>(ἶ</strong></span> 
     </span>
    </p>
   </div>
   <div class='ocr_carea' id='block_1_36' title="bbox 275 3259 1869 3331">
    <p class='ocr_par' dir='ltr' id='par_1_36' title="bbox 275 3259 1869 3331">
     <span class='ocr_line' id='line_1_36' title="bbox 275 3259 1869 3331; baseline 0.004 -20"><span class='ocrx_word' id='word_1_221' title='bbox 275 3259 561 3315; x_wconf 67' lang='lat' dir='ltr'><strong>catholicae</strong></span> <span class='ocrx_word' id='word_1_222' title='bbox 606 3259 849 3316; x_wconf 66' lang='lat' dir='ltr'><strong>ecclesia:</strong></span> <span class='ocrx_word' id='word_1_223' title='bbox 901 3269 959 3315; x_wconf 89' lang='lat' dir='ltr'><strong>ut</strong></span> <span class='ocrx_word' id='word_1_224' title='bbox 1010 3262 1080 3317; x_wconf 90' lang='lat' dir='ltr'><strong>ibi</strong></span> <span class='ocrx_word' id='word_1_225' title='bbox 1129 3262 1555 3328; x_wconf 88' lang='lat' dir='ltr'><strong>communicent;</strong></span> <span class='ocrx_word' id='word_1_226' title='bbox 1608 3262 1698 3331; x_wconf 90' lang='lat' dir='ltr'><strong>qui</strong></span> <span class='ocrx_word' id='word_1_227' title='bbox 1740 3276 1869 3331; x_wconf 79' lang='lat' dir='ltr'><strong>vero</strong></span> 
     </span>
    </p>
   </div>
   <div class='ocr_carea' id='block_1_37' title="bbox 271 3348 1868 3421">
    <p class='ocr_par' dir='ltr' id='par_1_37' title="bbox 271 3348 1868 3421">
     <span class='ocr_line' id='line_1_37' title="bbox 271 3348 1868 3421; baseline 0.003 -20"><span class='ocrx_word' id='word_1_228' title='bbox 271 3348 450 3402; x_wconf 86' lang='lat' dir='ltr'><strong>adhuc</strong></span> <span class='ocrx_word' id='word_1_229' title='bbox 486 3351 743 3417; x_wconf 66' lang='lat' dir='ltr'><strong>baptizati</strong></span> <span class='ocrx_word' id='word_1_230' title='bbox 794 3366 898 3405; x_wconf 89' lang='lat' dir='ltr'><strong>non</strong></span> <span class='ocrx_word' id='word_1_231' title='bbox 928 3360 1053 3405; x_wconf 91' lang='lat' dir='ltr'><strong>sunt</strong></span> <span class='ocrx_word' id='word_1_232' title='bbox 1093 3352 1405 3406; x_wconf 88' lang='lat' dir='ltr'><strong>omnimodo</strong></span> <span class='ocrx_word' id='word_1_233' title='bbox 1437 3368 1540 3406; x_wconf 72' lang='lat' dir='ltr'><strong>non</strong></span> <span class='ocrx_word' id='word_1_234' title='bbox 1589 3366 1746 3421; x_wconf 89' lang='lat' dir='ltr'><strong>posse</strong></span> <span class='ocrx_word' id='word_1_235' title='bbox 1773 3365 1868 3406; x_wconf 90' lang='lat' dir='ltr'><strong>eos</strong></span> 
     </span>
    </p>
   </div>
   <div class='ocr_carea' id='block_1_38' title="bbox 273 3438 1865 3511">
    <p class='ocr_par' dir='ltr' id='par_1_38' title="bbox 273 3438 1865 3511">
     <span class='ocr_line' id='line_1_38' title="bbox 273 3438 1865 3511; baseline 0.003 -20"><span class='ocrx_word' id='word_1_236' title='bbox 273 3438 325 3491; x_wconf 89' lang='lat' dir='ltr'><strong>in</strong></span> <span class='ocrx_word' id='word_1_237' title='bbox 354 3438 612 3493; x_wconf 60' lang='lat' dir='ltr'><strong>ba‘rctica</strong></span> <span class='ocrx_word' id='word_1_238' title='bbox 639 3441 865 3495; x_wconf 89' lang='lat' dir='ltr'><strong>ecclesia</strong></span> <span class='ocrx_word' id='word_1_239' title='bbox 903 3439 1187 3511; x_wconf 83' lang='lat' dir='ltr'><strong>baptizari,</strong></span> <span class='ocrx_word' id='word_1_240' title='bbox 1214 3457 1313 3496; x_wconf 90' lang='lat' dir='ltr'><strong>nec</strong></span> <span class='ocrx_word' id='word_1_241' title='bbox 1349 3441 1691 3496; x_wconf 85' lang='lat' dir='ltr'><strong>matrimonio</strong></span> <span class='ocrx_word' id='word_1_242' title='bbox 1714 3441 1865 3510; x_wconf 87' lang='lat' dir='ltr'><strong>jungi</strong></span> 
     </span>
    </p>
   </div>
   <div class='ocr_carea' id='block_1_39' title="bbox 272 3529 1864 3603">
    <p class='ocr_par' dir='ltr' id='par_1_39' title="bbox 272 3529 1864 3603">
     <span class='ocr_line' id='line_1_39' title="bbox 272 3529 1864 3603; baseline 0.003 -20"><span class='ocrx_word' id='word_1_243' title='bbox 272 3529 551 3596; x_wconf 64' lang='lat' dir='ltr'><strong>heretico,</strong></span> <span class='ocrx_word' id='word_1_244' title='bbox 596 3529 784 3587; x_wconf 75' lang='lat' dir='ltr'><strong>Judteo</strong></span> <span class='ocrx_word' id='word_1_245' title='bbox 806 3532 891 3587; x_wconf 90' lang='lat' dir='ltr'><strong>vel</strong></span> <span class='ocrx_word' id='word_1_246' title='bbox 935 3548 1166 3603; x_wconf 86' lang='lat' dir='ltr'><strong>pagano,</strong></span> <span class='ocrx_word' id='word_1_247' title='bbox 1207 3534 1307 3588; x_wconf 86' lang='lat' dir='ltr'><strong>nisi</strong></span> <span class='ocrx_word' id='word_1_248' title='bbox 1344 3535 1478 3588; x_wconf 89' lang='lat' dir='ltr'><strong>forte</strong></span> <span class='ocrx_word' id='word_1_249' title='bbox 1513 3534 1864 3603; x_wconf 82' lang='lat' dir='ltr'><strong>spepondcrit</strong></span> 
     </span>
    </p>
   </div>
   <div class='ocr_carea' id='block_1_40' title="bbox 267 3625 1863 3697">
    <p class='ocr_par' dir='ltr' id='par_1_40' title="bbox 267 3625 1863 3697">
     <span class='ocr_line' id='line_1_40' title="bbox 267 3625 1863 3697; baseline 0.005 -22"><span class='ocrx_word' id='word_1_250' title='bbox 267 3635 326 3675; x_wconf 81' lang='lat' dir='ltr'><strong>se</strong></span> <span class='ocrx_word' id='word_1_251' title='bbox 371 3625 561 3678; x_wconf 86' lang='lat' dir='ltr'><strong>venire</strong></span> <span class='ocrx_word' id='word_1_252' title='bbox 603 3625 670 3679; x_wconf 88' lang='lat' dir='ltr'><strong>ad</strong></span> <span class='ocrx_word' id='word_1_253' title='bbox 725 3625 1083 3681; x_wconf 84' lang='lat' dir='ltr'><strong>orthodoxam</strong></span> <span class='ocrx_word' id='word_1_254' title='bbox 1135 3626 1314 3693; x_wconf 88' lang='lat' dir='ltr'><strong>lidetn,</strong></span> <span class='ocrx_word' id='word_1_255' title='bbox 1350 3627 1473 3680; x_wconf 90' lang='lat' dir='ltr'><strong>dum</strong></span> <span class='ocrx_word' id='word_1_256' title='bbox 1520 3627 1863 3697; x_wconf 85' lang='lat' dir='ltr'><strong>conjungitur</strong></span> 
     </span>
    </p>
   </div>
   <div class='ocr_carea' id='block_1_41' title="bbox 274 3714 1857 3787">
    <p class='ocr_par' dir='ltr' id='par_1_41' title="bbox 274 3714 1857 3787">
     <span class='ocr_line' id='line_1_41' title="bbox 274 3714 1857 3787; baseline 0.003 -20"><span class='ocrx_word' id='word_1_257' title='bbox 274 3729 526 3782; x_wconf 71' lang='lat' dir='ltr'><strong>persontc</strong></span> <span class='ocrx_word' id='word_1_258' title='bbox 562 3714 883 3771; x_wconf 73' lang='lat' dir='ltr'><strong>orthodoxae</strong></span> <span class='ocrx_word' id='word_1_259' title='bbox 912 3734 923 3768; x_wconf 94' lang='lat'><strong>:</strong></span> <span class='ocrx_word' id='word_1_260' title='bbox 949 3716 993 3771; x_wconf 90' lang='lat' dir='ltr'><strong>si</strong></span> <span class='ocrx_word' id='word_1_261' title='bbox 1033 3718 1150 3787; x_wconf 90' lang='lat' dir='ltr'><strong>quis</strong></span> <span class='ocrx_word' id='word_1_262' title='bbox 1183 3731 1311 3772; x_wconf 89' lang='lat' dir='ltr'><strong>vero</strong></span> <span class='ocrx_word' id='word_1_263' title='bbox 1341 3717 1475 3771; x_wconf 91' lang='lat' dir='ltr'><strong>hanc</strong></span> <span class='ocrx_word' id='word_1_264' title='bbox 1496 3717 1857 3773; x_wconf 88' lang='lat' dir='ltr'><strong>definitionem</strong></span> 
     </span>
    </p>
   </div>
   <div class='ocr_carea' id='block_1_42' title="bbox 271 3806 1859 3878">
    <p class='ocr_par' dir='ltr' id='par_1_42' title="bbox 271 3806 1859 3878">
     <span class='ocr_line' id='line_1_42' title="bbox 271 3806 1859 3878; baseline 0.004 -20"><span class='ocrx_word' id='word_1_265' title='bbox 271 3818 479 3860; x_wconf 67' lang='lat' dir='ltr'><strong>sancta:</strong></span> <span class='ocrx_word' id='word_1_266' title='bbox 515 3806 708 3876; x_wconf 81' lang='lat' dir='ltr'><strong>synodi</strong></span> <span class='ocrx_word' id='word_1_267' title='bbox 746 3808 1083 3876; x_wconf 66' lang='lat' dir='ltr'><strong>praeterierit,</strong></span> <span class='ocrx_word' id='word_1_268' title='bbox 1118 3808 1418 3878; x_wconf 89' lang='lat' dir='ltr'><strong>regularum</strong></span> <span class='ocrx_word' id='word_1_269' title='bbox 1459 3808 1859 3864; x_wconf 89' lang='lat' dir='ltr'><strong>condemnatio-</strong></span> 
     </span>
    </p>
   </div>
   <div class='ocr_carea' id='block_1_43' title="bbox 267 3898 749 3969">
    <p class='ocr_par' dir='ltr' id='par_1_43' title="bbox 267 3898 749 3969">
     <span class='ocr_line' id='line_1_43' title="bbox 267 3898 749 3969; baseline 0.002 -18"><span class='ocrx_word' id='word_1_270' title='bbox 267 3898 427 3953; x_wconf 82' lang='lat' dir='ltr'><strong>nibus</strong></span> <span class='ocrx_word' id='word_1_271' title='bbox 449 3898 749 3969; x_wconf 71' lang='lat' dir='ltr'><strong>subiaceat.</strong></span> 
     </span>
    </p>
   </div>
   <div class='ocr_carea' id='block_1_44' title="bbox 262 3987 1852 4065">
    <p class='ocr_par' dir='ltr' id='par_1_44' title="bbox 262 3987 1852 4065">
     <span class='ocr_line' id='line_1_44' title="bbox 262 3987 1852 4065; baseline 0.004 -25"><span class='ocrx_word' id='word_1_272' title='bbox 262 3987 378 4042; x_wconf 73' lang='lat' dir='ltr'><strong>XV.</strong></span> <span class='ocrx_word' id='word_1_273' title='bbox 424 3987 506 4042; x_wconf 78' lang='lat' dir='ltr'><strong>De</strong></span> <span class='ocrx_word' id='word_1_274' title='bbox 545 3990 850 4065; x_wconf 86' lang='lat' dir='ltr'><strong>diacouissis</strong></span> <span class='ocrx_word' id='word_1_275' title='bbox 893 3991 1209 4065; x_wconf 79' lang='lat' dir='ltr'><strong>mulieribus,</strong></span> <span class='ocrx_word' id='word_1_276' title='bbox 1237 4000 1323 4065; x_wconf 63' lang='grc' dir='ltr'><strong>Διιι</strong></span> <span class='ocrx_word' id='word_1_277' title='bbox 1363 3992 1462 4065; x_wconf 79' lang='lat' dir='ltr'><strong>nisi</strong></span> <span class='ocrx_word' id='word_1_278' title='bbox 1511 3995 1852 4065; x_wconf 84' lang='lat' dir='ltr'><strong>quadragena-</strong></span> 
     </span>
    </p>
   </div>
   <div class='ocr_carea' id='block_1_45' title="bbox 713 4062 1401 4117">
    <p class='ocr_par' dir='ltr' id='par_1_45' title="bbox 713 4062 1401 4117">
     <span class='ocr_line' id='line_1_45' title="bbox 713 4062 1401 4117; baseline 0.007 -5"><span class='ocrx_word' id='word_1_279' title='bbox 713 4064 821 4114; x_wconf 80' lang='lat' dir='ltr'><strong>rias</strong></span> <span class='ocrx_word' id='word_1_280' title='bbox 849 4078 950 4115; x_wconf 89' lang='lat' dir='ltr'><strong>non</strong></span> <span class='ocrx_word' id='word_1_281' title='bbox 975 4063 1122 4116; x_wconf 83' lang='lat' dir='ltr'><strong>liceat</strong></span> <span class='ocrx_word' id='word_1_282' title='bbox 1152 4062 1401 4117; x_wconf 89' lang='lat' dir='ltr'><strong>ordinari.</strong></span> 
     </span>
    </p>
   </div>
   <div class='ocr_carea' id='block_1_46' title="bbox 327 4149 1851 4224">
    <p class='ocr_par' dir='ltr' id='par_1_46' title="bbox 327 4149 1851 4224">
     <span class='ocr_line' id='line_1_46' title="bbox 327 4149 1851 4224; baseline 0.005 -21"><span class='ocrx_word' id='word_1_283' title='bbox 327 4149 703 4205; x_wconf 79' lang='lat' dir='ltr'><strong>Diaconis~am</strong></span> <span class='ocrx_word' id='word_1_284' title='bbox 739 4167 842 4205; x_wconf 91' lang='lat' dir='ltr'><strong>non</strong></span> <span class='ocrx_word' id='word_1_285' title='bbox 891 4152 1091 4207; x_wconf 85' lang='lat' dir='ltr'><strong>debere</strong></span> <span class='ocrx_word' id='word_1_286' title='bbox 1129 4163 1253 4209; x_wconf 87' lang='lat' dir='ltr'><strong>ante</strong></span> <span class='ocrx_word' id='word_1_287' title='bbox 1283 4155 1633 4224; x_wconf 75' lang='lat' dir='ltr'><strong>quadraginta</strong></span> <span class='ocrx_word' id='word_1_288' title='bbox 1678 4170 1851 4210; x_wconf 85' lang='lat' dir='ltr'><strong>annos</strong></span> 
     </span>
    </p>
   </div>
   <div class='ocr_carea' id='block_1_47' title="bbox 256 4240 1850 4313">
    <p class='ocr_par' dir='ltr' id='par_1_47' title="bbox 256 4240 1850 4313">
     <span class='ocr_line' id='line_1_47' title="bbox 256 4240 1850 4313; baseline 0.005 -20"><span class='ocrx_word' id='word_1_289' title='bbox 256 4240 522 4305; x_wconf 87' lang='lat' dir='ltr'><strong>ordinari,</strong></span> <span class='ocrx_word' id='word_1_290' title='bbox 573 4248 633 4294; x_wconf 92' lang='lat' dir='ltr'><strong>et</strong></span> <span class='ocrx_word' id='word_1_291' title='bbox 668 4241 803 4295; x_wconf 89' lang='lat' dir='ltr'><strong>hanc</strong></span> <span class='ocrx_word' id='word_1_292' title='bbox 830 4256 949 4296; x_wconf 91' lang='lat' dir='ltr'><strong>cum</strong></span> <span class='ocrx_word' id='word_1_293' title='bbox 977 4241 1218 4313; x_wconf 77' lang='lat' dir='ltr'><strong>diligenti</strong></span> <span class='ocrx_word' id='word_1_294' title='bbox 1257 4244 1612 4312; x_wconf 85' lang='lat' dir='ltr'><strong>probatione:</strong></span> <span class='ocrx_word' id='word_1_295' title='bbox 1645 4247 1689 4299; x_wconf 94' lang='lat' dir='ltr'><strong>si</strong></span> <span class='ocrx_word' id='word_1_296' title='bbox 1720 4262 1850 4301; x_wconf 82' lang='lat' dir='ltr'><strong>vero</strong></span> 
     </span>
    </p>
   </div>
   <div class='ocr_carea' id='block_1_48' title="bbox 255 4332 1846 4407">
    <p class='ocr_par' dir='ltr' id='par_1_48' title="bbox 255 4332 1846 4407">
     <span class='ocr_line' id='line_1_48' title="bbox 255 4332 1846 4407; baseline 0.006 -23"><span class='ocrx_word' id='word_1_297' title='bbox 255 4332 568 4401; x_wconf 84' lang='lat' dir='ltr'><strong>susceperit</strong></span> <span class='ocrx_word' id='word_1_298' title='bbox 606 4333 1002 4388; x_wconf 88' lang='lat' dir='ltr'><strong>ordinationem</strong></span> <span class='ocrx_word' id='word_1_299' title='bbox 1047 4343 1103 4388; x_wconf 92' lang='lat' dir='ltr'><strong>et</strong></span> <span class='ocrx_word' id='word_1_300' title='bbox 1147 4344 1557 4404; x_wconf 88' lang='lat' dir='ltr'><strong>quantocunque</strong></span> <span class='ocrx_word' id='word_1_301' title='bbox 1605 4346 1846 4407; x_wconf 84' lang='lat' dir='ltr'><strong>tempore</strong></span> 
     </span>
    </p>
   </div>
   <div class='ocr_carea' id='block_1_49' title="bbox 254 4422 1844 4497">
    <p class='ocr_par' dir='ltr' id='par_1_49' title="bbox 254 4422 1844 4497">
     <span class='ocr_line' id='line_1_49' title="bbox 254 4422 1844 4497; baseline 0.006 -22"><span class='ocrx_word' id='word_1_302' title='bbox 254 4423 629 4477; x_wconf 79' lang='lat' dir='ltr'><strong>observaverit</strong></span> <span class='ocrx_word' id='word_1_303' title='bbox 669 4422 736 4478; x_wconf 87' lang='lat' dir='ltr'><strong>ad</strong></span> <span class='ocrx_word' id='word_1_304' title='bbox 786 4423 1163 4492; x_wconf 86' lang='lat' dir='ltr'><strong>ministerium,</strong></span> <span class='ocrx_word' id='word_1_305' title='bbox 1212 4435 1263 4481; x_wconf 90' lang='lat' dir='ltr'><strong>et</strong></span> <span class='ocrx_word' id='word_1_306' title='bbox 1310 4435 1492 4495; x_wconf 87' lang='lat' dir='ltr'><strong>postea</strong></span> <span class='ocrx_word' id='word_1_307' title='bbox 1535 4443 1595 4483; x_wconf 89' lang='lat' dir='ltr'><strong>se</strong></span> <span class='ocrx_word' id='word_1_308' title='bbox 1644 4430 1844 4497; x_wconf 89' lang='lat' dir='ltr'><strong>nuptiis</strong></span> 
     </span>
    </p>
   </div>
   <div class='ocr_carea' id='block_1_50' title="bbox 2021 515 3601 594">
    <p class='ocr_par' dir='ltr' id='par_1_50' title="bbox 2021 515 3601 594">
     <span class='ocr_line' id='line_1_50' title="bbox 2021 515 3601 594; baseline 0.016 -27"><span class='ocrx_word' id='word_1_309' title='bbox 2021 528 2113 569; x_wconf 88' lang='lat' dir='ltr'><strong>eas</strong></span> <span class='ocrx_word' id='word_1_310' title='bbox 2157 522 2342 568; x_wconf 80' lang='lat' dir='ltr'><strong>tenent</strong></span> <span class='ocrx_word' id='word_1_311' title='bbox 2372 515 2675 584; x_wconf 85' lang='lat' dir='ltr'><strong>epi-copos,</strong></span> <span class='ocrx_word' id='word_1_312' title='bbox 2729 527 2783 572; x_wconf 93' lang='lat' dir='ltr'><strong>et</strong></span> <span class='ocrx_word' id='word_1_313' title='bbox 2815 523 3046 579; x_wconf 84' lang='lat' dir='ltr'><strong>maxime</strong></span> <span class='ocrx_word' id='word_1_314' title='bbox 3076 527 3164 594; x_wconf 90' lang='lat' dir='ltr'><strong>qui</strong></span> <span class='ocrx_word' id='word_1_315' title='bbox 3196 544 3288 585; x_wconf 81' lang='lat' dir='ltr'><strong>eas</strong></span> <span class='ocrx_word' id='word_1_316' title='bbox 3329 532 3448 587; x_wconf 89' lang='lat' dir='ltr'><strong>sine</strong></span> <span class='ocrx_word' id='word_1_317' title='bbox 3485 538 3601 592; x_wconf 86' lang='lat' dir='ltr'><strong>vio-</strong></span> 
     </span>
    </p>
   </div>
   <div class='ocr_carea' id='block_1_51' title="bbox 2020 604 3596 693">
    <p class='ocr_par' dir='ltr' id='par_1_51' title="bbox 2020 604 3596 693">
     <span class='ocr_line' id='line_1_51' title="bbox 2020 604 3596 693; baseline 0.016 -36"><span class='ocrx_word' id='word_1_318' title='bbox 2020 604 2179 659; x_wconf 89' lang='lat' dir='ltr'><strong>lentia</strong></span> <span class='ocrx_word' id='word_1_319' title='bbox 2200 605 2308 673; x_wconf 78' lang='lat' dir='ltr'><strong>jam</strong></span> <span class='ocrx_word' id='word_1_320' title='bbox 2330 621 2426 675; x_wconf 87' lang='lat' dir='ltr'><strong>per</strong></span> <span class='ocrx_word' id='word_1_321' title='bbox 2451 606 2662 677; x_wconf 87' lang='lat' dir='ltr'><strong>triginta</strong></span> <span class='ocrx_word' id='word_1_322' title='bbox 2687 625 2857 665; x_wconf 90' lang='lat' dir='ltr'><strong>annos</strong></span> <span class='ocrx_word' id='word_1_323' title='bbox 2880 623 3125 671; x_wconf 90' lang='lat' dir='ltr'><strong>tenentes</strong></span> <span class='ocrx_word' id='word_1_324' title='bbox 3146 620 3596 693; x_wconf 83' lang='lat' dir='ltr'><strong>gubernaverint;</strong></span> 
     </span>
    </p>
   </div>
   <div class='ocr_carea' id='block_1_52' title="bbox 2016 694 3592 777">
    <p class='ocr_par' dir='ltr' id='par_1_52' title="bbox 2016 694 3592 777">
     <span class='ocr_line' id='line_1_52' title="bbox 2016 694 3592 777; baseline 0.015 -29"><span class='ocrx_word' id='word_1_325' title='bbox 2016 694 2061 748; x_wconf 86' lang='lat' dir='ltr'><strong>si</strong></span> <span class='ocrx_word' id='word_1_326' title='bbox 2094 709 2219 749; x_wconf 76' lang='lat' dir='ltr'><strong>vero</strong></span> <span class='ocrx_word' id='word_1_327' title='bbox 2246 696 2380 750; x_wconf 91' lang='lat' dir='ltr'><strong>intra</strong></span> <span class='ocrx_word' id='word_1_328' title='bbox 2413 695 2557 769; x_wconf 66' lang='lat' dir='ltr'><strong>[(E.,</strong></span> <span class='ocrx_word' id='word_1_329' title='bbox 2590 696 2653 752; x_wconf 84' lang='grc' dir='ltr'><strong>Β.</strong></span> <span class='ocrx_word' id='word_1_330' title='bbox 2681 699 2771 769; x_wconf 66' lang='lat' dir='ltr'><strong>IL,</strong></span> <span class='ocrx_word' id='word_1_331' title='bbox 2809 701 2965 775; x_wconf 82' lang='lat' dir='ltr'><strong>infra]</strong></span> <span class='ocrx_word' id='word_1_332' title='bbox 2994 706 3204 777; x_wconf 85' lang='lat' dir='ltr'><strong>triginta</strong></span> <span class='ocrx_word' id='word_1_333' title='bbox 3228 726 3398 770; x_wconf 87' lang='lat' dir='ltr'><strong>annos</strong></span> <span class='ocrx_word' id='word_1_334' title='bbox 3427 718 3592 773; x_wconf 85' lang='lat' dir='ltr'><strong>etiam</strong></span> 
     </span>
    </p>
   </div>
   <div class='ocr_carea' id='block_1_53' title="bbox 2016 786 3594 876">
    <p class='ocr_par' dir='ltr' id='par_1_53' title="bbox 2016 786 3594 876">
     <span class='ocr_line' id='line_1_53' title="bbox 2016 786 3594 876; baseline 0.015 -36"><span class='ocrx_word' id='word_1_335' title='bbox 2016 786 2154 841; x_wconf 84' lang='lat' dir='ltr'><strong>facta</strong></span> <span class='ocrx_word' id='word_1_336' title='bbox 2188 789 2345 843; x_wconf 86' lang='lat' dir='ltr'><strong>fuerit</strong></span> <span class='ocrx_word' id='word_1_337' title='bbox 2376 799 2468 844; x_wconf 88' lang='lat' dir='ltr'><strong>aut</strong></span> <span class='ocrx_word' id='word_1_338' title='bbox 2497 790 2588 845; x_wconf 88' lang='lat' dir='ltr'><strong>fiat</strong></span> <span class='ocrx_word' id='word_1_339' title='bbox 2615 791 2682 847; x_wconf 91' lang='lat' dir='ltr'><strong>de</strong></span> <span class='ocrx_word' id='word_1_340' title='bbox 2705 793 2781 847; x_wconf 90' lang='lat' dir='ltr'><strong>eis</strong></span> <span class='ocrx_word' id='word_1_341' title='bbox 2812 794 3093 864; x_wconf 91' lang='lat' dir='ltr'><strong>dubitatio,</strong></span> <span class='ocrx_word' id='word_1_342' title='bbox 3128 801 3288 858; x_wconf 88' lang='lat' dir='ltr'><strong>licere</strong></span> <span class='ocrx_word' id='word_1_343' title='bbox 3315 805 3392 860; x_wconf 92' lang='lat' dir='ltr'><strong>eis</strong></span> <span class='ocrx_word' id='word_1_344' title='bbox 3420 812 3508 876; x_wconf 88' lang='lat' dir='ltr'><strong>qui</strong></span> <span class='ocrx_word' id='word_1_345' title='bbox 3534 826 3594 863; x_wconf 82' lang='lat' dir='ltr'><strong>se</strong></span> 
     </span>
    </p>
   </div>
   <div class='ocr_carea' id='block_1_54' title="bbox 2014 878 3594 967">
    <p class='ocr_par' dir='ltr' id='par_1_54' title="bbox 2014 878 3594 967">
     <span class='ocr_line' id='line_1_54' title="bbox 2014 878 3594 967; baseline 0.016 -38"><span class='ocrx_word' id='word_1_346' title='bbox 2014 878 2251 933; x_wconf 83' lang='lat' dir='ltr'><strong>dixerint</strong></span> <span class='ocrx_word' id='word_1_347' title='bbox 2299 880 2457 936; x_wconf 75' lang='lat' dir='ltr'><strong>lznsos</strong></span> <span class='ocrx_word' id='word_1_348' title='bbox 2486 892 2702 953; x_wconf 89' lang='lat' dir='ltr'><strong>propter</strong></span> <span class='ocrx_word' id='word_1_349' title='bbox 2749 900 2842 940; x_wconf 88' lang='lat' dir='ltr'><strong>eas</strong></span> <span class='ocrx_word' id='word_1_350' title='bbox 2883 903 3103 945; x_wconf 91' lang='lat' dir='ltr'><strong>movere</strong></span> <span class='ocrx_word' id='word_1_351' title='bbox 3140 895 3280 963; x_wconf 63' lang='lat' dir='ltr'><strong>apud</strong></span> <span class='ocrx_word' id='word_1_352' title='bbox 3329 900 3594 967; x_wconf 76' lang='lat' dir='ltr'><strong>synodum</strong></span> 
     </span>
    </p>
   </div>
   <div class='ocr_carea' id='block_1_55' title="bbox 2013 971 3594 1053">
    <p class='ocr_par' dir='ltr' id='par_1_55' title="bbox 2013 971 3594 1053">
     <span class='ocr_line' id='line_1_55' title="bbox 2013 971 3594 1053; baseline 0.016 -32"><span class='ocrx_word' id='word_1_353' title='bbox 2013 971 2310 1038; x_wconf 67' lang='lat' dir='ltr'><strong>provinciae</strong></span> <span class='ocrx_word' id='word_1_354' title='bbox 2354 981 2646 1029; x_wconf 84' lang='lat' dir='ltr'><strong>certamen.</strong></span> <span class='ocrx_word' id='word_1_355' title='bbox 2708 976 2763 1032; x_wconf 91' lang='lat' dir='ltr'><strong>Si</strong></span> <span class='ocrx_word' id='word_1_356' title='bbox 2822 979 2943 1046; x_wconf 91' lang='lat' dir='ltr'><strong>quis</strong></span> <span class='ocrx_word' id='word_1_357' title='bbox 2967 996 3095 1037; x_wconf 83' lang='lat' dir='ltr'><strong>vero</strong></span> <span class='ocrx_word' id='word_1_358' title='bbox 3142 990 3409 1053; x_wconf 84' lang='lat' dir='ltr'><strong>putaverit</strong></span> <span class='ocrx_word' id='word_1_359' title='bbox 3456 1005 3515 1045; x_wconf 92' lang='lat' dir='ltr'><strong>se</strong></span> <span class='ocrx_word' id='word_1_360' title='bbox 3564 1008 3594 1047; x_wconf 92' lang='lat' dir='ltr'><strong>a</strong></span> 
     </span>
    </p>
   </div>
   <div class='ocr_carea' id='block_1_56' title="bbox 2011 1061 3585 1152">
    <p class='ocr_par' dir='ltr' id='par_1_56' title="bbox 2011 1061 3585 1152">
     <span class='ocr_line' id='line_1_56' title="bbox 2011 1061 3585 1152; baseline 0.017 -39"><span class='ocrx_word' id='word_1_361' title='bbox 2011 1061 2228 1129; x_wconf 70' lang='lat' dir='ltr'><strong>prolirio</strong></span> <span class='ocrx_word' id='word_1_362' title='bbox 2292 1066 2709 1135; x_wconf 90' lang='lat' dir='ltr'><strong>metropolitano</strong></span> <span class='ocrx_word' id='word_1_363' title='bbox 2776 1073 3026 1139; x_wconf 89' lang='lat' dir='ltr'><strong>gravari,</strong></span> <span class='ocrx_word' id='word_1_364' title='bbox 3093 1079 3232 1145; x_wconf 87' lang='lat' dir='ltr'><strong>apud</strong></span> <span class='ocrx_word' id='word_1_365' title='bbox 3291 1081 3585 1152; x_wconf 88' lang='lat' dir='ltr'><strong>principem</strong></span> 
     </span>
    </p>
   </div>
   <div class='ocr_carea' id='block_1_57' title="bbox 2011 1152 3583 1240">
    <p class='ocr_par' dir='ltr' id='par_1_57' title="bbox 2011 1152 3583 1240">
     <span class='ocr_line' id='line_1_57' title="bbox 2011 1152 3583 1240; baseline 0.017 -34"><span class='ocrx_word' id='word_1_366' title='bbox 2011 1152 2176 1221; x_wconf 89' lang='lat' dir='ltr'><strong>ipsius</strong></span> <span class='ocrx_word' id='word_1_367' title='bbox 2204 1154 2501 1212; x_wconf 70' lang='lat' dir='ltr'><strong>dioeceseos</strong></span> <span class='ocrx_word' id='word_1_368' title='bbox 2527 1170 2617 1213; x_wconf 90' lang='lat' dir='ltr'><strong>aut</strong></span> <span class='ocrx_word' id='word_1_369' title='bbox 2644 1161 2783 1229; x_wconf 90' lang='lat' dir='ltr'><strong>apud</strong></span> <span class='ocrx_word' id='word_1_370' title='bbox 2806 1162 3417 1240; x_wconf 75' lang='lat' dir='ltr'><strong>Constantinopolitante</strong></span> <span class='ocrx_word' id='word_1_371' title='bbox 3447 1178 3583 1231; x_wconf 87' lang='lat' dir='ltr'><strong>civi-</strong></span> 
     </span>
    </p>
   </div>
   <div class='ocr_carea' id='block_1_58' title="bbox 2009 1245 3586 1327">
    <p class='ocr_par' dir='ltr' id='par_1_58' title="bbox 2009 1245 3586 1327">
     <span class='ocr_line' id='line_1_58' title="bbox 2009 1245 3586 1327; baseline 0.016 -29"><span class='ocrx_word' id='word_1_372' title='bbox 2009 1245 2131 1299; x_wconf 88' lang='lat' dir='ltr'><strong>tatis</strong></span> <span class='ocrx_word' id='word_1_373' title='bbox 2161 1246 2344 1301; x_wconf 89' lang='lat' dir='ltr'><strong>sedcm</strong></span> <span class='ocrx_word' id='word_1_374' title='bbox 2380 1258 2501 1319; x_wconf 82' lang='lat' dir='ltr'><strong>agat</strong></span> <span class='ocrx_word' id='word_1_375' title='bbox 2534 1251 2812 1319; x_wconf 90' lang='lat' dir='ltr'><strong>judicium,</strong></span> <span class='ocrx_word' id='word_1_376' title='bbox 2857 1255 2992 1309; x_wconf 91' lang='lat' dir='ltr'><strong>sicut</strong></span> <span class='ocrx_word' id='word_1_377' title='bbox 3023 1256 3134 1327; x_wconf 86' lang='lat' dir='ltr'><strong>jam</strong></span> <span class='ocrx_word' id='word_1_378' title='bbox 3166 1261 3362 1317; x_wconf 88' lang='lat' dir='ltr'><strong>dictum</strong></span> <span class='ocrx_word' id='word_1_379' title='bbox 3396 1277 3478 1321; x_wconf 86' lang='lat' dir='ltr'><strong>est</strong></span> <span class='ocrx_word' id='word_1_380' title='bbox 3504 1287 3516 1320; x_wconf 91' lang='lat'><strong>:</strong></span> <span class='ocrx_word' id='word_1_381' title='bbox 3542 1272 3586 1323; x_wconf 91' lang='lat' dir='ltr'><strong>si</strong></span> 
     </span>
    </p>
   </div>
   <div class='ocr_carea' id='block_1_59' title="bbox 2008 1337 3584 1422">
    <p class='ocr_par' dir='ltr' id='par_1_59' title="bbox 2008 1337 3584 1422">
     <span class='ocr_line' id='line_1_59' title="bbox 2008 1337 3584 1422; baseline 0.018 -35"><span class='ocrx_word' id='word_1_382' title='bbox 2008 1348 2139 1388; x_wconf 90' lang='lat' dir='ltr'><strong>vero</strong></span> <span class='ocrx_word' id='word_1_383' title='bbox 2169 1337 2426 1406; x_wconf 58' lang='lat' dir='ltr'><strong>qualibet</strong></span> <span class='ocrx_word' id='word_1_384' title='bbox 2472 1342 2661 1396; x_wconf 86' lang='lat' dir='ltr'><strong>civitas</strong></span> <span class='ocrx_word' id='word_1_385' title='bbox 2705 1359 2802 1411; x_wconf 87' lang='lat' dir='ltr'><strong>per</strong></span> <span class='ocrx_word' id='word_1_386' title='bbox 2840 1349 3217 1405; x_wconf 83' lang='lat' dir='ltr'><strong>auctoritatem</strong></span> <span class='ocrx_word' id='word_1_387' title='bbox 3258 1356 3584 1422; x_wconf 81' lang='lat' dir='ltr'><strong>imperialetn</strong></span> 
     </span>
    </p>
   </div>
   <div class='ocr_carea' id='block_1_60' title="bbox 2005 1433 3590 1509">
    <p class='ocr_par' dir='ltr' id='par_1_60' title="bbox 2005 1433 3590 1509">
     <span class='ocr_line' id='line_1_60' title="bbox 2005 1433 3590 1509; baseline 0.018 -33"><span class='ocrx_word' id='word_1_388' title='bbox 2005 1437 2259 1483; x_wconf 86' lang='lat' dir='ltr'><strong>renovata</strong></span> <span class='ocrx_word' id='word_1_389' title='bbox 2293 1438 2396 1495; x_wconf 89' lang='lat' dir='ltr'><strong>est,</strong></span> <span class='ocrx_word' id='word_1_390' title='bbox 2428 1441 2520 1484; x_wconf 85' lang='lat' dir='ltr'><strong>aut</strong></span> <span class='ocrx_word' id='word_1_391' title='bbox 2561 1433 2604 1486; x_wconf 91' lang='lat' dir='ltr'><strong>si</strong></span> <span class='ocrx_word' id='word_1_392' title='bbox 2633 1447 2924 1490; x_wconf 88' lang='lat' dir='ltr'><strong>renovetur</strong></span> <span class='ocrx_word' id='word_1_393' title='bbox 2954 1437 3005 1491; x_wconf 88' lang='lat' dir='ltr'><strong>itt</strong></span> <span class='ocrx_word' id='word_1_394' title='bbox 3046 1449 3317 1509; x_wconf 58' lang='lat' dir='ltr'><strong>posterum</strong></span> <span class='ocrx_word' id='word_1_395' title='bbox 3346 1448 3590 1506; x_wconf 74' lang='lat' dir='ltr'><strong>civilibus</strong></span> 
     </span>
    </p>
   </div>
   <div class='ocr_carea' id='block_1_61' title="bbox 2004 1515 3591 1608">
    <p class='ocr_par' dir='ltr' id='par_1_61' title="bbox 2004 1515 3591 1608">
     <span class='ocr_line' id='line_1_61' title="bbox 2004 1515 3591 1608; baseline 0.017 -41"><span class='ocrx_word' id='word_1_396' title='bbox 2004 1525 2055 1568; x_wconf 92' lang='lat' dir='ltr'><strong>et</strong></span> <span class='ocrx_word' id='word_1_397' title='bbox 2086 1515 2320 1584; x_wconf 90' lang='lat' dir='ltr'><strong>publicis</strong></span> <span class='ocrx_word' id='word_1_398' title='bbox 2363 1520 2816 1589; x_wconf 77' lang='lat' dir='ltr'><strong>ordinationibus,</strong></span> <span class='ocrx_word' id='word_1_399' title='bbox 2869 1526 3030 1581; x_wconf 85' lang='lat' dir='ltr'><strong>etiam</strong></span> <span class='ocrx_word' id='word_1_400' title='bbox 3060 1532 3406 1590; x_wconf 82' lang='lat' dir='ltr'><strong>ecclesiarum</strong></span> <span class='ocrx_word' id='word_1_401' title='bbox 3433 1554 3591 1608; x_wconf 78' lang='lat' dir='ltr'><strong>paro-</strong></span> 
     </span>
    </p>
   </div>
   <div class='ocr_carea' id='block_1_62' title="bbox 2001 1602 2833 1677">
    <p class='ocr_par' dir='ltr' id='par_1_62' title="bbox 2001 1602 2833 1677">
     <span class='ocr_line' id='line_1_62' title="bbox 2001 1602 2833 1677; baseline 0.016 -21"><span class='ocrx_word' id='word_1_402' title='bbox 2001 1602 2241 1661; x_wconf 84' lang='lat' dir='ltr'><strong>cltiarum</strong></span> <span class='ocrx_word' id='word_1_403' title='bbox 2264 1618 2520 1677; x_wconf 88' lang='lat' dir='ltr'><strong>sequatur</strong></span> <span class='ocrx_word' id='word_1_404' title='bbox 2544 1612 2833 1669; x_wconf 88' lang='lat' dir='ltr'><strong>ordinatio.</strong></span> 
     </span>
    </p>
   </div>
   <div class='ocr_carea' id='block_1_63' title="bbox 2005 1694 3343 1773">
    <p class='ocr_par' dir='ltr' id='par_1_63' title="bbox 2005 1694 3343 1773">
     <span class='ocr_line' id='line_1_63' title="bbox 2005 1694 3343 1773; baseline 0.014 -23"><span class='ocrx_word' id='word_1_405' title='bbox 2005 1694 2162 1769; x_wconf 77' lang='lat'><strong>103</strong></span> <span class='ocrx_word' id='word_1_406' title='bbox 2217 1698 2406 1755; x_wconf 79' lang='lat' dir='ltr'>XVIII.</span> <span class='ocrx_word' id='word_1_407' title='bbox 2474 1700 2553 1773; x_wconf 66' lang='lat' dir='ltr'><strong>De</strong></span> <span class='ocrx_word' id='word_1_408' title='bbox 2615 1707 2990 1773; x_wconf 83' lang='lat' dir='ltr'><strong>conspiratione</strong></span> <span class='ocrx_word' id='word_1_409' title='bbox 3039 1712 3343 1769; x_wconf 79' lang='lat' dir='ltr'><strong>clericorum</strong></span> 
     </span>
    </p>
   </div>
   <div class='ocr_carea' id='block_1_64' title="bbox 2461 1772 3113 1838">
    <p class='ocr_par' dir='ltr' id='par_1_64' title="bbox 2461 1772 3113 1838">
     <span class='ocr_line' id='line_1_64' title="bbox 2461 1772 3113 1838; baseline 0.018 -12"><span class='ocrx_word' id='word_1_410' title='bbox 2461 1772 2628 1827; x_wconf 71' lang='grc' dir='ltr'><strong>ϐπ·ωεὶ</strong></span> <span class='ocrx_word' id='word_1_411' title='bbox 2671 1772 2885 1832; x_wconf 83' lang='lat' dir='ltr'><strong>fratrias</strong></span> <span class='ocrx_word' id='word_1_412' title='bbox 2918 1780 3113 1838; x_wconf 88' lang='lat' dir='ltr'><strong>dicunt.</strong></span> 
     </span>
    </p>
   </div>
   <div class='ocr_carea' id='block_1_65' title="bbox 2068 1858 3582 1954">
    <p class='ocr_par' dir='ltr' id='par_1_65' title="bbox 2068 1858 3582 1954">
     <span class='ocr_line' id='line_1_65' title="bbox 2068 1858 3582 1954; baseline 0.019 -41"><span class='ocrx_word' id='word_1_413' title='bbox 2068 1858 2515 1930; x_wconf 84' lang='lat' dir='ltr'><strong>Conjurationum</strong></span> <span class='ocrx_word' id='word_1_414' title='bbox 2570 1876 2624 1921; x_wconf 87' lang='lat' dir='ltr'><strong>et</strong></span> <span class='ocrx_word' id='word_1_415' title='bbox 2668 1872 3129 1939; x_wconf 91' lang='lat' dir='ltr'><strong>conspirationnm</strong></span> <span class='ocrx_word' id='word_1_416' title='bbox 3170 1881 3395 1947; x_wconf 56' lang='lat' dir='ltr'><strong>crimen,</strong></span> <span class='ocrx_word' id='word_1_417' title='bbox 3437 1887 3582 1954; x_wconf 90' lang='lat' dir='ltr'><strong>quod</strong></span> 
     </span>
    </p>
   </div>
   <div class='ocr_carea' id='block_1_66' title="bbox 1994 1952 3582 2047">
    <p class='ocr_par' dir='ltr' id='par_1_66' title="bbox 1994 1952 3582 2047">
     <span class='ocr_line' id='line_1_66' title="bbox 1994 1952 3582 2047; baseline 0.018 -44"><span class='ocrx_word' id='word_1_418' title='bbox 1994 1952 2133 2018; x_wconf 89' lang='lat' dir='ltr'><strong>apud</strong></span> <span class='ocrx_word' id='word_1_419' title='bbox 2172 1954 2388 2010; x_wconf 72' lang='lat' dir='ltr'><strong>Grmcos</strong></span> <span class='ocrx_word' id='word_1_420' title='bbox 2429 1957 2624 2012; x_wconf 91' lang='lat' dir='ltr'><strong>dicitur</strong></span> <span class='ocrx_word' id='word_1_421' title='bbox 2659 1961 2867 2029; x_wconf 76' lang='lat' dir='ltr'><strong>fratrm,</strong></span> <span class='ocrx_word' id='word_1_422' title='bbox 2899 1974 2953 2019; x_wconf 92' lang='lat' dir='ltr'><strong>et</strong></span> <span class='ocrx_word' id='word_1_423' title='bbox 2985 1967 3211 2035; x_wconf 88' lang='lat' dir='ltr'><strong>publicis</strong></span> <span class='ocrx_word' id='word_1_424' title='bbox 3252 1977 3411 2028; x_wconf 88' lang='lat' dir='ltr'><strong>etiam</strong></span> <span class='ocrx_word' id='word_1_425' title='bbox 3455 1952 3582 2047; x_wconf 83' lang='lat' dir='ltr'><strong>legi-</strong></span> 
     </span>
    </p>
   </div>
   <div class='ocr_carea' id='block_1_67' title="bbox 1994 2040 3578 2135">
    <p class='ocr_par' dir='ltr' id='par_1_67' title="bbox 1994 2040 3578 2135">
     <span class='ocr_line' id='line_1_67' title="bbox 1994 2040 3578 2135; baseline 0.018 -40"><span class='ocrx_word' id='word_1_426' title='bbox 1994 2040 2090 2096; x_wconf 91' lang='lat' dir='ltr'><strong>bus</strong></span> <span class='ocrx_word' id='word_1_427' title='bbox 2121 2054 2325 2099; x_wconf 87' lang='lat' dir='ltr'><strong>certum</strong></span> <span class='ocrx_word' id='word_1_428' title='bbox 2363 2057 2445 2101; x_wconf 89' lang='lat' dir='ltr'><strong>est</strong></span> <span class='ocrx_word' id='word_1_429' title='bbox 2473 2050 2684 2116; x_wconf 88' lang='lat' dir='ltr'><strong>penitus</strong></span> <span class='ocrx_word' id='word_1_430' title='bbox 2705 2051 2956 2120; x_wconf 87' lang='lat' dir='ltr'><strong>inhiberi,</strong></span> <span class='ocrx_word' id='word_1_431' title='bbox 2991 2057 3093 2114; x_wconf 92' lang='lat' dir='ltr'><strong>hoc</strong></span> <span class='ocrx_word' id='word_1_432' title='bbox 3126 2063 3293 2118; x_wconf 89' lang='lat' dir='ltr'><strong>multo</strong></span> <span class='ocrx_word' id='word_1_433' title='bbox 3318 2069 3484 2135; x_wconf 76' lang='lat' dir='ltr'><strong>magis</strong></span> <span class='ocrx_word' id='word_1_434' title='bbox 3508 2040 3578 2123; x_wconf 71' lang='lat' dir='ltr'><strong>in</strong></span> 
     </span>
    </p>
   </div>
   <div class='ocr_carea' id='block_1_68' title="bbox 1992 2136 3579 2230">
    <p class='ocr_par' dir='ltr' id='par_1_68' title="bbox 1992 2136 3579 2230">
     <span class='ocr_line' id='line_1_68' title="bbox 1992 2136 3579 2230; baseline 0.02 -44"><span class='ocrx_word' id='word_1_435' title='bbox 1992 2144 2178 2187; x_wconf 88' lang='lat' dir='ltr'><strong>sancta</strong></span> <span class='ocrx_word' id='word_1_436' title='bbox 2207 2136 2298 2189; x_wconf 90' lang='lat' dir='ltr'><strong>Dei</strong></span> <span class='ocrx_word' id='word_1_437' title='bbox 2345 2138 2585 2195; x_wconf 72' lang='lat' dir='ltr'><strong>Ecclesia</strong></span> <span class='ocrx_word' id='word_1_438' title='bbox 2620 2158 2687 2197; x_wconf 93' lang='lat' dir='ltr'><strong>ne</strong></span> <span class='ocrx_word' id='word_1_439' title='bbox 2717 2144 2808 2199; x_wconf 89' lang='lat' dir='ltr'><strong>fiat</strong></span> <span class='ocrx_word' id='word_1_440' title='bbox 2838 2151 3091 2205; x_wconf 87' lang='lat' dir='ltr'><strong>convenit</strong></span> <span class='ocrx_word' id='word_1_441' title='bbox 3119 2153 3376 2212; x_wconf 88' lang='lat' dir='ltr'><strong>abdicari.</strong></span> <span class='ocrx_word' id='word_1_442' title='bbox 3412 2161 3465 2214; x_wconf 90' lang='lat' dir='ltr'><strong>Si</strong></span> <span class='ocrx_word' id='word_1_443' title='bbox 3490 2167 3579 2230; x_wconf 71' lang='grc' dir='ltr'><strong>ψη</strong></span> 
     </span>
    </p>
   </div>
   <div class='ocr_carea' id='block_1_69' title="bbox 1990 2226 3578 2316">
    <p class='ocr_par' dir='ltr' id='par_1_69' title="bbox 1990 2226 3578 2316">
     <span class='ocr_line' id='line_1_69' title="bbox 1990 2226 3578 2316; baseline 0.02 -40"><span class='ocrx_word' id='word_1_444' title='bbox 1990 2238 2118 2279; x_wconf 87' lang='lat' dir='ltr'><strong>vero</strong></span> <span class='ocrx_word' id='word_1_445' title='bbox 2145 2226 2327 2282; x_wconf 89' lang='lat' dir='ltr'><strong>clerici</strong></span> <span class='ocrx_word' id='word_1_446' title='bbox 2353 2243 2447 2283; x_wconf 87' lang='lat' dir='ltr'><strong>seu</strong></span> <span class='ocrx_word' id='word_1_447' title='bbox 2481 2236 2729 2288; x_wconf 87' lang='lat' dir='ltr'><strong>monachi</strong></span> <span class='ocrx_word' id='word_1_448' title='bbox 2762 2236 2967 2293; x_wconf 91' lang='lat' dir='ltr'><strong>inventi</strong></span> <span class='ocrx_word' id='word_1_449' title='bbox 3004 2240 3203 2298; x_wconf 76' lang='lat' dir='ltr'><strong>fuerint</strong></span> <span class='ocrx_word' id='word_1_450' title='bbox 3233 2226 3578 2316; x_wconf 79' lang='lat' dir='ltr'><strong>conjurantes</strong></span> 
     </span>
    </p>
   </div>
   <div class='ocr_carea' id='block_1_70' title="bbox 1986 2314 3577 2402">
    <p class='ocr_par' dir='ltr' id='par_1_70' title="bbox 1986 2314 3577 2402">
     <span class='ocr_line' id='line_1_70' title="bbox 1986 2314 3577 2402; baseline 0.018 -37"><span class='ocrx_word' id='word_1_451' title='bbox 1986 2323 2080 2366; x_wconf 91' lang='lat' dir='ltr'><strong>aut</strong></span> <span class='ocrx_word' id='word_1_452' title='bbox 2124 2314 2338 2370; x_wconf 82' lang='lat' dir='ltr'><strong>fratrias</strong></span> <span class='ocrx_word' id='word_1_453' title='bbox 2368 2320 2451 2372; x_wconf 81' lang='lat' dir='ltr'><strong>vel</strong></span> <span class='ocrx_word' id='word_1_454' title='bbox 2504 2319 2762 2379; x_wconf 89' lang='lat' dir='ltr'><strong>factiones</strong></span> <span class='ocrx_word' id='word_1_455' title='bbox 2793 2327 3000 2397; x_wconf 88' lang='lat' dir='ltr'><strong>aliquas</strong></span> <span class='ocrx_word' id='word_1_456' title='bbox 3046 2314 3433 2402; x_wconf 82' lang='lat' dir='ltr'><strong>componentes</strong></span> <span class='ocrx_word' id='word_1_457' title='bbox 3464 2343 3577 2395; x_wconf 88' lang='lat' dir='ltr'><strong>suis</strong></span> 
     </span>
    </p>
   </div>
   <div class='ocr_carea' id='block_1_71' title="bbox 1985 2406 3567 2497">
    <p class='ocr_par' dir='ltr' id='par_1_71' title="bbox 1985 2406 3567 2497">
     <span class='ocr_line' id='line_1_71' title="bbox 1985 2406 3567 2497; baseline 0.018 -41"><span class='ocrx_word' id='word_1_458' title='bbox 1985 2406 2254 2476; x_wconf 80' lang='lat' dir='ltr'><strong>(‘piscopis</strong></span> <span class='ocrx_word' id='word_1_459' title='bbox 2277 2420 2365 2463; x_wconf 90' lang='lat' dir='ltr'><strong>aut</strong></span> <span class='ocrx_word' id='word_1_460' title='bbox 2397 2409 2518 2466; x_wconf 86' lang='lat' dir='ltr'><strong>aliis</strong></span> <span class='ocrx_word' id='word_1_461' title='bbox 2545 2412 2779 2482; x_wconf 89' lang='lat' dir='ltr'><strong>clericis,</strong></span> <span class='ocrx_word' id='word_1_462' title='bbox 2807 2419 3121 2477; x_wconf 88' lang='lat' dir='ltr'><strong>omnimodo</strong></span> <span class='ocrx_word' id='word_1_463' title='bbox 3141 2424 3338 2480; x_wconf 81' lang='lat' dir='ltr'><strong>cadant</strong></span> <span class='ocrx_word' id='word_1_464' title='bbox 3362 2430 3428 2482; x_wconf 85' lang='lat' dir='ltr'><strong>de</strong></span> <span class='ocrx_word' id='word_1_465' title='bbox 3452 2445 3567 2497; x_wconf 89' lang='lat' dir='ltr'><strong>pro-</strong></span> 
     </span>
    </p>
   </div>
   <div class='ocr_carea' id='block_1_72' title="bbox 1985 2495 2312 2566">
    <p class='ocr_par' dir='ltr' id='par_1_72' title="bbox 1985 2495 2312 2566">
     <span class='ocr_line' id='line_1_72' title="bbox 1985 2495 2312 2566; baseline 0.018 -19"><span class='ocrx_word' id='word_1_466' title='bbox 1985 2495 2102 2563; x_wconf 85' lang='lat' dir='ltr'><strong>prio</strong></span> <span class='ocrx_word' id='word_1_467' title='bbox 2122 2501 2312 2566; x_wconf 85' lang='lat' dir='ltr'><strong>gradu.</strong></span> 
     </span>
    </p>
   </div>
   <div class='ocr_carea' id='block_1_73' title="bbox 1982 2584 3570 2738">
    <p class='ocr_par' dir='ltr' id='par_1_73' title="bbox 1982 2584 3570 2738">
     <span class='ocr_line' id='line_1_73' title="bbox 1982 2584 3570 2738; baseline 0.018 -99"><span class='ocrx_word' id='word_1_468' title='bbox 1982 2584 2124 2641; x_wconf 77' lang='lat' dir='ltr'><strong>XIX.</strong></span> <span class='ocrx_word' id='word_1_469' title='bbox 2171 2589 2324 2656; x_wconf 87' lang='lat' dir='ltr'><strong>Quod</strong></span> <span class='ocrx_word' id='word_1_470' title='bbox 2365 2604 2560 2663; x_wconf 82' lang='lat' dir='ltr'><strong>oportet</strong></span> <span class='ocrx_word' id='word_1_471' title='bbox 2590 2613 2680 2720; x_wconf 51' lang='lat' dir='ltr'><strong>per</strong></span> <span class='ocrx_word' id='word_1_472' title='bbox 2719 2602 3007 2738; x_wconf 49' lang='lat' dir='ltr'><strong>prtgvlncias</strong></span> <span class='ocrx_word' id='word_1_473' title='bbox 3037 2602 3112 2657; x_wconf 84' lang='lat' dir='ltr'><strong>bis</strong></span> <span class='ocrx_word' id='word_1_474' title='bbox 3151 2604 3203 2659; x_wconf 89' lang='lat' dir='ltr'><strong>in</strong></span> <span class='ocrx_word' id='word_1_475' title='bbox 3242 2622 3376 2662; x_wconf 87' lang='lat' dir='ltr'><strong>anno</strong></span> <span class='ocrx_word' id='word_1_476' title='bbox 3399 2627 3570 2666; x_wconf 81' lang='lat' dir='ltr'><strong>conct-</strong></span> 
     </span>
     <span class='ocr_line' id='line_1_74' title="bbox 2649 2683 2924 2726; baseline 0.018 -6"><span class='ocrx_word' id='word_1_477' title='bbox 2649 2683 2754 2720; x_wconf 83' lang='lat' dir='ltr'><strong>tum</strong></span> <span class='ocrx_word' id='word_1_478' title='bbox 2831 2687 2924 2726; x_wconf 86' lang='lat' dir='ltr'><strong>ert.</strong></span> 
     </span>
    </p>
   </div>
   <div class='ocr_carea' id='block_1_74' title="bbox 2649 2683 2924 2726">
    <p class='ocr_par' dir='ltr' id='par_1_74' title="bbox 2649 2683 2924 2726">
     <span class='ocr_line' id='line_1_75' title="bbox 2649 2683 2924 2726; baseline 0.022 -6"><span class='ocrx_word' id='word_1_479' title='bbox 2649 2683 2754 2720; x_wconf 87' lang='lat' dir='ltr'><strong>tum</strong></span> <span class='ocrx_word' id='word_1_480' title='bbox 2792 2683 2924 2726; x_wconf 66' lang='lat' dir='ltr'><strong>ﬁeri.</strong></span> 
     </span>
    </p>
   </div>
   <div class='ocr_carea' id='block_1_75' title="bbox 2050 2748 3567 2837">
    <p class='ocr_par' dir='ltr' id='par_1_75' title="bbox 2050 2748 3567 2837">
     <span class='ocr_line' id='line_1_76' title="bbox 2050 2748 3567 2837; baseline 0.016 -34"><span class='ocrx_word' id='word_1_481' title='bbox 2050 2748 2303 2808; x_wconf 80' lang='lat' dir='ltr'><strong>Pervenit</strong></span> <span class='ocrx_word' id='word_1_482' title='bbox 2344 2754 2397 2810; x_wconf 91' lang='lat' dir='ltr'><strong>in</strong></span> <span class='ocrx_word' id='word_1_483' title='bbox 2434 2765 2641 2813; x_wconf 89' lang='lat' dir='ltr'><strong>nostras</strong></span> <span class='ocrx_word' id='word_1_484' title='bbox 2680 2773 2838 2816; x_wconf 87' lang='lat' dir='ltr'><strong>aures</strong></span> <span class='ocrx_word' id='word_1_485' title='bbox 2869 2764 3009 2831; x_wconf 88' lang='lat' dir='ltr'><strong>quod</strong></span> <span class='ocrx_word' id='word_1_486' title='bbox 3048 2764 3100 2819; x_wconf 92' lang='lat' dir='ltr'><strong>in</strong></span> <span class='ocrx_word' id='word_1_487' title='bbox 3143 2771 3432 2837; x_wconf 88' lang='lat' dir='ltr'><strong>provinciis</strong></span> <span class='ocrx_word' id='word_1_488' title='bbox 3460 2784 3567 2828; x_wconf 81' lang='lat' dir='ltr'><strong>sta-</strong></span> 
     </span>
    </p>
   </div>
   <div class='ocr_carea' id='block_1_76' title="bbox 1980 2845 3566 2933">
    <p class='ocr_par' dir='ltr' id='par_1_76' title="bbox 1980 2845 3566 2933">
     <span class='ocr_line' id='line_1_77' title="bbox 1980 2845 3566 2933; baseline 0.021 -40"><span class='ocrx_word' id='word_1_489' title='bbox 1980 2848 2089 2895; x_wconf 90' lang='lat' dir='ltr'><strong>tuta</strong></span> <span class='ocrx_word' id='word_1_490' title='bbox 2136 2845 2510 2914; x_wconf 90' lang='lat' dir='ltr'><strong>episcoporum</strong></span> <span class='ocrx_word' id='word_1_491' title='bbox 2558 2851 2786 2907; x_wconf 91' lang='lat' dir='ltr'><strong>concilia</strong></span> <span class='ocrx_word' id='word_1_492' title='bbox 2836 2855 3062 2912; x_wconf 89' lang='lat' dir='ltr'><strong>minime</strong></span> <span class='ocrx_word' id='word_1_493' title='bbox 3112 2861 3472 2933; x_wconf 89' lang='lat' dir='ltr'><strong>celebrentur,</strong></span> <span class='ocrx_word' id='word_1_494' title='bbox 3510 2882 3566 2926; x_wconf 91' lang='lat' dir='ltr'><strong>et</strong></span> 
     </span>
    </p>
   </div>
   <div class='ocr_carea' id='block_1_77' title="bbox 1975 2935 3561 3023">
    <p class='ocr_par' dir='ltr' id='par_1_77' title="bbox 1975 2935 3561 3023">
     <span class='ocr_line' id='line_1_78' title="bbox 1975 2935 3561 3023; baseline 0.021 -38"><span class='ocrx_word' id='word_1_495' title='bbox 1975 2935 2117 3001; x_wconf 90' lang='lat' dir='ltr'><strong>quod</strong></span> <span class='ocrx_word' id='word_1_496' title='bbox 2146 2938 2271 2992; x_wconf 91' lang='lat' dir='ltr'><strong>inde</strong></span> <span class='ocrx_word' id='word_1_497' title='bbox 2303 2941 2482 2994; x_wconf 75' lang='lat' dir='ltr'><strong>multa:</strong></span> <span class='ocrx_word' id='word_1_498' title='bbox 2510 2958 2629 3011; x_wconf 74' lang='lat' dir='ltr'><strong>qua:</strong></span> <span class='ocrx_word' id='word_1_499' title='bbox 2658 2946 2996 3005; x_wconf 88' lang='lat' dir='ltr'><strong>correctione</strong></span> <span class='ocrx_word' id='word_1_500' title='bbox 3034 2965 3172 3023; x_wconf 90' lang='lat' dir='ltr'><strong>opus</strong></span> <span class='ocrx_word' id='word_1_501' title='bbox 3205 2954 3439 3014; x_wconf 87' lang='lat' dir='ltr'><strong>habeant</strong></span> <span class='ocrx_word' id='word_1_502' title='bbox 3466 2976 3561 3017; x_wconf 84' lang='lat' dir='ltr'><strong>cc-</strong></span> 
     </span>
    </p>
   </div>
   <div class='ocr_carea' id='block_1_78' title="bbox 1973 3024 3558 3112">
    <p class='ocr_par' dir='ltr' id='par_1_78' title="bbox 1973 3024 3558 3112">
     <span class='ocr_line' id='line_1_79' title="bbox 1973 3024 3558 3112; baseline 0.016 -35"><span class='ocrx_word' id='word_1_503' title='bbox 1973 3024 2288 3083; x_wconf 73' lang='lat' dir='ltr'><strong>clesiastieaa</strong></span> <span class='ocrx_word' id='word_1_504' title='bbox 2316 3046 2403 3086; x_wconf 86' lang='lat' dir='ltr'><strong>res</strong></span> <span class='ocrx_word' id='word_1_505' title='bbox 2435 3032 2810 3103; x_wconf 80' lang='lat' dir='ltr'><strong>negligantur:</strong></span> <span class='ocrx_word' id='word_1_506' title='bbox 2834 3041 3016 3093; x_wconf 89' lang='lat' dir='ltr'><strong>statuit</strong></span> <span class='ocrx_word' id='word_1_507' title='bbox 3046 3043 3208 3112; x_wconf 87' lang='lat' dir='ltr'><strong>igitur</strong></span> <span class='ocrx_word' id='word_1_508' title='bbox 3234 3045 3347 3103; x_wconf 68' lang='lat' dir='ltr'><strong>haec</strong></span> <span class='ocrx_word' id='word_1_509' title='bbox 3374 3062 3558 3105; x_wconf 80' lang='lat' dir='ltr'><strong>sancta</strong></span> 
     </span>
    </p>
   </div>
   <div class='ocr_carea' id='block_1_79' title="bbox 1973 3118 3561 3201">
    <p class='ocr_par' dir='ltr' id='par_1_79' title="bbox 1973 3118 3561 3201">
     <span class='ocr_line' id='line_1_80' title="bbox 1973 3118 3561 3201; baseline 0.02 -35"><span class='ocrx_word' id='word_1_510' title='bbox 1973 3118 2208 3184; x_wconf 80' lang='lat' dir='ltr'><strong>synodus</strong></span> <span class='ocrx_word' id='word_1_511' title='bbox 2246 3123 2540 3179; x_wconf 86' lang='lat' dir='ltr'><strong>secundum</strong></span> <span class='ocrx_word' id='word_1_512' title='bbox 2588 3125 2802 3183; x_wconf 88' lang='lat' dir='ltr'><strong>Patrum</strong></span> <span class='ocrx_word' id='word_1_513' title='bbox 2846 3131 3059 3201; x_wconf 87' lang='lat' dir='ltr'><strong>regulas</strong></span> <span class='ocrx_word' id='word_1_514' title='bbox 3099 3134 3184 3188; x_wconf 92' lang='lat' dir='ltr'><strong>bis</strong></span> <span class='ocrx_word' id='word_1_515' title='bbox 3225 3137 3275 3192; x_wconf 91' lang='lat' dir='ltr'><strong>in</strong></span> <span class='ocrx_word' id='word_1_516' title='bbox 3325 3154 3469 3196; x_wconf 91' lang='lat' dir='ltr'><strong>anno</strong></span> <span class='ocrx_word' id='word_1_517' title='bbox 3508 3144 3561 3197; x_wconf 93' lang='lat' dir='ltr'><strong>in</strong></span> 
     </span>
    </p>
   </div>
   <div class='ocr_carea' id='block_1_80' title="bbox 3376 1724 3590 1790">
    <p class='ocr_par' dir='ltr' id='par_1_80' title="bbox 3376 1724 3590 1790">
     <span class='ocr_line' id='line_1_81' title="bbox 3376 1724 3590 1790; baseline 0.014 -16"><span class='ocrx_word' id='word_1_518' title='bbox 3376 1761 3392 1786; x_wconf 91' lang='lat'><strong>,</strong></span> <span class='ocrx_word' id='word_1_519' title='bbox 3449 1724 3590 1790; x_wconf 87' lang='lat' dir='ltr'><strong>quod</strong></span> 
     </span>
    </p>
   </div>
   <div class='ocr_carea' id='block_1_81' title="bbox 1974 3216 3557 3303">
    <p class='ocr_par' dir='ltr' id='par_1_81' title="bbox 1974 3216 3557 3303">
     <span class='ocr_line' id='line_1_82' title="bbox 1974 3216 3557 3303; baseline 0.02 -44"><span class='ocrx_word' id='word_1_520' title='bbox 1974 3221 2137 3263; x_wconf 91' lang='lat' dir='ltr'><strong>unum</strong></span> <span class='ocrx_word' id='word_1_521' title='bbox 2169 3216 2455 3271; x_wconf 87' lang='lat' dir='ltr'><strong>convenire</strong></span> <span class='ocrx_word' id='word_1_522' title='bbox 2503 3233 2596 3286; x_wconf 90' lang='lat' dir='ltr'><strong>per</strong></span> <span class='ocrx_word' id='word_1_523' title='bbox 2640 3223 2874 3292; x_wconf 88' lang='lat' dir='ltr'><strong>singulas</strong></span> <span class='ocrx_word' id='word_1_524' title='bbox 2920 3227 3219 3294; x_wconf 86' lang='lat' dir='ltr'><strong>provincias</strong></span> <span class='ocrx_word' id='word_1_525' title='bbox 3252 3233 3557 3303; x_wconf 81' lang='lat' dir='ltr'><strong>episcOpos,</strong></span> 
     </span>
    </p>
   </div>
   <div class='ocr_carea' id='block_1_82' title="bbox 1970 3298 3561 3393">
    <p class='ocr_par' dir='ltr' id='par_1_82' title="bbox 1970 3298 3561 3393">
     <span class='ocr_line' id='line_1_83' title="bbox 1970 3298 3561 3393; baseline 0.019 -43"><span class='ocrx_word' id='word_1_526' title='bbox 1970 3298 2058 3352; x_wconf 91' lang='lat' dir='ltr'><strong>ubi</strong></span> <span class='ocrx_word' id='word_1_527' title='bbox 2092 3306 2536 3373; x_wconf 83' lang='lat' dir='ltr'><strong>metropolitanns</strong></span> <span class='ocrx_word' id='word_1_528' title='bbox 2567 3313 2894 3382; x_wconf 87' lang='lat' dir='ltr'><strong>probaverit,</strong></span> <span class='ocrx_word' id='word_1_529' title='bbox 2922 3328 2983 3375; x_wconf 90' lang='lat' dir='ltr'><strong>et</strong></span> <span class='ocrx_word' id='word_1_530' title='bbox 3012 3320 3090 3373; x_wconf 88' lang='lat' dir='ltr'><strong>sic</strong></span> <span class='ocrx_word' id='word_1_531' title='bbox 3128 3298 3402 3393; x_wconf 68' lang='lat' dir='ltr'><strong>corrigere</strong></span> <span class='ocrx_word' id='word_1_532' title='bbox 3442 3298 3561 3381; x_wconf 78' lang='lat' dir='ltr'><strong>sin-</strong></span> 
     </span>
    </p>
   </div>
   <div class='ocr_carea' id='block_1_83' title="bbox 1966 3389 3557 3472">
    <p class='ocr_par' dir='ltr' id='par_1_83' title="bbox 1966 3389 3557 3472">
     <span class='ocr_line' id='line_1_84' title="bbox 1966 3389 3557 3472; baseline 0.02 -32"><span class='ocrx_word' id='word_1_533' title='bbox 1966 3389 2089 3452; x_wconf 79' lang='lat' dir='ltr'><strong>gula</strong></span> <span class='ocrx_word' id='word_1_534' title='bbox 2119 3407 2236 3461; x_wconf 75' lang='lat' dir='ltr'><strong>qua:</strong></span> <span class='ocrx_word' id='word_1_535' title='bbox 2266 3399 2605 3453; x_wconf 89' lang='lat' dir='ltr'><strong>emerserint.</strong></span> <span class='ocrx_word' id='word_1_536' title='bbox 2653 3402 2750 3468; x_wconf 85' lang='lat' dir='ltr'><strong>Qui</strong></span> <span class='ocrx_word' id='word_1_537' title='bbox 2799 3420 2928 3459; x_wconf 87' lang='lat' dir='ltr'><strong>vero</strong></span> <span class='ocrx_word' id='word_1_538' title='bbox 2959 3408 3226 3463; x_wconf 84' lang='lat' dir='ltr'><strong>noluerint</strong></span> <span class='ocrx_word' id='word_1_539' title='bbox 3266 3389 3557 3472; x_wconf 72' lang='lat' dir='ltr'><strong>convenire</strong></span> 
     </span>
    </p>
   </div>
   <div class='ocr_carea' id='block_1_84' title="bbox 1966 3479 3550 3561">
    <p class='ocr_par' dir='ltr' id='par_1_84' title="bbox 1966 3479 3550 3561">
     <span class='ocr_line' id='line_1_85' title="bbox 1966 3479 3550 3561; baseline 0.018 -30"><span class='ocrx_word' id='word_1_540' title='bbox 1966 3479 2204 3550; x_wconf 86' lang='lat' dir='ltr'><strong>episcopi</strong></span> <span class='ocrx_word' id='word_1_541' title='bbox 2233 3487 2510 3541; x_wconf 84' lang='lat' dir='ltr'><strong>constituti</strong></span> <span class='ocrx_word' id='word_1_542' title='bbox 2545 3488 2595 3542; x_wconf 91' lang='lat' dir='ltr'><strong>in</strong></span> <span class='ocrx_word' id='word_1_543' title='bbox 2622 3494 2731 3545; x_wconf 87' lang='lat' dir='ltr'><strong>suis</strong></span> <span class='ocrx_word' id='word_1_544' title='bbox 2756 3494 3084 3561; x_wconf 78' lang='lat' dir='ltr'><strong>civitatibus,</strong></span> <span class='ocrx_word' id='word_1_545' title='bbox 3114 3508 3167 3552; x_wconf 91' lang='lat' dir='ltr'><strong>et</strong></span> <span class='ocrx_word' id='word_1_546' title='bbox 3192 3500 3291 3555; x_wconf 89' lang='lat' dir='ltr'><strong>hoc</strong></span> <span class='ocrx_word' id='word_1_547' title='bbox 3319 3505 3550 3559; x_wconf 82' lang='lat' dir='ltr'><strong>maxime</strong></span> 
     </span>
    </p>
   </div>
   <div class='ocr_carea' id='block_1_85' title="bbox 1964 3579 3547 3658">
    <p class='ocr_par' dir='ltr' id='par_1_85' title="bbox 1964 3579 3547 3658">
     <span class='ocr_line' id='line_1_86' title="bbox 1964 3579 3547 3658; baseline 0.017 -31"><span class='ocrx_word' id='word_1_548' title='bbox 1964 3589 2085 3629; x_wconf 92' lang='lat' dir='ltr'><strong>cum</strong></span> <span class='ocrx_word' id='word_1_549' title='bbox 2119 3580 2169 3631; x_wconf 94' lang='lat' dir='ltr'><strong>in</strong></span> <span class='ocrx_word' id='word_1_550' title='bbox 2202 3579 2284 3633; x_wconf 91' lang='lat' dir='ltr'><strong>sui</strong></span> <span class='ocrx_word' id='word_1_551' title='bbox 2323 3583 2563 3651; x_wconf 91' lang='lat' dir='ltr'><strong>corporis</strong></span> <span class='ocrx_word' id='word_1_552' title='bbox 2609 3587 2837 3642; x_wconf 88' lang='lat' dir='ltr'><strong>sanitate</strong></span> <span class='ocrx_word' id='word_1_553' title='bbox 2866 3590 3180 3658; x_wconf 82' lang='lat' dir='ltr'><strong>consistant,</strong></span> <span class='ocrx_word' id='word_1_554' title='bbox 3224 3594 3385 3650; x_wconf 89' lang='lat' dir='ltr'><strong>etiam</strong></span> <span class='ocrx_word' id='word_1_555' title='bbox 3429 3614 3547 3653; x_wconf 82' lang='lat' dir='ltr'><strong>om-</strong></span> 
     </span>
    </p>
   </div>
   <div class='ocr_carea' id='block_1_86' title="bbox 1962 3663 3549 3758">
    <p class='ocr_par' dir='ltr' id='par_1_86' title="bbox 1962 3663 3549 3758">
     <span class='ocr_line' id='line_1_87' title="bbox 1962 3663 3549 3758; baseline 0.019 -41"><span class='ocrx_word' id='word_1_556' title='bbox 1962 3663 2119 3722; x_wconf 90' lang='lat' dir='ltr'><strong>nibus</strong></span> <span class='ocrx_word' id='word_1_557' title='bbox 2151 3668 2268 3725; x_wconf 85' lang='lat' dir='ltr'><strong>aliis</strong></span> <span class='ocrx_word' id='word_1_558' title='bbox 2308 3675 2620 3742; x_wconf 85' lang='lat' dir='ltr'><strong>urgentibus</strong></span> <span class='ocrx_word' id='word_1_559' title='bbox 2649 3688 2703 3733; x_wconf 92' lang='lat' dir='ltr'><strong>et</strong></span> <span class='ocrx_word' id='word_1_560' title='bbox 2732 3679 3189 3738; x_wconf 88' lang='lat' dir='ltr'><strong>inexcusabilibus</strong></span> <span class='ocrx_word' id='word_1_561' title='bbox 3229 3691 3454 3758; x_wconf 88' lang='lat' dir='ltr'><strong>negotiis</strong></span> <span class='ocrx_word' id='word_1_562' title='bbox 3487 3693 3549 3746; x_wconf 89' lang='lat' dir='ltr'><strong>li-</strong></span> 
     </span>
    </p>
   </div>
   <div class='ocr_carea' id='block_1_87' title="bbox 1961 3758 3545 3837">
    <p class='ocr_par' dir='ltr' id='par_1_87' title="bbox 1961 3758 3545 3837">
     <span class='ocr_line' id='line_1_88' title="bbox 1961 3758 3545 3837; baseline 0.017 -25"><span class='ocrx_word' id='word_1_563' title='bbox 1961 3758 2075 3813; x_wconf 91' lang='lat' dir='ltr'><strong>beri</strong></span> <span class='ocrx_word' id='word_1_564' title='bbox 2105 3762 2232 3826; x_wconf 89' lang='lat' dir='ltr'><strong>sint,</strong></span> <span class='ocrx_word' id='word_1_565' title='bbox 2266 3764 2429 3823; x_wconf 88' lang='lat' dir='ltr'><strong>licere</strong></span> <span class='ocrx_word' id='word_1_566' title='bbox 2458 3782 2551 3824; x_wconf 88' lang='lat' dir='ltr'><strong>eos</strong></span> <span class='ocrx_word' id='word_1_567' title='bbox 2584 3769 2830 3827; x_wconf 73' lang='lat' dir='ltr'><strong>fraterna:</strong></span> <span class='ocrx_word' id='word_1_568' title='bbox 2860 3773 3135 3831; x_wconf 89' lang='lat' dir='ltr'><strong>charitatis</strong></span> <span class='ocrx_word' id='word_1_569' title='bbox 3165 3777 3545 3837; x_wconf 88' lang='lat' dir='ltr'><strong>admonitioni-</strong></span> 
     </span>
    </p>
   </div>
   <div class='ocr_carea' id='block_1_88' title="bbox 1956 3846 2306 3922">
    <p class='ocr_par' dir='ltr' id='par_1_88' title="bbox 1956 3846 2306 3922">
     <span class='ocr_line' id='line_1_89' title="bbox 1956 3846 2306 3922; baseline 0.017 -20"><span class='ocrx_word' id='word_1_570' title='bbox 1956 3846 2058 3904; x_wconf 91' lang='lat' dir='ltr'><strong>bus</strong></span> <span class='ocrx_word' id='word_1_571' title='bbox 2087 3854 2306 3922; x_wconf 90' lang='lat' dir='ltr'><strong>corripi.</strong></span> 
     </span>
    </p>
   </div>
   <div class='ocr_carea' id='block_1_89' title="bbox 1956 3962 3540 4042">
    <p class='ocr_par' dir='ltr' id='par_1_89' title="bbox 1956 3962 3540 4042">
     <span class='ocr_line' id='line_1_90' title="bbox 1956 3962 3540 4042; baseline 0.016 -25"><span class='ocrx_word' id='word_1_572' title='bbox 1956 3962 2095 4042; x_wconf 81' lang='lat' dir='ltr'><strong>XX._</strong></span> <span class='ocrx_word' id='word_1_573' title='bbox 2121 3966 2271 4033; x_wconf 82' lang='lat' dir='ltr'><strong>Quod</strong></span> <span class='ocrx_word' id='word_1_574' title='bbox 2296 3970 2517 4042; x_wconf 63' lang='lat' dir='ltr'><strong>minime</strong></span> <span class='ocrx_word' id='word_1_575' title='bbox 2546 3973 2752 4028; x_wconf 78' lang='lat' dir='ltr'><strong>clericos</strong></span> <span class='ocrx_word' id='word_1_576' title='bbox 2791 3976 2843 4028; x_wconf 89' lang='lat' dir='ltr'><strong>in</strong></span> <span class='ocrx_word' id='word_1_577' title='bbox 2873 3977 3032 4031; x_wconf 80' lang='lat' dir='ltr'><strong>aliam</strong></span> <span class='ocrx_word' id='word_1_578' title='bbox 3080 3984 3329 4038; x_wconf 81' lang='lat' dir='ltr'><strong>civitatem</strong></span> <span class='ocrx_word' id='word_1_579' title='bbox 3372 3995 3540 4042; x_wconf 80' lang='lat' dir='ltr'><strong>trans-</strong></span> 
     </span>
    </p>
   </div>
   <div class='ocr_carea' id='block_1_90' title="bbox 2026 4036 3539 4117">
    <p class='ocr_par' dir='ltr' id='par_1_90' title="bbox 2026 4036 3539 4117">
     <span class='ocr_line' id='line_1_91' title="bbox 2026 4036 3539 4117; baseline 0.018 -32"><span class='ocrx_word' id='word_1_580' title='bbox 2026 4036 2247 4101; x_wconf 81' lang='lat' dir='ltr'><strong>migrare</strong></span> <span class='ocrx_word' id='word_1_581' title='bbox 2286 4039 2455 4106; x_wconf 84' lang='lat' dir='ltr'><strong>liceat,</strong></span> <span class='ocrx_word' id='word_1_582' title='bbox 2500 4042 2596 4093; x_wconf 77' lang='lat' dir='ltr'><strong>nisi</strong></span> <span class='ocrx_word' id='word_1_583' title='bbox 2639 4059 2723 4097; x_wconf 84' lang='lat' dir='ltr'><strong>eos</strong></span> <span class='ocrx_word' id='word_1_584' title='bbox 2759 4047 2849 4113; x_wconf 86' lang='lat' dir='ltr'><strong>qui</strong></span> <span class='ocrx_word' id='word_1_585' title='bbox 2870 4050 3105 4117; x_wconf 82' lang='lat' dir='ltr'><strong>proprias</strong></span> <span class='ocrx_word' id='word_1_586' title='bbox 3134 4036 3539 4112; x_wconf 65' lang='lat' dir='ltr'><strong>alitiseiint</strong></span> 
     </span>
    </p>
   </div>
   <div class='ocr_carea' id='block_1_91' title="bbox 2026 4115 2173 4160">
    <p class='ocr_par' dir='ltr' id='par_1_91' title="bbox 2026 4115 2173 4160">
     <span class='ocr_line' id='line_1_92' title="bbox 2026 4115 2173 4160; baseline 0.027 -4"><span class='ocrx_word' id='word_1_587' title='bbox 2026 4115 2173 4160; x_wconf 83' lang='lat' dir='ltr'><strong>tales.</strong></span> 
     </span>
    </p>
   </div>
   <div class='ocr_carea' id='block_1_92' title="bbox 2023 4215 3534 4312">
    <p class='ocr_par' dir='ltr' id='par_1_92' title="bbox 2023 4215 3534 4312">
     <span class='ocr_line' id='line_1_93' title="bbox 2023 4215 3534 4312; baseline 0.019 -41"><span class='ocrx_word' id='word_1_588' title='bbox 2023 4215 2265 4274; x_wconf 88' lang='lat' dir='ltr'><strong>Clericos</strong></span> <span class='ocrx_word' id='word_1_589' title='bbox 2297 4221 2350 4275; x_wconf 93' lang='lat' dir='ltr'><strong>in</strong></span> <span class='ocrx_word' id='word_1_590' title='bbox 2378 4222 2601 4293; x_wconf 88' lang='lat' dir='ltr'><strong>singulis</strong></span> <span class='ocrx_word' id='word_1_591' title='bbox 2623 4226 2866 4284; x_wconf 84' lang='lat' dir='ltr'><strong>ecclesiis</strong></span> <span class='ocrx_word' id='word_1_592' title='bbox 2893 4235 3233 4304; x_wconf 86' lang='lat' dir='ltr'><strong>constitutos,</strong></span> <span class='ocrx_word' id='word_1_593' title='bbox 3268 4239 3406 4296; x_wconf 91' lang='lat' dir='ltr'><strong>sicut</strong></span> <span class='ocrx_word' id='word_1_594' title='bbox 3420 4242 3534 4312; x_wconf 88' lang='lat' dir='ltr'><strong>jam</strong></span> 
     </span>
    </p>
   </div>
   <div class='ocr_carea' id='block_1_93' title="bbox 1950 4306 3535 4388">
    <p class='ocr_par' dir='ltr' id='par_1_93' title="bbox 1950 4306 3535 4388">
     <span class='ocr_line' id='line_1_94' title="bbox 1950 4306 3535 4388; baseline 0.018 -28"><span class='ocrx_word' id='word_1_595' title='bbox 1950 4306 2310 4376; x_wconf 88' lang='lat' dir='ltr'><strong>decrevimus,</strong></span> <span class='ocrx_word' id='word_1_596' title='bbox 2343 4327 2449 4367; x_wconf 91' lang='lat' dir='ltr'><strong>non</strong></span> <span class='ocrx_word' id='word_1_597' title='bbox 2483 4315 2643 4371; x_wconf 82' lang='lat' dir='ltr'><strong>licere</strong></span> <span class='ocrx_word' id='word_1_598' title='bbox 2686 4317 2734 4372; x_wconf 92' lang='lat' dir='ltr'><strong>in</strong></span> <span class='ocrx_word' id='word_1_599' title='bbox 2766 4319 2987 4377; x_wconf 90' lang='lat' dir='ltr'><strong>alterius</strong></span> <span class='ocrx_word' id='word_1_600' title='bbox 3021 4326 3254 4383; x_wconf 82' lang='lat' dir='ltr'><strong>civitatis</strong></span> <span class='ocrx_word' id='word_1_601' title='bbox 3293 4306 3535 4388; x_wconf 76' lang='lat' dir='ltr'><strong>ecclesiis</strong></span> 
     </span>
    </p>
   </div>
   <div class='ocr_carea' id='block_1_94' title="bbox 1949 4399 3535 4483">
    <p class='ocr_par' dir='ltr' id='par_1_94' title="bbox 1949 4399 3535 4483">
     <span class='ocr_line' id='line_1_95' title="bbox 1949 4399 3535 4483; baseline 0.016 -30"><span class='ocrx_word' id='word_1_602' title='bbox 1949 4399 2207 4467; x_wconf 88' lang='lat' dir='ltr'><strong>ordinari,</strong></span> <span class='ocrx_word' id='word_1_603' title='bbox 2238 4404 2333 4459; x_wconf 90' lang='lat' dir='ltr'><strong>sed</strong></span> <span class='ocrx_word' id='word_1_604' title='bbox 2373 4406 2654 4475; x_wconf 88' lang='lat' dir='ltr'><strong>quiescere</strong></span> <span class='ocrx_word' id='word_1_605' title='bbox 2676 4409 2700 4448; x_wconf 71' lang='grc' dir='ltr'>ά</span> <span class='ocrx_word' id='word_1_606' title='bbox 2730 4411 2783 4465; x_wconf 92' lang='lat' dir='ltr'><strong>in</strong></span> <span class='ocrx_word' id='word_1_607' title='bbox 2816 4427 2876 4467; x_wconf 88' lang='lat' dir='ltr'><strong>ea</strong></span> <span class='ocrx_word' id='word_1_608' title='bbox 2916 4415 2965 4467; x_wconf 91' lang='lat' dir='ltr'><strong>in</strong></span> <span class='ocrx_word' id='word_1_609' title='bbox 2994 4432 3094 4483; x_wconf 85' lang='lat' dir='ltr'><strong>qua</strong></span> <span class='ocrx_word' id='word_1_610' title='bbox 3125 4419 3191 4475; x_wconf 86' lang='lat' dir='ltr'><strong>ab</strong></span> <span class='ocrx_word' id='word_1_611' title='bbox 3223 4421 3372 4477; x_wconf 91' lang='lat' dir='ltr'><strong>initio</strong></span> <span class='ocrx_word' id='word_1_612' title='bbox 3410 4424 3535 4480; x_wconf 88' lang='lat' dir='ltr'><strong>fecit</strong></span> 
     </span>
    </p>
   </div>
   <div class='ocr_carea' id='block_1_95' title="bbox 251 4489 3531 4588">
    <p class='ocr_par' dir='ltr' id='par_1_95' title="bbox 251 4489 3531 4588">
     <span class='ocr_line' id='line_1_96' title="bbox 251 4489 3531 4588; baseline 0.007 -23"><span class='ocrx_word' id='word_1_613' title='bbox 251 4514 558 4582; x_wconf 81' lang='lat' dir='ltr'><strong>tradi-ferit,</strong></span> <span class='ocrx_word' id='word_1_614' title='bbox 583 4514 830 4586; x_wconf 69' lang='lat' dir='ltr'><strong>iniuriam</strong></span> <span class='ocrx_word' id='word_1_615' title='bbox 853 4515 1053 4571; x_wconf 87' lang='lat' dir='ltr'><strong>faciens</strong></span> <span class='ocrx_word' id='word_1_616' title='bbox 1080 4489 1171 4571; x_wconf 83' lang='lat' dir='ltr'><strong>Dei</strong></span> <span class='ocrx_word' id='word_1_617' title='bbox 1188 4489 1390 4588; x_wconf 65' lang='lat' dir='ltr'><strong>gratiae,</strong></span> <span class='ocrx_word' id='word_1_618' title='bbox 1427 4519 1539 4572; x_wconf 72' lang='lat' dir='ltr'><strong>haec</strong></span> <span class='ocrx_word' id='word_1_619' title='bbox 1561 4489 1843 4575; x_wconf 78' lang='lat' dir='ltr'><strong>anathema</strong></span> <span class='ocrx_word' id='word_1_620' title='bbox 1877 4498 1927 4560; x_wconf 56' lang='grc'><strong>⁸)</strong></span> <span class='ocrx_word' id='word_1_621' title='bbox 1953 4489 2271 4588; x_wconf 45' lang='grc' dir='ltr'><strong>Ψίξτθίρίυω</strong></span> <span class='ocrx_word' id='word_1_622' title='bbox 2312 4495 2672 4588; x_wconf 32' lang='lat' dir='ltr'><strong>ministram“</strong></span> <span class='ocrx_word' id='word_1_623' title='bbox 2731 4505 2968 4573; x_wconf 67' lang='grc' dir='ltr'><strong>θηθνίίδ</strong></span> <span class='ocrx_word' id='word_1_624' title='bbox 3013 4505 3115 4562; x_wconf 72' lang='grc' dir='ltr'>ί¹¹ί⁶</span> <span class='ocrx_word' id='word_1_625' title='bbox 3155 4512 3245 4579; x_wconf 64' lang='lat' dir='ltr'><strong>qui</strong></span> <span class='ocrx_word' id='word_1_626' title='bbox 3291 4516 3531 4582; x_wconf 62' lang='lat' dir='ltr'><strong>Proprias</strong></span> 
     </span>
    </p>
   </div>
   <div class='ocr_carea' id='block_1_96' title="bbox 250 4606 1529 4678">
    <p class='ocr_par' dir='ltr' id='par_1_96' title="bbox 250 4606 1529 4678">
     <span class='ocr_line' id='line_1_97' title="bbox 250 4606 1529 4678; baseline 0.005 -22"><span class='ocrx_word' id='word_1_627' title='bbox 250 4607 321 4659; x_wconf 86' lang='lat' dir='ltr'><strong>sit</strong></span> <span class='ocrx_word' id='word_1_628' title='bbox 349 4621 476 4660; x_wconf 85' lang='lat' dir='ltr'><strong>cum</strong></span> <span class='ocrx_word' id='word_1_629' title='bbox 501 4621 568 4661; x_wconf 91' lang='lat' dir='ltr'><strong>eo</strong></span> <span class='ocrx_word' id='word_1_630' title='bbox 590 4606 756 4676; x_wconf 88' lang='lat' dir='ltr'><strong>quiin</strong></span> <span class='ocrx_word' id='word_1_631' title='bbox 782 4608 923 4663; x_wconf 90' lang='lat' dir='ltr'><strong>illius</strong></span> <span class='ocrx_word' id='word_1_632' title='bbox 955 4610 1172 4678; x_wconf 89' lang='lat' dir='ltr'><strong>nuptias</strong></span> <span class='ocrx_word' id='word_1_633' title='bbox 1199 4612 1529 4665; x_wconf 83' lang='lat' dir='ltr'><strong>canvenetit.</strong></span> 
     </span>
    </p>
   </div>
   <div class='ocr_carea' id='block_1_97' title="bbox 251 4693 1842 4773">
    <p class='ocr_par' dir='ltr' id='par_1_97' title="bbox 251 4693 1842 4773">
     <span class='ocr_line' id='line_1_98' title="bbox 251 4693 1842 4773; baseline 0.009 -26"><span class='ocrx_word' id='word_1_634' title='bbox 251 4693 397 4749; x_wconf 76' lang='lat' dir='ltr'><strong>XVI.</strong></span> <span class='ocrx_word' id='word_1_635' title='bbox 440 4693 521 4750; x_wconf 85' lang='lat' dir='ltr'><strong>De</strong></span> <span class='ocrx_word' id='word_1_636' title='bbox 559 4696 821 4773; x_wconf 67' lang='lat' dir='ltr'><strong>monachis</strong></span> <span class='ocrx_word' id='word_1_637' title='bbox 856 4699 1165 4773; x_wconf 22' lang='lat' dir='ltr'><strong>puellisque”</strong></span> <span class='ocrx_word' id='word_1_638' title='bbox 1189 4700 1292 4773; x_wconf 87' lang='lat' dir='ltr'><strong>Deo</strong></span> <span class='ocrx_word' id='word_1_639' title='bbox 1340 4702 1525 4755; x_wconf 81' lang='lat' dir='ltr'><strong>dicatis</strong></span> <span class='ocrx_word' id='word_1_640' title='bbox 1555 4707 1692 4773; x_wconf 84' lang='lat' dir='ltr'><strong>quod</strong></span> <span class='ocrx_word' id='word_1_641' title='bbox 1742 4724 1842 4761; x_wconf 88' lang='lat' dir='ltr'><strong>non</strong></span> 
     </span>
    </p>
   </div>
   <div class='ocr_carea' id='block_1_98' title="bbox 709 4768 1392 4841">
    <p class='ocr_par' dir='ltr' id='par_1_98' title="bbox 709 4768 1392 4841">
     <span class='ocr_line' id='line_1_99' title="bbox 709 4768 1392 4841; baseline 0.009 -21"><span class='ocrx_word' id='word_1_642' title='bbox 709 4768 859 4823; x_wconf 76' lang='lat' dir='ltr'><strong>liceat</strong></span> <span class='ocrx_word' id='word_1_643' title='bbox 894 4770 969 4824; x_wconf 86' lang='lat' dir='ltr'><strong>eis</strong></span> <span class='ocrx_word' id='word_1_644' title='bbox 997 4771 1191 4839; x_wconf 83' lang='lat' dir='ltr'><strong>nuptiis</strong></span> <span class='ocrx_word' id='word_1_645' title='bbox 1213 4772 1392 4841; x_wconf 80' lang='lat' dir='ltr'><strong>jungi.</strong></span> 
     </span>
    </p>
   </div>
   <div class='ocr_carea' id='block_1_99' title="bbox 318 4858 1841 4931">
    <p class='ocr_par' dir='ltr' id='par_1_99' title="bbox 318 4858 1841 4931">
     <span class='ocr_line' id='line_1_100' title="bbox 318 4858 1841 4931; baseline 0.005 -15"><span class='ocrx_word' id='word_1_646' title='bbox 318 4858 378 4916; x_wconf 87' lang='lat' dir='ltr'><strong>Si</strong></span> <span class='ocrx_word' id='word_1_647' title='bbox 410 4874 520 4930; x_wconf 87' lang='lat' dir='ltr'><strong>qua</strong></span> <span class='ocrx_word' id='word_1_648' title='bbox 552 4862 707 4931; x_wconf 83' lang='lat' dir='ltr'><strong>virgo</strong></span> <span class='ocrx_word' id='word_1_649' title='bbox 744 4875 805 4917; x_wconf 90' lang='lat' dir='ltr'><strong>se</strong></span> <span class='ocrx_word' id='word_1_650' title='bbox 830 4861 1163 4918; x_wconf 88' lang='lat' dir='ltr'><strong>dedicaverit</strong></span> <span class='ocrx_word' id='word_1_651' title='bbox 1188 4863 1320 4930; x_wconf 87' lang='lat' dir='ltr'><strong>Deo,</strong></span> <span class='ocrx_word' id='word_1_652' title='bbox 1360 4864 1608 4921; x_wconf 89' lang='lat' dir='ltr'><strong>similiter</strong></span> <span class='ocrx_word' id='word_1_653' title='bbox 1642 4877 1697 4923; x_wconf 90' lang='lat' dir='ltr'><strong>et</strong></span> <span class='ocrx_word' id='word_1_654' title='bbox 1726 4884 1841 4923; x_wconf 91' lang='lat' dir='ltr'><strong>mo-</strong></span> 
     </span>
    </p>
   </div>
   <div class='ocr_carea' id='block_1_100' title="bbox 247 4954 1839 5027">
    <p class='ocr_par' dir='ltr' id='par_1_100' title="bbox 247 4954 1839 5027">
     <span class='ocr_line' id='line_1_101' title="bbox 247 4954 1839 5027; baseline 0.006 -20"><span class='ocrx_word' id='word_1_655' title='bbox 247 4954 480 5020; x_wconf 85' lang='lat' dir='ltr'><strong>nachus,</strong></span> <span class='ocrx_word' id='word_1_656' title='bbox 508 4970 618 5009; x_wconf 88' lang='lat' dir='ltr'><strong>non</strong></span> <span class='ocrx_word' id='word_1_657' title='bbox 656 4956 820 5011; x_wconf 87' lang='lat' dir='ltr'><strong>licere</strong></span> <span class='ocrx_word' id='word_1_658' title='bbox 854 4956 937 5011; x_wconf 87' lang='lat' dir='ltr'><strong>eis</strong></span> <span class='ocrx_word' id='word_1_659' title='bbox 968 4956 1168 5025; x_wconf 89' lang='lat' dir='ltr'><strong>nuptiis</strong></span> <span class='ocrx_word' id='word_1_660' title='bbox 1187 4955 1336 5027; x_wconf 77' lang='lat' dir='ltr'><strong>iungi</strong></span> <span class='ocrx_word' id='word_1_661' title='bbox 1363 4976 1376 5011; x_wconf 84' lang='lat'><strong>:</strong></span> <span class='ocrx_word' id='word_1_662' title='bbox 1404 4960 1450 5014; x_wconf 92' lang='lat' dir='ltr'><strong>si</strong></span> <span class='ocrx_word' id='word_1_663' title='bbox 1477 4974 1608 5015; x_wconf 91' lang='lat' dir='ltr'><strong>vero</strong></span> <span class='ocrx_word' id='word_1_664' title='bbox 1638 4962 1839 5017; x_wconf 88' lang='lat' dir='ltr'><strong>inventi</strong></span> 
     </span>
    </p>
   </div>
   <div class='ocr_carea' id='block_1_101' title="bbox 244 5044 1840 5119">
    <p class='ocr_par' dir='ltr' id='par_1_101' title="bbox 244 5044 1840 5119">
     <span class='ocr_line' id='line_1_102' title="bbox 244 5044 1840 5119; baseline 0.007 -21"><span class='ocrx_word' id='word_1_665' title='bbox 244 5046 448 5101; x_wconf 84' lang='lat' dir='ltr'><strong>fuerint</strong></span> <span class='ocrx_word' id='word_1_666' title='bbox 484 5046 591 5102; x_wconf 88' lang='lat' dir='ltr'><strong>hoc</strong></span> <span class='ocrx_word' id='word_1_667' title='bbox 614 5044 900 5115; x_wconf 80' lang='lat' dir='ltr'><strong>facientes,</strong></span> <span class='ocrx_word' id='word_1_668' title='bbox 941 5052 1699 5119; x_wconf 78' lang='lat' dir='ltr'><strong>maneantexcommnnicati;</strong></span> <span class='ocrx_word' id='word_1_669' title='bbox 1732 5064 1840 5109; x_wconf 84' lang='lat' dir='ltr'><strong>sta-</strong></span> 
     </span>
    </p>
   </div>
   <div class='ocr_carea' id='block_1_102' title="bbox 241 5138 1836 5211">
    <p class='ocr_par' dir='ltr' id='par_1_102' title="bbox 241 5138 1836 5211">
     <span class='ocr_line' id='line_1_103' title="bbox 241 5138 1836 5211; baseline 0.004 -17"><span class='ocrx_word' id='word_1_670' title='bbox 241 5138 449 5195; x_wconf 68' lang='lat' dir='ltr'><strong>tuimus</strong></span> <span class='ocrx_word' id='word_1_671' title='bbox 469 5152 600 5193; x_wconf 82' lang='lat' dir='ltr'><strong>vero</strong></span> <span class='ocrx_word' id='word_1_672' title='bbox 628 5153 786 5206; x_wconf 86' lang='lat' dir='ltr'><strong>posse</strong></span> <span class='ocrx_word' id='word_1_673' title='bbox 825 5139 881 5194; x_wconf 91' lang='lat' dir='ltr'><strong>in</strong></span> <span class='ocrx_word' id='word_1_674' title='bbox 913 5140 992 5195; x_wconf 87' lang='lat' dir='ltr'><strong>eis</strong></span> <span class='ocrx_word' id='word_1_675' title='bbox 1033 5140 1211 5198; x_wconf 88' lang='lat' dir='ltr'><strong>facere</strong></span> <span class='ocrx_word' id='word_1_676' title='bbox 1248 5142 1655 5211; x_wconf 83' lang='lat' dir='ltr'><strong>humanitatem,</strong></span> <span class='ocrx_word' id='word_1_677' title='bbox 1688 5147 1731 5202; x_wconf 87' lang='lat' dir='ltr'><strong>si</strong></span> <span class='ocrx_word' id='word_1_678' title='bbox 1767 5148 1836 5202; x_wconf 88' lang='lat' dir='ltr'><strong>ita</strong></span> 
     </span>
    </p>
   </div>
   <div class='ocr_carea' id='block_1_103' title="bbox 239 5230 1013 5305">
    <p class='ocr_par' dir='ltr' id='par_1_103' title="bbox 239 5230 1013 5305">
     <span class='ocr_line' id='line_1_104' title="bbox 239 5230 1013 5305; baseline 0.005 -18"><span class='ocrx_word' id='word_1_679' title='bbox 239 5233 557 5303; x_wconf 84' lang='lat' dir='ltr'><strong>probaverit</strong></span> <span class='ocrx_word' id='word_1_680' title='bbox 582 5230 686 5291; x_wconf 88' lang='lat' dir='ltr'><strong>loci</strong></span> <span class='ocrx_word' id='word_1_681' title='bbox 708 5232 1013 5305; x_wconf 81' lang='lat' dir='ltr'><strong>episcopus.</strong></span> 
     </span>
    </p>
   </div>
   <div class='ocr_carea' id='block_1_104' title="bbox 238 5326 1836 5402">
    <p class='ocr_par' dir='ltr' id='par_1_104' title="bbox 238 5326 1836 5402">
     <span class='ocr_line' id='line_1_105' title="bbox 238 5326 1836 5402; baseline 0.004 -21"><span class='ocrx_word' id='word_1_682' title='bbox 238 5326 405 5383; x_wconf 80' lang='lat' dir='ltr'><strong>XVII.</strong></span> <span class='ocrx_word' id='word_1_683' title='bbox 454 5326 533 5402; x_wconf 77' lang='lat' dir='ltr'><strong>De</strong></span> <span class='ocrx_word' id='word_1_684' title='bbox 580 5329 808 5402; x_wconf 71' lang='lat' dir='ltr'><strong>ecclesiis</strong></span> <span class='ocrx_word' id='word_1_685' title='bbox 847 5331 903 5383; x_wconf 89' lang='lat' dir='ltr'><strong>in</strong></span> <span class='ocrx_word' id='word_1_686' title='bbox 931 5328 1188 5398; x_wconf 66' lang='lat' dir='ltr'><strong>parochiis</strong></span> <span class='ocrx_word' id='word_1_687' title='bbox 1216 5346 1307 5401; x_wconf 76' lang='lat' dir='ltr'><strong>per</strong></span> <span class='ocrx_word' id='word_1_688' title='bbox 1332 5332 1549 5402; x_wconf 85' lang='lat' dir='ltr'><strong>triginta</strong></span> <span class='ocrx_word' id='word_1_689' title='bbox 1578 5348 1741 5387; x_wconf 90' lang='lat' dir='ltr'><strong>annos</strong></span> <span class='ocrx_word' id='word_1_690' title='bbox 1773 5334 1836 5387; x_wconf 81' lang='lat' dir='ltr'><strong>ab</strong></span> 
     </span>
    </p>
   </div>
   <div class='ocr_carea' id='block_1_105' title="bbox 419 5398 1653 5467">
    <p class='ocr_par' dir='ltr' id='par_1_105' title="bbox 419 5398 1653 5467">
     <span class='ocr_line' id='line_1_106' title="bbox 419 5398 1653 5467; baseline 0.002 -13"><span class='ocrx_word' id='word_1_691' title='bbox 419 5401 665 5467; x_wconf 73' lang='lat' dir='ltr'><strong>episcopo</strong></span> <span class='ocrx_word' id='word_1_692' title='bbox 690 5398 905 5467; x_wconf 77' lang='lat' dir='ltr'><strong>habitis,</strong></span> <span class='ocrx_word' id='word_1_693' title='bbox 932 5402 1010 5454; x_wconf 75' lang='lat' dir='ltr'><strong>vel</strong></span> <span class='ocrx_word' id='word_1_694' title='bbox 1043 5404 1107 5458; x_wconf 83' lang='lat' dir='ltr'><strong>de</strong></span> <span class='ocrx_word' id='word_1_695' title='bbox 1135 5398 1390 5462; x_wconf 69' lang='lat' dir='ltr'><strong>renovatis</strong></span> <span class='ocrx_word' id='word_1_696' title='bbox 1402 5398 1653 5457; x_wconf 47' lang='lat' dir='ltr'><strong>&#39;urbibus.</strong></span> 
     </span>
    </p>
   </div>
   <div class='ocr_carea' id='block_1_106' title="bbox 305 5487 1830 5567">
    <p class='ocr_par' dir='ltr' id='par_1_106' title="bbox 305 5487 1830 5567">
     <span class='ocr_line' id='line_1_107' title="bbox 305 5487 1830 5567; baseline 0.007 -24"><span class='ocrx_word' id='word_1_697' title='bbox 305 5487 415 5545; x_wconf 83' lang='lat' dir='ltr'><strong>Per</strong></span> <span class='ocrx_word' id='word_1_698' title='bbox 438 5492 679 5560; x_wconf 84' lang='lat' dir='ltr'><strong>singulas</strong></span> <span class='ocrx_word' id='word_1_699' title='bbox 704 5493 967 5549; x_wconf 87' lang='lat' dir='ltr'><strong>ecclesias</strong></span> <span class='ocrx_word' id='word_1_700' title='bbox 1002 5496 1297 5551; x_wconf 84' lang='lat' dir='ltr'><strong>rusticanas</strong></span> <span class='ocrx_word' id='word_1_701' title='bbox 1325 5495 1608 5567; x_wconf 71' lang='lat' dir='ltr'><strong>parochias</strong></span> <span class='ocrx_word' id='word_1_702' title='bbox 1640 5496 1754 5553; x_wconf 83' lang='lat' dir='ltr'><strong>sive</strong></span> <span class='ocrx_word' id='word_1_703' title='bbox 1780 5497 1830 5553; x_wconf 90' lang='lat' dir='ltr'><strong>in</strong></span> 
     </span>
    </p>
   </div>
   <div class='ocr_carea' id='block_1_107' title="bbox 307 5624 1572 5703">
    <p class='ocr_par' dir='ltr' id='par_1_107' title="bbox 307 5624 1572 5703">
     <span class='ocr_line' id='line_1_108' title="bbox 307 5624 1572 5703; baseline 0.008 -26"><span class='ocrx_word' id='word_1_704' title='bbox 307 5624 478 5703; x_wconf 55' lang='grc' dir='ltr'><strong>ξίΕη</strong></span> <span class='ocrx_word' id='word_1_705' title='bbox 604 5627 777 5703; x_wconf 48' lang='grc' dir='ltr'><strong>πῖνε.</strong></span> <span class='ocrx_word' id='word_1_706' title='bbox 806 5630 953 5703; x_wconf 52' lang='lat' dir='ltr'><strong>5LT.</strong></span> <span class='ocrx_word' id='word_1_707' title='bbox 986 5630 1042 5703; x_wconf 9' lang='lat' dir='ltr'><strong>VI,</strong></span> <span class='ocrx_word' id='word_1_708' title='bbox 1067 5631 1156 5699; x_wconf 89' lang='lat' dir='ltr'><strong>U.,</strong></span> <span class='ocrx_word' id='word_1_709' title='bbox 1187 5630 1275 5699; x_wconf 89' lang='lat' dir='ltr'><strong>G.,</strong></span> <span class='ocrx_word' id='word_1_710' title='bbox 1301 5650 1572 5703; x_wconf 70' lang='lat' dir='ltr'><strong>nusquam.</strong></span> 
     </span>
    </p>
   </div>
   <div class='ocr_carea' id='block_1_108' title="bbox 303 5693 1825 5776">
    <p class='ocr_par' dir='ltr' id='par_1_108' title="bbox 303 5693 1825 5776">
     <span class='ocr_line' id='line_1_109' title="bbox 303 5693 1825 5776; baseline 0.008 -27"><span class='ocrx_word' id='word_1_711' title='bbox 303 5693 331 5730; x_wconf 69' lang='grc' dir='ltr'>δ</span> <span class='ocrx_word' id='word_1_712' title='bbox 360 5696 442 5776; x_wconf 55' lang='grc' dir='ltr'><strong>ξε</strong></span> <span class='ocrx_word' id='word_1_713' title='bbox 480 5696 599 5776; x_wconf 58' lang='lat'><strong>18.,</strong></span> <span class='ocrx_word' id='word_1_714' title='bbox 640 5700 692 5751; x_wconf 86' lang='lat' dir='ltr'><strong>lt.</strong></span> <span class='ocrx_word' id='word_1_715' title='bbox 724 5705 819 5776; x_wconf 37' lang='grc' dir='ltr'>ις...</span> <span class='ocrx_word' id='word_1_716' title='bbox 855 5696 943 5764; x_wconf 89' lang='lat' dir='ltr'><strong>U.,</strong></span> <span class='ocrx_word' id='word_1_717' title='bbox 970 5693 1038 5755; x_wconf 62' lang='grc' dir='ltr'><strong>(ἓξ</strong></span> <span class='ocrx_word' id='word_1_718' title='bbox 1070 5703 1124 5756; x_wconf 94' lang='lat' dir='ltr'><strong>In</strong></span> <span class='ocrx_word' id='word_1_719' title='bbox 1143 5693 1223 5776; x_wconf 47' lang='grc' dir='ltr'><strong>ίᾼ.</strong></span> <span class='ocrx_word' id='word_1_720' title='bbox 1252 5693 1304 5757; x_wconf 79' lang='lat' dir='ltr'><strong>et</strong></span> <span class='ocrx_word' id='word_1_721' title='bbox 1329 5693 1548 5774; x_wconf 77' lang='lat' dir='ltr'><strong>reliquis</strong></span> <span class='ocrx_word' id='word_1_722' title='bbox 1575 5722 1586 5759; x_wconf 91' lang='lat'><strong>:</strong></span> <span class='ocrx_word' id='word_1_723' title='bbox 1614 5706 1825 5776; x_wconf 80' lang='lat' dir='ltr'><strong>psalmi-</strong></span> 
     </span>
    </p>
   </div>
   <div class='ocr_carea' id='block_1_109' title="bbox 225 5766 1274 5835">
    <p class='ocr_par' dir='ltr' id='par_1_109' title="bbox 225 5766 1274 5835">
     <span class='ocr_line' id='line_1_110' title="bbox 225 5766 1274 5835; baseline 0.01 -16"><span class='ocrx_word' id='word_1_724' title='bbox 225 5766 342 5835; x_wconf 87' lang='lat' dir='ltr'><strong>stis,</strong></span> <span class='ocrx_word' id='word_1_725' title='bbox 372 5766 432 5821; x_wconf 80' lang='lat' dir='ltr'><strong>id</strong></span> <span class='ocrx_word' id='word_1_726' title='bbox 457 5778 554 5831; x_wconf 82' lang='lat' dir='ltr'><strong>est,</strong></span> <span class='ocrx_word' id='word_1_727' title='bbox 582 5768 852 5822; x_wconf 81' lang='lat' dir='ltr'><strong>tectoribus</strong></span> <span class='ocrx_word' id='word_1_728' title='bbox 890 5782 939 5824; x_wconf 83' lang='lat' dir='ltr'><strong>et</strong></span> <span class='ocrx_word' id='word_1_729' title='bbox 961 5774 1274 5829; x_wconf 82' lang='lat' dir='ltr'><strong>cantoribus.</strong></span> 
     </span>
    </p>
   </div>
   <div class='ocr_carea' id='block_1_110' title="bbox 517 5862 1187 5932">
    <p class='ocr_par' dir='ltr' id='par_1_110' title="bbox 517 5862 1187 5932">
     <span class='ocr_line' id='line_1_111' title="bbox 517 5862 1187 5932; baseline 0.009 -8"><span class='ocrx_word' id='word_1_730' title='bbox 517 5862 793 5928; x_wconf 68' lang='lat' dir='ltr'><strong>Par-non.</strong></span> <span class='ocrx_word' id='word_1_731' title='bbox 838 5864 1187 5932; x_wconf 69' lang='lat' dir='ltr'><strong>LXXXIV.</strong></span> 
     </span>
    </p>
   </div>
   <div class='ocr_carea' id='block_1_111' title="bbox 1948 4580 3533 4663">
    <p class='ocr_par' dir='ltr' id='par_1_111' title="bbox 1948 4580 3533 4663">
     <span class='ocr_line' id='line_1_112' title="bbox 1948 4580 3533 4663; baseline 0.02 -31"><span class='ocrx_word' id='word_1_732' title='bbox 1948 4580 2187 4636; x_wconf 87' lang='lat' dir='ltr'><strong>civitates</strong></span> <span class='ocrx_word' id='word_1_733' title='bbox 2233 4586 2583 4651; x_wconf 85' lang='lat' dir='ltr'><strong>perdiderunt</strong></span> <span class='ocrx_word' id='word_1_734' title='bbox 2612 4601 2665 4646; x_wconf 92' lang='lat' dir='ltr'><strong>et</strong></span> <span class='ocrx_word' id='word_1_735' title='bbox 2704 4607 2772 4647; x_wconf 82' lang='lat' dir='ltr'><strong>ex</strong></span> <span class='ocrx_word' id='word_1_736' title='bbox 2802 4598 3122 4653; x_wconf 88' lang='lat' dir='ltr'><strong>necessitate</strong></span> <span class='ocrx_word' id='word_1_737' title='bbox 3163 4601 3228 4654; x_wconf 88' lang='lat' dir='ltr'><strong>ad</strong></span> <span class='ocrx_word' id='word_1_738' title='bbox 3278 4580 3411 4659; x_wconf 80' lang='lat' dir='ltr'><strong>alias</strong></span> <span class='ocrx_word' id='word_1_739' title='bbox 3440 4621 3533 4663; x_wconf 89' lang='lat' dir='ltr'><strong>ec-</strong></span> 
     </span>
    </p>
   </div>
   <div class='ocr_carea' id='block_1_112' title="bbox 1946 4672 3529 4767">
    <p class='ocr_par' dir='ltr' id='par_1_112' title="bbox 1946 4672 3529 4767">
     <span class='ocr_line' id='line_1_113' title="bbox 1946 4672 3529 4767; baseline 0.017 -41"><span class='ocrx_word' id='word_1_740' title='bbox 1946 4672 2139 4729; x_wconf 90' lang='lat' dir='ltr'><strong>clesias</strong></span> <span class='ocrx_word' id='word_1_741' title='bbox 2186 4678 2573 4747; x_wconf 72' lang='lat' dir='ltr'><strong>migraterunt.</strong></span> <span class='ocrx_word' id='word_1_742' title='bbox 2622 4683 2677 4737; x_wconf 90' lang='lat' dir='ltr'><strong>Si</strong></span> <span class='ocrx_word' id='word_1_743' title='bbox 2730 4699 2857 4740; x_wconf 85' lang='lat' dir='ltr'><strong>vero</strong></span> <span class='ocrx_word' id='word_1_744' title='bbox 2904 4688 3205 4759; x_wconf 88' lang='lat' dir='ltr'><strong>quicunque</strong></span> <span class='ocrx_word' id='word_1_745' title='bbox 3242 4696 3529 4767; x_wconf 85' lang='lat' dir='ltr'><strong>episcopus</strong></span> 
     </span>
    </p>
   </div>
   <div class='ocr_carea' id='block_1_113' title="bbox 1948 4766 3529 4853">
    <p class='ocr_par' dir='ltr' id='par_1_113' title="bbox 1948 4766 3529 4853">
     <span class='ocr_line' id='line_1_114' title="bbox 1948 4766 3529 4853; baseline 0.016 -35"><span class='ocrx_word' id='word_1_746' title='bbox 1948 4776 2067 4831; x_wconf 84' lang='lat' dir='ltr'><strong>post</strong></span> <span class='ocrx_word' id='word_1_747' title='bbox 2092 4766 2458 4825; x_wconf 83' lang='lat' dir='ltr'><strong>definitionem</strong></span> <span class='ocrx_word' id='word_1_748' title='bbox 2509 4773 2664 4830; x_wconf 81' lang='lat' dir='ltr'><strong>istam</strong></span> <span class='ocrx_word' id='word_1_749' title='bbox 2713 4775 2779 4829; x_wconf 92' lang='lat' dir='ltr'><strong>ad</strong></span> <span class='ocrx_word' id='word_1_750' title='bbox 2821 4778 2981 4832; x_wconf 90' lang='lat' dir='ltr'><strong>alium</strong></span> <span class='ocrx_word' id='word_1_751' title='bbox 3013 4780 3322 4851; x_wconf 91' lang='lat' dir='ltr'><strong>episcopum</strong></span> <span class='ocrx_word' id='word_1_752' title='bbox 3363 4766 3529 4853; x_wconf 83' lang='lat' dir='ltr'><strong>perti-</strong></span> 
     </span>
    </p>
   </div>
   <div class='ocr_carea' id='block_1_114' title="bbox 1944 4860 3528 4949">
    <p class='ocr_par' dir='ltr' id='par_1_114' title="bbox 1944 4860 3528 4949">
     <span class='ocr_line' id='line_1_115' title="bbox 1944 4860 3528 4949; baseline 0.016 -38"><span class='ocrx_word' id='word_1_753' title='bbox 1944 4866 2158 4914; x_wconf 89' lang='lat' dir='ltr'><strong>nentem</strong></span> <span class='ocrx_word' id='word_1_754' title='bbox 2186 4860 2441 4917; x_wconf 90' lang='lat' dir='ltr'><strong>clericum</strong></span> <span class='ocrx_word' id='word_1_755' title='bbox 2484 4868 2808 4935; x_wconf 87' lang='lat' dir='ltr'><strong>susceperit,</strong></span> <span class='ocrx_word' id='word_1_756' title='bbox 2842 4869 3037 4937; x_wconf 87' lang='lat' dir='ltr'><strong>placuit</strong></span> <span class='ocrx_word' id='word_1_757' title='bbox 3079 4884 3279 4932; x_wconf 73' lang='lat' dir='ltr'><strong>sanctae</strong></span> <span class='ocrx_word' id='word_1_758' title='bbox 3317 4882 3528 4949; x_wconf 78' lang='lat' dir='ltr'><strong>synodo</strong></span> 
     </span>
    </p>
   </div>
   <div class='ocr_carea' id='block_1_115' title="bbox 1943 4951 3522 5034">
    <p class='ocr_par' dir='ltr' id='par_1_115' title="bbox 1943 4951 3522 5034">
     <span class='ocr_line' id='line_1_116' title="bbox 1943 4951 3522 5034; baseline 0.014 -28"><span class='ocrx_word' id='word_1_759' title='bbox 1943 4951 2085 5008; x_wconf 90' lang='lat' dir='ltr'><strong>hunc</strong></span> <span class='ocrx_word' id='word_1_760' title='bbox 2124 4956 2214 5024; x_wconf 89' lang='lat' dir='ltr'><strong>qui</strong></span> <span class='ocrx_word' id='word_1_761' title='bbox 2253 4959 2494 5027; x_wconf 85' lang='lat' dir='ltr'><strong>suscepit</strong></span> <span class='ocrx_word' id='word_1_762' title='bbox 2523 4968 2577 5013; x_wconf 93' lang='lat' dir='ltr'><strong>et</strong></span> <span class='ocrx_word' id='word_1_763' title='bbox 2622 4975 2744 5016; x_wconf 86' lang='lat' dir='ltr'><strong>eum</strong></span> <span class='ocrx_word' id='word_1_764' title='bbox 2786 4964 2875 5032; x_wconf 92' lang='lat' dir='ltr'><strong>qni</strong></span> <span class='ocrx_word' id='word_1_765' title='bbox 2904 4977 3184 5034; x_wconf 88' lang='lat' dir='ltr'><strong>susceptus</strong></span> <span class='ocrx_word' id='word_1_766' title='bbox 3224 4981 3306 5025; x_wconf 85' lang='lat' dir='ltr'><strong>est</strong></span> <span class='ocrx_word' id='word_1_767' title='bbox 3338 4974 3522 5028; x_wconf 86' lang='lat' dir='ltr'><strong>tandiu</strong></span> 
     </span>
    </p>
   </div>
   <div class='ocr_carea' id='block_1_116' title="bbox 1940 5048 3519 5127">
    <p class='ocr_par' dir='ltr' id='par_1_116' title="bbox 1940 5048 3519 5127">
     <span class='ocr_line' id='line_1_117' title="bbox 1940 5048 3519 5127; baseline 0.014 -30"><span class='ocrx_word' id='word_1_768' title='bbox 1940 5048 2441 5103; x_wconf 76' lang='lat' dir='ltr'><strong>escommuuicatos</strong></span> <span class='ocrx_word' id='word_1_769' title='bbox 2489 5065 2727 5115; x_wconf 88' lang='lat' dir='ltr'><strong>manere,</strong></span> <span class='ocrx_word' id='word_1_770' title='bbox 2760 5054 2994 5122; x_wconf 90' lang='lat' dir='ltr'><strong>quandiu</strong></span> <span class='ocrx_word' id='word_1_771' title='bbox 3025 5057 3138 5127; x_wconf 93' lang='lat' dir='ltr'><strong>ipse</strong></span> <span class='ocrx_word' id='word_1_772' title='bbox 3182 5061 3408 5115; x_wconf 88' lang='lat' dir='ltr'><strong>clericus</strong></span> <span class='ocrx_word' id='word_1_773' title='bbox 3451 5065 3519 5119; x_wconf 88' lang='lat' dir='ltr'><strong>ad</strong></span> 
     </span>
    </p>
   </div>
   <div class='ocr_carea' id='block_1_117' title="bbox 1942 5141 2869 5207">
    <p class='ocr_par' dir='ltr' id='par_1_117' title="bbox 1942 5141 2869 5207">
     <span class='ocr_line' id='line_1_118' title="bbox 1942 5141 2869 5207; baseline 0.009 -15"><span class='ocrx_word' id='word_1_774' title='bbox 1942 5141 2210 5207; x_wconf 82' lang='lat' dir='ltr'><strong>propriam</strong></span> <span class='ocrx_word' id='word_1_775' title='bbox 2242 5152 2539 5198; x_wconf 88' lang='lat' dir='ltr'><strong>revertatur</strong></span> <span class='ocrx_word' id='word_1_776' title='bbox 2568 5144 2869 5200; x_wconf 88' lang='lat' dir='ltr'><strong>ecclesiam.</strong></span> 
     </span>
    </p>
   </div>
   <div class='ocr_carea' id='block_1_118' title="bbox 1940 5250 3511 5325">
    <p class='ocr_par' dir='ltr' id='par_1_118' title="bbox 1940 5250 3511 5325">
     <span class='ocr_line' id='line_1_119' title="bbox 1940 5250 3511 5325; baseline 0.011 -19"><span class='ocrx_word' id='word_1_777' title='bbox 1940 5250 2081 5308; x_wconf 73' lang='lat' dir='ltr'><strong>XXI.</strong></span> <span class='ocrx_word' id='word_1_778' title='bbox 2136 5253 2212 5307; x_wconf 85' lang='lat' dir='ltr'><strong>De</strong></span> <span class='ocrx_word' id='word_1_779' title='bbox 2252 5258 2603 5325; x_wconf 85' lang='lat' dir='ltr'><strong>episcoporum</strong></span> <span class='ocrx_word' id='word_1_780' title='bbox 2640 5266 2730 5310; x_wconf 87' lang='lat' dir='ltr'><strong>aut</strong></span> <span class='ocrx_word' id='word_1_781' title='bbox 2783 5258 3085 5311; x_wconf 84' lang='lat' dir='ltr'><strong>clericorum</strong></span> <span class='ocrx_word' id='word_1_782' title='bbox 3131 5267 3511 5323; x_wconf 81' lang='lat' dir='ltr'><strong>accusatoribus</strong></span> 
     </span>
    </p>
   </div>
   <div class='ocr_carea' id='block_1_119' title="bbox 2172 5326 3559 5393">
    <p class='ocr_par' dir='ltr' id='par_1_119' title="bbox 2172 5326 3559 5393">
     <span class='ocr_line' id='line_1_120' title="bbox 2172 5326 3559 5393; baseline 0.012 -17"><span class='ocrx_word' id='word_1_783' title='bbox 2172 5326 2350 5393; x_wconf 83' lang='lat' dir='ltr'><strong>quales</strong></span> <span class='ocrx_word' id='word_1_784' title='bbox 2379 5327 2589 5380; x_wconf 82' lang='lat' dir='ltr'><strong>debeant</strong></span> <span class='ocrx_word' id='word_1_785' title='bbox 2618 5328 2809 5393; x_wconf 83' lang='lat' dir='ltr'><strong>suscipi</strong></span> <span class='ocrx_word' id='word_1_786' title='bbox 2851 5329 2903 5380; x_wconf 86' lang='lat' dir='ltr'><strong>in</strong></span> <span class='ocrx_word' id='word_1_787' title='bbox 2932 5335 3273 5389; x_wconf 82' lang='lat' dir='ltr'><strong>accusatione.</strong></span> <span class='ocrx_word' id='word_1_788' title='bbox 3552 5366 3559 5393; x_wconf 82' lang='lat' dir='ltr'><strong>l</strong></span> 
     </span>
    </p>
   </div>
   <div class='ocr_carea' id='block_1_120' title="bbox 2003 5410 3518 5495">
    <p class='ocr_par' dir='ltr' id='par_1_120' title="bbox 2003 5410 3518 5495">
     <span class='ocr_line' id='line_1_121' title="bbox 2003 5410 3518 5495; baseline 0.012 -30"><span class='ocrx_word' id='word_1_789' title='bbox 2003 5410 2246 5467; x_wconf 88' lang='lat' dir='ltr'><strong>Clericus</strong></span> <span class='ocrx_word' id='word_1_790' title='bbox 2273 5415 2386 5469; x_wconf 91' lang='lat' dir='ltr'><strong>sive</strong></span> <span class='ocrx_word' id='word_1_791' title='bbox 2417 5415 2601 5480; x_wconf 84' lang='lat' dir='ltr'><strong>laicus,</strong></span> <span class='ocrx_word' id='word_1_792' title='bbox 2634 5416 2722 5483; x_wconf 89' lang='lat' dir='ltr'><strong>qui</strong></span> <span class='ocrx_word' id='word_1_793' title='bbox 2755 5422 3087 5476; x_wconf 80' lang='lat' dir='ltr'><strong>accusaverit</strong></span> <span class='ocrx_word' id='word_1_794' title='bbox 3116 5424 3396 5495; x_wconf 87' lang='lat' dir='ltr'><strong>episcopos</strong></span> <span class='ocrx_word' id='word_1_795' title='bbox 3424 5438 3518 5484; x_wconf 88' lang='lat' dir='ltr'><strong>aut</strong></span> 
     </span>
    </p>
   </div>
   <div class='ocr_carea' id='block_1_121' title="bbox 1934 5503 3518 5577">
    <p class='ocr_par' dir='ltr' id='par_1_121' title="bbox 1934 5503 3518 5577">
     <span class='ocr_line' id='line_1_122' title="bbox 1934 5503 3518 5577; baseline 0.01 -18"><span class='ocrx_word' id='word_1_796' title='bbox 1934 5503 2183 5573; x_wconf 86' lang='lat' dir='ltr'><strong>clericos,</strong></span> <span class='ocrx_word' id='word_1_797' title='bbox 2226 5516 2430 5561; x_wconf 89' lang='lat' dir='ltr'><strong>temere</strong></span> <span class='ocrx_word' id='word_1_798' title='bbox 2459 5515 2617 5577; x_wconf 85' lang='lat' dir='ltr'><strong>atque</strong></span> <span class='ocrx_word' id='word_1_799' title='bbox 2647 5508 3015 5567; x_wconf 75' lang='lat' dir='ltr'><strong>indifferenter</strong></span> <span class='ocrx_word' id='word_1_800' title='bbox 3045 5529 3148 5568; x_wconf 91' lang='lat' dir='ltr'><strong>non</strong></span> <span class='ocrx_word' id='word_1_801' title='bbox 3190 5517 3388 5573; x_wconf 90' lang='lat' dir='ltr'><strong>debent</strong></span> <span class='ocrx_word' id='word_1_802' title='bbox 3425 5535 3518 5576; x_wconf 88' lang='lat' dir='ltr'><strong>su-</strong></span> 
     </span>
    </p>
   </div>
   <div class='ocr_carea' id='block_1_122' title="bbox 2006 5639 3511 5722">
    <p class='ocr_par' dir='ltr' id='par_1_122' title="bbox 2006 5639 3511 5722">
     <span class='ocr_line' id='line_1_123' title="bbox 2006 5639 3511 5722; baseline 0.015 -31"><span class='ocrx_word' id='word_1_803' title='bbox 2006 5639 2387 5722; x_wconf 60' lang='lat' dir='ltr'><strong>f§x_reliqnis</strong></span> <span class='ocrx_word' id='word_1_804' title='bbox 2420 5647 2712 5722; x_wconf 49' lang='lat' dir='ltr'><strong>prmterA.</strong></span> <span class='ocrx_word' id='word_1_805' title='bbox 2735 5655 2789 5701; x_wconf 88' lang='lat' dir='ltr'><strong>et</strong></span> <span class='ocrx_word' id='word_1_806' title='bbox 2822 5647 2882 5701; x_wconf 84' lang='lat' dir='ltr'><strong>E.</strong></span> <span class='ocrx_word' id='word_1_807' title='bbox 2921 5649 2974 5715; x_wconf 78' lang='lat'><strong>3,</strong></span> <span class='ocrx_word' id='word_1_808' title='bbox 3003 5650 3053 5704; x_wconf 92' lang='lat' dir='ltr'><strong>in</strong></span> <span class='ocrx_word' id='word_1_809' title='bbox 3096 5652 3313 5722; x_wconf 84' lang='lat' dir='ltr'><strong>quibus,</strong></span> <span class='ocrx_word' id='word_1_810' title='bbox 3349 5657 3511 5712; x_wconf 80' lang='lat' dir='ltr'><strong>enim.</strong></span> 
     </span>
    </p>
   </div>
   <div class='ocr_carea' id='block_1_123' title="bbox 1998 5710 2895 5787">
    <p class='ocr_par' dir='ltr' id='par_1_123' title="bbox 1998 5710 2895 5787">
     <span class='ocr_line' id='line_1_124' title="bbox 1998 5710 2895 5787; baseline 0.011 -25"><span class='ocrx_word' id='word_1_811' title='bbox 1998 5710 2022 5745; x_wconf 72' lang='grc'><strong>(³</strong></span> <span class='ocrx_word' id='word_1_812' title='bbox 2051 5710 2112 5764; x_wconf 89' lang='grc' dir='ltr'><strong>Τ.</strong></span> <span class='ocrx_word' id='word_1_813' title='bbox 2148 5711 2193 5780; x_wconf 90' lang='lat' dir='ltr'><strong>I,</strong></span> <span class='ocrx_word' id='word_1_814' title='bbox 2223 5710 2279 5781; x_wconf 75' lang='grc'>2,</span> <span class='ocrx_word' id='word_1_815' title='bbox 2315 5711 2405 5781; x_wconf 88' lang='lat' dir='ltr'><strong>U.,</strong></span> <span class='ocrx_word' id='word_1_816' title='bbox 2441 5712 2529 5781; x_wconf 86' lang='lat' dir='ltr'><strong>G.,</strong></span> <span class='ocrx_word' id='word_1_817' title='bbox 2557 5716 2895 5787; x_wconf 62' lang='lat' dir='ltr'><strong>adquiescere.</strong></span> 
     </span>
    </p>
   </div>
   <div class='ocr_carea' id='block_1_124' title="bbox 3030 5874 3068 5936">
    <p class='ocr_par' dir='ltr' id='par_1_124' title="bbox 3030 5874 3068 5936">
     <span class='ocr_line' id='line_1_125' title="bbox 3030 5874 3068 5936; baseline 0 0"><span class='ocrx_word' id='word_1_818' title='bbox 3030 5874 3068 5936; x_wconf 77' lang='lat'><strong><em>6</em></strong></span> 
     </span>
    </p>
   </div>
  </div>
