4060 6184
527 284 631 347 I75

1222 288 1607 348 CULL‘ECTIO
1645 289 1977 351 CANONUH
2020 295 2076 352 S.
2121 294 2388 355 lSlDORO
2423 294 2690 357 ﬂlSPAL.
2737 300 3095 360 ASCR'IP’IA.

3700 310 3803 369 176

526 407 725 462 habere
746 405 1142 477 presbyterum,
1182 408 1354 463 nullos
1381 423 1570 465 creare
1588 410 1665 465 vel
1694 413 1969 482 appellare
1995 414 2115 467 cle-
2144 417 2188 471 A
2221 424 2305 469 tur
2333 416 2420 485 qui
2453 417 2632 473 iilicita
2659 419 2852 473 docere
2907 419 3210 474 teutaverit.
3259 418 3364 475 Eos
3412 435 3539 477 vero
3589 426 3679 495 qui
3718 441 3807 482 se-

526 500 694 564 ricos,
747 499 1027 568 ipsumque
1075 497 1368 570 Eutychcm
1403 502 1623 555 nomine
1661 504 1981 575 presbyteri,
2005 520 2112 573 quo

521 599 578 647 et
610 590 855 661 indignus
884 599 968 646 est
1020 599 1074 645 et
1102 590 1359 659 spoliatus
1386 599 1490 660 est,
1524 592 1575 645 in
1625 600 1789 648 totum
1817 609 2022 650 carere.
2056 594 2111 650 Si

522 686 609 751 qui
642 691 816 737 tamen
848 691 1034 737 contra
1057 681 1274 737 definita
1331 691 1510 737 nostra
1542 685 1845 756 episcopos,
1878 688 2115 758 presby-

531 783 678 829 teros
727 782 1057 841 ceterosque
1099 772 1321 827 clericos
1346 775 1461 829 ausi
1508 775 1704 830 fuerint
1745 791 1953 842 creare,
2005 787 2111 831 tam

523 865 693 919 factos
717 878 874 934 quam
895 863 1149 917 facientes
1175 865 1256 919 vel
1273 876 1655 933 praesumentes
1676 868 1773 921 sib'
1793 870 2110 924 clericorum

521 955 1017 1026 gradus,bonorum
1042 955 1328 1011 amissione
1352 958 1621 1026 perculsos
1643 959 1833 1013 exsilio
1856 969 2113 1028 perpetuo

525 1046 863 1118 praecipimus
883 1046 1143 1103 contineri
1170 1064 1185 1101 :
1214 1048 1440 1103 coeundi
1470 1051 1548 1104 vel
1566 1050 1847 1118 colligendi
1878 1052 1958 1105 vel
1981 1067 2109 1104 Cult-

525 1139 1089 1211 gregandimtinaclms
1120 1148 1212 1195 aut
1261 1138 1559 1195 aedificandi
1612 1146 1958 1207 monasteria,
1994 1143 2111 1197 nul-

521 1233 630 1288 lam
673 1231 925 1302 jubemus
984 1247 1078 1287 eos
1142 1232 1340 1288 habere
1372 1234 1639 1288 licentiam
1679 1253 1689 1287 :
1740 1235 1856 1291 loca
1887 1236 1939 1289 in
1991 1252 2111 1307 qua:

520 1325 658 1378 forte
687 1323 801 1377 ausi
823 1323 1112 1378 convenire
1140 1323 1425 1392 aliquando
1456 1324 1777 1380 tentaverint
1799 1325 2109 1392 conﬁscari,

519 1418 564 1473 si
598 1424 774 1472 tamen
802 1416 1021 1472 domino
1049 1418 1153 1473 loci
1202 1420 1405 1474 sciente
1460 1422 1828 1487 convenerint;
1875 1422 2014 1492 quod
2066 1424 2110 1477 si

520 1511 706 1578 ignaro
734 1517 951 1564 auctore
970 1508 1369 1565 conductoreve
1414 1510 1538 1574 loci,
1568 1510 1793 1565 fustibus
1816 1526 1985 1567 caesos
2012 1513 2110 1567 de-

520 1603 876 1670 portationem
929 1602 1112 1656 subire
1173 1616 1497 1658 censemus:
1545 1604 1688 1673 ipsos
1744 1606 1900 1677 109
1970 1622 2110 1676 pra:-

521 1702 666 1749 terea
716 1693 845 1747 nihil
903 1708 965 1747 ex
1022 1704 1343 1752 testamento
1390 1696 1703 1768 cujusquam
1734 1715 1946 1769 capere,
1982 1700 2111 1756 nihil

2218 507 2414 577 quendi
2440 510 2617 563 studio
2646 510 2915 564 audierint
2944 512 3203 565 scelerata
3228 512 3582 569 disserentem
3631 515 3808 572 dena-

2220 614 2336 655 rum
2385 600 2637 655 librarum
2684 602 2798 655 auri
2833 602 3226 658 mulctutioneb
3266 607 3678 674 compescimus,
3734 609 3808 664 ita

2222 693 2359 748 enim
2392 694 2613 749 materia
2669 695 3014 751 subtrahetur
3058 698 3277 763 erroris,
3316 700 3359 752 si
3395 709 3732 769 peccatorum
3755 712 3812 759 et

2218 785 2406 841 doctor
2424 787 2653 842 defuerit
2676 797 2728 842 et
2750 787 2984 853 auditor,
3014 787 3239 855 Palladi,
3268 804 3467 859 parens
3491 792 3811 850 cbarissime

2219 885 2377 945 atque
2403 878 2789 932 amantissime.
2853 877 3080 932 lllustris
3109 878 3294 949 itaque
3321 890 3377 935 ct
3408 884 3684 951 magniﬁca
3715 899 3813 939 au-

2219 969 2443 1023 ctoritas
2474 978 2584 1033 tua,
2624 968 2816 1025 edictis
2838 969 3145 1039 prapositis,
3183 973 3341 1041 110
3382 974 3629 1029 omnibus
3651 975 3812 1031 faciat

2221 1067 2345 1112 n0ta
2398 1074 2516 1127 qua:
2557 1060 2839 1128 jussimus,
2884 1061 3334 1131 cognoscentibus
3379 1064 3811 1121 moderatoribus

2221 1148 2616 1217 provinciarum
2638 1165 2934 1219 eorumque
2976 1151 3188 1217 oﬂiciis,
3236 1151 3607 1209 defensoribus
3644 1159 3809 1211 etiam

2219 1241 2526 1295 civitatum:
2558 1242 2696 1311 quod
2727 1242 2770 1295 si
2799 1257 2860 1296 ca
2892 1258 3006 1310 quae
3037 1258 3158 1295 vera
3187 1243 3295 1298 ﬁde
3319 1254 3373 1299 et
3399 1256 3585 1299 sancto
3616 1264 3813 1318 propo-

2219 1333 2323 1387 sito
2348 1332 2697 1388 custodienda
2718 1334 3027 1389 censuimus
3048 1345 3138 1388 aut
3168 1335 3500 1404 neglexerint
3540 1348 3632 1393 aut
3684 1356 3808 1405 pcr-

2221 1425 2464 1480 miserint
2492 1426 2763 1489 temerari,
2811 1424 3068 1479 denarum
3117 1425 3368 1479 librarum
3422 1428 3536 1482 auri
3586 1430 3815 1483 mulcta-

2221 1518 2367 1570 tione
2384 1515 2633 1584 perculsi,
2651 1525 2707 1569 ut
2724 1516 2998 1585 relig'onis
3019 1517 3297 1587 legumque
3315 1517 3630 1587 proditores.
3648 1524 3809 1576 etiam

2218 1608 2285 1664 de
2311 1608 2665 1662 aestimatione
2687 1607 3017 1664 laborabunt.
3051 1608 3238 1663 Datum
3261 1619 3282 1647 ε
3315 1626 3379 1663 ιν
3405 1610 3669 1665 Kalendas
3703 1614 3814 1666 Au-

2220 1707 2399 1769 gustas
2423 1697 2813 1769 Constantinop
2837 1698 2886 1753 ili
2912 1698 3169 1768 Sporacio
3198 1701 3422 1756 consule
3444 1712 3500 1757 et
3522 1703 3609 1771 qui
3651 1704 3813 1760 fuerit

520 1786 599 1838 eis
643 1783 997 1855 quiejusdem
1039 1786 1237 1840 erroris
1260 1786 1368 1841 sint
1410 1766 1716 1858 relinquere
1755 1766 2107 1857 testamento,
2154 1766 2522 1851 Bnuntiatus.

519 1875 584 1929 ad
612 1876 807 1929 nullam
834 1890 928 1930 eos
960 1877 1189 1945 patimur
1210 1877 1450 1946 aspirare
1501 1879 1769 1944 militiam,
1823 1880 1926 1934 nisi
1976 1880 2117 1937 forte

523 1965 592 2020 ad
612 1966 999 2020 cohortalinam
1033 1967 1116 2021 vel
1142 1968 1489 2025 limitaneam.
1518 1970 1574 2025 Si
1604 1971 1721 2039 quis
1766 1972 1926 2027 etiam
1954 1982 2105 2027 extra

514 2055 833 2124 praedictam
863 2058 1110 2113 militiam
1138 2057 1383 2115 inventus
1414 2059 1576 2115 fuerit
1604 2060 1859 2127 militare,
1888 2061 1970 2115 vel
1994 2061 2117 2129 quia

523 2148 1002 2219 ignorabaturejus
1019 2149 1071 2205 in
1097 2151 1354 2218 religione
1376 2152 1719 2221 perversitas,
1747 2153 1831 2207 vel
1857 2153 1977 2221 quia
2002 2164 2124 2222 post

524 2240 776 2308 adeptum
806 2241 1077 2312 cingulum
1106 2240 1171 2295 ad
1203 2242 1342 2297 hunc
1370 2241 1586 2298 devenit
1609 2257 1871 2307 errorem,
1913 2244 2120 2300 solutus

524 2333 735 2400 militia,
787 2334 1114 2390 inﬁdelitatis
1164 2350 1276 2391 sua:
1324 2335 1551 2391 fructum
1597 2335 1736 2391 hunc
1790 2336 2003 2403 haheat,
2048 2346 2106 2392 ut

519 2423 842 2490 optimorum
916 2434 971 2478 ct
1027 2426 1207 2494 palatii
1260 2428 1635 2482 communione
1694 2428 1960 2496 privetur,
2014 2442 2119 2483 nec

521 2512 650 2566 alibi
682 2527 842 2583 quam
872 2511 923 2567 in
956 2528 1057 2583 qua
1094 2522 1247 2567 natus
1298 2523 1381 2569 est
1412 2516 1529 2569 vico
1582 2516 1665 2571 vel
1717 2515 1935 2571 civitate
1995 2532 2115 2572 ver-

519 2604 888 2673 setursquod
922 2604 1081 2673 siqui
1138 2618 1325 2658 eorum
1357 2605 1410 2658 in
1466 2605 1566 2659 bac
1613 2605 1753 2661 alma
1801 2606 1933 2661 urbe
1979 2606 2120 2676 quod

520 2695 667 2751 credi
692 2696 843 2750 nefas
882 2704 967 2750 est
1001 2696 1165 2766 geniti
1198 2702 1326 2750 sunt
1379 2704 1435 2751 et
1480 2694 1737 2763 damnati,
1769 2706 1873 2751 tam
1924 2698 1991 2753 de
2021 2697 2121 2753 hac

518 2785 733 2842 civitate
786 2783 1097 2853 venerabili,
1146 2800 1304 2855 quam
1348 2785 1711 2842 sacratissimo
1756 2787 2007 2843 comitatu
2061 2795 2118 2843 et

516 2876 664 2931 omni
710 2875 1064 2932 excludantur
1114 2875 1529 2946 metropolitana
1593 2876 1833 2933 civitate.
1890 2878 1956 2933 Et
2004 2878 2120 2935 hare

519 2969 739 3041 quidem
790 2967 1113 3039 generaliter
1141 2967 1282 3023 circa
1330 2982 1521 3024 omnes
1556 2970 1970 3039 constituimus,
2026 2971 2116 3041 qui

509 3062 623 3117 hac
652 3061 771 3117 labe
800 3060 985 3133 polluti
1010 3069 1136 3117 sunt
1163 3061 1246 3117 vel
1274 3061 1595 3131 polluentur.
1630 3064 1736 3119 Eos
1785 3073 1989 3130 autem,
2019 3067 2109 3136 qui

2294 1884 2413 1937 Alia
2437 1881 2700 1939 Marciani
2733 1886 2941 2007 auguslti
2970 1887 3216 1969 adversus
3249 1902 3408 1957 supra
3437 1898 3744 1943 memoratos

2899 1969 3166 2007 ta’relu‘ln.

2899 1969 3166 2013 ta’TOMCOS.

2294 2065 2589 2136 Imperator
2616 2065 2921 2122 Marcianus
2950 2078 3196 2151 augustas
3223 2068 3466 2124 Palladio
3495 2072 3741 2142 prwfccto

2890 2150 3142 2208 prwloru.

2297 2229 2447 2287 Licet
2472 2230 2582 2299 jam
2609 2229 2827 2301 jamque
2856 2231 3218 2287 sacratissima
3244 2232 3630 2288 constitutione
3653 2247 3810 2287 man-

2222 2323 2519 2379 suetudinis
2551 2339 2687 2379 meaa
2716 2331 2930 2378 cautum
2964 2338 3025 2378 ac
3067 2324 3343 2379 dc’flnitum
3374 2326 3444 2378 sit
3490 2340 3609 2394 qua:
3635 2326 3687 2379 iu
3714 2340 3814 2382 eos

2222 2414 2485 2471 severitas
2512 2414 2815 2471 exercenda
2850 2414 2919 2469 sit
2950 2416 3035 2485 qui
3071 2415 3383 2486 Eutychetis
3413 2415 3497 2471 vel
3533 2416 3810 2485 Apollina-

2222 2504 2299 2561 ris
2330 2504 2634 2561 baareticam
2667 2505 3071 2575 perversitatem
3103 2506 3228 2579 [U.,
3261 2507 3603 2578 pravitatem]
3633 2510 3809 2563 secuti

2216 2611 2251 2649 a
2283 2596 2545 2664 religione
2572 2605 2626 2651 et
2657 2596 2763 2652 fide
2792 2598 3056 2654 catholica
3087 2599 3400 2665 deviarunt;
3436 2600 3811 2657 Alexandrina:

2224 2696 2402 2742 tamen
2428 2686 2579 2742 urbis
2600 2688 2750 2743 cives
2779 2698 2940 2759 atque
2965 2690 3293 2746 habitatores
3320 2693 3480 2747 tantis
3503 2702 3626 2748 sunt
3646 2694 3811 2761 Apol-

2224 2778 2415 2834 linaris
2444 2776 2631 2833 infecti
2654 2780 2897 2844 venenis,
2930 2788 2986 2834 ut
3011 2780 3374 2836 necessarium
3407 2781 3571 2836 fuerit
3600 2797 3660 2837 ea
3688 2798 3811 2852 qum

2221 2880 2344 2927 ante
2368 2870 2477 2941 jam
2507 2872 2783 2928 sanximus
2826 2872 3051 2942 repetita
3096 2873 3256 2928 etiam
3301 2888 3443 2929 nunc
3474 2874 3587 2945 lege
3616 2873 3809 2929 decer-

2222 2980 2373 3021 nere.
2405 2965 2633 3035 Oportet
2673 2966 2818 3021 enim
2852 2975 2909 3021 ut
2944 2966 3015 3022 sit
3058 2980 3344 3022 numerosa
3383 2968 3641 3022 severitas
3682 2982 3810 3023 san.

2223 3059 2485 3125 ctionum,
2535 3058 2625 3113 ubi
2671 3068 2757 3114 est
2800 3057 3016 3113 licentia
3062 3059 3251 3113 crebra
3298 3058 3596 3129 culparum,
3628 3069 3808 3114 custo-

505 3159 743 3213 ~antebac
777 3128 958 3213 clerici
987 3128 1408 3213 orthodoxorum
1441 3156 1564 3213 fidei
1592 3165 1646 3212 et
1690 3156 1946 3211 monachi
1976 3128 2108 3227 qrii-
2136 3128 2182 3191 ο
2214 3150 2408 3207 dienda
2436 3170 2448 3205 :
2480 3160 2741 3222 praeterea
2766 3150 3082 3205 orthodoxae
3116 3150 3238 3205 fidei
3266 3128 3397 3205 cura
3424 3159 3573 3205 tanto
3608 3166 3635 3204 a
3660 3166 3809 3205 sere-

512 3248 662 3317 dem,
706 3252 797 3321 qui
848 3249 1105 3320 Eutychis
1150 3249 1461 3305 habitavere
1515 3248 1893 3313 diversorium,
1934 3264 2109 3320 neque

503 3342 657 3397 enim
700 3341 1083 3400 monasterium
1114 3340 1398 3397 dicendum
1426 3350 1512 3396 est
1539 3340 1684 3411 quod
1713 3341 1990 3410 religionis
2018 3344 2110 3397 ba-

499 3431 629 3487 -buit
658 3432 925 3501 inimicos,
954 3432 1044 3503 qui
1074 3432 1251 3488 adhuc
1296 3447 1460 3503 usque
1483 3432 1703 3486 insaniae
1734 3442 2114 3501 processerunt

518 3524 714 3579 relicto
740 3524 1062 3579 venerabilis
1092 3524 1366 3594 religionis
1393 3524 1539 3577 cultu
1569 3531 1623 3577 et
1650 3523 1905 3593 synodico
1927 3524 2111 3578 decre-

498 3624 589 3678 ‘to,
620 3614 760 3683 quod
788 3615 948 3668 totius
975 3628 1110 3682 pene
1139 3614 1286 3668 orbis
1314 3613 1660 3668 Chalcedone
1690 3615 1983 3670 coadunati
2014 3616 2109 3671 de-

511 3702 735 3757 linivere
762 3703 1092 3767 sacerdotes,
1127 3701 1419 3757 infaustam
1454 3702 1767 3774 Eutychetis
1811 3714 2110 3773 sequuntur

514 3794 890 3858 assertionem,
918 3794 1207 3861 quia,vera
1231 3792 1347 3849 luce
1373 3793 1610 3861 deserta,
1642 3794 1888 3850 tenebras
1909 3794 2110 3864 cligcn-

512 3887 610 3940 das
636 3899 759 3941 esse
807 3882 1176 3953 crediderunt,
1226 3884 1478 3940 omnibus
1528 3883 1703 3954 pmnis
1734 3887 1961 3954 quzcvel
2009 3886 2109 3942 bac

510 3980 595 4035 vel
620 3979 1047 4047 praecedentibus
1077 3978 1288 4048 legibus
1311 3977 1575 4033 adversus
1603 3977 1887 4032 hazreticos
1915 3976 2107 4032 delini-

509 4082 580 4123 tu:
608 4082 731 4125 sunt
780 4070 1024 4137 juhemus
1078 4070 1272 4139 teneri,
1326 4070 1434 4124 imo
1455 4078 1606 4123 extra
1663 4068 1961 4123 Romanum
2009 4084 2107 4123 ex-

510 4163 632 4230 pelli
653 4162 849 4227 solum,
879 4164 1020 4216 sicut
1035 4160 1398 4230 praecedentes
1420 4158 1832 4229 religiosissimte
1852 4160 2108 4216 constitu-

511 4254 688 4307 tiones
715 4252 784 4307 de
815 4251 1123 4306 Manichzeis
1139 4253 1490 4318 constituere,
1517 4266 1585 4306 ne
1616 4265 1804 4305 eorum
1833 4254 2107 4308 venenatis

510 4342 783 4399 fraudibus
804 4342 1183 4411 sceleratisque
1204 4342 1519 4397 commentis
1542 4343 1888 4398 innocentum
1924 4344 2005 4399 vel
2031 4345 2105 4398 in-

504 4440 790 4495 firmorum
820 4436 980 4490 animi
1025 4434 1379 4503 decipiantur.
1413 4434 1787 4504 Comperimus
1842 4444 2100 4505 praaterea

508 4527 754 4599 quaedam
783 4540 876 4582 eos
910 4526 961 4581 in
978 4526 1353 4582 contumeliam
1384 4525 1657 4594 religionis
1678 4534 1732 4581 et
1760 4525 1810 4580 in
1844 4525 2099 4581 invidiam

509 4618 833 4674 venerabilis
854 4614 1125 4689 synodicae
1145 4614 1474 4671 deﬁnitionis
1492 4612 1656 4671 fuisse
1683 4616 1951 4681 mentitos,
1974 4630 2104 4671 con-

507 4708 834 4777 scriptisque
861 4707 1010 4762 libris
1057 4714 1112 4762 et
1139 4704 1446 4761 chartarum
1478 4706 1639 4761 tomis
1669 4706 1823 4775 plura
1854 4705 2098 4770 ﬁnxisse,

504 4812 626 4868 qua:
654 4812 839 4853 eorum
886 4797 1145 4853 insaniam
1172 4797 1427 4852 adversus
1457 4811 1638 4853 veram
1670 4806 1695 4834 ιι
1728 4797 1888 4853 fidem
1917 4807 2102 4867 aperte

492 4890 809 4960 signarent;
833 4887 1123 4958 atqueideo
1144 4887 1480 4957 praecipimus
1503 4886 1803 4957 ubicunque
1820 4887 2097 4956 hujusmo-

508 4981 557 5035 di
581 4978 779 5049 scripta
806 4986 1011 5047 reperta
1038 4976 1473 5047 fuerint,ignibus
1493 4978 1816 5032 concremari
1845 4994 1859 5029 :
1890 4991 1984 5032 eos
2014 4992 2101 5033 ve-

506 5087 569 5127 ro
614 5071 706 5142 qui
736 5070 819 5127 vel
845 5068 1179 5140 scripserint,
1213 5067 1297 5122 vel
1341 5067 1460 5123 aliis
1509 5067 1731 5137 legenda
1784 5067 2100 5124 tradiderint

506 5163 733 5217 docendi
764 5163 943 5217 studio
988 5161 1077 5217 vel
1098 5159 1362 5225 discendi,
1413 5173 1697 5214 censemus
1724 5157 2098 5229 deportatione

505 5253 706 5321 puniri;
742 5252 969 5308 delenda
994 5261 1077 5309 est
1096 5253 1238 5307 enim
1271 5250 1386 5305 bare
1428 5251 1657 5305 infausta
1683 5250 1907 5306 haeresis
1958 5250 2097 5305 sicut

507 5345 716 5411 pridem
737 5343 927 5399 edictis
955 5343 1259 5400 serenitatis
1280 5354 1476 5399 nostra:
1498 5342 1819 5398 continetur:
1844 5343 2094 5398 omnibus

502 5436 789 5492 adimimus
816 5433 1143 5501 facultatem,
1168 5437 1289 5505 quia
1314 5437 1504 5492 ultimo
1534 5435 1797 5505 supplicio
1817 5435 2093 5491 coercebi-

578 5618 601 5643 ⁸
647 5610 724 5665 Ex
749 5609 793 5664 Τ
818 5647 833 5663 .
866 5609 917 5674 Ι,
945 5607 998 5662 2.
1033 5607 1087 5662 In
1119 5606 1236 5661 aliis
1270 5607 1556 5664 Codicibus
1585 5627 1600 5662 :
1630 5625 1856 5675 meram;
1877 5683 1882 5688 ἱ
1904 5609 2090 5680 sicque

495 5692 713 5755 vomit:

580 5754 605 5790 ι’
645 5750 761 5818 18.,
785 5750 1012 5816 mulcta;
1041 5748 1225 5818 sicque
1253 5748 1613 5819 postmodum.

2215 3245 2381 3301 nitate
2426 3260 2543 3301 mea
2591 3244 2834 3300 adhiberi
2878 3244 3175 3313 impensior
3222 3243 3406 3309 debet,
3461 3254 3665 3314 quanto
3711 3259 3802 3297 res

2216 3338 2480 3393 humanas
2499 3336 2677 3392 divina
2701 3335 3028 3405 praecedunt.
3051 3335 3365 3403 Quicunque
3385 3349 3514 3404 ergo
3531 3334 3611 3388 vel
3633 3335 3685 3389 in
3706 3335 3807 3388 bac

2214 3442 2369 3483 sacra
2397 3427 2552 3495 urbe,
2584 3426 2665 3481 vel
2698 3426 2751 3481 in
2791 3425 3149 3481 Alexandrina
3174 3425 3416 3490 civitate,
3446 3424 3529 3479 vel
3558 3424 3608 3477 in
3658 3426 3804 3477 omni

2213 3521 2520 3592 :Egyptiaca
2543 3520 2762 3578 dioecesi
2800 3518 3129 3588 diversisque
3165 3517 3287 3572 aliis
3319 3516 3608 3587 provinciis
3638 3515 3807 3587 Euty-

2212 3610 2389 3664 chetis
2420 3608 2697 3679 profanam
2724 3610 3126 3678 perversitatem
3157 3618 3475 3677 sequuntur,
3505 3615 3559 3662 et
3590 3610 3660 3662 ita
3694 3622 3805 3663 non

2212 3700 2440 3754 credunt
2469 3708 2525 3753 ut
2554 3702 2782 3754 trecenti
2812 3698 3000 3754 decem
3029 3710 3081 3755 et
3112 3708 3238 3754 octo
3267 3700 3439 3754 sancti
3472 3698 3655 3753 Patres
3685 3707 3805 3753 tra-

2212 3790 2465 3845 diderunt
2522 3790 2841 3846 catholicam
2894 3790 3056 3845 [idem
3117 3792 3169 3846 in
3220 3790 3397 3846 Nicaea
3436 3791 3650 3846 civitate
3683 3790 3803 3845 fun-

2211 3882 2425 3947 dantes,
2456 3891 2673 3937 centum
2704 3896 2916 3952 quoque
2959 3892 3011 3938 et
3039 3883 3426 3952 quinquaginta
3457 3882 3544 3936 alii
3578 3897 3803 3937 venera-

2210 3974 2346 4031 biles
2373 3975 2611 4045 episcopi
2655 3974 2749 4045 qui
2790 3975 2843 4029 in
2875 3976 2977 4029 hac
3007 3976 3148 4027 alma
3180 3974 3313 4029 urbe
3342 3973 3803 4042 Constantinopo-

2212 4067 2372 4123 litana
2397 4078 2583 4140 postea
2605 4080 2997 4136 convenerunt,
3035 4069 3171 4123 sicut
3201 4068 3525 4124 Athanasius
3549 4076 3602 4123 et
3624 4067 3804 4122 Τιιειι-

2210 4159 2388 4229 philus
2448 4169 2503 4214 et
2558 4160 2790 4231 Cyrillus
2845 4169 3049 4214 sanctas
3105 4159 3498 4214 recordationis
3547 4159 3795 4229 episcopi

2209 4252 2588 4307 Alexandrina:
2642 4252 2875 4307 civitatis
2927 4251 3241 4318 credebant,
3297 4267 3433 4322 quos
3490 4249 3577 4323 [T.
3643 4254 3693 4314 1,
3740 4252 3797 4317 2,

2206 4344 2371 4416 quod]
2400 4345 2560 4400 etiam
2596 4343 2919 4410 Ephesitana
2944 4342 3181 4413 synodus
3207 4344 3291 4398 cui
3320 4343 3489 4400 beatae
3519 4345 3802 4398 memoria:

2208 4437 2444 4507 Cyrillus
2476 4436 2709 4506 praefuit,
2750 4436 2803 4489 in
2832 4448 2934 4504 qua
2966 4435 3195 4490 Nestorii
3223 4451 3377 4491 error
3402 4435 3657 4504 expulsus
3685 4446 3797 4499 est,

2210 4530 2260 4582 in
2304 4528 2573 4584 universis
2620 4537 2802 4583 secuta
2836 4536 2938 4591 est,
2982 4541 3117 4596 quos
3162 4536 3217 4582 et
3248 4542 3416 4596 nuper
3458 4526 3799 4582 venerabilis

2207 4619 2546 4676 Chalcedone
2575 4619 2814 4692 synodus
2845 4628 2929 4675 est
2957 4629 3139 4674 secuta
3164 4660 3180 4685 ,
3227 4619 3497 4688 prioribus
3542 4617 3799 4674 conciliis

2206 4712 2546 4768 sacerdotum
2579 4729 2643 4770 ex
2677 4712 2822 4767 omni
2855 4726 3077 4780 prorsus
3107 4718 3258 4779 parte
3287 4708 3757 4766 consentientibus
3778 4751 3795 4775 ,

2206 4803 2443 4873 nihilque
2483 4802 2726 4857 adimens
2766 4816 2797 4855 a
2839 4808 3186 4856 sacrosancto
3215 4799 3461 4871 symbolo
3498 4813 3671 4868 neque
3693 4800 3799 4856 ad-

2201 4894 2412 4962 jiciens,
2463 4892 2559 4947 sed
2618 4890 2933 4963 Eutychetis
2983 4890 3230 4961 dogmata
3272 4889 3485 4945 funesta
3530 4890 3799 4945 condem—

2204 4997 2369 5046 nans;
2396 4981 2569 5037 sciant
2603 4995 2662 5036 se
2684 4995 2804 5036 esse
2845 4982 3127 5035 barreticos
3159 4980 3593 5049 Apollinaristas,
3622 4979 3798 5048 Apul-

2202 5072 2390 5128 linaris
2430 5072 2574 5127 enim
2623 5069 3139 5126 facinorosissimam
3179 5079 3381 5126 sectam
3432 5068 3705 5141 Eutyches
3735 5084 3797 5127 et

2202 5166 2483 5222 Dioscorus
2514 5173 2691 5221 mente
2726 5164 2982 5234 sacrilega
3012 5163 3183 5219 secuti
3222 5172 3347 5217 sunt
3391 5161 3440 5217 ἀ.
3466 5163 3701 5232 Ideoque
3737 5163 3797 5220 hi

2198 5270 2385 5311 omnes
2425 5256 2515 5327 qui
2546 5254 2871 5325 Apollinaris
2896 5254 2978 5310 vel
3013 5253 3331 5323 Eutychetis
3366 5254 3790 5322 perversitatem

2195 5357 2509 5417 sequuntur,
2539 5346 2645 5402 illis
2673 5347 2868 5415 poenis,
2895 5361 3014 5415 quas
3048 5360 3077 5399 a
3112 5348 3355 5401 divorum
3399 5352 3544 5400 retro
3572 5344 3793 5413 princi-

2197 5456 2321 5511 pum
2364 5439 2838 5497 constitutionibus
2888 5440 3042 5509 ιιι
3093 5446 3282 5493 contra
3337 5436 3792 5507 Apollinaristas,

2268 5626 2290 5655 ο
2331 5616 2395 5671 τ.
2429 5616 2554 5682 La,
2586 5614 2673 5681 υ..
2700 5615 2792 5683 c.,
2820 5613 2971 5668 Dato.

2261 5684 2407 5807 “(Ex
2459 5688 2495 5743 U
2562 5688 2615 5742 lu
2658 5689 2720 5742 A.
2769 5695 2825 5744 et
2866 5683 3087 5757 reliquis
3136 5685 3333 5743 desunt
3375 5684 3783 5740 verbanxuti

2191 5773 2286 5811 sun
2315 5793 2331 5811 .
