4056 6178
302 341 401 399 ΥΠ

1158 333 1564 395 ΕΒΕΟΟΒΗΜ
1606 333 1945 392 CONCILIA.
1988 363 2057 377 --
2095 336 2720 398 CIIALCEDONENSE.

3478 351 3581 407 1⁸78

300 457 380 511 vel
409 448 720 509 serenitatis
760 453 958 503 nostrae
1003 447 1344 516 postmodum
1382 451 1659 507 sanctione
1703 458 1887 506 contra
1918 450 1969 508 Δ
1996 463 2160 507 naxes
2207 464 2612 527 conventusque
2661 456 2964 523 celebrari;
3018 458 3063 515 si
3112 458 3229 513 vilis
3268 469 3323 517 et
3353 461 3578 532 abiectae

301 543 765 617 Eutycbiauistas,
786 539 869 596 vel
895 538 995 596 hac
1020 538 1135 609 ipsa
1159 542 1532 612 augustissima
1557 544 1673 613 lege
1702 552 1889 598 contra

296 639 515 697 eosdem
562 636 787 693 decreta
841 642 987 699 sunt,
1030 637 1279 691 noverint
1307 652 1366 692 se
1395 652 1515 694 esse
1558 639 1888 706 plectendos.

301 734 506 789 Idcirco
527 727 952 801 Apollinarium,
976 726 1079 784 hoc
1105 736 1213 796 est,
1233 728 1670 801 Eutycbianistm,
1699 732 1892 800 quibus

303 826 401 881 etsi
429 831 514 879 est
538 823 591 877 in
613 818 973 890 appellatione
997 819 1300 885 diversitas,
1324 830 1409 876 est
1426 832 1603 877 tamen
1631 822 1681 876 in
1712 824 1891 877 haere-

301 919 374 972 sis
418 914 685 985 pravitate
732 911 1060 980 coniunctio,
1092 920 1147 965 et
1193 911 1377 982 dispar
1404 913 1619 982 quidem
1668 928 1887 982 nomen,

301 1010 393 1067 sed
419 1010 563 1065 idem
592 1005 956 1076 sacrilegium,
995 1006 1110 1061 sive
1153 1007 1204 1060 in
1258 1006 1357 1061 hac
1396 1007 1533 1061 alma
1562 1008 1693 1063 urbe
1719 1007 1892 1062 diver-

300 1105 487 1171 sisque
526 1098 822 1169 provinciis
865 1097 949 1153 vel
1000 1098 1061 1151 in
1104 1098 1465 1153 Alexandrina
1515 1099 1750 1165 civitate,
1778 1100 1891 1154 sive

301 1196 441 1249 intra
472 1191 850 1263 Egyptiacam
873 1190 1150 1246 dioecesim
1181 1204 1328 1257 sunt,
1361 1205 1533 1261 neque
1566 1191 1634 1245 ita
1665 1190 1892 1247 credunt

298 1286 441 1357 quod
472 1283 713 1354 pradicti
759 1281 1095 1338 venerabiles
1144 1281 1332 1337 Patres
1373 1282 1683 1346 credebant,
1718 1298 1891 1351 neque

303 1380 423 1433 viro
453 1374 902 1432 reverentissimo
932 1372 1312 1431 Alexandriam
1335 1374 1484 1429 urbis
1506 1374 1734 1429 antistiti
1761 1374 1891 1429 Pro-

300 1469 433 1524 terio
478 1468 636 1524 tidem
678 1465 1038 1521 orthodoxam
1089 1466 1291 1520 tenenti
1339 1466 1770 1532 communicant,
1804 1481 1891 1522 se-

297 1558 530 1614 cundum
559 1557 953 1613 sacratissimas
980 1556 1225 1610 divorum
1254 1566 1402 1611 retro
1430 1556 1729 1626 principum
1758 1572 1889 1613 con-

300 1650 629 1715 stitutioues,
671 1662 793 1719 qum
828 1647 894 1702 de
922 1646 1322 1716 Apollinaristis
1356 1647 1703 1717 promulgatae
1739 1657 1884 1714 sunt,

299 1756 404 1797 non
446 1739 681 1795 habeant
730 1746 1050 1808 potestatem
1093 1737 1324 1793 faciendi
1368 1748 1742 1794 testamentum
1788 1755 1887 1795 nec

297 1832 590 1888 condendae
642 1802 847 1885 ultimae
901 1828 1225 1895 voluntatis,
1278 1845 1453 1898 neque
1497 1831 1549 1885 id
1598 1831 1886 1902 adquirant
1917 1802 1964 1863 Β

297 1926 437 1997 quod
484 1927 614 1997 ipsis
656 1941 720 1981 ex
772 1933 1093 1980 testamento
1136 1925 1446 1993 cujusquam
1493 1925 1649 1979 fuerit
1688 1926 1888 1981 dereli-

296 2029 461 2083 ctum,
495 2017 627 2072 nihil
657 2017 817 2072 etiam
843 2030 908 2071 ex
940 2015 1232 2070 donatione
1255 2016 1433 2085 aliqua
1460 2027 1884 2087 consequantur;

297 2112 391 2168 sed
420 2111 466 2167 si
496 2111 621 2183 quid
653 2111 703 2165 in
740 2110 885 2180 ipsos
918 2109 1001 2163 vel
1043 2106 1367 2163 liberalitate
1394 2107 1620 2162 viventis
1650 2109 1733 2162 vel
1767 2124 1887 2163 mo-

298 2206 488 2259 rientis
538 2202 697 2259 fuerit
745 2202 1021 2256 voluntate
1068 2200 1341 2265 collatum,
1390 2199 1442 2255 id
1486 2202 1729 2270 protinus
1758 2202 1889 2256 lisco

300 2304 489 2351 nostro
517 2293 813 2359 addicatur,
864 2293 961 2362 ipsi
1015 2307 1142 2347 vero
1185 2291 1238 2346 iit
1284 2291 1462 2347 nullos
1486 2292 1688 2362 aliquid
1716 2307 1779 2348 ex
1814 2292 1890 2347 la-

296 2385 594 2442 cultatibus
620 2386 731 2440 suis
756 2385 1058 2440 donationis
1082 2383 1232 2438 titulo
1258 2392 1313 2437 et
1340 2383 1460 2453 j-zre
1486 2382 1888 2439 transfundam.

299 2478 607 2548 Episcopos
636 2492 762 2532 vero
809 2485 833 2513 ³
880 2476 964 2531 vel
1013 2476 1360 2546 presbyteros
1390 2474 1632 2543 aliosque
1660 2476 1889 2530 clericos

295 2570 406 2624 illis
440 2583 627 2624 creare
649 2578 699 2622 et
731 2566 933 2623 habere
964 2582 1070 2621 non
1102 2568 1284 2634 liceat,
1326 2565 1621 2622 scientibus
1663 2575 1770 2621 tam
1808 2566 1889 2620 bis

295 2660 724 2732 Eutycbianisﬁs
780 2661 869 2715 vel
918 2657 1323 2728 Apollinaristis
1375 2658 1465 2729 qui
1521 2658 1638 2712 ausi
1695 2658 1891 2715 iuerint

292 2755 547 2823 cuiquam
589 2751 831 2823 epiSCOpi
865 2752 944 2807 vel
978 2750 1276 2821 presbyteri
1328 2752 1411 2805 vel
1460 2750 1641 2806 clerici
1692 2766 1886 2807 nomen

291 2848 592 2916 imponere,
632 2860 794 2916 quam
847 2845 929 2899 his
978 2846 1066 2915 qui
1110 2844 1289 2899 conati
1340 2844 1537 2899 fucrinl
1579 2846 1885 2914 impositum

290 2938 393 2992 sibi
426 2951 621 2992 nomen
655 2936 989 2992 sacerdvtale
1038 2936 1291 3003 retinere,
1343 2950 1556 3005 pinnam
1602 2950 1662 2991 se
1705 2935 1887 2992 exsilii

291 3045 415 3083 cum
473 3027 784 3082 facultatum
834 3041 1048 3081 suarum
1097 3028 1389 3082 amissione
1435 3027 1727 3082 subituros.
1779 3026 1886 3082 Eos

293 3135 428 3176 vero
448 3120 539 3189 qui
565 3120 793 3176 antehac
818 3120 1095 3176 catholica:
1122 3121 1307 3176 Romae
1328 3121 1670 3177 ecclesiarum
1699 3121 1881 3177 clerici
1913 3151 1959 3214 Ο

292 3216 379 3267 vel
409 3210 731 3267 orthodoxae
769 3210 891 3266 fidei
927 3211 1172 3267 monachi
1207 3210 1424 3278 fuerint,
1455 3220 1513 3269 et
1541 3213 1726 3268 relicto
1755 3228 1886 3269 vero

294 3316 348 3360 et
380 3304 686 3360 orthodoxa
714 3306 1099 3376 omnipotentis
1129 3306 1221 3361 Dei
1251 3305 1422 3370 cultu,
1454 3305 1779 3374 Apollinaris
1804 3304 1887 3359 vel

296 3396 617 3468 l-Zu:_vcltetis
662 3398 913 3453 bmresim
947 3407 1001 3453 et
1030 3398 1278 3467 dogmata
1309 3397 1668 3453 abominanda
1698 3401 1888 3454 sectati

295 3498 421 3543 sunt
448 3490 533 3545 vel
566 3497 688 3557 post
714 3489 831 3545 haec
858 3490 1223 3555 sectabuntur,
1254 3489 1506 3545 omnibus
1536 3489 1733 3558 poenis,
1768 3504 1889 3559 qua:

298 3579 383 3633 vel
433 3580 706 3648 prioribus
747 3580 953 3651 legibus
983 3581 1244 3637 adversus
1273 3580 1555 3637 haereticos
1584 3580 1888 3635 constitutae

297 3682 453 3733 sunt.
500 3673 755 3738 iubemus
805 3672 972 3728 teneri
1022 3681 1079 3729 et
1120 3682 1271 3729 extra
1316 3672 1489 3741 ipsum
1524 3686 1736 3743 quoque
1771 3671 1891 3726 Ro-

299 3764 447 3818 mani
474 3764 684 3834 imperii
714 3765 885 3821 solum
920 3766 1067 3835 pelli,
1100 3767 1239 3821 sicut
1266 3766 1335 3822 de
1359 3766 1663 3822 Manichaeis
1692 3781 1892 3836 praece-

296 3854 544 3911 dentium
595 3858 773 3927 legum
828 3858 1067 3913 instituta
1121 3856 1268 3933 [/E.,
1310 3857 1530 3930 statuta]
1574 3865 1884 3915 sanxerunt.

298 3948 549 4004 Universi
600 3960 863 4017 praeterea
900 3950 1301 4019 Apollinaristte
1338 3951 1425 4005 vel
1467 3949 1891 4019 Eutychianistae

299 4056 406 4096 non
440 4042 723 4106 ecc'esias,
757 4058 866 4098 non
910 4043 1239 4100 monasteria
1284 4044 1386 4099 sibi
1424 4043 1773 4105 constituant,
1800 4057 1892 4113 pa-

296 4149 602 4206 rasvuaxes
622 4147 676 4192 et
700 4137 1070 4192 conventicula
1103 4146 1209 4192 tam
1232 4138 1418 4192 diurna
1442 4152 1601 4207 quam
1630 4144 1891 4195 nocturna

299 4241 409 4281 non
450 4227 799 4295 contrahant,
833 4244 1009 4299 neque
1035 4229 1102 4284 ad
1131 4229 1349 4284 domum
1380 4231 1552 4298 neque
1581 4227 1646 4283 ad
1681 4241 1894 4297 posses-

295 4316 508 4375 sionem
558 4319 896 4389 cujusquam,
949 4335 1120 4391 neque
1163 4319 1231 4376 ad
1265 4319 1668 4387 monasterium,
1695 4319 1781 4375 vel
1827 4318 1894 4373 ad

297 4424 680 4482 quemcunque
712 4412 910 4479 locum,
939 4411 966 4451 ι)
986 4421 1299 4482 operatores
1328 4422 1490 4467 sectae
1517 4410 1894 4466 funestissima

1994 543 2318 601 conditionis
2365 555 2510 612 sunt,
2566 546 2792 604 fustibus
2836 549 3058 617 publice.
3097 561 3121 590 ο
3168 560 3223 608 et
3270 552 3323 608 in
3363 568 3575 624 poenam

1994 649 2144 691 suam
2171 646 2225 693 et
2255 639 2306 694 iu
2353 641 2582 696 aliorum
2629 654 2984 699 exerceantur
3020 645 3354 716 exemplum;
3408 647 3452 702 si
3484 648 3581 702 hu-

1995 742 2163 785 nesta:
2189 748 2321 787 vero
2339 747 2581 801 persona:
2613 743 2757 800 sunt,
2785 735 2968 792 decem
3000 737 3161 791 libras
3189 739 3307 794 auri
3335 741 3579 796 mulctati

1996 821 2227 877 nominis
2271 824 2399 878 lisco
2439 834 2626 880 nostro
2675 836 2939 898 cogantur
2970 827 3172 884 inferre
3201 830 3286 901 [Τ.
3319 830 3375 898 2,
3400 833 3581 887 exsol-

1995 909 2165 982 vere].
2197 911 2408 968 Nullum
2434 926 2690 985 prmterea
2726 918 3161 988 A‘pollinaristam
3183 922 3265 975 vel
3294 921 3581 993 Eutychia-

1994 1004 2191 1059 nistam
2234 1006 2301 1061 ad
2346 1008 2578 1078 aliquam
2617 1010 2869 1081 iubemus
2899 1014 3140 1083 aspirare
3171 1015 3441 1083 militiam,
3477 1017 3580 1072 nisi

1991 1098 2057 1150 ad
2086 1097 2472 1156 cohortaltnam
2518 1104 2598 1158 vel
2651 1104 3007 1172 limitaneam;
3056 1108 3102 1162 si
3145 1109 3233 1177 qui
3265 1124 3395 1163 vero
3424 1119 3577 1163 extra

1992 1190 2380 1247 coliortalinam
2414 1195 2498 1249 vel
2526 1196 2854 1253 limitaneam
2889 1199 3091 1254 inventi
3121 1201 3319 1256 fuerint
3349 1203 3581 1257 militare

1993 1284 2172 1339 Soluto
2201 1284 2346 1359 [/E.,
2374 1286 2438 1341 T.
2468 1290 2517 1354 l,
2544 1289 2601 1353 9.,
2631 1288 2815 1361 soluti]
2843 1292 3077 1361 cingulo,
3105 1293 3450 1349 honestorum
3484 1294 3581 1349 ho-

1992 1375 2194 1431 minum
2245 1388 2302 1433 et
2360 1380 2537 1448 palatii
2589 1383 2968 1439 communione
3020 1384 3321 1453 priventur,
3372 1400 3472 1440 nec
3523 1386 3577 1440 i‘n

1992 1467 2165 1537 aliqua
2199 1468 2302 1523 nisi
2334 1470 2387 1523 in
2420 1486 2483 1525 ea
2510 1471 2564 1524 in
2588 1486 2694 1541 qua
2726 1473 2833 1527 nati
2858 1484 2986 1528 sunt
3014 1474 3236 1531 civitate
3266 1476 3349 1529 vel
3381 1476 3497 1529 vico
3524 1485 3580 1530 ct

1991 1559 2210 1628 regione
2257 1573 2538 1616 versentur
2568 1580 2581 1615 :
2614 1563 2658 1616 si
2707 1565 2797 1632 qui
2849 1580 2976 1619 vero
3022 1565 3072 1621 in
3118 1563 3219 1619 hac
3263 1564 3403 1618 alma
3447 1564 3581 1618 urbe

1991 1652 2098 1705 nati
2126 1660 2268 1714 sunt,
2302 1660 2408 1707 tam
2437 1654 2804 1710 sacratissimo
2828 1656 3082 1710 comitatu
3113 1670 3272 1725 quam
3302 1652 3449 1709 omni
3480 1669 3576 1722 per

1991 1747 2319 1813 provinciam
2363 1750 2777 1818 metropolitana
2824 1751 3045 1806 civitate
3096 1752 3381 1820 pellantur.
3435 1750 3574 1804 Nulli

1991 1837 2210 1906 insuper
2243 1840 2665 1912 Eutychiauista:
2698 1843 2783 1897 vel
2816 1844 3215 1912 Apollinarista:
3247 1842 3459 1914 publice
3489 1843 3575 1897 vel

1992 1929 2240 1999 privatim
2275 1942 2445 1987 castus
2473 1942 2525 1988 et
2555 1933 2786 1990 circulos
2826 1935 3181 1991 contrahendi
3212 1943 3268 1990 et
3293 1926 3578 1989 de'errore

1991 2021 2247 2078 hmretico
2299 2024 2603 2094 disputandi
2666 2035 2759 2079 aut
2818 2028 3227 2096 perversitatem
3286 2025 3573 2080 [λείποι-(νεὶ

1988 2112 2257 2183 dogmatis
2297 2117 2573 2171 asserendi
2625 2117 2889 2171 tribuatur
2939 2116 3360 2172 facultasznulli
3412 2115 3570 2169 etiam

1988 2212 2175 2258 contra
2203 2205 2568 2260 venerabilem
2599 2207 3099 2262 Cbalcedonensem
3131 2208 3392 2276 synodum
3418 2206 3575 2260 liceat

1988 2294 2189 2362 aliquid
2240 2296 2323 2351 vel
2365 2297 2566 2351 dictare
2597 2298 2678 2352 vel
2722 2299 2985 2363 scribere,
3036 2301 3121 2353 vel
3188 2299 3366 2367 legere
3415 2308 3576 2366 atque

1989 2387 2242 2443 emittere
2272 2388 2617 2444 autaliorum
2666 2404 2828 2459 super
2877 2391 3064 2445 eadem
3111 2405 3168 2444 re
3204 2390 3401 2457 scripta
3448 2404 3575 2455 pro-

1990 2478 2356 2534 ferrememo
2408 2480 2710 2547 huiusmodi
2759 2480 2957 2534 habere
3000 2480 3199 2546 libros,
3230 2478 3576 2547 et.sacrilega

1988 2571 2309 2641 scriptorum
2352 2572 2540 2627 audeat
2586 2583 2931 2628 monumenta
2962 2586 3201 2626 servare.
3227 2570 3380 2638 Quod
3409 2570 3453 2624 si
3483 2571 3577 2638 qui

1990 2662 2043 2716 in
2076 2664 2157 2717 his
2188 2661 2505 2718 criminibus
2547 2662 2743 2718 fuerint
2782 2662 3125 2732 deprehensi,
3180 2669 3432 2731 perpetua
3473 2659 3580 2715 de-

1990 2754 2294 2823 portatione
2325 2752 2647 2809 damnentur
2671 2770 2685 2818 ;
2733 2768 2825 2809 eos
2852 2768 2981 2808 vero
3009 2752 3098 2822 qui
3126 2750 3369 2808 discendi
3398 2749 3582 2806 studio

1989 2843 2259 2901 audierint
2285 2846 2355 2901 de
2394 2846 2624 2901 infausta
2667 2844 2859 2901 haeresi
2906 2844 3261 2914 disputantes,
3295 2843 3483 2897 decem
3517 2841 3581 2896 li-

1989 2939 2203 2994 brarum
2245 2939 2358 3013 auri
2398 2955 2516 3009 qua:
2546 2938 2675 2995 lisco
2705 2948 2891 2993 nostro
2925 2936 3224 2992 inferenda:
3260 2946 3386 2990 sunt
3423 2933 3579 3004 jube-

1988 3046 2107 3085 mus
2148 3030 2330 3087 subire
2373 3029 2754 3100 dispendium;
2802 3045 2989 3085 omnes
3028 3042 3154 3083 vero
3202 3026 3574 3097 hujuscemodi

1990 3121 2190 3177 charta:
2220 3136 2283 3176 ac
2312 3120 2468 3187 libri,
2516 3119 2607 3189 qui
2655 3121 2923 3174 funestum
2975 3116 3304 3189 Eutychetis,
3335 3115 3438 3170 hoc
3467 3124 3569 3181 est,

1993 3214 2317 3285 Apollinaris
2364 3213 2569 3269 fuerint
2614 3212 2810 3283 dogma
2851 3212 3141 3282 complexi,
3174 3210 3422 3266 incendio
3448 3223 3582 3263 con-

1989 3316 2315 3371 crementur,
2349 3315 2409 3360 ut
2447 3305 2761 3360 facinorosae
2793 3303 3159 3374 perversitatis
3200 3302 3420 3369 veStigia
3464 3301 3577 3367 ipsa

1992 3396 2222 3451 ﬂammis
2251 3397 2494 3450 ambu~ta
2520 3395 2835 3464 depereant,
2882 3408 3091 3462 mquam
3139 3406 3372 3460 namque
3402 3399 3486 3444 est
3522 3398 3582 3447 ut

1992 3487 2379 3543 immanissima
2418 3486 2697 3557 sacrilegia
2745 3500 2840 3556 par
2883 3499 3057 3555 pinnas
3107 3482 3416 3553 magnitudo
3459 3496 3581 3551 per.-

1991 3578 2183 3645 cellat,
2204 3576 2407 3633 Palladi
2441 3592 2635 3648 parens
2656 3578 2975 3633 eharissime
3001 3584 3162 3647 atque
3188 3574 3579 3633 amantissime,

1992 3671 2219 3731 illustris
2268 3672 2427 3743 igitur
2475 3679 2531 3727 et
2574 3671 2856 3743 magnilica
2899 3670 3189 3725 auctoritas
3221 3677 3309 3723 tua
3334 3682 3453 3739 quae
3484 3667 3583 3722 hac

1995 3762 2365 3819 Sacratissima
2405 3762 2786 3818 constitutione
2827 3760 3187 3828 decrevimus,
3218 3760 3271 3815 in
3302 3758 3401 3814 bac
3440 3757 3584 3814 alma

1994 3854 2125 3911 urbe
2154 3855 2492 3925 diversisque
2523 3855 2815 3924 provinciis
2845 3870 2907 3909 ac
2937 3855 3207 3925 praacipue
3233 3858 3305 3933 .in
3346 3853 3581 3908 Alexan-

1995 3947 2147 4001 drina
2175 3946 2411 4009 civitate,
2443 3955 2495 4000 et
2527 3960 2623 4014 per
2654 3946 2956 3999 universam
2986 3945 3357 4015 JEgyptiacam
3383 3943 3583 3999 dioece-

1994 4036 2095 4090 sim
2126 4033 2313 4090 edictis
2333 4048 2397 4089 ex
2430 4047 2578 4087 more
2608 4029 2917 4102 propositis,
2946 4034 3012 4087 ad
3042 4034 3287 4088 omnium
3336 4034 3579 4089 notitiam

1998 4126 2159 4183 faciat
2202 4127 2500 4196 pervenire,
2547 4136 2604 4181 ut
2634 4136 2822 4181 cuncta
2847 4143 2965 4197 qua:
2996 4127 3248 4182 Statuitur
3281 4126 3332 4180 in
3368 4141 3463 4180 eos
3489 4126 3579 4195 qui

1999 4220 2077 4275 rei
2111 4218 2307 4275 fuerint
2335 4218 2659 4289 deprehensi
2689 4217 2947 4272 severitas
2971 4216 3211 4285 protinus
3245 4226 3581 4277 exerceatur,

1999 4309 2299 4365 scientibus
2354 4307 2789 4363 moderatoribus
2843 4306 3245 4374 provinciarum
3290 4320 3585 4374 eorumque

1998 4402 2418 4473 apparitoribus,
2465 4400 2847 4457 defensoribus
2885 4400 3051 4454 etiam
3095 4400 3389 4454 civitatum.
3429 4398 3586 4469 113

301 4515 730 4572 congregentur.
772 4504 927 4573 Quod
958 4505 1001 4559 si
1036 4503 1263 4560 fecerint
1290 4514 1343 4560 et
1373 4504 1475 4559 hoc
1504 4504 1698 4558 factum
1729 4502 1891 4558 fuisse
1919 4500 2153 4573 DQuod
2179 4500 2224 4555 si
2263 4516 2324 4555 ea
2350 4516 2469 4569 qua:
2513 4498 2644 4569 legis
2676 4496 2834 4567 hujus
2872 4494 3274 4565 religiosissima
3309 4490 3586 4546 sanctione

296 4594 529 4649 domino
582 4595 799 4651 volente
846 4597 1169 4665 constiterit,
1216 4607 1339 4666 post
1382 4613 1495 4652 rem
1530 4598 1582 4652 in
1614 4598 1891 4652 examina-

294 4686 453 4742 tione
500 4686 700 4757 iudicis
742 4690 1093 4757 approbatum
1141 4689 1333 4744 domus
1386 4688 1466 4743 vel
1520 4688 1789 4757 possessio
1839 4687 1891 4741 in

293 4794 465 4849 quam
510 4781 861 4836 convenerint
893 4781 1019 4835 lisco
1050 4782 1169 4837 sine
1196 4781 1451 4835 dilatione
1482 4779 1739 4844 societur,
1774 4795 1892 4832 mo-

294 4869 602 4923 nasterium
636 4885 765 4924 vero
794 4870 911 4937 ejus
943 4869 1180 4925 civitatis
1219 4870 1535 4925 orthodoxae
1564 4870 1809 4924 ecclesiae
1840 4870 1891 4923 in

291 4961 458 5031 cuius
498 4960 773 5017 territorio
821 4964 979 5035 112
1009 4972 1090 5016 est
1112 4962 1367 5031 iubemus
1388 4961 1602 5025 addici;
1650 4962 1694 5015 si
1739 4976 1890 5025 vero,

292 5054 591 5122 ignorante
637 5052 880 5119 domino,
931 5053 1134 5109 sciente
1174 5070 1301 5109 vero
1335 5054 1423 5124 qui
1477 5054 1763 5122 pensiones
1792 5053 1891 5106 do-

234 5156 243 5195 !
290 5160 421 5198 tuus
452 5143 644 5213 exigit,
663 5144 749 5198 vel
777 5146 1105 5200 conductore
1127 5145 1209 5200 vel
1237 5154 1584 5214 procuratore
1608 5145 1689 5197 vel
1715 5150 1895 5197 actore

236 5242 248 5279 μ’
287 5232 490 5302 praedii
538 5248 901 5305 parasynaxes
941 5242 996 5290 et
1022 5236 1399 5289 conventicula
1444 5234 1724 5289 interdicta
1767 5248 1896 5285 con-

284 5325 576 5393 venerint,
620 5326 915 5381 conductor
964 5327 1048 5382 vel
1101 5337 1437 5395 procurator,
1470 5327 1584 5381 sive
1635 5336 1783 5380 actor
1810 5324 1894 5378 vel

282 5421 613 5491 quicunque
662 5421 716 5475 in
764 5421 981 5475 domum
1022 5423 1105 5477 vel
1146 5424 1545 5491 possessionem
1594 5420 1679 5476 vel
1712 5435 1896 5473 mona-

281 5512 528 5567 sterium
579 5506 905 5582 receperint,
949 5528 1013 5569 ac
1041 5515 1182 5584 passi
1215 5514 1415 5570 fuerint
1437 5514 1654 5570 illicitas
1674 5526 1897 5583 parasy-
1916 5585 1939 5596 ᾗ

361 5676 388 5739 ξ·
443 5665 559 5739 τῇ..
594 5665 654 5739 [Β.
690 5666 789 5739 5.,
820 5666 883 5721 Τ.
916 5666 971 5733 Ι,
1001 5667 1054 5739 2.
1081 5668 1172 5737 U.,
1197 5669 1287 5735 6.,
1317 5685 1539 5739 quoque.

362 5736 393 5774 δ
442 5735 564 5811 ρεη
593 5736 653 5789 Β.
690 5729 784 5799 κη’
832 5738 891 5794 E.
919 5729 971 5807 δέ
1006 5737 1069 5795 Τ.
1099 5729 1168 5808 1,’
1202 5729 1284 5809 2(
1314 5729 1400 5811 0.,
1432 5729 1508 5795 ἀα
1552 5754 1899 5810 quemcunque

277 5810 515 5863 citerius
548 5808 611 5861 lo.
633 5823 739 5860 tun.

1997 4589 2349 4645 custodienda
2404 4591 2742 4644 decrevimus
2782 4596 2875 4641 aut
2914 4584 3251 4655 neglexerint
3290 4591 3381 4636 aut
3409 4582 3585 4648 aliqua

1998 4682 2341 4753 permiserint
2393 4683 2693 4736 temeritate
2740 4680 2948 4741 violari,
2984 4678 3242 4732 dcnarum
3270 4671 3295 4711 δ
3330 4675 3585 4730 librarum

1998 4778 2112 4830 auri
2159 4776 2397 4829 mulctati
2442 4776 2573 4830 lisco
2620 4783 2881 4841 cogantur
2925 4772 3144 4833 inferre,
3176 4771 3393 4838 insuper
3422 4768 3582 4823 etiam

1999 4866 2412 4923 existimationis
2454 4881 2565 4921 suae
2614 4866 2909 4936 periculum
2958 4862 3320 4918 sustinebunt.
3353 4861 3423 4916 Ea
3456 4875 3589 4929 quot-

2000 4978 2104 5033 que
2135 4976 2253 5032 qua:
2282 4960 2347 5016 de
2371 4958 2599 5030 Paganis
2640 4972 2739 5027 per
2773 4971 2934 5012 omne
2974 4955 3271 5010 Romanum
3304 4950 3585 5021 imperium

2002 5054 2278 5123 mqualiter
2308 5053 2536 5107 valitura
2564 5049 2915 5119 perennitatis
2945 5060 3142 5103 nosmc
3187 5047 3305 5113 lege
3330 5040 3583 5096 decrevi-

2003 5161 2123 5202 mus
2150 5145 2537 5201 instantissime
2566 5143 2618 5198 in
2648 5157 2744 5198 eos
2776 5139 3148 5200 exerceantur,
3178 5150 3310 5204 quos
3333 5133 3590 5188 constite-

2007 5239 2072 5292 rit
2105 5238 2354 5308 prolanos
2396 5239 2527 5291 ritus
2558 5246 2612 5289 et
2640 5234 3047 5289 simulacrorum
3082 5228 3280 5296 impios
3322 5224 3496 5280 cultus
3536 5234 3591 5277 et

2006 5330 2283 5385 interdicta
2330 5331 2429 5383 sibi
2473 5325 2753 5396 sacrilegia
2794 5321 3091 5376 celebrare.
3142 5319 3330 5375 Datum
3367 5316 3468 5370 sub
3498 5313 3591 5368 die

2005 5421 2362 5478 Kalendarum
2409 5417 2632 5489 Augusti
2689 5412 3185 5483 Constantinopoli,
3215 5411 3341 5465 divo
3400 5407 3590 5461 Valen-

2009 5514 2213 5570 tiniano
2238 5526 2335 5567 vui
2368 5519 2422 5568 et
2446 5507 2736 5566 Anthemio
2756 5506 2888 5563 viris
2910 5504 3222 5562 clarissimis
3254 5498 3586 5557 consulibus.

2082 5690 2103 5716 c
2146 5676 2259 5741 Ᾱζη
2290 5674 2507 5743 fustibus
2536 5672 2732 5741 publice
2760 5677 2980 5743 centum.
3113 5735 3147 5743 _
3190 5732 3224 5743 _
3324 5733 3333 5743 ,
3469 5732 3477 5742 ,

2079 5747 2102 5784 ά
2150 5732 2307 5804 Deest
2334 5747 2469 5802 forte
2490 5732 2696 5817 pondus
2728 5743 2809 5797 Vel
2836 5738 3081 5811 pretium.
3113 5732 3273 5803 8.8.,
3301 5732 3589 5787 denarium.
