4056 6178
530 313 636 372 I79

1209 309 1591 366 COLLECTIO
1629 308 1955 365 (“NONUM
2002 310 2059 367 S.
2102 308 2371 367 lSlDORO
2413 309 2679 367 HISPAL.
2724 310 3084 367 ASCRIPTA.

3700 315 3804 370 180

522 427 760 496 Epistola
802 428 1021 483 formata
1070 425 1224 480 Attici
1270 426 1497 498 episcopi
1533 423 2108 497 Constantiuopoiitani.
2140 432 2187 489 Α
2219 426 2379 481 flcsnt
2408 440 2713 491 numerum,
2753 426 2894 480 Petri
2923 439 3136 497 quoque
3160 425 3388 493 apostoli
3416 427 3587 496 prima
3622 428 3801 486 littera

595 520 783 575 Grreca
804 518 1071 575 elementa
1121 517 1445 584 litterarum,
1504 531 1758 573 numeros
1802 517 1962 573 etiam
2008 532 2109 573 ex-

528 611 788 679 primere,
823 609 1001 664 nullus
1029 608 1121 678 qui
1151 607 1234 663 vel
1267 607 1499 663 tenuiter
1526 604 1699 663 Graeci
1726 607 1988 663 sermonis
2016 622 2110 662 no-

526 701 700 755 tiziam
733 701 891 758 habet
928 701 1161 771 ignorat.
1211 700 1286 754 Ne
1326 700 1559 771 igiturin
1591 700 1849 756 faciendis
1871 701 2112 770 epistolis

523 792 817 861 canonicis,
858 805 993 861 quas
1031 806 1147 847 mos
1179 790 1403 847 Latinus
1435 792 1697 848 formatas
1718 794 1974 863 appellat,
2007 793 2110 848 ali-

522 900 626 954 qua
670 884 817 939 fraus
846 883 1093 938 falsitatis
1122 894 1325 940 temere
1357 894 1796 952 praesumeretur,
1825 886 1925 939 hoc
1952 899 1979 938 a
2013 883 2113 939 Pa-

522 974 692 1028 tribus
746 974 907 1047 114
955 976 1214 1030 trecentis
1253 976 1441 1030 decem
1488 985 1542 1030 et
1590 984 1713 1031 octo
1756 975 1929 1031 Nicaea
1974 991 2109 1030 cnn-

521 1066 754 1136 gregatis
802 1065 1160 1122 saluberrime
1206 1066 1478 1123 inventum
1516 1075 1600 1123 est
1644 1077 1700 1123 et
1740 1068 2108 1131 constitutum,

528 1167 585 1212 ut
614 1156 859 1214 formata:
890 1161 1134 1230 epistola:
1163 1162 1300 1217 hanc
1327 1162 1699 1219 calculationis
1727 1179 1821 1219 seu
1854 1174 2111 1232 supputa-

521 1246 681 1303 tionis
732 1250 962 1307 habeant
1007 1253 1291 1319 rationem,
1341 1254 1391 1308 id
1424 1264 1527 1318 est,
1581 1264 1640 1308 ut
1690 1269 2030 1310 assumantur
2059 1258 2109 1310 in

516 1340 893 1408 supputatione
924 1344 1093 1412 prima
1122 1343 1309 1399 Graeca
1349 1345 1612 1401 elementa
1646 1346 1842 1414 Patris,
1872 1357 1925 1401 et
1967 1347 2107 1415 Filii,

520 1439 577 1484 et
622 1431 852 1501 Spiritus
906 1437 1098 1503 sancti,
1154 1436 1254 1493 hoc
1296 1447 1381 1492 est
1419 1449 1478 1503 II,
1509 1450 1569 1505 Υ,
1600 1449 1660 1503 Δ,
1694 1455 1813 1509 quas
1844 1440 2108 1496 elementa

517 1523 916 1591 uctogenarium
943 1534 999 1580 et
1026 1525 1575 1596 quadrigentesimum
1598 1538 1653 1584 et
1677 1528 1906 1597 primum
1937 1528 2107 1601 signi-

518 1672 2318 1712 Μ

2219 517 2270 572 id
2295 528 2377 572 est
2403 527 2465 586 Π,
2502 517 2590 585 qui
2622 532 2902 572 numerum
2942 518 3339 587 octogenarium
3370 518 3657 587 signiﬁcat,
3688 524 3809 590 ejus

2220 624 2431 680 quoque
2452 612 2539 679 qui
2571 610 2759 665 scribit
2784 609 3018 678 episc0pi
3056 609 3223 677 prima
3258 608 3457 677 littera,
3486 612 3640 681 cujus
3668 615 3808 669 scri-

2221 703 2363 757 bitur
2410 702 2679 767 secunda,
2736 700 3048 769 accipientis
3104 702 3285 765 tertia,
3343 700 3522 761 littera
3571 703 3809 760 civitatis

2220 805 2433 861 quoque
2454 791 2521 846 de
2544 806 2646 863 qua
2677 792 2927 845 scribitur
2952 799 3139 859 quarta
3173 833 3188 857 ,
3218 800 3272 845 et
3300 790 3630 861 indictionis,
3662 809 3810 863 qua:-

2224 898 2435 953 cuuque
2462 893 2546 938 est
2578 883 2855 950 temporis,
2888 883 3029 937 idem
3059 883 3147 951 qui
3180 881 3341 937 fuerit
3371 898 3626 938 numerus
3653 899 3809 939 assu-

2222 985 2400 1031 matur
2428 993 2441 1029 :
2473 985 2631 1046 atque
2656 978 2729 1032 ita
2756 974 2840 1029 bis
2865 974 3111 1030 omnibus
3140 972 3341 1029 Grzecis
3368 975 3561 1029 litteris
3581 991 3721 1044 quas,
3752 988 3807 1031 ut

2219 1069 2472 1135 diximus,
2504 1080 2761 1122 numeros
2788 1067 3093 1136 exprimunt
3121 1066 3175 1120 in
3213 1080 3377 1119 unum
3416 1065 3613 1130 ductis,
3643 1046 3829 1120 unam'

2220 1172 2553 1226 quiscunque
2595 1157 2820 1211 collecta
2850 1154 3011 1210 fuerit
3039 1170 3302 1209 summam
3332 1155 3557 1225 epistola
3588 1168 3801 1211 teneat:

2222 1250 2360 1304 hanc
2397 1250 2485 1319 qui
2526 1248 2772 1317 suscipit,
2804 1248 2949 1302 omni
3000 1262 3119 1302 cum
3164 1248 3377 1303 cautela
3424 1250 3664 1317 requirat
3701 1265 3805 1302 es-

2221 1357 2488 1412 pressum,
2517 1342 2682 1396 addat
2706 1350 2964 1410 prtcterea
2991 1343 3285 1410 separatim
3313 1342 3365 1394 in
3391 1342 3615 1407 epistola
3644 1343 3801 1394 etiam

2219 1436 2636 1504 nonagenarium
2684 1444 2739 1489 et
2786 1448 2985 1488 nonum
3034 1449 3315 1489 numerum
3370 1436 3460 1503 qui
3507 1434 3800 1488 secundum

2217 1528 2402 1584 Graeca
2425 1527 2687 1582 elementa
2717 1524 3020 1595 signiﬁcant
3059 1513 3126 1610 (ξ
3151 1535 3211 1581 Θ.

2725 1688 3801 1717 m

1310 1821 2028 1949 AFRIC/E
2116 1819 3024 1952 CONCILIA.

2110 2128 2274 2205 XII

1549 2302 1918 2359 CONCILIUM
1958 2303 2539 2361 CARTHAGINENSE
2578 2304 2785 2363 ΡΜΜο
2798 2306 2843 2362 Μ

1662 2456 2139 2509 QUINQUAGINTA
2188 2454 2214 2484 ⁸
2260 2457 2720 2503 ΕΡΙΞΟΟΡΟΒΗΠ.

591 2584 726 2641 Cum
787 2581 987 2641 Gratus
1041 2580 1333 2654 episcopus
1379 2581 1719 2654 Carthaginis
1768 2583 1821 2637 in
1876 2582 2105 2637 concilio
2141 2585 2183 2644 Β
2210 2582 2320 2636 lum
2364 2583 2802 2655 rebaptizationis
2835 2588 2898 2655 ῖς
2941 2595 2996 2643 et
3036 2588 3376 2646 sanctitatem
3423 2603 3653 2651 vestram
3703 2614 3807 2667 po-

532 2693 636 2734 nna
680 2692 801 2733 cum
834 2675 1053 2748 collegis
1090 2676 1203 2730 suis
1227 2674 1561 2731 consedisset
1585 2673 1611 2712 ι»
1635 2682 1688 2729 ct
1715 2674 1803 2746 qui
1836 2689 1898 2728 ex
1930 2674 2105 2729 diver-

517 2775 596 2827 als
644 2768 931 2840 provinciis
986 2766 1253 2823 Africanis
1306 2766 1373 2821 ad
1419 2763 1794 2836 Carthaginem
1840 2779 2109 2821 convene-

520 2872 668 2930 runt,
699 2863 850 2919 Felix
883 2875 904 2903 ο
938 2861 1281 2931 Bajauensis,
1315 2859 1733 2915 Fortunatianus
1761 2856 2105 2929 Capsitanus,

518 2953 827 3012 Crescentis
857 2953 1134 3023 Bagensis,
1168 2951 1443 3007 Vindicius
1480 2951 1893 3019 Lacubacensis,
1926 2952 2107 3006 Abun-

517 3045 735 3101 dautius
779 3044 1183 3109 Adrumetinus,
1232 3042 1479 3098 Privatus
1508 3042 1942 3113 Bejeiselitanus,
1966 3042 2107 3099 Gau-

515 3136 732 3190 dentius
766 3134 1316 3201 Turretamalliensis,
1357 3134 1607 3203 Epartius
1649 3134 1907 3197 Sicensis,
1946 3134 2109 3202 Quie-

520 3237 603 3281 lus
635 3226 926 3293 Uticensis,
957 3226 1217 3281 Romulus
1261 3226 1604 3290 Tebestinus,
1635 3234 1691 3281 et
1744 3227 1925 3281 cmteri
1970 3242 2103 3296 quo-

516 3330 637 3371 rum
696 3328 889 3370 manus
942 3316 1317 3380 continentur,
1376 3314 1520 3369 idem
1569 3315 1767 3370 Gratus
1819 3315 2105 3384 episcopus

520 3407 659 3463 dixit
685 3425 702 3466 :
741 3406 953 3463 Gratias
977 3408 1085 3464 Deo
1110 3408 1473 3477 omnipotenti
1502 3416 1557 3463 et
1584 3407 1805 3464 Christo
1836 3407 1986 3477 Jesu,
2015 3410 2102 3477 qui

516 3499 660 3555 dedit
677 3500 830 3555 malis
846 3499 1223 3555 schismatibus
1245 3498 1272 3535 ά
1292 3499 1452 3554 ﬁnem
1476 3508 1531 3554 et
1555 3499 1790 3568 respexit
1808 3499 2104 3554 Ecclesiam

520 3607 698 3657 suam;
731 3601 788 3646 ut
820 3593 871 3647 in
900 3592 1015 3662 ejus
1045 3592 1309 3661 gremium
1340 3594 1571 3661 erigeret
1591 3591 1834 3646 universa
1866 3590 2105 3645 membra

516 3682 802 3751 dispersa;
855 3682 946 3751 qui
995 3682 1279 3750 imperavit
1328 3681 1746 3752 religiosissimo
1791 3678 2105 3738 Constantio

523 3784 547 3810 ε
576 3774 886 3842 imperatori
934 3783 992 3829 ut
1039 3783 1223 3829 votum
1262 3782 1476 3845 gereret
1518 3774 1757 3839 unitatis,
1786 3782 1841 3829 et
1872 3775 2105 3830 mitteret

522 3864 803 3920 ministros
844 3867 1025 3935 operis
1061 3865 1234 3921 sancti
1265 3865 1494 3920 famulos
1529 3865 1621 3920 Del
1658 3865 1879 3920 Paulum
1906 3872 1963 3921 et
1991 3864 2101 3920 Ma-

515 3958 743 4017 carium.
772 3957 849 4013 Ex
881 3959 971 4014 Dei
1003 3974 1131 4030 ergo
1164 3968 1293 4013 nutu
1329 3958 1635 4030 congregati
1668 3959 1733 4013 ad
1761 3958 2014 4013 unitatem
2042 3968 2103 4013 ut

518 4064 616 4117 per
638 4049 880 4107 diversas
908 4052 1214 4121 provincias
1234 4051 1460 4106 concilia
1488 4051 1884 4106 celebraremus
1914 4060 1968 4105 et
1993 4050 2103 4105 uui-

514 4156 683 4197 verste
715 4143 1005 4212 provinciae
1049 4143 1241 4199 Africa:
1285 4143 1547 4199 hodierno
1578 4142 1666 4197 die
1693 4142 1907 4197 concilii
1934 4144 2101 4213 gratia

516 4234 582 4288 ad
625 4233 1012 4305 Carthaginem
1066 4235 1341 4290 veniretur
1386 4252 1398 4288 :
1454 4233 1594 4289 unde
1638 4234 2102 4289 considerantibus

519 4326 663 4380 vobis
689 4341 810 4380 cum
849 4326 1224 4381 mediocritate
1251 4340 1391 4391 mea,
1428 4334 1724 4379 tractentur
1754 4326 1885 4380 tituli
1918 4340 2101 4381 neces-

514 4416 670 4482 sarii,
701 4416 769 4471 de
798 4417 993 4488 quibus
1019 4431 1244 4472 necesse
1269 4423 1354 4471 est
1380 4432 1477 4472 nos
1507 4431 1773 4472 memores
1802 4426 2101 4487 prmccpto-

516 4521 637 4561 rum
690 4506 998 4562 divinorum
1026 4516 1082 4562 et
1110 4508 1406 4577 magisterii
1448 4508 1843 4577 Scripturarum
1887 4518 2102 4562 sancta-

515 4613 660 4662 rum,
688 4600 1121 4667 contemplantes
1166 4598 1385 4653 unitatis
1427 4608 1659 4668 tempus,
1700 4600 1751 4653 id
1783 4600 1848 4654 de
1876 4598 2099 4669 singulis

512 4686 756 4757 definire,
782 4691 922 4760 quod
957 4704 1055 4745 nec
1081 4688 1350 4760 Carthago
1385 4691 1625 4759 vigorem
1656 4690 1788 4760 legis
1823 4690 2095 4760 infringat,

513 4792 615 4832 nec
658 4786 834 4835 tamen
874 4791 1114 4852 tempore
1141 4782 1361 4837 unitatis
1390 4781 1589 4853 aliquid
1616 4782 1959 4837 durissimum
1990 4793 2099 4838 sta-

512 4879 743 4928 luamus.

520 4964 676 5035 115
723 4964 760 5019 Ι.
826 4965 891 5020 Ut
941 4966 1220 5049 baptisma;
1269 4968 1322 5021 in
1381 4966 1628 5022 Trinitate
1676 4977 1934 5038 susceptus
1991 4985 2095 5023 non

1187 5048 1415 5093 iteremr.

585 5148 744 5219 Ergo,
772 5149 816 5204 si
848 5150 999 5206 vobis
1030 5150 1223 5221 placet,
1255 5151 1660 5208 consideremus
1699 5153 1929 5222 primum
1973 5156 2097 5209 titu-

2212 2676 2354 2730 stulo
2394 2685 2452 2731 ut
2499 2678 2699 2733 mentis
2746 2688 2944 2734 vestrae
2993 2680 3183 2751 placita
3218 2682 3546 2752 producatis,
3594 2702 3661 2741 an
3711 2692 3807 2746 de-

2210 2765 2555 2822 scendentem
2589 2768 2641 2822 in
2678 2784 2869 2839 aquam
2912 2779 2967 2825 et
3015 2773 3400 2844 interrogatum
3447 2776 3500 2830 in
3545 2777 3807 2836 Trinitatis

2209 2858 2506 2914 secundum
2529 2858 2808 2930 Evangelii
2838 2862 2997 2919 fldem
3022 2874 3075 2919 et
3102 2868 3471 2935 apostolorum
3502 2870 3804 2928 doctrinam

2210 2959 2264 3004 et
2310 2949 2620 3006 confessum
2671 2953 2863 3009 bonam
2905 2956 3295 3013 conseientiam
3328 2961 3380 3014 iu
3416 2961 3579 3018 Deum
3613 2964 3680 3020 de
3709 2982 3801 3022 re-

2208 3045 2545 3098 surrectione
2591 3044 2717 3099 Jcsu
2762 3046 2997 3115 Christi,
3050 3050 3207 3105 liccat
3245 3054 3434 3108 iterum
3484 3055 3805 3129 interrogari

2208 3131 2262 3185 in
2291 3133 2479 3188 eadem
2512 3134 2617 3190 fide
2645 3144 2701 3190 et
2728 3136 2780 3190 in
2810 3153 2944 3207 aqua
2976 3138 3173 3194 iterum
3206 3140 3378 3213 tingi?
3413 3143 3661 3201 Universi
3690 3150 3805 3216 epi-

2215 3223 2365 3291 scopi
2414 3224 2664 3281 dixerunt
2688 3236 2711 3274 8
2740 3245 2754 3283 :
2781 3228 2973 3295 Absit;
3006 3230 3248 3287 illicitam
3294 3236 3439 3289 enim
3470 3252 3593 3293 esse
3623 3241 3803 3295 sanci-

2208 3330 2328 3370 mus
2358 3316 2858 3387 rebaptizationem,
2885 3329 2939 3373 et
2966 3325 3099 3375 satis
3128 3338 3247 3378 esse
3275 3326 3501 3381 alienam
3533 3344 3562 3382 a
3588 3329 3802 3386 sincera

2209 3406 2313 3462 fide
2340 3416 2396 3461 et
2425 3422 2453 3461 a
2484 3409 2745 3463 catholica
2779 3411 3085 3479 disciplina.

2340 3497 2400 3551 ΙΙ.
2440 3498 2513 3552 De
2542 3510 2825 3570 martyrum
2865 3506 3117 3573 sepulcris
3161 3518 3208 3561 et
3248 3509 3665 3579 honorificentia.

2284 3586 2482 3641 Gratus
2530 3590 2817 3661 episcopus
2862 3594 3033 3649 dixit:
3066 3597 3248 3668 Magna
3292 3600 3567 3657 beatitudo
3607 3619 3638 3658 a
3690 3605 3803 3661 Deo

2213 3679 2370 3735 Patre
2400 3696 2497 3751 per
2523 3681 2795 3741 Christum
2843 3687 3129 3744 Dominum
3167 3705 3425 3747 concessa
3458 3704 3539 3748 est
3570 3697 3799 3764 tempori

2209 3783 2418 3843 nostro,
2444 3786 2500 3830 ut
2527 3778 2687 3833 liceat
2718 3780 2985 3852 religiosis
3017 3783 3289 3838 mentibus
3319 3784 3593 3842 insinuare
3622 3790 3801 3845 eccle-

2206 3868 2481 3923 siasticam
2526 3869 2889 3941 disciplinam,
2922 3882 2976 3927 ut
3006 3874 3278 3931 auditores
3310 3879 3670 3949 percipientes
3700 3896 3796 3937 re-

2129 3936 2175 3997 (ἶ
2208 3958 2384 4028 gulam
2416 3971 2614 4015 rectam
2644 3971 2697 4016 et
2728 3962 2838 4017 Deo
2870 3965 3114 4033 placeant
3143 3976 3197 4021 et
3227 3969 3441 4035 praemia
3478 3973 3798 4029 meritorum

2205 4049 2465 4106 bonorum
2514 4054 2834 4125 percipiant,
2884 4066 2939 4111 ut
2969 4058 3019 4111 in
3052 4057 3179 4128 ipsis
3210 4060 3350 4115 Deus
3384 4062 3432 4115 in
3465 4065 3715 4119 omnibus
3743 4075 3802 4122 et

2206 4156 2305 4211 pro
2328 4143 2579 4199 omnibus
2616 4146 2933 4205 honoretur.
2970 4151 3252 4209 Discussus
3280 4163 3365 4209 est
3396 4156 3577 4212 titulus
3610 4174 3801 4214 neces-

2204 4235 2378 4290 sarius
2422 4238 2884 4310 rebaptizatlonis,
2936 4245 2987 4299 in
3020 4260 3125 4315 quo
3173 4245 3258 4319 [T.
3304 4246 3356 4312 2,
3405 4251 3457 4304 in
3507 4249 3639 4323 qua]
3683 4254 3800 4322 plus

2205 4328 2565 4386 scltismaticis
2608 4332 2789 4389 rabies
2827 4336 3200 4407 delitescebat,
3234 4349 3287 4395 ct
3315 4342 3557 4397 adhibita
3609 4346 3801 4400 rnode-

2204 4421 2433 4489 ratione,
2470 4423 2603 4493 legis
2634 4425 2786 4496 vigor
2814 4435 2871 4482 et
2896 4430 3197 4484 auctoritas
3226 4432 3492 4487 custodita
3524 4444 3607 4489 est
3629 4452 3644 4491 :
3670 4435 3796 4490 illud

2202 4528 2332 4568 sane
2372 4516 2783 4584 sapientissimis
2820 4519 3011 4574 vestris
3050 4522 3300 4577 sensibus
3349 4524 3624 4582 insinuare
3665 4544 3795 4582 con-

2205 4605 2388 4674 tendo,
2424 4607 2549 4663 licet
2588 4620 2763 4664 vestra
2797 4611 3083 4681 prudentia
3131 4613 3201 4668 sit
3249 4615 3507 4670 instructa
3537 4626 3589 4671 et
3619 4633 3647 4669 a
3685 4618 3798 4674 Deo

2202 4701 2378 4768 ducta,
2411 4710 2465 4758 et
2497 4712 2767 4758 mereatur
2799 4706 2850 4759 in
2883 4721 3010 4773 pace
3039 4720 3090 4761 et
3124 4708 3325 4763 unizate
3355 4710 3610 4778 consequi
3641 4712 3797 4765 desu-

2205 4808 2301 4862 per
2330 4808 2551 4849 munera
2584 4795 2753 4865 larga,
2805 4804 2978 4851 tamen
3030 4807 3083 4852 et
3125 4813 3224 4868 ego
3273 4814 3408 4854 unus
3445 4816 3509 4854 ex
3557 4803 3711 4857 vobis
3742 4814 3796 4858 et

2201 4890 2289 4956 qui
2337 4901 2515 4956 parem
2549 4888 2826 4942 vobiscum
2868 4888 3281 4946 sollicitudinem
3330 4908 3510 4961 geram
3564 4904 3795 4964 [ποριεῖ

2201 4978 2616 5034 ecclesiaSticnm
2648 4978 2887 5033 ordinem
2920 4981 3046 5035 i'lud
3080 4983 3348 5036 insinuare
3379 4984 3580 5039 Curabo
3608 5003 3620 5041 :
3653 5001 3795 5040 mar.

2202 5080 2379 5142 tyrum
2437 5072 2748 5142 dignitatem
2802 5090 2961 5127 nemo
3012 5076 3261 5140 profanus
3316 5074 3562 5143 infamet,
3623 5094 3795 5148 neque

2202 5164 2415 5234 passiva
2464 5178 2691 5234 corpora
2743 5181 2859 5235 quc
2905 5166 3190 5234 sepultura:
3222 5176 3422 5221 tantum
3453 5168 3792 5237 proptcrmi-

583 5281 839 5363 f_Deer_at
859 5286 1230 5363 episcOporum
1260 5302 1513 5363 numerus
1538 5288 1588 5341 in
1613 5288 1811 5343 Codice
1835 5288 2084 5358 Lucensi,
2118 5298 2168 5360 ο
2268 5308 2289 5336 ο
2331 5299 2396 5353 Τ.
2426 5301 2478 5360 l,
2503 5299 2558 5363 2,
2592 5298 2947 5353 Constantino.

507 5349 599 5423 qui
626 5352 677 5423 in
712 5334 930 5423 re'iquirs
952 5334 1073 5409 cum
1098 5362 1159 5412 Α.
1185 5334 1565 5415 conveniebat.

508 5421 725 5545 disZeEx
757 5421 867 5491 ’ὦχ’
897 5424 1063 5491 Β’“”
1086 5427 1151 5481 Τ’
1178 5430 1231 5497 ι’
1258 5430 1314 5497 2,
1342 5432 1430 5498 υα,
1455 5430 1520 5485 G.
1554 5430 1609 5485 In
1628 5430 1693 5487 Α.
1721 5430 1853 5486 etE.
1883 5430 2092 5498 5,rese-

586 5531 706 5645 ἔιίῇ
738 5563 857 5632 ιΕ.,
882 5565 937 5621 Β.
1092 5567 1165 5645 .Ε.
1188 5567 1241 5645 3,
1272 5570 1335 5623 Τ.
1366 5569 1495 5635 1,2,
1547 5570 1760 5645 nomina
1814 5572 2092 5645 epis_c0p0-

510 5648 626 5712 rum
674 5638 727 5690 in
772 5651 897 5690 casu
946 5638 1177 5693 ablativo
1225 5639 1389 5694 locata
1436 5651 1597 5697 sunt:
1630 5639 1801 5697 Felice
1828 5638 1862 5708 ,⁷
1898 5640 2087 5697 Fortu-

509 5713 735 5770 natiano,
766 5714 872 5760 etc.

579 5770 602 5808 ἀ
646 5773 709 5831 Τ.
745 5776 794 5839 l,
815 5773 868 5841 2,
902 5777 1052 5831 matis
1074 5780 1374 5835 sclrismatis.

2276 5368 2293 5406 τ
2318 5369 2371 5423 In
2392 5368 3179 5435 Codicibus:rebaptidiationis.
3205 5372 3337 5425 Aliis
3363 5385 3489 5425 vero
3512 5370 3643 5424 lucis
3669 5372 3790 5437 qni-

2196 5439 2317 5494 datn
2347 5441 2575 5495 Codices
2607 5440 2963 5507 rebaptizatio,
3010 5442 3221 5510 qudam
3255 5440 3621 5508 rebaptidiafio
3652 5443 3785 5494 scri-

2200 5511 2330 5565 bere
2380 5511 2594 5566 solent:
2629 5518 2788 5580 atque
2820 5514 2870 5563 in
2899 5525 3005 5564 uno
3045 5510 3344 5581 eodemque
3376 5510 3581 5565 Codice
3611 5510 3790 5565 diver-

2208 5596 2323 5635 sam
2356 5581 2511 5651 liujus
2539 5580 2686 5635 vocis
2716 5580 3306 5651 scripturamgreperire
3330 5584 3406 5637 fas
3436 5581 3567 5637 erit.

2268 5662 2292 5697 ε
2334 5646 2439 5717 ΑΞ(
2469 5651 2527 5706 Β.
2568 5652 2656 5715 R.,
2704 5652 2765 5705 Τ.
2826 5646 2877 5719 ἰ,
2916 5650 2970 5714 '2,
3009 5649 3095 5718 U.,
3129 5652 3218 5719 G.,
3270 5653 3507 5707 dixerunt
3540 5667 3559 5705 :
3602 5652 3785 5714 Absit,

2194 5722 2342 5776 absit.
