4060 6184
421 272 521 327 181

1352 272 1630 330 ΛΡΊἏΙΟιΕ
1665 273 2001 332 CONCILIA.
2036 300 2112 319 --
2148 271 2725 331 CARTHAGINENSE
2762 272 2801 328 I.

3586 280 3692 339 182

416 384 770 441 sericordiam
817 382 1234 441 ecclesiasticam
1275 387 1641 443 commendari
1694 389 2000 445 mandatum
2032 388 2084 448 Δ
2110 400 2283 457 neque
2305 387 2444 458 apud
2465 402 2524 443 se
2550 388 2812 455 detinere,
2843 387 2936 443 sed
2964 403 3139 460 neque
3187 392 3379 451 laicum
3434 414 3691 472 usurpare

417 486 505 532 est
537 475 800 547 tedigant,
850 484 943 531 aut
980 475 1183 530 insania
1228 481 1584 547 praecipitatos
1634 488 1728 536 aut
1765 482 1868 537 alia
1920 496 2008 537 ra-

418 567 569 623 tione
618 565 825 637 peccati
870 566 1153 634 discretos,
1212 582 1315 623 non
1366 569 1574 625 ratione
1627 571 1711 628 vel
1765 580 2007 642 tempore

414 660 749 728 competenti
774 673 880 729 quo
912 659 1169 730 martyria
1194 659 1551 731 celebrantur,
1583 673 1875 736 martyrum
1906 679 2005 721 no-

413 767 542 805 men
574 744 884 821 appéllent:
913 758 1009 805 aut
1052 750 1099 806 si
1150 752 1268 821 quis
1316 752 1369 807 in
1412 753 1660 822 injuriam
1708 764 2001 827 martyrum

412 840 653 896 claritati
691 854 879 895 eorum
922 840 1181 911 adjungot
1218 841 1459 909 insanos,
1489 846 1662 913 placet
1686 859 1778 899 eos
1806 846 1851 900 si
1883 845 2004 901 laici

411 942 566 997 sunt,
598 932 666 986 ad
709 932 1084 1002 paenitentiam
1116 932 1389 1005 redigizsi
1436 945 1612 990 autem
1652 945 1777 992 sunt
1821 938 2002 994 clerici

412 1035 541 1098 post
580 1027 1054 1083 commonitionem
1088 1035 1194 1088 t{et
1228 1037 1350 1098 post
1387 1030 1745 1099 cognitionem
1796 1031 2000 1087 honore

415 1116 636 1186 privari.
661 1116 902 1174 Universi
922 1116 1207 1173 dixerunt:
1243 1119 1577 1191 1161lecte
1599 1121 1782 1177 statuit
1804 1122 2001 1177 sancti-

417 1216 503 1264 tas
533 1218 744 1275 vestra;
791 1210 891 1266 hoc
922 1218 976 1265 et
1004 1210 1226 1281 singulis
1253 1213 1495 1268 conciliis
1521 1222 1777 1270 statutum
1800 1224 1901 1270 est.

412 1301 505 1356 III.
542 1301 611 1356 Ut
635 1302 809 1357 clerici
835 1303 910 1374 vel
930 1303 1346 1374 sanctimoniales
1375 1305 1580 1374 femina:
1602 1322 1718 1358 cum
1747 1308 1999 1361 extraneis

788 1373 911 1426 viris
942 1373 1017 1426 vel
1038 1374 1239 1443 feminis
1266 1373 1637 1431 non’ltabitent.

481 1459 678 1515 Gratus
722 1461 1010 1531 episcopus
1049 1462 1183 1518 dixit
1211 1480 1225 1519 :
1251 1465 1316 1518 Et
1362 1464 1493 1520 illud
1525 1468 1813 1537 przecipne,
1846 1468 1890 1522 si
1921 1469 1999 1523 vi-

412 1549 578 1605 detur
618 1560 809 1607 vestrae
846 1551 1158 1624 dilectioni,
1209 1556 1505 1611 cavendum
1545 1568 1627 1613 est
1669 1567 1728 1613 ut
1764 1560 1995 1629 pastoris

410 1658 597 1699 curam
631 1653 888 1715 quantum
918 1646 1079 1703 debet
1121 1659 1176 1703 et
1218 1658 1399 1717 potest
1439 1651 1631 1720 regalis
1662 1652 1995 1723 providentia

2108 480 2211 535 sibi
2242 479 2308 536 de
2335 481 2492 550 plebe
2513 482 2704 547 aliena,
2738 493 2795 537 ιιι
2825 497 2949 539 eum
2974 484 3187 541 ordinet
3226 488 3343 545 sine
3362 494 3691 554 conscientia

2109 569 2226 638 ejus
2267 571 2507 640 episcopi
2545 572 2612 628 de
2650 572 2803 643 cujus
2836 574 2991 643 plebe
3033 584 3136 629 est.
3169 576 3366 635 Gratus
3407 585 3695 654 episcopus

2108 660 2272 716 dixit:
2303 663 2427 717 Ilmc
2450 664 2727 719 observata
2751 681 2836 721 res
2859 682 3042 735 pacem
3066 669 3322 738 custodit,
3350 688 3472 728 nam
3502 685 3558 730 et
3579 693 3694 733 me-

2107 754 2239 809 mini
2271 756 2591 812 sanctissimi
2622 756 2835 813 concilii
2879 758 3216 816 Sardicensis
3246 764 3493 823 similiter
3524 778 3694 823 statu-

2109 852 2247 911 tum,
2279 847 2521 903 ut‘ncmo
2549 848 2765 904 alterius
2793 849 2966 918 plebis
2998 850 3267 909 hominem
3298 856 3399 910 sibi
3449 868 3688 930 usurpet,

2104 937 2199 991 sed
2228 936 2272 990 si
2304 936 2442 992 forte
2481 939 2585 993 erit
2611 942 2975 997 necessarium
3021 943 3367 1013 ordinationi,
3398 957 3457 1002 ut
3497 950 3563 1004 de
3612 951 3690 1007 vi-

2104 1028 2227 1084 cino
2251 1029 2410 1084 homo
2430 1030 2499 1085 sit
2528 1034 2882 1100 necessarius,
2908 1043 3052 1102 petat
3080 1050 3109 1089 a
3141 1036 3339 1107 collega
3369 1055 3467 1093 suo
3490 1054 3542 1096 et
3563 1058 3685 1097 cnn-

2102 1133 2319 1175 sensum
2348 1121 2539 1177 Itabeat
2562 1133 2608 1176 ε.

2107 1231 2191 1286 γι.
2225 1232 2293 1288 Ut
2322 1235 2491 1289 clerici
2515 1245 2656 1291 actus
2685 1239 3007 1293 swcularium
3054 1242 3131 1295 vel
3156 1245 3539 1313 procurationes
3585 1265 3695 1304 non.

2695 1375 2710 1392 .
2740 1313 3043 1378 suscipiant.

2174 1392 2414 1450 Nicasius
2458 1396 2748 1467 episcopus
2777 1398 3122 1457 Gulusitanus
3168 1406 3335 1463 dixit:
3367 1410 3543 1466 Credo
3576 1414 3687 1479 pla-

2099 1501 2223 1542 cere
2249 1489 2644 1557 suggestionem
2677 1506 2849 1546 meam
2872 1496 3138 1549 sanctitati
3168 1506 3384 1568 vestrae,
3416 1512 3472 1558 et
3498 1501 3683 1571 displi-

2098 1590 2224 1632 cere
2251 1578 2400 1633 vobis
2436 1580 2609 1649 utqui
2656 1582 2896 1638 serviunt
2940 1586 3048 1640 Deo
3086 1597 3141 1641 et
3169 1591 3353 1644 annixi
3384 1601 3507 1646 sunt
3542 1593 3688 1649 clero

2098 1671 2355 1726 accedant
2386 1672 2410 1710 ει
2432 1673 2497 1727 ad
2528 1686 2680 1729 actus
2708 1683 2762 1729 et
2784 1675 3300 1735 administrationem
3330 1683 3413 1737 vel
3438 1699 3688 1753 procura-

404 1745 517 1789 ¹⁰ι³
548 1738 895 1843 Ρξξεωρηξίιίο
1012 1739 1177 1843 num:
1208 1740 1368 1797 Ῑῖεθδῑ
1392 1745 1663 1843 επίξδηείε
1702 1743 1771 1797 ab
1800 1743 1990 1843 amici“
2024 1738 2073 1802 Β
2102 1762 2300 1818 tionem
2324 1763 2626 1819 domorum.
2654 1764 2848 1820 Gratus
2879 1767 3162 1839 cpiscopus
3187 1772 3347 1827 dixit:
3376 1738 3451 1827 Et.
3474 1786 3688 1843 aposto-

410 1824 619 1881 carnali
672 1827 1067 1885 abstinentibus
1125 1830 1341 1887 diverse
1389 1832 1590 1902 pariter
1627 1837 1990 1903 commorari;

400 1917 716 1974 occasiones
742 1919 889 1975 enim
913 1923 1255 1991 amputandae
1282 1932 1405 1979 sunt
1424 1934 1787 1995 peccatorum,
1815 1936 1870 1982 et
1894 1926 1994 1981 tol-

400 2008 581 2065 lendae
633 2026 823 2069 omnes
862 2014 1213 2082 suspiciones,
1258 2016 1450 2086 quibus
1489 2018 1759 2075 subtilitas
1796 2019 1993 2075 diaboli

400 2102 506 2154 sub
530 2113 793 2171 praetextu
832 2104 1110 2162 ebaritatis
1152 2115 1209 2163 et
1257 2107 1560 2165 dilectionis
1608 2112 1850 2168 incautas
1878 2115 1993 2168 ani-

399 2205 522 2246 mas
559 2193 645 2249 vel
684 2195 897 2265 ignaras
943 2196 1157 2254 irretire
1203 2202 1507 2260 consuevit.
1537 2202 1722 2261 Nullus
1744 2206 1907 2278 igitur
1936 2216 1991 2263 et

399 2285 551 2338 nulla
593 2288 959 2343 sanctimoniae
992 2297 1049 2345 et
1074 2291 1370 2361 virginitati
1420 2294 1730 2353 deserviens
1771 2310 1993 2370 propter

406 2373 799 2441 blasphemiam
830 2378 1102 2447 Ecclesiae,
1131 2381 1177 2437 si
1208 2382 1359 2439 vobis
1388 2385 1582 2455 placet,
1616 2389 1666 2441 in
1693 2404 1793 2442 una
1825 2391 1989 2445 domo

406 2465 628 2534 penitus
670 2471 987 2527 commorari
1038 2488 1147 2529 non
1195 2474 1376 2532 debet.
1427 2477 1669 2535 Universi
1699 2482 1987 2541 dixerunt:

400 2554 511 2622 Qui
553 2557 746 2615 nolunt
802 2562 1005 2620 nubere
1052 2573 1106 2621 et
1153 2566 1422 2636 pudicitiae
1471 2571 1744 2626 meliorem
1793 2574 1993 2642 eligunt

405 2653 615 2714 partem
651 2650 820 2707 vitare
846 2650 1044 2708 debent
1071 2670 1178 2710 non
1212 2658 1384 2712 solum
1416 2657 1654 2716 habitare
1684 2664 1862 2729 simul,
1894 2665 1988 2721 sed

354 2756 507 2809 ,nec
538 2741 739 2802 habere
785 2748 854 2803 ad
898 2763 958 2805 se
1001 2749 1229 2821 aliquem
1280 2768 1556 2811 accessum
1586 2758 1725 2812 :hoc
1767 2773 1893 2829 ergo
1937 2770 1993 2814 et

403 2830 490 2887 lex
520 2834 677 2903 jubet
707 2845 761 2891 ct
795 2840 1051 2896 sanctitas
1100 2853 1278 2899 vestra
1326 2846 1687 2914 commendat,
1734 2848 1833 2903 hoc
1860 2850 1989 2905 etin

404 2924 629 2996 singulis
671 2929 917 2987 conciliis
946 2948 975 2989 a
1007 2934 1158 2990 nobis
1182 2944 1437 2993 statutum
1466 2947 1552 2994 est
1578 2936 1628 2994 δ.
1662 2938 1855 2997 Gratus
1878 2943 1992 3012 epi-

402 3032 602 3090 scopus
645 3023 781 3079 dixit
816 3040 830 3079 :
865 3026 1005 3098 Ergo
1062 3032 1340 3100 persuasio
1384 3034 1656 3091 interdum
1705 3036 1992 3104 prudentes
2016 3089 2062 3115 η

399 3116 537 3166 sotet
566 3128 755 3172 arcere
781 3132 809 3171 a
841 3120 1099 3189 peccatis,
1129 3137 1252 3177 cum
1290 3125 1655 3195 imprudentes
1683 3128 1847 3185 debet
1870 3146 1985 3185 me-

402 3212 491 3259 tus
522 3203 826 3277 bujnsmodi
857 3214 1248 3286 constringere,
1279 3218 1324 3272 si
1350 3232 1540 3274 sanum
1583 3221 1867 3276 consilium
1897 3237 1986 3277 re-

401 3307 604 3363 spuunt
648 3309 703 3355 et
744 3302 981 3360 salutare
1026 3306 1335 3364 mandatum
1366 3311 1450 3376 ;si
1497 3327 1627 3381 ergo
1678 3313 1799 3369 laici
1839 3323 1982 3381 sunt,

405 3397 536 3457 post
588 3397 1057 3455 commonitionem
1110 3402 1157 3456 si
1198 3405 1641 3473 contempserint,
1680 3421 1707 3458 a
1746 3421 1985 3461 comnm-

402 3483 568 3538 nione
607 3497 951 3558 separentur;
1004 3494 1049 3549 si
1072 3494 1252 3551 clerici
1280 3506 1425 3563 sunt,
1459 3498 1661 3554 honore
1690 3498 1981 3569 priventur.

402 3571 647 3630 Universi
671 3577 919 3636 dixerunt
947 3597 962 3636 :
986 3581 1191 3651 Placet,
1222 3586 1417 3655 placet.

400 3662 488 3717 IV.
528 3662 597 3719 Ut
626 3683 743 3721 cum
769 3669 935 3725 viduis
962 3673 1039 3727 vel
1068 3675 1313 3731 vidnabus
1349 3688 1600 3733 extranea:
1623 3699 1856 3751 persona:
1882 3701 1983 3740 non

994 3758 1391 3803 commoremur.

468 3824 665 3880 Gratus
713 3831 995 3901 episcopus
1045 3834 1221 3891 dixit:
1256 3838 1375 3894 Etsi
1433 3840 1639 3897 inﬁnita
1691 3858 1817 3899 sunt
1865 3863 1983 3918 qua:

398 3916 516 3986 lege
538 3922 854 3991 praescripta
885 3932 1012 3979 sunt
1034 3927 1363 3995 proﬁcientia
1394 3932 1709 4003 disciplinae,
1737 3945 1793 3990 et
1820 3916 1983 3992 unus-

392 4007 630 4078 quisque
678 4022 924 4068 nostrum
969 4026 1201 4074 tractatu
1235 4020 1451 4077 assiduo
1477 4033 1532 4079 et
1558 4028 1981 4085 commonitione

393 4099 660 4169 frequenti
705 4104 941 4175 singulas
983 4125 1221 4181 quasque
1262 4116 1470 4182 species
1514 4117 1857 4185 proﬁcientes
1908 4124 1974 4175 ad

399 4193 746 4264 disciplinam
778 4201 975 4268 puterit
1009 4203 1220 4274 populis
1250 4206 1538 4274 intimare;
1589 4216 1766 4264 tamen
1807 4211 1980 4279 aliqua

392 4300 460 4341 ex
492 4287 577 4342 bis
600 4299 821 4361 propter
855 4292 1239 4363 blasphemiam
1269 4301 1598 4371 suggerenda
1628 4311 1752 4357 sunt
1775 4318 1804 4356 a
1829 4304 1983 4358 nobis

394 4390 453 4434 et
484 4382 537 4435 in
570 4384 804 4439 concilio
834 4387 1114 4443 statuenda
1141 4406 1153 4441 :
1185 4390 1230 4443 si
1268 4392 1475 4447 videtur
1507 4394 1679 4463 vobis,
1711 4395 1823 4464 pari
1854 4410 1978 4451 sen-

391 4472 561 4527 tentia
611 4484 897 4533 teneantur
945 4479 1108 4534 etiam
1154 4481 1233 4547 hi,
1270 4487 1362 4552 qnl
1390 4498 1510 4539 eum
1540 4486 1713 4543 viduis
1742 4502 1982 4544 commo-

392 4575 586 4617 rantur
635 4575 689 4620 et
729 4568 870 4622 nulla
901 4583 1020 4625 cum
1051 4585 1110 4627 se
1136 4575 1489 4643 germanitate
1528 4579 1795 4647 conjuncti
1837 4591 1980 4636 sunt.

392 4653 644 4710 Universi
675 4658 929 4713 dixerunt
960 4676 974 4715 :
1010 4662 1078 4717 Et
1109 4666 1259 4729 juxta
1290 4666 1479 4720 viduos
1508 4677 1561 4722 et
1584 4671 1773 4724 viduas
1793 4673 1978 4728 eadem

395 4746 480 4797 lex
515 4758 729 4802 maneat
749 4757 803 4804 et
828 4753 1115 4808 sententia.

394 4838 553 4906 117
598 4836 659 4890 V.
696 4839 763 4893 Ut
797 4842 975 4896 clerici
1016 4854 1061 4897 et
1105 4845 1227 4899 laici
1269 4848 1321 4901 in
1364 4850 1574 4904 alterius
1625 4853 1833 4909 ecclesia
1879 4872 1982 4910 non

1026 4918 1347 4972 ordinentur.

466 4998 715 5058 Privatus
762 5007 1050 5078 cpiscopus
1092 5010 1493 5080 Bejeiselitanus
1534 5014 1695 5072 dixit:
1745 5018 1984 5091 Snggero

334 5072 344 5096 ’
386 5096 666 5149 sanctitati
718 5109 933 5168 vestrm,
967 5110 1025 5156 ut
1049 5109 1297 5160 statuatis
1348 5122 1451 5161 non
1483 5108 1681 5165 debere
1727 5072 1982 5167 clericum

382 5184 625 5241 alienum
664 5190 732 5245 ab
758 5191 938 5262 aliquo
966 5195 1168 5264 suscipi
1217 5198 1333 5254 sine
1367 5199 1567 5256 litteris
1596 5203 1831 5272 episcopi
1875 5204 1979 5271 sui,

430 5352 487 5421 ἰ·
533 5344 611 5398 Ex
650 5345 763 5418 .16.,
808 5348 873 5404 Τ.
902 5349 959 5421 2,
994 5351 1081 5419 υ..
1112 5353 1173 5409 G.
1204 5355 1259 5410 lu
1289 5357 1353 5411 Α.
1384 5366 1438 5413 et
1460 5359 1682 5429 reliquis
1708 5378 1721 5415 :
1749 5377 1980 5417 commu-

380 5429 614 5469 utonem.

465 5484 493 5523 δ
649 5486 807 5563 Q.,_a
839 5492 984 5563 nobis
1012 5494 1086 5549 sic
1111 5497 1469 5563 conﬁrmatum
1498 5511 1587 5555 aut
1615 5511 1859 5558 statutum
1886 5514 1978 5560 est.

468 5566 491 5630 ξ
516 5554 724 5630 Β.
748 5560 838 5626 IL,
868 5562 933 5617 Τ.
967 5565 1018 5630 I,
1054 5565 1140 5629 U...
1165 5554 1252 5629 GI,
1278 5585 1573 5626 concessum
1604 5554 1799 5628 Ital-cat.

463 5620 493 5661 ἀ
524 5626 580 5682 In
609 5620 1018 5689 Codicib'us.....'
1043 5620 1143 5690 non
1171 5620 1435 5695 accedant.

466 5704 488 5730 ε
524 5695 613 5763 U.,
644 5710 690 5752 et
724 5718 980 5759 nemo.....
1012 5709 1233 5762 accedet.

2096 1854 2267 1911 lorum
2294 1864 2493 1912 statuta
2513 1867 2637 1913 sunt
2665 1875 2785 1929 quae
2834 1859 3055 1918 dicunt:
3102 1862 3268 1920 Nemo
3310 1866 3539 1920 militans
3581 1866 3687 1921 Deo

2095 1948 2277 2017 ingerit
2306 1963 2361 2001 se
2378 1948 2591 2019 negotiis
2611 1950 2976 2005 swcularibus:
3016 1954 3238 2022 proinde
3259 1965 3351 2009 aut
3378 1955 3562 2013 clerici
3580 1960 3687 2012 sint

2096 2035 2213 2092 sine
2236 2037 2536 2091 actionibus
2565 2039 2867 2106 domorum,
2886 2049 2977 2097 aut
3001 2050 3212 2098 actores
3232 2045 3348 2101 sine
3376 2045 3553 2101 ofticio
3578 2046 3684 2102 cle-

2096 2131 2351 2186 ricorum.
2384 2133 2629 2189 Universi
2654 2134 2944 2190 dixerunt:
2980 2137 3091 2192 lloc
3116 2139 3484 2194 observemus.

2095 2240 2208 2296 VII.
2252 2240 2321 2297 Ut
2351 2244 2524 2297 clerici
2546 2245 2621 2299 vel
2647 2244 2769 2298 laici
2803 2247 2855 2298 in
2883 2246 3052 2299 aliena
3077 2247 3289 2301 ecclesia
3316 2265 3418 2302 non
3458 2266 3682 2304 ceruum-

2439 2316 2608 2369 nicent
2637 2317 2744 2369 sine
2773 2316 2954 2369 litteris
2993 2318 3215 2388 episcopi
3235 2320 3335 2373 sui.

2164 2402 2449 2461 Cassianus
2473 2406 2752 2463 Usulensis
2780 2407 3065 2477 episcOpus
3090 2409 3250 2464 dixit:
3270 2410 3481 2466 Statuat
3503 2413 3682 2481 gravi-

2093 2504 2175 2549 tas
2223 2506 2425 2564 vestra,
2474 2507 2532 2551 ut
2573 2500 2935 2567 unusquisque
2962 2499 3192 2555 clericus
3241 2500 3327 2555 vel
3364 2500 3532 2557 laicus
3575 2519 3680 2557 non

2090 2576 2490 2643 communicent
2514 2587 2568 2642 iu
2600 2589 2699 2642 alia
2734 2589 2887 2657 plebe
2914 2589 3031 2645 sine
3079 2590 3273 2647 litteris
3300 2592 3536 2663 episcOpi
3568 2596 3671 2649 sui.

2091 2680 2286 2736 Gratus
2311 2681 2594 2752 episcopus
2625 2682 2798 2737 dixit:
2847 2682 2960 2739 Nisi
2998 2684 3099 2740 hoc
3135 2685 3476 2741 observatum
3514 2687 3673 2743 fuerit

2091 2775 2400 2830 communio
2428 2774 2517 2831 [let
2546 2777 2791 2845 passiva;
2826 2792 2950 2832 nam
2979 2778 3023 2832 si
3049 2793 3173 2835 cunt
3204 2779 3398 2836 litteris
3426 2791 3678 2850 receptus

2091 2864 2272 2932 fuerit,
2300 2876 2354 2922 et
2403 2869 2686 2923 concordia
2739 2870 2877 2924 inter
2922 2870 3203 2941 episcopos
3259 2880 3503 2928 servatur
3542 2882 3568 2911 ⁸
3621 2882 3679 2927 ιιι

2092 2972 2249 3012 nemo
2276 2959 2485 3015 subtilis
2506 2959 2726 3015 alterius
2747 2961 2954 3031 fugiens
2977 2964 3404 3020 communionem
3423 2964 3490 3018 ad
3511 2964 3674 3018 alium

2096 3047 2323 3105 latenter
2346 3049 2584 3105 accedat.
2623 3050 2869 3107 Universi
2897 3052 3175 3108 dixerunt:
3206 3054 3464 3110 Omnibus
3492 3056 3676 3125 provi-

2096 3139 2191 3195 des
2216 3149 2270 3196 et
2298 3140 2444 3196 clero
2471 3152 2526 3195 ct
2556 3142 2704 3197 laicis
2728 3144 3018 3197 consulens
3048 3141 3094 3199 τ.

2093 3249 2222 3306 VIII.
2268 3250 2336 3305 Ut
2370 3252 2617 3323 implicati
2655 3255 2866 3323 negotiis
2907 3254 3110 3318 alienis,
3142 3258 3244 3310 nisi
3281 3267 3433 3311 antea
3475 3258 3679 3311 reddita

2454 3323 2650 3375 ratione
2667 3324 2841 3377 clerici
2863 3340 2962 3378 non
2983 3326 3300 3380 ordinentur.

2159 3429 2373 3500 Magnus
2403 3430 2687 3501 cpiscopus
2731 3433 3080 3503 Astuageusis
3116 3433 3283 3487 dixit:
3348 3434 3484 3502 Quid
3534 3435 3672 3491 dile-

2085 3524 2247 3578 ctioni
2280 3532 2470 3578 vestra:
2502 3523 3120 3594 videtur,procuratores
3150 3532 3201 3580 et
3224 3533 3676 3593 actores,tutores

2086 3616 2249 3670 etiam
2281 3629 2374 3669 seu
2401 3624 2679 3669 curatores
2707 3615 3029 3685 pupillorum
3063 3616 3110 3671 si
3140 3617 3372 3672 debeant
3402 3618 3679 3674 ordinari?

2089 3707 2284 3763 Gratus
2309 3708 2596 3777 episcOpus
2624 3707 2790 3763 dixit:
2823 3707 2880 3764 Si
2910 3716 3032 3779 post
3061 3709 3306 3779 deposita
3346 3712 3592 3766 universa
3623 3721 3678 3767 et

2085 3800 2289 3855 reddita
2318 3801 2476 3871 118
2510 3801 2786 3856 ratiocinia
2820 3811 2844 3848 κ
2873 3812 3023 3858 actus
3052 3804 3170 3856 vitae
3208 3803 3447 3872 ipsorum
3482 3803 3678 3859 fuerint

2083 3888 2413 3955 Comprobati
2438 3891 2488 3942 in
2520 3890 2787 3957 omnibus,
2806 3890 3039 3947 debeant
3063 3902 3117 3948 et
3137 3908 3257 3948 cum
3288 3895 3443 3950 laude
3477 3896 3605 3951 clcri
3629 3896 3674 3950 si

2086 3979 2378 4049 postulatus
2410 3979 2566 4033 fuerit
2597 3980 2800 4036 honore
2842 3985 3140 4049 munerari;
3180 3987 3223 4039 si
3248 3985 3390 4039 enim
3437 3998 3561 4041 ante
3605 3987 3669 4040 I‘i-

2084 4073 2343 4128 bertatem
2393 4075 2731 4144 negotiorum
2777 4075 2859 4129 vel
2905 4074 3205 4129 ofﬁciorum
3242 4078 3311 4130 ab
3341 4078 3520 4147 aliquo
3552 4080 3673 4134 sine

2083 4164 2510 4221 consideratione
2541 4166 2703 4222 luerit
2742 4164 3041 4231 ordinatus,
3076 4165 3316 4223 Ecclesia
3363 4169 3669 4225 infamatur.

2087 4255 2331 4313 Universi
2359 4258 2606 4315 dixerunt
2627 4276 2640 4316 :
2675 4260 2839 4315 Recte
2859 4261 3039 4315 omnia
3063 4262 3251 4316 statuit
3270 4262 3529 4317 sanctitas
3554 4274 3671 4330 tua,

2084 4347 2204 4404 ideo
2229 4364 2348 4419 qua:
2380 4358 2466 4405 tua
2491 4360 2591 4417 est,
2616 4362 2795 4408 nostra
2824 4359 2907 4408 est
2932 4367 3145 4424 quoque
3168 4356 3458 4410 sententia.

2012 4434 2060 4495 θ
2086 4460 2179 4516 IX.
2215 4461 2281 4517 Ut
2307 4463 2425 4517 laici
2456 4466 2661 4519 clericos
2696 4477 2890 4522 actores
2908 4470 2986 4521 vel
3018 4470 3398 4525 ratiocinatores
3430 4471 3526 4525 sibi
3573 4489 3671 4525 non

2711 4542 3041 4593 constituant.

2157 4648 2358 4702 Mettun
2385 4648 2686 4703 Cannensis
2712 4648 2739 4686 ιι
2777 4651 3060 4719 episcopus
3090 4652 3255 4707 dixit:
3307 4654 3467 4711 Recte
3505 4666 3673 4711 statu-

2088 4747 2196 4793 tum
2227 4747 2311 4792 est
2338 4747 2397 4794 ut
2434 4739 2653 4794 obnoxii
2688 4743 2916 4812 negotiis
2946 4743 3136 4798 alienis
3174 4760 3279 4798 non
3324 4747 3667 4813 ordinentur;

2086 4836 2265 4883 tamen
2297 4830 2342 4884 si
2369 4828 2596 4897 dimissi,
2628 4840 2683 4885 et
2705 4835 2903 4901 gratias
2932 4834 3135 4890 referre
3153 4835 3349 4891 debent
3377 4847 3430 4893 et
3457 4854 3487 4892 a
3515 4840 3673 4895 cleri-

2085 4935 2268 4977 corum
2290 4922 2484 4993 injuria
2511 4931 2839 4993 temperare:
2871 4936 2925 4982 et
2968 4928 3099 4997 ipsis
3126 4945 3233 4985 non
3262 4932 3418 4987 liceat
3458 4934 3538 4986 vel
3570 4933 3671 4985 do-

2088 5016 2246 5073 minis
2275 5015 2498 5073 clericos
2522 5027 2734 5075 nostros
2760 5021 2960 5092 eligere
2992 5024 3365 5091 apothecarios
3395 5026 3477 5079 vel
3506 5028 3671 5079 ratiu-

2086 5109 2369 5166 cinatores.
2406 5110 2598 5168 Gratus
2627 5114 2911 5184 episcOpus
2939 5116 3100 5169 dixit:
3145 5117 3284 5170 Nulli
3330 5117 3548 5172 dubium
3586 5130 3668 5174 est

2086 5202 2225 5269 quod
2263 5217 2450 5259 omnes
2478 5204 2560 5258 vel
2586 5204 2784 5259 domini
2808 5206 2889 5259 vel
2922 5214 3293 5271 procuratores
3324 5206 3406 5261 vel
3434 5209 3668 5278 quicun-

2163 5359 2179 5398 ί
2202 5362 2284 5438 _Ex_
2318 5364 2537 5438 reliquis
2563 5362 2850 5438 Codicibus
2870 5361 3146 5434 desumpta
3166 5365 3279 5423 bare
3296 5368 3470 5424 lectio.
3498 5371 3554 5425 In
3575 5375 3637 5427 Α.
3654 5415 3668 5438 ,

2086 5444 2139 5486 ut
2163 5433 2359 5486 clericis
2386 5442 2437 5486 et
2465 5434 2595 5487 laico
2622 5432 2955 5488 consulentes.

2157 5511 2183 5551 ι
2218 5503 2295 5558 Ex
2324 5503 2385 5560 U.
2419 5505 2471 5557 In
2492 5505 2553 5557 Α.
2579 5513 2633 5558 et
2663 5503 2903 5574 reliquis,
2927 5506 3195 5561 ratiocinia
3224 5509 3267 5563 si
3295 5519 3473 5567 actus:
3509 5511 3668 5570 addi-

2086 5584 2171 5644 tur
2197 5576 2380 5644 itaque
2392 5574 2436 5628 si
2459 5575 2597 5642 quod
2624 5573 2919 5631 redundare
2950 5578 3118 5632 visum
3140 5589 3239 5634 est.

2158 5643 2183 5682 ιι
2208 5643 2774 5722 *Μειίιιι-αηε-ηδίε.
2808 5646 2870 5701 Τ.
2899 5650 2976 5715 ‘2.,
3011 5647 3183 5704 Melan
3213 5654 3530 5709 canonensis.
3578 5654 3665 5722 υ..

2086 5715 2175 5784 6.,
2210 5714 2311 5769 Met
2336 5714 2698 5771 Tuncancnsis.
