4056 6178
460 276 559 334 1⁸85

1102 278 1483 357 COLLECTIO
1520 280 1849 339 CANONUM
1903 284 1964 340 S.
2010 283 2280 343 ISIDORO
2321 285 2585 342 IIISPAL.
2632 287 2991 347 ASCRII'TA.

3631 303 3724 359 ιει

453 407 557 461 que
599 397 855 460 prmum,
898 405 1020 445 cum
1082 390 1352 447 audierint
1394 391 1745 447 saluberrima
1796 392 2036 448 instituta
2070 402 2118 457 A
2146 395 2342 452 Gratus
2371 399 2656 468 episcopus
2685 403 2849 457 dixit:
2886 404 3101 459 Factum
3148 405 3251 461 hoc
3290 407 3581 466 dolendum
3629 427 3729 479 est.

452 485 664 541 concilii
710 494 763 539 et
791 484 893 539 sibi
932 499 1053 540 esse
1094 485 1397 540 consultum
1424 499 1523 539 nec
1558 485 1892 554 impeditum,
1915 502 2042 556 pro-

456 577 626 645 priam
660 575 977 632 inhibebant
1009 575 1256 644 injuriam
1285 574 1339 629 in
1366 574 1578 630 clericis
1605 574 1803 630 nostris
1830 592 1844 642 ;
1897 576 2036 645 quod

453 667 498 721 si
529 667 583 721 in
612 666 860 736 injuriam
880 664 1282 719 constitutionis
1313 662 1673 730 imperatoria:
1702 662 1935 718 clericos
1957 662 2041 718 in-

454 759 770 831 quietsndos
815 757 1145 828 putaverint,
1178 765 1234 810 et
1261 755 1502 813 defensio
1526 755 1887 811 ecclesiastica
1934 770 2040 811 non

454 854 627 909 deerit
652 862 704 907 et
729 850 900 919 pudor
931 849 1173 918 publicus
1197 849 1573 904 vindieabitur.
1614 848 1861 905 Universi
1888 849 2042 905 dixe-

451 953 573 998 runt
594 960 606 996 :
630 941 1004 996 Saluberrima:
1028 941 1362 1011 provisione:
1391 939 1688 995 debuerunt
1712 949 1860 996 tanto
1881 940 2041 996 condi

450 1033 695 1088 cnttcilio.

450 1126 494 1181 Χ
506 1166 521 1181 .
540 1125 618 1179 Ne
633 1127 901 1193 episcopus
916 1126 1124 1179 alterius
1147 1125 1367 1195 episc0pi
1379 1124 1547 1195 plebes
1563 1136 1649 1181 aut
1672 1127 1796 1193 ﬁnes
1813 1135 2039 1197 usurpet.

520 1217 665 1272 Felix
690 1216 979 1286 episcopus
1005 1215 1247 1285 Bajensis
1277 1218 1439 1270 dixit:
1472 1216 1659 1271 Nullus
1696 1217 1856 1273 debet
1881 1219 2044 1274 colle-

444 1323 525 1376 ga:
554 1308 729 1362 facere
761 1306 1031 1376 injuriam,
1064 1306 1217 1360 multi
1249 1306 1393 1361 enim
1423 1314 1477 1362 et
1499 1308 1880 1362 transcendunt
1917 1322 2042 1363 suas

447 1406 504 1452 et
543 1406 801 1465 usurpant
838 1396 1044 1450 alienas
1070 1395 1275 1463 plebes,
1314 1396 1442 1463 ipsis
1467 1396 1671 1451 invitis.
1709 1396 1904 1451 Gratus
1926 1397 2043 1467 epi-

445 1490 813 1558 scopusdixit:
841 1488 1093 1543 Avaritia:
1118 1488 1460 1557 cupiditatem
1488 1498 1509 1525 ιι
1535 1489 1769 1545 radicem
1801 1490 2037 1544 omnium

451 1583 714 1635 malorum
748 1595 868 1635 esse
897 1595 1053 1634 nemo
1083 1590 1165 1635 Cal
1194 1581 1283 1650 qui
1314 1580 1519 1635 dubitet
1548 1579 1575 1619 ι)
1602 1597 1615 1634 :
1641 1580 1865 1650 proinde
1903 1581 2041 1635 inhi-

443 1672 677 1727 bendum
696 1682 775 1726 est
799 1686 868 1729 ne
888 1671 1007 1741 quis
1023 1671 1226 1726 alienos
1251 1672 1382 1727 lines
1415 1681 1635 1742 usurpet
1656 1681 1747 1727 aut
1766 1682 2042 1728 transcen-

443 1764 537 1817 dat
572 1764 882 1833 episeOpum
932 1762 1191 1832 collegam
1229 1777 1383 1817 suum
1431 1772 1489 1817 et
1533 1772 1756 1833 usurpet
1814 1763 2034 1818 alterius
2068 1746 2113 1806 Β

443 1856 633 1924 plebes
654 1856 773 1911 sine
796 1856 911 1924 ejus
939 1856 1128 1919 petitu,
1152 1854 1275 1923 quia
1305 1854 1431 1909 inde
1459 1864 1653 1910 caetera
1682 1855 1823 1911 mala
1865 1855 2039 1909 omnia

444 1956 795 2013 generantur.
841 1944 1089 2000 Universi
1118 1945 1401 1999 dixerunt:
1431 1946 1634 2012 Placet,
1666 1946 1857 2013 placet.

441 2037 531 2092 XI.
561 2036 637 2090 De
666 2036 861 2089 clericis
891 2036 1294 2099 contumacibus,
1316 2045 1359 2087 et
1383 2036 1446 2087 de
1468 2049 1677 2088 numero
1693 2033 2038 2106 judicantium

688 2106 1002 2174 episcopum,
1046 2107 1389 2174 presbyterum
1413 2116 1459 2158 et
1489 2108 1779 2158 diaconum.

509 2195 905 2266 Elpidephorus
960 2194 1117 2269 [/E.,
1174 2195 1617 2267 Elipidephorus]
1669 2194 2034 2251 Cuiculitanns

434 2292 719 2360 episcopus
767 2290 935 2344 dixit:
972 2287 1182 2344 Statuat
1216 2288 1471 2344 sanctitas
1510 2296 1710 2358 vestra,
1744 2296 1800 2343 ut
1850 2284 2031 2343 clerici

441 2380 533 2450 qui
574 2381 794 2448 superbi
834 2380 920 2436 vel
962 2391 1302 2435 contumaces
1331 2388 1458 2434 sunt
1507 2388 1900 2436 coerceantur:
1941 2378 2032 2448 qui

437 2473 681 2524 minores
706 2479 831 2523 sunt
860 2476 917 2524 et
949 2472 1247 2537 majoribus
1279 2468 1637 2539 irrogaverint
1663 2469 1887 2538 injurias
1919 2484 2031 2523 me-

436 2569 548 2614 tum
575 2558 811 2615 habeant
838 2558 1156 2629 disciplinae.
1179 2559 1374 2613 Gratus
1400 2559 1684 2630 episcopus
1721 2559 1881 2614 dixit:
1925 2558 2031 2613 Ma—

432 2647 686 2705 nifestum
709 2658 790 2703 est
816 2649 961 2703 illum
995 2663 1098 2703 non
1129 2664 1248 2703 esse
1276 2648 1367 2702 Dei
1389 2649 1479 2717 qui
1511 2649 1860 2704 humilitatem
1899 2664 2029 2706 con-

431 2738 670 2804 demnat,
703 2739 797 2795 sed
833 2740 992 2810 119
1035 2738 1231 2793 diaboli
1257 2740 1345 2807 qui
1373 2738 1638 2809 superbia:
1678 2740 1927 2796 inventor
1973 2750 2029 2795 et

434 2831 685 2900 princvps
714 2840 827 2893 est;
860 2831 1000 2885 unde
1029 2833 1073 2884 si
1100 2830 1220 2899 quis
1246 2830 1480 2886 tumidus
1504 2831 1584 2885 vel
1608 2832 2025 2890 contumeliosus

431 2922 701 2976 exstiterit
723 2922 775 2976 in
802 2922 1059 2992 majorem
1080 2932 1205 2980 natu
1222 2923 1309 2979 vel
1332 2923 1564 2992 aliquam
1587 2939 1801 2980 causam
1824 2926 2024 2983 habue-

430 3013 521 3077 rit,
552 3028 581 3067 a
611 3013 778 3068 tribus
806 3014 998 3071 vicinis
1028 3015 1314 3084 episcopis,
1343 3015 1389 3070 si
1419 3015 1675 3075 diaconus
1713 3027 1795 3072 est
1820 3018 1913 3086 qui
1940 3033 2026 3073 ar-

428 3103 642 3172 guitur;
674 3103 718 3158 si
743 3105 1022 3176 presbyter
1059 3115 1162 3172 est,
1193 3121 1223 3160 a
1244 3120 1370 3172 sex;
1419 3108 1461 3161 si
1491 3108 1795 3177 episcopus,
1826 3124 1855 3163 a
1897 3111 2028 3166 duo-
2057 3094 2107 3160 (ἶ

429 3194 601 3250 decim
644 3198 1123 3254 eonsacerdotibus
1186 3198 1451 3255 audiatur.
1508 3199 1753 3263 Universi
1795 3202 2027 3272 episcopi

429 3286 716 3343 dixerunt:
743 3289 1010 3344 Contnndi
1040 3290 1199 3347 debet
1229 3292 1600 3358 contumacia,
1624 3302 1680 3348 et
1701 3295 1948 3363 superbia
1977 3296 2028 3351 in

431 3380 681 3444 ninnibus
723 3380 921 3450 frangi:
951 3394 1124 3436 causa:
1155 3396 1281 3438 vero
1324 3396 1421 3453 pro
1452 3385 1693 3453 personis
1722 3384 1790 3439 ab
1831 3393 2029 3447 statuto

431 3486 656 3527 numero
688 3475 990 3533 audiantur.

512 3562 629 3619 XII.
693 3566 760 3619 Ut
790 3580 941 3635 pacta
969 3568 1103 3621 inter
1128 3569 1392 3638 episwpos
1421 3570 1547 3623 inita
1579 3572 1949 3631 custodiantur.

501 3656 798 3723 Antigonus
835 3655 921 3728 [T.
963 3658 1020 3725 Ξ,
1077 3658 1166 3723 U.,
1222 3662 1558 3733 Antigonius]
1598 3663 1878 3732 episcopus
1917 3664 2026 3724 Ma-

429 3747 667 3815 ginensis
700 3759 721 3785 ο
767 3748 934 3811 dixit:
975 3750 1202 3807 Gravem
1251 3752 1496 3822 injuriam
1537 3757 1724 3824 patior,
1770 3767 1823 3812 et
1860 3760 2022 3813 credo

428 3838 614 3891 dolere
660 3842 995 3896 Sanctitatem
1037 3853 1272 3897 vestram
1318 3846 1693 3905 contumeliam
1747 3863 1943 3916 meam,
1968 3860 2021 3908 et

428 3938 741 3999 computare
761 3945 1100 3991 communem
1131 3934 1378 4004 injuriam
1408 3935 1459 3991 ά.
1487 3937 1771 4007 Optantius
1801 3954 1922 3994 cum
1959 3957 2019 3998 se

427 4030 840 4087 reprazsentarct
887 4034 1098 4093 pactum
1151 4041 1359 4082 mecum
1413 4028 1597 4085 habuit
1634 4038 1687 4086 et
1738 4030 2017 4089 divisimus

426 4111 652 4183 plebes;
687 4129 873 4169 manus
907 4127 1105 4173 nostrae
1137 4128 1386 4175 tenentur
1428 4130 1485 4176 et
1531 4121 1785 4189 pittacia:
1830 4134 2015 4180 contra

428 4203 533 4263 hoc
557 4216 768 4275 pactum
810 4207 1001 4263 circuit
1031 4209 1213 4277 plebes
1243 4212 1373 4265 mihi
1413 4212 1723 4277 attributas,
1750 4221 1803 4267 et
1834 4229 2016 4269 susur-

427 4304 510 4350 rat
540 4298 751 4367 populis
775 4308 824 4352 ut
856 4300 1001 4354 illum
1037 4302 1269 4370 Patrem,
1301 4319 1386 4359 me
1412 4304 1661 4359 vitricum
1712 4307 2011 4369 nominent.

500 4437 522 4504 ς·
557 4427 646 4504 I_J,,
679 4431 959 4504 ~rit-urinam
986 4442 1037 4487 et
1066 4436 1413 4504 cupiditatem.

500 4496 523 4531 ι’
555 4498 630 4576 E_x
758 4498 838 4576 __Iu
869 4504 936 4576 ῥ.
959 4512 1011 4557 et
1037 4496 1293 4576 reliquis:
1320 4509 1439 4576 quis
1468 4524 1614 4563 nemo
1645 4510 1859 4568 dubitet.

504 4582 524 4605 ι·
550 4567 636 4620 ΑΞ.
673 4570 731 4623 Β.
756 4571 842 4637 IL,
867 4572 930 4627 Τ.
964 4589 1002 4640 ι,
1030 4567 1358 4647 Magirettsis.
1389 4578 1477 4643 U.,
1510 4578 1833 4653 Margieusis.

2149 496 2208 541 ut
2255 489 2307 542 in
2346 505 2406 544 se
2446 491 2669 547 illiciant
2716 495 3028 563 populorum
3104 497 3474 566 imperitorum
3524 506 3735 566 animos

2147 588 2336 634 contra
2366 581 2724 650 disciplinam,
2749 593 2935 640 contra
2979 589 3341 656 evangelicae:
3364 592 3729 665 traditionem,

2145 678 2329 725 contra
2361 673 2553 741 placita
2596 676 2772 742 pacis;
2815 691 2936 731 nam
2969 678 3015 731 si
3055 678 3158 733 sibi
3209 695 3371 748 posse
3412 687 3736 757 contingere

2145 764 2556 834 arbitrarentur,
2583 782 2852 837 nunquam
2897 769 3138 838 profecto
3182 772 3235 827 in
3277 774 3497 831 fratrem
3545 780 3739 850 aliquis

2145 856 2488 927 deliquisset:
2521 859 2664 916 unde
2690 869 2781 916 aut
2826 862 2952 916 inita
2984 873 3135 933 pacta
3158 866 3238 920 sui
3268 868 3547 925 obtineant
3572 873 3739 927 ﬁrmi-

2146 957 2328 1016 tatem,
2353 960 2445 1005 aut
2470 961 2790 1023 conventus,
2830 956 2875 1009 si
2900 968 2959 1011 se
2989 969 3093 1009 non
3134 957 3450 1022 cohibuerit,
3484 962 3738 1017 ecclesia-

2146 1040 2335 1095 Sticam
2390 1042 2584 1098 sentiet
2622 1042 2976 1114 disciplinam.
3020 1045 3267 1103 Universi
3297 1049 3550 1105 dixerunt
3584 1070 3596 1106 :
3629 1051 3735 1107 Pax

2146 1142 2409 1201 servetur,
2451 1143 2603 1201 pacta
2630 1136 3020 1192 custodiantur.

2408 1224 2547 1280 XIII.
2585 1225 2652 1281 Ut
2684 1244 2783 1281 non
2815 1229 2962 1282 liceat
2992 1231 3188 1285 clericis
3219 1232 3462 1301 feuerari.

2214 1314 2586 1373 Abundantius
2598 1320 2879 1389 episcopus
2893 1321 3276 1381 Adrumetinus
3290 1325 3429 1378 dixit
3449 1346 3459 1378 :
3477 1326 3532 1380 In
3550 1339 3734 1383 nostro
3794 1314 3795 1317 I

2142 1405 2374 1462 concilio
2391 1417 2647 1463 statutum
2679 1420 2763 1465 est
2801 1422 2861 1465 ut
2885 1427 2991 1465 non
3044 1414 3433 1472 liceatclericis
3464 1416 3727 1473 fenerari:

2143 1499 2269 1568 quid
2301 1499 2458 1556 etiam
2489 1503 2758 1557 sanctitati
2790 1506 2949 1577 130
2971 1516 3072 1559 tuae
3101 1514 3156 1561 et
3186 1507 3308 1562 huic
3332 1510 3559 1564 concilio
3583 1512 3730 1566 vide-

2144 1598 2250 1658 tttr,
2307 1593 2558 1661 prmsenti
2610 1596 2802 1662 placito
2858 1597 3188 1667 designetur.
3221 1597 3416 1654 Gratus
3448 1602 3729 1671 episcopus

2143 1683 2307 1738 dixit:
2340 1684 2555 1741 Novella
2604 1689 2914 1758 suggestio:
2947 1706 3066 1759 qua:
3105 1690 3187 1744 vel
3218 1692 3446 1747 obscura
3484 1703 3611 1748 sunt
3650 1697 3726 1750 vel

2143 1775 2245 1830 sub
2260 1791 2455 1845 genere
2471 1778 2662 1844 latent,
2690 1781 2924 1850 inspecta
2953 1795 2982 1834 a
3007 1782 3160 1837 nobis
3184 1781 3410 1837 formam
3432 1786 3725 1855 accipient:

2143 1877 2398 1923 caeterum
2415 1867 2481 1923 de
2503 1868 2691 1938 quibus
2707 1868 3042 1940 apertissime
3059 1871 3234 1926 divina
3253 1873 3529 1943 Scriptura
3556 1876 3730 1930 sanxit

2143 1971 2248 2011 non
2300 1957 2520 2014 ferenda
2567 1960 2829 2015 sententia
2866 1971 2968 2027 est,
2994 1961 3087 2016 sed
3139 1964 3315 2031 potius
3361 1966 3724 2034 exsequenda.

2141 2049 2372 2106 Proinde
2398 2050 2538 2121 quod
2571 2054 2623 2106 in
2650 2051 2801 2107 laicis
2824 2053 3268 2123 deprehenditur,
3288 2056 3339 2111 id
3364 2057 3531 2111 multo
3562 2061 3731 2129 magis

2138 2142 2299 2197 debet
2349 2143 2400 2196 in
2449 2143 2657 2199 clericis
2704 2145 3078 2213 praedamnari.
3146 2146 3392 2202 Universi
3445 2149 3727 2206 dixerunt:

2136 2234 2305 2291 Nemo
2330 2243 2517 2290 contra
2553 2237 2862 2307 prophetas,
2881 2253 3039 2294 nemo
3068 2248 3261 2295 contra
3293 2241 3572 2312 Evangelia
3600 2242 3729 2297 facit

2133 2329 2251 2383 sine
2280 2329 2538 2398 periculo.

2134 2419 2273 2474 XIV.
2310 2420 2376 2475 Ut
2407 2422 2525 2476 laici
2540 2432 2906 2489 contemptores
2931 2441 3185 2480 canonum
3207 2426 3723 2495 excommunicentur,

2549 2495 2718 2549 clerici
2774 2496 2963 2550 honore
3019 2500 3296 2567 priveutur.

2202 2580 2401 2635 Gratus
2445 2583 2728 2653 episcopus
2784 2586 2958 2641 dixit:
2997 2586 3153 2642 Juxta
3184 2596 3383 2642 statuta
3429 2589 3638 2644 concilii
3673 2602 3725 2646 et

2129 2689 2265 2729 mea:
2316 2677 2704 2733 mediocritatis
2738 2681 3057 2735 sententiam
3110 2681 3286 2750 placet
3337 2682 3511 2737 facere
3548 2698 3723 2737 rerum

2126 2766 2367 2821 omnium
2414 2769 2852 2825 conclusionem:
2912 2771 3145 2826 universi
3187 2771 3326 2826 tituli
3366 2771 3628 2843 designati
3673 2781 3727 2831 et

2125 2856 2319 2926 digesti
2352 2865 2572 2914 teneant
2602 2862 2900 2918 sententias
2948 2878 3105 2929 suas;
3148 2879 3280 2919 sane
3320 2864 3484 2920 credo
3515 2880 3611 2920 vos
3651 2876 3725 2919 te-

2126 2963 2277 3015 nere,
2309 2949 2496 3006 multis
2521 2952 2766 3007 conciliis
2789 2968 2818 3006 a
2851 2954 3089 3021 patribus
3120 2954 3317 3009 nostris
3347 2963 3403 3009 et
3438 2956 3723 3012 traditione

2136 3056 2257 3097 esse
2281 3042 2584 3099 damnatam
2610 3055 2661 3100 et
2676 3047 3110 3117 rcbaptizationis
3128 3048 3452 3118 impietatem
3479 3066 3600 3106 esse
3624 3069 3692 3118 pu
3709 3085 3723 3093 -

2138 3134 2424 3203 niendam;
2456 3153 2588 3209 quas
2618 3155 2705 3195 res
2744 3142 2908 3195 etiam
2942 3150 3122 3196 nostro
3148 3142 3374 3197 concilio
3406 3147 3567 3199 credo
3614 3145 3721 3214 jam

2135 3228 2428 3282 terminum
2452 3231 2744 3299 accepisse.
2778 3231 2999 3300 Reliqua
3030 3246 3157 3287 vero
3187 3248 3305 3301 quae
3341 3233 3424 3308 vel
3455 3234 3594 3289 facta
3638 3236 3719 3291 vel

2132 3320 2276 3376 dicta
2308 3324 2557 3391 superius
2586 3324 2975 3393 comprehensa
3018 3335 3161 3391 sunt,
3187 3325 3269 3380 vel
3316 3326 3435 3381 aliis
3479 3328 3720 3383 conciliis

2130 3417 2433 3487 conscripta
2473 3418 2765 3473 secundum
2813 3419 2983 3489 legem
3045 3420 3412 3486 inveniuntur,
3449 3423 3721 3479 custodire

2129 3522 2229 3563 nos
2254 3516 2484 3579 oportet.
2518 3508 2575 3564 Si
2601 3511 2719 3579 quis
2750 3526 2877 3565 vero
2898 3521 3093 3566 statuta
3124 3526 3505 3582 supergressus
3533 3530 3721 3569 corru-

2130 3601 2267 3669 perit
2294 3601 2377 3655 iel
2406 3616 2501 3670 pro
2527 3601 2695 3656 nihilo
2726 3603 2969 3658 habenda
3008 3604 3289 3671 putaverit,
3320 3603 3364 3659 si
3400 3604 3570 3659 laicus
3614 3615 3714 3671 est,

2127 3693 2530 3758 communione;
2560 3695 2603 3749 si
2628 3694 2856 3749 clericus
2901 3704 3007 3761 est,
3037 3696 3244 3751 honore
3294 3696 3556 3765 privetur.
3590 3697 3717 3753 Uni-

2126 3785 2267 3838 versi
2290 3784 2562 3841 dixerunt:
2578 3784 2783 3850 Placet,
2800 3786 2991 3856 placet.
3014 3788 3208 3842 Gratus
3226 3788 3509 3857 episcopus
3549 3790 3712 3844 dixit:

2123 3875 2381 3946 Superest
2424 3878 2535 3949 jam
2586 3889 2642 3933 ut
2694 3878 2886 3950 placita
2915 3882 3153 3935 omnium
3198 3889 3465 3949 nostrum,
3498 3897 3616 3953 quae
3646 3881 3713 3937 ad

2125 3985 2449 4026 consensum
2477 3980 2713 4027 vestrum
2737 3981 2861 4027 sunt
2888 3972 3112 4042 scripta,
3146 3983 3323 4029 vestra
3346 3991 3561 4046 quoque
3590 3978 3715 4031 sub-

2121 4063 2415 4133 scriptione
2443 4062 2687 4119 lirmetis.
2708 4062 2952 4119 Universi
2972 4064 3222 4119 dixerunt
3243 4082 3255 4117 :
3279 4066 3341 4119 Et
3372 4067 3716 4127 consensisse

2121 4170 2219 4210 nos
2249 4154 2463 4210 concilii
2491 4155 2647 4225 hujus
2676 4156 2875 4225 scripta
2904 4165 3172 4211 testantur
3200 4175 3210 4208 :
3243 4169 3297 4212 et
3318 4158 3716 4227 subscriptione

2118 4253 2301 4300 nostra
2327 4260 2623 4302 consensus
2661 4246 3021 4303 declarabitur
3052 4258 3254 4302 uoster.
3290 4247 3354 4301 Et
3375 4247 3712 4318 subscripse-

2117 4348 2261 4391 runt.

2046 4465 2099 4524 D
2194 4467 2219 4506 δ
2256 4471 2327 4523 Ex
2365 4471 2585 4538 reliquis
2628 4481 2820 4538 praeter
2858 4472 2949 4537 A.,
2980 4442 3031 4525 in
3068 4486 3172 4541 quo
3210 4450 3402 4527 desunt
3423 4470 3622 4525 verba:
3665 4479 3711 4525 et

2128 4549 2422 4611 computare
2448 4557 2765 4595 communem
2792 4544 3057 4612 injuriam.

1924 4865 2136 4941 XIII

1366 5036 1733 5092 CONCILIUM
1754 5034 2330 5092 CARTIIAGINENSE
2371 5035 2741 5092 SECUNDUM

838 5186 1191 5231 SEXAGINTA
1241 5187 1428 5233 UNIUS
1474 5188 1909 5234 EPISCOPOIUM
1964 5189 2033 5230 ΔΞΙ

2143 5187 2500 5232 CCCCXXVIII
2553 5188 2657 5230 XVI
2703 5189 3032 5232 KALENDAS
3077 5190 3313 5233 JULIA'S.

493 5311 893 5369 G'oriosissimo
959 5315 1281 5383 imperatore
1352 5316 1722 5372 Valentiniano
1770 5321 2009 5388 Augusto

420 5417 608 5474 quarto
629 5416 677 5458 et
698 5402 944 5458 Neoterio
971 5405 1095 5460 vii-is
1110 5407 1419 5465 clarissimis
1437 5411 1763 5476 consulibus,
1782 5410 2006 5467 Cartha-

419 5494 544 5564 gine
577 5495 628 5547 in
679 5493 892 5549 basilica
918 5504 1169 5564 perpetua
1196 5499 1458 5566 restituta,
1477 5516 1596 5559 cum
1616 5503 2011 5572 Genecliusepi-

419 5597 616 5651 etopus
664 5598 764 5636 una
792 5597 911 5637 cum
944 5584 1154 5641 Victore
1198 5586 1531 5657 Abdiritano,
1558 5599 1611 5645 et
1648 5592 1755 5648 alio
1801 5590 2008 5648 Victore

2118 5318 2499 5388 Puppiaoensi,
2534 5332 2587 5375 et
2616 5322 2826 5376 caeteris
2855 5320 3187 5390 coepiscopis
3238 5321 3350 5374 suis
3393 5322 3698 5388 provincia-

2118 5424 2235 5461 rum
2267 5409 2592 5464 diversarum
2626 5418 2650 5446 ³
2678 5408 3071 5465 consedissent.

2233 5504 2383 5572 121
2439 5503 2476 5555 Ι.
2510 5501 2575 5557 Ut
2609 5502 2830 5557 Trinitas
2856 5511 2904 5557 et
2935 5503 3171 5556 credatur
3190 5514 3237 5557 et
3267 5503 3592 5568 praedicetur.

2189 5590 2474 5647 Geneclius
2537 5592 2819 5663 episcopus
2875 5593 3012 5649 dixit
3068 5610 3081 5647 :
3150 5593 3519 5664 Omnipoenti
3594 5590 3697 5643 Deo

492 5734 518 5765 ⁸
551 5721 610 5781 In
633 5723 699 5779 A.
732 5722 883 5777 deest
911 5740 1009 5778 vox
1039 5724 1384 5793 diversarum,
1417 5741 1533 5794 qua:
1560 5742 1626 5783 ex
1653 5728 1868 5783 caneris
1912 5724 2193 5784 (iudicibus
2223 5726 2501 5798 desumpta
2529 5738 2631 5784 est.
