4056 6178
293 347 399 402 MS

1194 343 1474 401 ΑΡΜοΕ
1514 343 1851 400 CONCILIA.
1895 373 1962 383 —-
2003 344 2586 403 LAilTllAGlNENSE
2626 346 2692 402 ll.

3489 359 3592 414 l86

292 464 498 536 εηιίεε
523 459 742 523 refero,
792 459 882 529 qui
913 460 1157 527 permisit
1195 469 1252 512 ιιι
1287 458 1581 514 secundum
1615 473 1898 512 commune
1927 460 1976 517 A
2007 457 2248 525 petierit,
2303 458 2346 512 si
2388 458 2674 528 episcopus
2711 459 2905 516 absens
2957 461 3150 528 fuerit,
3201 465 3362 522 debet
3409 469 3594 541 utique

292 551 585 608 consilium
619 559 644 587 ι
693 550 930 602 habitum
962 548 1013 603 in
1045 551 1337 618 praeterito,
1396 559 1449 604 et
1475 551 1623 616 juxta
1659 559 1898 602 tenorem

296 642 580 715 petitionis
602 641 900 694 litterarum
915 655 1153 693 mearum
1183 640 1247 692 ad
1270 639 1644 709 Carthaginem
1679 655 1772 708 pro
1798 640 1902 693 lide

293 744 459 803 alque
481 731 716 785 utilitate
729 729 1097 784 ecclesiastica
1122 729 1399 793 veniretis,
1425 729 1524 783 etsi
1549 746 1655 783 non
1687 744 1897 794 omnes,

301 836 480 878 tamen
511 822 769 890 quoniam
819 829 988 873 totum
1032 821 1264 873 charitas
1298 819 1583 887 persuadet
1615 819 1666 884 δ,
1711 830 1767 873 ιιι
1811 820 1898 889 qui

298 932 528 988 corpore
573 924 700 969 sunt
747 913 1002 968 absentes
1028 953 1044 977 ,
1089 912 1364 966 nobiscum
1402 911 1590 980 sp‘ritu
1621 913 1900 966 videantur

298 1025 422 1065 esse
447 1005 748 1077 conjuncti;
787 1004 1011 1069 idcirco,
1048 1004 1160 1057 Deo
1191 1003 1420 1072 propitio
1450 1004 1571 1072 quia
1605 1013 1898 1071 prmsentes

298 1104 457 1163 estis,
487 1100 599 1170 pari
623 1096 961 1167 professione
991 1095 1124 1149 ﬁdes
1153 1094 1516 1150 ecclesiastica
1540 1109 1659 1163 qua:
1684 1109 1777 1163 per
1802 1108 1897 1148 nos

301 1191 533 1245 traditur
563 1189 614 1243 in
667 1189 769 1243 hoc
825 1197 970 1242 ccetu
1019 1186 1253 1255 glorioso
1295 1186 1542 1254 primitus
1593 1187 1894 1240 confitenda

298 1293 385 1338 est
413 1301 425 1334 :
461 1293 580 1336 tunc
610 1279 828 1334 demum
860 1279 994 1334 ordo
1043 1279 1441 1333 ecclesiasticus
1471 1279 1797 1347 singulorum
1842 1288 1896 1335 et

299 1387 570 1426 consensu
636 1372 878 1425 omnium
945 1369 1269 1423 astruendus
1325 1368 1392 1423 ad
1467 1368 1896 1424 corroborandas

297 1468 526 1519 fratrum
559 1475 612 1519 et
643 1464 1087 1532 coepiscoporum
1123 1471 1427 1517 nostrorum
1469 1475 1639 1530 nuper
1683 1477 1893 1531 promo-

297 1569 476 1610 torum
514 1564 728 1610 mentes
769 1556 835 1608 de
867 1554 950 1608 bis
978 1568 1096 1622 qua:
1131 1552 1470 1621 proponenda
1506 1563 1625 1607 sunt
1649 1593 1664 1618 ,
1696 1569 1813 1620 quae
1864 1568 1892 1606 a

296 1649 544 1718 patribus
572 1657 720 1702 certa
744 1646 1095 1715 dispositione
1123 1645 1426 1714 accepimus
1457 1663 1470 1700 :
1497 1655 1555 1698 ut
1577 1645 1889 1698 Trinitatem

297 1755 464 1805 quam
516 1739 715 1792 nostris
761 1739 814 1792 in
847 1737 1097 1793 sensibus
1143 1745 1510 1790 consecratam
1556 1736 1885 1800 retinemus,

2006 547 2286 618 presbyter
2323 549 2604 602 consulere
2643 548 3057 620 episcopum,et
3089 555 3166 609 sic
3197 557 3588 623 periclitantem

2004 636 2120 704 ejus
2170 648 2436 706 praseepto
2481 639 2830 695 reconciliare
2882 658 2895 694 :
2949 660 3106 711 quam
3162 663 3274 700 rem
3329 647 3591 707 debemus

2003 729 2203 784 Salubri
2257 730 2481 784 consilio
2532 731 2809 786 roborare.
2871 736 2952 789 Ab
3003 738 3268 792 universis
3318 741 3587 809 episc0pis

2003 820 2203 875 dictum
2245 831 2327 875 est
2365 838 2380 874 :
2414 820 2595 875 Placet
2635 824 2881 878 omnibus
2923 827 3062 895 quod
3106 830 3363 885 sanctitas
3413 845 3588 888 vestra

2002 917 2306 966 necessario
2337 928 2434 968 nos
2463 915 2724 970 instruere
2748 917 2963 986 dignata
2993 929 3093 975 est.

2003 1005 2065 1061 V.
2094 1005 2161 1060 Ut
2187 1007 2412 1061 diaecesis
2458 1023 2570 1077 qua:
2613 1011 2904 1132 epijctymm
2951 1029 3212 1083 nunquam
3268 1015 3444 1070 habuit
3489 1033 3591 1071 non

2711 1098 2759 1132 ta
2795 1092 2896 1132 eat.

2711 1092 2896 1134 ’tabeal.

2075 1167 2220 1223 Felix
2244 1171 2528 1238 episcopus
2581 1171 3021 1228 Selemselitanus
3067 1174 3201 1229 dixit
3233 1193 3246 1230 :
3299 1177 3469 1232 Etiam
3497 1221 3511 1240 ,
3539 1181 3584 1235 si

2000 1258 2102 1314 hoc
2153 1262 2326 1330 placet
2381 1264 2649 1318 sanctitati
2677 1275 2889 1328 vestrre,
2936 1266 3178 1332 insinuo,
3228 1278 3286 1321 ut
3319 1270 3583 1327 dimceses

1996 1366 2116 1419 quae
2161 1368 2429 1422 nunquam
2483 1355 2767 1422 episcopos
2816 1355 3146 1420 habuerunt,
3190 1374 3294 1412 non
3333 1359 3582 1424 habeant,

1998 1443 2080 1496 vel
2112 1443 2197 1496 illa
2235 1442 2485 1498 dioecesis
2515 1460 2634 1514 quae
2678 1445 2964 1514 aliquando
2999 1446 3181 1500 habuit
3231 1449 3424 1503 habeat
3465 1467 3588 1518 pro-

1998 1534 2168 1602 prium
2202 1551 2216 1586 :
2251 1545 2304 1588 et
2333 1536 2376 1588 si
2402 1537 2692 1590 accedente
2723 1545 2986 1604 tempore,
3018 1547 3295 1592 crescente
3327 1540 3460 1602 fide.
3489 1541 3585 1596 Dei

1996 1626 2224 1694 populus
2253 1627 2633 1696 multiplicatus
2655 1628 3040 1684 desideraverit
3073 1634 3346 1698 proprium
3376 1633 3577 1689 habere

1993 1725 2294 1784 rectorem,
2347 1735 2466 1774 cum
2534 1720 2650 1788 ejus
2695 1722 2947 1775 videlicet
2992 1723 3268 1778 voluntate
3323 1725 3374 1776 in
3429 1725 3586 1792 cujus

297 1833 475 1886 Patris
508 1841 562 1886 et
587 1830 708 1884 Filii
735 1840 789 1884 et
812 1829 1044 1898 SpFritus
1069 1828 1236 1881 saneti
1262 1827 1519 1880 unitatem
1546 1841 1662 1895 quae
1690 1826 1889 1880 nullam
1924 1815 1971 1875 Β
2002 1819 2263 1878 PWESW‘3
2292 1809 2541 1865 ἀίωοεδίε
2569 1812 2856 1865 “Nisum”
2888 1822 2971 1866 εει
3002 1812 3196 1866 “abem
3223 1814 3530 1884 episcopum
3567 1833 3580 1868 ε

294 1926 538 1980 noscitur
585 1924 786 1979 habere
815 1923 1199 1984 differentiam,
1251 1923 1391 1975 sicut
1437 1919 1718 1974 didicimus
1772 1919 1886 1990 [U.,

294 2019 601 2088 discimus],
635 2020 705 2072 ita
740 2017 832 2071 Dei
865 2016 1087 2086 papulos
1121 2015 1470 2068 instruamus.
1505 2013 1585 2066 Ab
1626 2012 1889 2066 universis

292 2111 564 2179 episcopis
609 2109 810 2163 dictum
864 2117 947 2162 est
1005 2124 1016 2159 :
1073 2105 1235 2159 Plane
1290 2103 1366 2159 sic
1425 2104 1758 2171 accepimus,
1812 2103 1892 2157 sic

294 2211 566 2265 tenemus,
619 2200 696 2254 sic
727 2199 984 2253 docemus
1015 2196 1168 2251 fidem
1198 2196 1547 2264 apostolicam
1579 2203 1886 2263 sequentes.

369 2291 432 2344 ll.
466 2289 534 2344 Ut
557 2292 758 2343 castitas
781 2306 810 2340 a
844 2289 1002 2342 teritis
1024 2296 1069 2341 et
1099 2285 1445 2340 sacerdotibus
1473 2287 1814 2338 custodiatur.

373 2380 674 2450 Epigonius
696 2381 973 2448 episcopus
999 2378 1329 2432 Bullensium
1354 2375 1437 2447 [T.
1455 2375 1510 2440 ‘2,
1531 2375 1887 2446 llulleusium]

294 2471 589 2537 regionum
631 2471 805 2522 dixit:
849 2469 980 2523 Cum
1028 2468 1301 2538 przeterito
1329 2466 1562 2521 concilio
1609 2466 1676 2519 de
1707 2464 1890 2519 conti-

297 2563 483 2616 nentia
521 2571 576 2617 et
621 2562 864 2616 castitate
911 2568 1246 2626 tractaretur,
1281 2559 1476 2628 gradus
1507 2557 1594 2612 isti
1643 2564 1751 2611 tres
1799 2557 1890 2624 qui

294 2659 683 2714 constrictione
723 2657 952 2727 quadam
1005 2656 1268 2711 castitatis
1319 2651 1890 2724 per'consccratioaes

291 2751 490 2805 annexi
523 2760 648 2804 sunt
675 2794 688 2817 ,
722 2751 1008 2818 episcopus
1039 2749 1278 2815 iuquant,
1311 2744 1584 2814 presbyter
1614 2752 1666 2797 et
1696 2742 1888 2797 diaco-

292 2859 436 2908 nus,
485 2852 714 2897 tractatu
775 2842 1020 2911 pleniori,
1080 2848 1140 2895 ut
1194 2837 1500 2906 pudicitiam
1552 2836 1886 2899 custodiant,

291 2937 614 2992 docean'ur.
665 2933 950 2990 Geneclius
999 2935 1286 3002 episc0pus
1311 2931 1444 2986 dixit
1486 2947 1498 2984 :
1551 2929 1889 2997 Utsuperius

286 3027 490 3081 dictum
547 3034 663 3088 est,
715 3025 873 3080 decet
929 3030 1302 3077 sacrosanctos
1354 3017 1621 3074 antistites
1679 3032 1743 3071 ac
1795 3016 1887 3070 Dei

283 3120 632 3184 sacerdotes,
679 3134 885 3172 necnon
935 3127 989 3172 et
1033 3117 1218 3170 levitas
1257 3115 1338 3170 vel
1390 3115 1476 3182 qui
1532 3111 1884 3166 sacramentis

289 3213 488 3268 divinis
514 3212 844 3277 inserviunt,
876 3211 1214 3266 continentes
1247 3222 1365 3262 esse
1387 3207 1438 3261 in
1469 3205 1717 3261 omnibus
1737 3245 1752 3268 ,
1781 3219 1884 3272 quo

285 3307 496 3376 possint
541 3303 863 3372 simpliciter
892 3303 1030 3373 quod
1083 3318 1112 3356 a
1156 3300 1382 3355 Domino
1415 3299 1685 3367 postulant
1712 3297 1884 3364 impe-

288 3408 451 3460 trare,
483 3407 540 3452 et
573 3407 596 3435 ο
625 3396 766 3466 quod
815 3394 1048 3464 apostoli
1073 3395 1373 3449 docuerunt
1413 3403 1461 3446 et
1497 3391 1608 3459 ipsa
1649 3389 1885 3443 servavit

286 3489 581 3557 antiquitas
636 3501 738 3542 nos
797 3501 1008 3554 quoque
1054 3485 1438 3538 custodiamus.
1487 3479 1571 3536 Ab
1620 3479 1885 3533 universis

288 3580 560 3649 episcopis
584 3579 788 3633 dictum
819 3587 902 3632 est
955 3596 967 3630 :
1003 3577 1260 3632 Omnibus
1285 3575 1458 3645 placet
1489 3581 1547 3626 ut
1575 3573 1879 3642 episcopus,

287 3673 572 3741 presbyter
603 3679 660 3725 et
709 3671 990 3739 diaconus,
1024 3669 1290 3739 pudicitiae
1317 3667 1588 3730 custodes,
1615 3665 1773 3722 etiam
1815 3663 1883 3717 ab

288 3765 556 3817 uxoribus
585 3777 647 3818 se
676 3763 1000 3831 abstineant,
1032 3770 1087 3816 ιιι
1116 3764 1166 3815 in
1193 3761 1440 3814 omnibus
1463 3767 1518 3812 et
1543 3757 1609 3811 ab
1634 3755 1882 3810 omnibus

293 3854 550 3916 pudicitia
581 3853 936 3920 custodiatur,
974 3853 1062 3921 qui
1093 3852 1282 3906 altario
1313 3851 1628 3906 inserviunt.

291 3966 380 4022 lll.
414 3967 485 4022 Ut
513 3967 738 4020 chrisma
767 3974 815 4018 et
840 3965 1119 4020 benedictio
1143 3963 1427 4031 puellarum
1453 3973 1498 4016 et
1530 3959 1881 4014 reconciliatio

578 4038 923 4108 patnitentium
955 4054 984 4090 η
1025 4035 1323 4106 presbyteris
1353 4050 1454 4087 non
1479 4034 1591 4102 ﬁat.

358 4149 644 4203 Numidius
689 4148 971 4218 episcopus
1002 4147 1359 4201 Maxulitanus
1387 4146 1521 4200 dixit
1567 4163 1578 4198 :
1632 4145 1687 4201 Si
1729 4144 1878 4213 jubet

290 4243 548 4296 sanctitas
577 4252 780 4305 vestra,
811 4255 1059 4310 suggero,
1092 4253 1212 4292 nam
1241 4237 1456 4293 memini
1487 4239 1640 4308 122
1679 4245 1880 4303 praste-

291 4334 408 4387 ritis
439 4333 686 4387 conciliis
721 4332 886 4386 fuisse
915 4341 1196 4395 statutum,
1230 4339 1285 4383 ut
1308 4329 1540 4382 chrisma
1573 4327 1658 4382 vel
1687 4342 1880 4381 recon-

289 4425 492 4478 ciliatio
522 4426 901 4494 paenitentum,
934 4437 1142 4477 necnon
1176 4431 1230 4475 et
1261 4421 1560 4489 puellarum
1591 4432 1878 4472 conserra-

1999 1901 2292 1954 secundum
2322 1910 2498 1954 autem
2529 1903 2665 1956 hanc
2697 1904 3118 1971 prosecutiouem
3153 1903 3237 1975 [Τ.
3285 1904 3340 1968 ‘2,
3383 1920 3579 1972 propo—

1996 1989 2268 2060 sitionem]
2319 1993 2619 2046 sanctitatis
2645 2004 2838 2048 vestra:
2865 2003 2947 2048 est
2989 1995 3256 2049 aestimare
3305 1995 3430 2064 quid
3465 1996 3580 2050 fieri

1994 2084 2206 2138 debeat.
2233 2086 2518 2140 Geneclius
2542 2088 2825 2155 episcopus
2845 2087 2974 2140 dixit
3006 2105 3018 2139 :
3051 2087 3104 2143 Si
3132 2087 3302 2156 placet
3334 2089 3574 2142 insinua-

1997 2175 2068 2226 tio
2101 2174 2278 2229 fratris
2330 2187 2384 2230 et
2431 2177 2731 2244 coepiscopi
2763 2177 2930 2231 nostri
2966 2177 3192 2242 Felicis,
3231 2179 3298 2232 ab
3327 2179 3577 2231 omnibus

1993 2267 2369 2322 confirmetur.
2423 2269 2505 2322 Ab
2555 2271 2820 2323 universis
2865 2270 3132 2340 episc0pis
3174 2271 3375 2325 dictum
3423 2279 3506 2325 est
3557 2287 3571 2322 :

1996 2358 2190 2422 Placet,
2227 2362 2415 2426 placet.

1993 2447 2058 2502 Vl
2120 2449 2184 2503 Ut
2211 2451 2297 2518 qui
2321 2451 2611 2506 criminibus
2640 2452 2888 2513 implicati
2911 2462 3028 2505 sunt
3057 2451 3266 2506 clericos
3297 2468 3396 2505 non
3422 2467 3576 2504 accu-

2722 2531 2851 2574 sent.

2063 2614 2342 2670 Numidius
2378 2615 2662 2683 episcopus
2703 2615 3057 2668 Maxulitauus
3095 2614 3228 2667 dixit
3260 2632 3270 2664 :
3310 2613 3576 2666 Prmterea

1993 2718 2114 2760 sunt
2148 2708 2446 2777 quampluri
2482 2723 2584 2759 non
2620 2709 2771 2760 bona:
2799 2706 3245 2770 conversa'innis,
3275 2707 3361 2776 qui
3389 2706 3575 2760 existi-

1992 2808 2138 2851 mant
2169 2799 2400 2866 majores
2427 2808 2550 2852 natu
2581 2799 2660 2852 vel
2703 2798 2985 2865 episcOpos
3035 2799 3229 2866 passim
3260 2812 3494 2868 vageque
3527 2799 3578 2850 in

1993 2890 2342 2945 atcttsatione
2384 2890 2715 2957 pulsandos:
2770 2891 2967 2943 debent
3017 2900 3119 2944 tam
3168 2889 3323 2943 facile
3372 2889 3578 2943 admitti

1991 2994 2174 3036 contra
2207 2983 2554 3050 apostolicam
2588 2983 2853 3052 regulam,
2890 2983 3094 3036 necne?
3117 2979 3398 3035 Geneclius
3428 2982 3573 3049 epis-

1991 3087 2156 3141 ctvpus
2182 3072 2358 3127 dixit:
2389 3071 2563 3126 Placet
2588 3073 2747 3141 igitur
2777 3071 3022 3126 charitati
3064 3080 3256 3124 vestrm
3279 3114 3294 3140 ,
3329 3081 3384 3124 ut
3412 3072 3457 3124 is
3483 3072 3574 3141 qui

1915 3172 1963 3234 ς
1997 3164 2260 3231 aliquibus
2283 3163 2580 3218 sceleribus
2612 3165 2848 3218 irretitus
2880 3172 2959 3217 est
2983 3176 3166 3216 vocem
3205 3162 3358 3233 123
3387 3161 3579 3214 adver-

1990 3271 2083 3310 sus
2109 3256 2365 3324 majorem
2394 3265 2518 3308 natu
2549 3271 2653 3308 non
2691 3255 2883 3308 haheat
2909 3253 3230 3308 accusandi?
3255 3255 3334 3307 Ab
3363 3254 3577 3307 univer-

1986 3347 2060 3401 sis
2088 3348 2354 3415 episcOpis
2383 3347 2582 3399 dictum
2609 3357 2692 3399 est
2725 3365 2738 3399 :
2776 3346 2830 3400 Si
2861 3347 3180 3400 criminosus
3217 3351 3331 3408 est,
3381 3352 3439 3397 ut
3470 3357 3574 3396 non

1986 3435 2296 3489 admittatur
2321 3434 2566 3487 omnibus
2597 3434 2788 3501 placet.

1990 3526 2100 3582 Vll.
2137 3525 2202 3581 Ut
2250 3528 2334 3597 qui
2377 3527 2866 3580 excommunicatum
2922 3525 3132 3579 alterius
3169 3533 3442 3594 susiepertt
3486 3539 3576 3577 ex-

2572 3598 2986 3650 communicetur.

2067 3689 2214 3744 Felix
2249 3691 2532 3760 episcopus
2559 3688 3003 3744 Selemselitanus
3029 3686 3202 3741 dixit:
3232 3684 3366 3739 Illud
3397 3695 3572 3740 autem

1983 3797 2213 3851 suggero
2251 3792 2445 3836 vestrae
2487 3782 2789 3847 sanctitati,
2823 3789 2882 3834 ut
2913 3781 2964 3834 hi
3007 3780 3094 3849 qui
3127 3795 3222 3847 pro
3249 3777 3398 3833 facmv
3425 3780 3572 3834 ribus

1982 3875 2092 3927 suis
2123 3874 2188 3928 de
2219 3873 2458 3927 Ecclesia
2490 3875 2780 3943 pelluntur,
2808 3883 2860 3927 et
2900 3874 3016 3927 ausi
3043 3874 3239 3927 fuerint
3264 3885 3355 3927 aut
3379 3874 3443 3927 ad
3472 3889 3566 3927 cu-

1983 3968 2227 4020 ntitatum
2263 3982 2482 4034 pergere
2511 3975 2603 4018 aut
2632 3966 2696 4018 ad
2723 3965 2926 4032 judicia
2961 3967 3166 4033 publica
3186 3967 3455 4035 prosilire,
3479 3975 3571 4019 aut

1988 4058 2210 4112 forsitan
2229 4057 2482 4112 Ecclesia:
2497 4056 2777 4110 catholica:
2799 4057 2974 4109 limina
2992 4067 3256 4111 attentare
3278 4060 3562 4125 episcopus

1987 4149 2075 4206 vel
2101 4150 2329 4206 clericus
2367 4148 2654 4218 cujuslibet
2684 4147 2871 4216 plebis,
2913 4147 2980 4202 de
3018 4149 3101 4201 bis
3135 4148 3260 4216 quid
3291 4149 3566 4202 censetis?

1983 4240 2277 4310 Epigouius
2305 4241 2587 4308 episcOpus
2617 4239 2940 4293 Bullensium
2970 4238 3246 4308 regionum
3275 4237 3410 4290 dixit
3459 4255 3472 4289 :
3505 4238 3561 4292 Si

1981 4336 2098 4405 quis
2159 4336 2439 4404 episcopus
2488 4333 2922 4388 communionem
2981 4340 3166 4385 tenens
3243 4329 3556 4382 catholicam

1983 4426 2285 4495 ltujuSinodi
2337 4425 2608 4480 hominem
2668 4423 2814 4477 vanis
2843 4423 3220 4478 blandimentis
3264 4423 3520 4477 incederit
3549 4463 3564 4485 ,

293 4516 388 4580 tio,
419 4531 446 4568 a
495 4515 824 4586 presbyteris
856 4531 962 4568 non
1006 4516 1097 4567 liat
1122 4530 1136 4578 ;
1158 4512 1200 4565 si
1230 4511 1348 4580 quis
1374 4520 1548 4564 autem
1597 4508 1877 4564 emerserit

1988 4522 2120 4573 sciat
2143 4534 2264 4572 cum
2297 4518 2482 4572 iisdem
2512 4517 2721 4584 rejectis
2745 4533 2805 4572 se
2835 4532 2955 4572 esse
2985 4517 3351 4585 depravatum,
3389 4525 3566 4568 trans-

293 4611 392 4662 hoc
436 4607 614 4663 facere
639 4650 656 4675 ,
691 4608 816 4676 quid
864 4608 931 4662 de
973 4622 1039 4660 eo
1084 4604 1421 4660 statuendum
1459 4603 1566 4655 sit?
1596 4600 1878 4656 Geneclius

293 4699 579 4768 episcopus
611 4709 636 4736 ⁸
668 4699 804 4753 dixit
846 4716 860 4754 :
909 4697 1127 4752 Audivit
1175 4694 1409 4763 dignatio
1453 4703 1628 4747 vestra
1661 4705 1878 4760 Sugges-

293 4786 494 4845 tiouem
521 4791 700 4845 fratris
726 4800 780 4846 et
809 4791 1112 4859 coepiscOpi
1145 4788 1310 4843 nostri
1343 4785 1609 4850 Numidii;
1660 4783 1783 4853 quid
1811 4783 1876 4837 ad

294 4881 408 4935 hzec
456 4883 675 4937 dicitis?
725 4883 806 4937 Ab
850 4881 1110 4936 universis
1160 4877 1425 4949 episcopis
1480 4876 1677 4929 dictum
1721 4882 1806 4928 est
1861 4891 1874 4926 :

291 4973 614 5028 Cltrisniatis
668 4975 938 5028 confectio
994 4983 1047 5027 et
1107 4972 1401 5040 puellarum
1459 4967 1791 5022 consecratio
1847 4980 1876 5018 a

292 5065 622 5135 presbyteris
649 5080 754 5118 non
791 5065 902 5128 fiat,
946 5063 1028 5117 vel
1060 5062 1406 5116 reconciliare
1426 5072 1745 5128 quemquam
1778 5071 1878 5125 pu-

292 5153 432 5208 blica
479 5155 640 5210 missa
675 5156 990 5226 presbytero
1022 5169 1124 5207 non
1161 5153 1319 5207 licere
1359 5151 1460 5204 hoc
1487 5148 1736 5203 omnibus
1766 5146 1878 5214 pla-

289 5257 398 5302 ρει.

293 5357 381 5411 IV.
419 5356 486 5412 Ut
537 5357 800 5427 presbyter
843 5358 1162 5427 paenitentetn
1190 5358 1374 5425 jussus
1413 5351 1476 5405 ab
1509 5351 1745 5421 episcopo
1788 5368 1878 5405 suo

933 5426 1238 5480 reconciliet.

366 5519 656 5574 Geneclius
677 5520 961 5589 episcopus
983 5519 1113 5572 dixit
1145 5534 1160 5571 :
1187 5517 1242 5571 Si
1266 5517 1541 5585 quisquam
1572 5515 1623 5568 in
1643 5515 1876 5580 periculo

288 5605 453 5665 fuerit
479 5611 811 5665 constitutus
851 5619 907 5666 et
932 5623 990 5663 se
1022 5607 1358 5663 reconciliari
1394 5605 1586 5660 divinis
1615 5605 1872 5659 altaribus

359 5752 385 5777 ⁸
416 5742 480 5795 Τ.
519 5745 568 5806 l,
602 5744 667 5804 '73,
703 5743 791 5808 U.,
822 5745 912 5808 6.,
947 5744 1238 5797 concilium.

361 5812 387 5851 δ
422 5812 514 5880 U.,
540 5823 698 5867 totum
723 5816 987 5870 charitatis
1017 5816 1270 5870 vinculum
1298 5813 1585 5884 persuadet.

1982 4613 2096 4665 iens
2145 4612 2196 4664 in
2255 4621 2455 4666 sortem
2497 4625 2703 4664 eorum.
2748 4609 3037 4664 Geneclius
3061 4609 3343 4676 episcopus
3381 4608 3512 4660 dixit
3547 4627 3562 4662 :

1983 4707 2121 4775 Ergo
2151 4715 2296 4760 recte
2324 4713 2618 4775 suggerunt
2643 4705 2838 4758 fratres
2863 4713 2916 4758 et
2943 4703 3246 4771 coepiscopi
3279 4702 3446 4758 nostri
3465 4742 3481 4768 ,
3506 4713 3561 4756 ut

1979 4800 2067 4868 qui
2095 4799 2390 4853 facinorum
2421 4799 2613 4852 merito
2641 4812 2862 4851 suorum
2891 4795 2959 4848 ab
2987 4795 3224 4848 Ecclesia
3255 4795 3390 4864 pulsi
3413 4805 3560 4859 sunt,

1978 4892 2022 4944 si
2071 4893 2138 4947 ab
2167 4893 2343 4962 aliquo
2391 4892 2647 4961 episcopo
2698 4889 2786 4943 vel
2831 4887 3028 4942 clerico
3075 4886 3272 4941 fuerint
3323 4901 3562 4940 commu-

1982 4985 2140 5038 nione
2181 4983 2438 5053 suscepti,
2470 4982 2632 5036 etiam
2667 4981 2780 5049 ipse
2811 4980 2921 5049 pari
2951 4994 3072 5033 cum
3110 4979 3314 5034 eisdem
3337 4977 3562 5030 crimine

1981 5085 2222 5131 teneatur
2277 5075 2557 5131 obnoxius.
2613 5073 2694 5128 Ab
2724 5073 2986 5128 universis
3039 5071 3302 5141 episcopis
3357 5069 3556 5121 dictum

1979 5181 2062 5224 est
2092 5190 2104 5225 :
2138 5170 2399 5224 Omnibus
2423 5169 2616 5238 placet.

1985 5262 2114 5318 Vlll.
2147 5261 2212 5317 Ut
2245 5261 2708 5316 excommunicatus
2735 5257 2990 5323 presbyter
3013 5254 3058 5307 si
3097 5253 3388 5321 sacriﬁcare
3421 5269 3557 5322 pra:-

2371 5330 2640 5398 sumpscrit
2681 5325 3157 5378 anathematisetur.

2048 5422 2195 5477 Felix
2247 5423 2529 5488 episcopus
2557 5417 2996 5472 Selemselitanus
3041 5415 3217 5469 dixit:
3271 5413 3378 5468 Nec
3422 5413 3551 5469 illud

1979 5511 2484 5583 [intermittendum
2535 5521 2648 5574 est,
2703 5516 2761 5562 ut
2806 5511 2849 5561 si
2880 5507 2998 5576 quis
3027 5504 3245 5560 lorsitan
3275 5504 3556 5574 presbyter

1975 5608 2039 5660 ab
2088 5606 2340 5673 episcopo
2393 5617 2487 5656 suo
2529 5608 2807 5669 correptus
2872 5607 2963 5653 aut
3015 5598 3548 5662 excommunicatus,

2049 5750 2068 5776 τ
2105 5737 2506 5800 E.,B.ll.,1‘.
2547 5735 2590 5790 l.
2621 5735 2674 5792 εὶ,
2711 5733 2797 5795 U.,
2831 5746 2898 5786 ut.

2045 5809 2066 5845 ά
2105 5810 2187 5877 U.,
2213 5811 2476 5878 cpiscopus
2508 5806 2738 5862 omnibus
2769 5807 2925 5859 dixit.
