4060 6184
422 287 522 342 187

428 494 536 548 Deo
582 494 842 549 sacrificia
901 492 1212 557 offerenda,
1263 491 1347 546 vel
1399 490 1541 546 aliud
1571 490 1716 563 [/E.,
1761 489 1999 561 aliquod]

422 586 734 657 erigendum
761 586 950 652 altare,
984 595 1169 642 contra
1198 584 1616 640 ecclesiasticam
1646 585 1802 639 fidem
1837 584 2002 640 disci-

425 680 728 748 plinamque
752 677 1042 732 crediderit
1061 675 1347 746 agendum,
1379 690 1483 730 non
1508 686 1664 731 exeat
1686 675 1999 744 impunitus.

428 768 710 824 Genec'ius
766 769 1048 836 episcopus
1093 767 1230 822 dixit
1278 786 1291 820 :
1335 766 1648 822 Necessaria
1704 767 2004 836 disciplinae

425 860 803 915 ecclesiastica:
834 870 888 914 et
913 859 1035 914 fidei
1063 874 1294 930 congrua
1326 870 1448 915 sunt
1477 877 1595 929 quae
1623 860 1790 915 frater
1821 869 2005 916 noster

427 948 577 1003 Fe‘li-x
619 960 934 1019 prosecutus
974 960 1056 1006 est
1104 969 1119 1006 :
1152 951 1373 1019 proinde
1401 951 1526 1021 quid
1554 951 1748 1006 exinde
1793 951 2005 1006 videtur

427 1048 619 1094 vestra:
662 1040 935 1096 dilectioni
975 1041 1190 1096 edicite.
1224 1041 1306 1097 Ab
1335 1042 1598 1097 universis
1628 1040 1893 1111 episc0pis
1919 1041 2007 1095 di-

424 1140 569 1186 ctum
601 1139 685 1187 est
715 1149 726 1184 :
753 1132 807 1189 Si
836 1134 954 1203 quis
981 1134 1259 1204 presbyter
1280 1149 1307 1187 a
1338 1136 1623 1202 praeposito
1661 1148 1756 1189 suo
1786 1148 2004 1188 excom-

429 1221 729 1275 municatus
776 1224 857 1278 vel
896 1235 1178 1291 correptus
1225 1224 1420 1290 fuerit,
1466 1223 1624 1278 debet
1652 1225 1830 1293 utique
1865 1223 2004 1288 apud

427 1315 632 1370 vicinos
661 1314 804 1386 [/E.,
837 1316 1009 1389 binos]
1040 1319 1323 1386 episcOpos
1344 1319 1594 1387 conqueri
1621 1357 1635 1382 ,
1678 1327 1729 1370 ut
1764 1317 1831 1369 ab
1878 1315 2006 1383 ipsis

427 1406 544 1476 ejus
573 1421 729 1461 causa
763 1410 927 1477 possit
972 1409 1143 1463 audiri
1189 1425 1251 1463 ac
1299 1424 1393 1476 per
1434 1408 1578 1477 ipsos
1607 1422 1706 1462 suo
1753 1407 2006 1476 episcopo

427 1498 799 1564 reconciliari;
847 1498 986 1568 quod
1034 1499 1134 1552 nisi
1165 1495 1372 1564 fecerit,
1414 1497 1507 1552 sed
1540 1497 1819 1565 superbia,
1863 1496 2005 1566 quod

428 1589 598 1655 absit,
627 1590 842 1645 inflatus
866 1591 1251 1645 secernendum
1292 1605 1348 1644 se
1383 1591 1449 1645 ab
1477 1589 1714 1659 episcopi
1743 1587 1827 1644 sui
1853 1602 2006 1644 corn-

427 1684 679 1736 munione
703 1682 912 1738 duxerit
938 1698 1001 1738 ac
1020 1683 1304 1753 separatim
1335 1698 1452 1736 cum
1480 1682 1745 1752 aliquibus
1767 1681 2003 1735 schisrna

426 1771 630 1830 faciens
657 1777 972 1831 sacrificium
1001 1778 1109 1832 Deo
1149 1777 1438 1838 obtulerit,
1484 1777 1603 1832 loco
1649 1777 1844 1831 amisso
1874 1789 2004 1829 ana-

428 1866 604 1921 thema
636 1866 896 1922 habeatur
926 1884 940 1922 :
979 1868 1325 1923 nihilominus
1365 1877 1417 1922 et
1453 1869 1521 1923 de
1566 1867 1778 1922 civitate
1810 1868 1861 1921 in
1903 1881 2006 1935 qua

431 1955 589 2011 fuerit
622 1957 832 2026 longius
859 1960 1178 2026 depellatur,
1214 1977 1280 2015 ne
1319 1961 1401 2014 vel
1435 1961 1736 2029 ignorantes
1767 1959 1849 2013 vel
1880 1958 2005 2014 sim-

427 2050 637 2119 pliciter
690 2051 848 2122 124
893 2051 1135 2107 viventes
1173 2053 1478 2120 serpentiua
1521 2051 1710 2106 fraude
1755 2051 2007 2120 decipiat.

428 2141 733 2196 Secundum
764 2144 1080 2212 Apostolum
1110 2160 1124 2197 :
1155 2143 1388 2198 Ecclesia
1413 2161 1515 2197 una
1561 2152 1634 2197 est
1661 2185 1675 2208 ,
1720 2160 1823 2197 una
1850 2144 2010 2211 ﬁdes,

430 2250 589 2286 unum
617 2234 870 2305 baptisma
912 2252 932 2290 :
958 2244 1011 2292 et
1041 2235 1085 2288 si
1117 2236 1503 2304 querimoniam
1531 2235 1727 2305 justam
1757 2235 2013 2290 adversus

433 2326 740 2395 episcopum
766 2325 1036 2394 habuerit,
1064 2329 1435 2399 inquirendum
1462 2331 1589 2383 erit.

430 2436 522 2491 IX.
557 2437 625 2494 Ut
654 2442 698 2492 si
743 2442 1000 2514 presbyter
1043 2443 1331 2514 inconsulto
1362 2443 1597 2512 episcopo
1639 2444 1890 2514 agendam
1936 2460 2014 2495 re-

822 2511 1082 2563 lebraverit
1107 2519 1130 2547 ι
1178 2512 1367 2565 honore
1392 2511 1638 2582 privetur.

506 2619 783 2676 Numitlius
806 2623 1088 2692 episcopus
1118 2624 1471 2679 Maxulitanus
1500 2625 1632 2678 dixit
1658 2643 1673 2680 :
1707 2625 1759 2679 lu
1789 2628 2013 2695 quibus-

431 2715 554 2768 dum
589 2714 717 2772 locis
761 2723 885 2769 sunt
929 2716 1223 2787 presbyteri
1280 2717 1369 2786 qui
1413 2728 1502 2770 aut
1543 2719 1845 2788 ignorantes
1885 2719 2016 2772 sim—

438 2805 665 2876 pliciter,
700 2814 794 2861 aut
832 2805 1233 2864 dissimulantes
1282 2809 1555 2863 audaciter
1585 2849 1601 2874 ,
1656 2819 1917 2876 prmseute
1967 2820 2020 2866 et

439 2898 739 2956 inconsulto
764 2899 1034 2970 episcopo,
1059 2901 1462 2969 quarupluriruis
1487 2901 1538 2955 in
1561 2901 1846 2955 deruiciliis
1860 2911 2022 2969 agant

439 2989 734 3058 agendam,
784 2990 923 3060 quod
966 2990 1266 3060 disciplinae
1305 3001 1356 3047 et
1387 2991 1735 3062 ineungruum
1764 3007 1886 3046 esse
1928 3008 2020 3046 co-

1109 268 1491 344 couecr‘ro
1527 284 1859 343 canonum
1900 284 1958 339 s.
2003 280 2276 338 ISIDOitO
2319 279 2584 336 tllSPAL.
2628 278 2989 336 ASCRIPTA.

422 414 628 457 tumore
680 401 760 457 vel
810 401 1060 471 superbia
1113 400 1326 454 inflatus
1391 399 1657 468 putaverit
1707 397 1992 467 separatim
2023 403 2072 458 Α

3591 281 3692 336 188

2206 392 2294 448 XI.
2331 394 2396 449 Ut
2437 395 2612 449 nullus
2640 393 2940 464 parochiam
2971 394 3194 448 alienam
3228 405 3503 464 prwsutttat
3533 405 3580 450 ε.

2179 485 2356 540 Victor
2391 487 2673 555 episcOpus
2718 485 3065 540 Abdiiitanus
3094 484 3111 522 τ
3146 485 3277 540 dixit
3306 502 3318 539 :
3367 486 3690 542 Roborauda

2101 588 2184 633 est
2209 578 2568 634 ecclesiastica
2591 579 2896 648 disciplina,
2919 593 2986 634 ne
3006 580 3287 648 quisquam
3312 579 3690 648 episcoporum

2102 670 2323 724 alterius
2365 671 2539 740 plebis
2565 671 2643 725 vel
2676 671 2954 726 dimcesirn
2987 685 3083 724 sua
3126 670 3529 733 importunitate
3574 673 3696 740 pul-

2103 775 2244 826 sare,
2300 763 2664 831 terminosque
2691 763 2793 818 sibi
2837 771 3065 818 statutos
3101 773 3325 817 conetur
3367 762 3626 818 excedere
3677 782 3691 818 :

2103 852 2192 919 qui
2233 852 2334 906 huc
2364 850 2548 908 facere
2572 853 2854 909 teutaverit
2883 853 3332 924 quemadmodum
3360 855 3696 910 coercendus

2107 945 2222 998 est?
2252 944 2537 999 Geneclius
2566 945 2847 1014 episcopus
2872 945 3008 1000 dixit
3037 963 3050 997 :
3085 945 3149 999 Et
3171 945 3253 998 lex
3281 953 3465 999 sancta
3510 944 3696 1012 prohi-

2106 1034 2200 1089 bet
2254 1045 2309 1089 et
2360 1035 2474 1105 ipsa
2521 1037 2718 1090 veritas
2775 1051 2879 1090 non
2923 1036 3051 1090 sinit
3089 1050 3410 1106 queinquam
3457 1035 3694 1090 alienum

2107 1127 2528 1196 concupiscere;
2576 1129 2799 1197 proinde
2851 1128 2981 1197 quid
3031 1129 3190 1181 etiam
3245 1127 3395 1181 vobis
3449 1125 3697 1181 omnibus

2109 1219 2283 1287 piat-et
2311 1221 2529 1289 propria
2560 1235 2691 1276 voce
2739 1222 2967 1289 signate.
3007 1221 3090 1274 Ab
3119 1220 3384 1275 universis
3430 1219 3698 1290 episcOpis

2108 1311 2307 1364 dictum
2337 1321 2421 1365 est
2451 1326 2466 1364 :
2501 1312 2678 1365 Placet
2720 1323 2774 1365 ut
2799 1310 3091 1366 secundum
3121 1311 3318 1365 divina:
3343 1311 3479 1380 legis
3508 1317 3696 1364 aucto-

2108 1399 2318 1455 ritatem
2342 1414 2500 1456 nemo
2529 1410 2772 1456 nostrum
2803 1401 3010 1458 alienos
3026 1401 3223 1457 limites
3241 1401 3693 1471 transgrediatur.

2116 1532 2270 1603 125
2323 1533 2434 1588 XII.
2479 1532 2546 1589 Ut
2601 1536 2710 1588 sine
2751 1537 2979 1589 consulto
3021 1546 3043 1582 Β
3084 1534 3474 1603 metropolitano
3526 1535 3700 1589 nullus

2573 1607 2840 1659 ordinetur
2878 1608 3166 1676 episcopus.

2189 1692 2468 1748 Numidius
2524 1699 2810 1764 episcopus
2866 1696 3224 1749 Maxulitanns
3276 1694 3453 1749 dixit:
3511 1693 3687 1763 Aliqui

2114 1786 2347 1855 episc0pi
2382 1789 2728 1856 usurpatione
2759 1788 2990 1858 quadam
3021 1789 3358 1852 existimant,
3393 1797 3700 1853 contempto

2113 1877 2344 1944 primate
2389 1876 2676 1946 cujuslibet
2729 1879 3017 1946 provincia:
3065 1895 3206 1945 suae,
3260 1879 3324 1930 ad
3375 1878 3702 1932 desiderium

2115 1965 2293 2034 populi
2326 1965 2636 2035 episcopum
2666 1968 2956 2034 ordinare,
2988 1982 3161 2037 neque
3189 1967 3381 2022 litteris
3415 1966 3481 2020 ad
3509 1981 3568 2022 se
3597 1968 3702 2035 pri-

2113 2071 2213 2109 ma:
2236 2055 2505 2112 cathedra:
2533 2059 2868 2112 manentibus
2899 2056 2925 2094 ιι
2955 2074 3128 2125 neque
3159 2068 3423 2127 potestate
3447 2066 3664 2126 accepta
3688 2075 3703 2112 :

2113 2147 2179 2204 de
2212 2152 2311 2204 hoc
2342 2150 2467 2216 quid
2499 2150 2684 2204 statuit
2712 2151 2968 2206 sanctitas
3008 2152 3223 2205 vestra?
3255 2150 3539 2205 checlius
3581 2151 3701 2219 cpi-

2114 2255 2310 2310 scopus
2339 2241 2475 2296 dixit
2504 2257 2517 2293 :
2549 2242 2810 2308 Quoniam
2843 2243 3145 2298 communis
3175 2253 3257 2298 est
3286 2243 3701 2297 honorificentia

2120 2349 2240 2403 qu:e
2271 2334 2432 2389 debet
2463 2333 2751 2404 unicuique
2781 2335 3022 2399 servari,
3057 2336 3125 2389 de
3158 2335 3256 2389 hoc
3287 2334 3436 2404 ipso,
3469 2334 3661 2390 fratres
3684 2376 3704 2400 ,

2116 2435 2350 2480 vestrum
2382 2433 2463 2479 est
2495 2426 2861 2495 pronuntiare.
2909 2425 2990 2480 Ab
3031 2426 3296 2481 universis
3324 2425 3590 2494 episcopis
3617 2425 3704 2478 di-

2117 2525 2261 2570 ctum
2311 2526 2436 2570 est:
2493 2516 2674 2571 Placet
2721 2516 2972 2571 omnibus
3019 2527 3076 2572 ut
3124 2518 3427 2573 inconsulto
3475 2517 3708 2587 prirnate

2120 2608 2406 2676 cujuslibet
2463 2609 2751 2676 provincia:
2802 2619 2908 2663 tarn
2966 2610 3122 2664 facile
3168 2625 3328 2664 nemo
3382 2618 3708 2678 prtesumat,

2121 2700 2245 2754 licet
2289 2714 2412 2754 cum
2465 2700 2647 2755 multis
2696 2701 2748 2755 in
2799 2717 3135 2771 quocunque,
3167 2702 3286 2756 loco
3327 2703 3445 2756 sine
3489 2700 3605 2770 ejus
3652 2711 3709 2754 ut

2121 2792 2319 2847 dictum
2344 2801 2451 2860 est,
2493 2802 2793 2864 prtecepto,
2837 2795 3149 2864 episcopum
3195 2811 3300 2850 non
3339 2795 3538 2850 debere
3564 2793 3711 2849 ordi-

2123 2897 2250 2937 nare
2279 2900 2293 2939 :
2324 2885 2368 2938 sl
2399 2892 2577 2939 autem
2613 2885 2904 2940 necessitas
2936 2883 3134 2951 fuerit,
3183 2895 3293 2941 tres
3333 2886 3605 2955 episcopi,
3651 2885 3706 2940 in

2123 2993 2444 3048 quocunque
2491 2978 2610 3034 loco
2639 2979 2743 3034 sint
2767 3020 2783 3045 ,
2814 2995 2936 3034 cum
2969 2979 3211 3048 primatis
3253 2991 3520 3049 pratcepto
3565 2978 3711 3034 ordi-

438 3083 645 3149 gnoscit
666 3081 922 3138 sanctitas
950 3092 1125 3137 vestra
1157 3081 1208 3140 ι).
1231 3083 1516 3138 Geneclius
1535 3083 1819 3152 episcopus
1842 3083 1970 3137 dixit
1999 3101 2012 3137 :
2045 3096 2092 3157 ε
2127 3088 2254 3127 nare
2281 3072 2511 3126 debeam
2547 3071 2589 3127 ί·

440 3169 655 3227 Fratres
702 3179 757 3227 et
798 3173 1100 3242 coepiscopi
1133 3176 1299 3229 nostri
1350 3175 1519 3245 dignae
1549 3175 1873 3246 suggestioni
1919 3185 2018 3228 tute

441 3267 768 3335 respondere
817 3283 919 3322 non
975 3279 1269 3324 morentur.
1320 3269 1400 3323 Ab
1446 3270 1708 3324 universis
1753 3268 2021 3338 episcopis

441 3354 642 3410 dictum
672 3367 753 3412 est
786 3376 796 3407 :
830 3357 1082 3426 Quisquis
1122 3360 1399 3429 presbyter
1435 3360 1733 3414 inconsulto
1767 3359 2022 3429 e;.isc0po

443 3447 700 3517 agendam
732 3449 783 3502 in
822 3449 1060 3516 quolibet
1109 3449 1225 3506 loco
1271 3451 1499 3507 voluerit
1541 3452 1852 3518 celebrare,
1910 3452 2023 3520 ipse

445 3538 631 3594 honori
662 3555 758 3593 suo
790 3541 1093 3595 contrarius
1121 3543 1316 3598 existit.

446 3627 515 3683 Χ.
553 3629 743 3692 Quanti
771 3630 981 3684 debeant
1008 3631 1316 3684 sacerdotem
1339 3633 1579 3702 judicare
1610 3641 1758 3702 atque
1797 3635 2019 3689 (evitant.

519 3720 665 3776 Felix
691 3720 974 3790 episcopus
996 3721 1433 3776 Selemselitanus
1455 3724 1586 3778 dixit
1617 3744 1628 3778 :
1656 3725 1826 3780 Etiam
1849 3728 2025 3783 ethoc

449 3812 643 3882 adjicio
673 3813 967 3868 secunduru
998 3821 1196 3868 statuta
1226 3823 1464 3870 veterum
1494 3817 1870 3882 conciliorum,
1896 3829 1954 3873 ut
1979 3820 2024 3874 si

450 3904 570 3975 quis
599 3905 904 3974 episc0pus,
927 3905 1066 3973 quod
1091 3921 1196 3960 non
1225 3916 1471 3975 optamus
1493 3921 1541 3977 °,
1565 3919 1766 3965 reatum
1796 3913 2025 3981 aliquem

448 3996 755 4065 incurrerit,
781 4005 834 4052 et
852 3997 1004 4052 fuerit
1025 3999 1071 4051 ei
1103 3996 1261 4054 nimia
1282 4002 1571 4057 necessitas
1598 4017 1702 4056 non
1727 4018 1882 4071 posse
1909 4004 2028 4072 plu-

451 4087 619 4142 rimos
647 4089 956 4160 congregari
998 4107 1013 4144 :
1046 4106 1113 4146 ne
1139 4090 1164 4128 ἀ
1189 4092 1238 4145 in
1265 4093 1489 4147 crimine
1515 4102 1807 4160 remaneat,
1832 4109 1864 4149 a
1893 4096 2027 4151 duo-

449 4183 623 4238 decim
653 4185 917 4255 episcopis
948 4185 1191 4239 audiatur
1220 4196 1276 4242 et
1311 4201 1340 4239 a
1365 4201 1455 4242 sex
1481 4187 1758 4257 presbyter
1788 4197 1840 4242 et
1870 4203 1898 4242 a
1931 4190 2029 4243 tri-

455 4275 553 4331 bus
583 4276 842 4331 diaconus
883 4291 1002 4330 cum
1034 4278 1248 4344 praprio
1293 4291 1390 4330 suo
1433 4277 1704 4346 eplSCOpO.
1746 4278 2032 4337 Geneclius

455 4368 736 4437 episcopus
765 4366 900 4421 dixit
929 4384 944 4422 :
972 4367 1106 4433 Quid
1137 4368 1203 4422 ad
1229 4369 1341 4422 haec
1367 4369 1498 4424 dic't
1535 4372 1788 4426 sanctitas
1814 4375 2032 4428 vestra?

2127 3209 2285 3280 126
2317 3207 2450 3262 Xill.
2486 3205 2551 3262 Ut
2572 3208 2840 3280 episcopus
2867 3207 2953 3273 qui
2978 3216 3152 3280 contra
3178 3205 3540 3280 professionem
3565 3221 3709 3258 suam

2353 3281 2405 3331 in
2438 3279 2654 3333 concilio
2682 3276 2908 3330 habitam
2937 3277 3159 3339 venerit,
3192 3276 3495 3347 deportatur.

2194 3370 2480 3425 Gencclius
2531 3369 2814 3437 episc0pus
2866 3368 3042 3422 dixit:
3098 3366 3286 3419 Omnia
3340 3380 3467 3433 ergo
3512 3378 3627 3431 quze
3676 3379 3706 3416 a

2124 3468 2266 3514 cmtu
2310 3458 2698 3528 gloriosissimo
2741 3467 2940 3511 statuta
2985 3465 3139 3518 sunt,
3175 3456 3346 3524 placet
3369 3455 3437 3506 ab
3466 3454 3712 3507 omnibus

2126 3548 2432 3603 custodiri?
2474 3547 2555 3601 Ab
2600 3547 2862 3600 universis
2905 3547 3172 3614 episcopis
3214 3545 3412 3598 dictum
3441 3554 3558 3598 est:
3595 3542 3712 3597 Pla-

2125 3648 2249 3705 cet,
2304 3639 2513 3708 placet,
2564 3637 2933 3691 custodiantur
2985 3640 3052 3691 ab
3099 3637 3373 3690 omnibus.
3425 3634 3715 3689 Gcneclius

2126 3731 2408 3800 episcopus
2437 3730 2569 3783 dixit
2597 3745 2612 3784 :
2643 3729 2733 3798 Si,
2767 3728 2908 3799 quod
2941 3743 3042 3782 non
3074 3728 3377 3797 Opinamur,
3411 3726 3474 3779 ab
3517 3726 3698 3794 aliquo

2130 3821 2326 3875 fuerint
2358 3820 2555 3873 violata
2578 3860 2593 3884 ,
2628 3820 2752 3888 quid
2784 3819 3061 3873 statuitis?
3102 3817 3183 3872 Ab
3213 3817 3477 3870 universis
3503 3816 3716 3882 episco-

2131 3912 2211 3983 pis
2241 3911 2442 3965 dictum
2481 3919 2564 3964 est
2595 3927 2608 3961 :
2645 3909 2742 3976 Qui
2786 3918 2972 3964 contra
3012 3923 3164 3961 suam
3211 3904 3598 3973 professionem
3626 3904 3713 3959 vel

2130 4002 2586 4070 subscriptionem
2622 3999 2858 4062 venerit,
2893 3997 3006 4068 ipse
3035 4013 3093 4051 se
3126 3997 3193 4050 ab
3225 3994 3329 4048 hoc
3371 4001 3512 4048 cmtu
3555 4006 3714 4060 sepa-

2131 4097 2288 4150 ravit.
2320 4094 2603 4149 Geneclius
2632 4092 2918 4163 episcopus
2945 4090 3078 4144 dixit
3107 4105 3121 4141 :
3156 4088 3430 4152 Gratulor,
3479 4085 3586 4139 Deo
3615 4099 3714 4136 no-

2132 4197 2246 4243 stro
2282 4195 2611 4258 praestante,
2657 4184 2798 4251 quod
2841 4197 2940 4253 pro
2979 4190 3119 4236 statu
3155 4181 3408 4235 Ecclesiae
3439 4178 3715 4232 catholicae

2134 4292 2325 4336 cuncta
2368 4295 2465 4334 nos
2507 4278 2702 4333 salubri
2745 4275 2972 4330 consilio
3017 4272 3280 4328 servanda
3323 4270 3700 4334 decrevimus;

2135 4383 2187 4428 et
2231 4373 2352 4428 ideo
2380 4387 2498 4442 quae
2528 4369 2595 4423 ab
2624 4368 2875 4422 omnibus
2917 4376 3043 4421 sunt
3079 4365 3217 4420 dicta
3242 4407 3255 4430 ,
3302 4362 3510 4432 propria
3554 4361 3715 4415 debe-

455 4457 539 4514 Ab
582 4458 849 4513 universis
893 4457 1159 4526 episc0pis
1202 4459 1399 4514 dictum
1443 4469 1524 4515 est
1568 4479 1579 4513 :
1614 4462 1837 4532 Dignum
1875 4474 1959 4519 est
2001 4481 2030 4522 a
2067 4448 2110 4504 Ῐ)
2137 4483 2255 4521 mus
2283 4465 2678 4534 subscriptione
2711 4463 2984 4518 roborare.
3028 4463 3107 4516 Ab
3141 4461 3409 4515 universis
3448 4456 3714 4529 episcopis

456 4549 608 4605 nobis
643 4560 881 4605 veterum
911 4556 1108 4604 statuta
1146 4549 1347 4606 debere
1374 4553 1598 4608 servari.

527 4690 554 4751 ἐ
579 4680 670 4751 IL,
703 4684 951 4751 agendam
978 4683 1031 4736 id
1062 4692 1134 4736 est
1158 4687 1363 4738 missam
1387 4685 1728 4742 celebraverit.

529 4750 580 4858 δ’.
594 4749 688 4858 ΙΙΙ.ὅ
714 4749 1054 4824 cognoscitur,
1096 4759 1335 4810 sanctitas
1367 4765 1533 4810 vestra
1577 4760 1700 4825 quid
1731 4759 1824 4813 sibi
1853 4761 1904 4814 in
1939 4762 2033 4816 Iroc

529 4839 547 4858 η
576 4838 627 4858 η

456 4822 688 4892 profert?
777 4822 788 4824 ἡ

428 4955 435 4970 λ
534 4903 556 4970 ς
673 4892 719 4970 l_,
743 4891 812 4970 2L
829 4902 1063 4970 optamus
1085 4898 1216 4970 ﬁeri.

422 4961 435 5024 ἱ
532 4961 558 5000 δ
769 4961 870 5040 Ἰἶτί
892 4965 942 5028 l,
968 4966 1024 5031 2,
1055 4961 1305 5036 plurimos
1329 4984 1634 5038 congregare
1651 4972 1931 5040 episc0pos,
1951 4990 2031 5026 ne.

536 5042 559 5072 ⁶
591 5035 652 5090 Τ.
684 5036 737 5102 l,
763 5036 982 5090 alienam
1010 5053 1243 5092 exercere
1270 5035 1566 5107 prazstimat.

2133 4559 2331 4612 dictum
2363 4567 2444 4611 est
2473 4574 2484 4608 :
2519 4555 2670 4622 Fiat,
2707 4556 2820 4610 fiat.
2853 4555 2917 4610 Et
2945 4555 3405 4624 subscripserunt.

2222 4691 2238 4729 ί
2275 4691 2330 4746 In
2356 4690 2599 4744 omnibus
2614 4690 2884 4743 codicibus
2906 4689 3251 4753 Absiritanus,
3279 4701 3399 4739 cum
3426 4693 3580 4737 antea
3614 4681 3718 4732 Ab.

2143 4763 2419 4815 diritanum
2446 4759 2806 4827 scripsissent.

2218 4841 2241 4879 s
2285 4831 2370 4890 U.,
2403 4829 2495 4894 G.,
2527 4831 2762 4882 consultu
2791 4829 3184 4894 mctt'Opolitmi.

2215 4899 2240 4937 h
2285 4901 2345 4954 Β.
2377 4899 2464 4961 Β..
2493 4899 2557 4952 Τ.
2590 4900 2642 4962 1,
2673 4900 2727 4960 ἓ,
2760 4901 3102 4952 manantibus.

2223 4971 2233 5007 ί
2282 4970 2406 5033 τε..
2440 4971 2498 5023 Β.
2539 4969 2603 5024 R.
2629 5011 2643 5036 ,
2689 4969 2753 5024 Τ.
2812 4971 2834 5023 l
2865 5011 2879 5035 ,
2927 4971 2959 5022 ει
2985 5011 3001 5037 ,
3034 4969 3094 5025 U.
3127 5009 3142 5035 ,
3191 4967 3428 5021 ordinare
3469 4961 3726 5018 debebunt

2145 5041 2454 5111 episcopum.
