4056 6178
321 381 3617 423 ______________.____________._______...__._____.

1891 491 2083 563 XIV

1278 668 1650 728 CUNCILIUM
1689 669 1775 722 CA
1788 664 2268 720 Ii'l'li.\GlNENSE
2318 664 2627 719 TERTIUM

403 838 694 888 ιιιιιιτυιιι
743 834 819 875 ΔΒ
865 826 1178 874 ΕΡῙΞΟΟΡΒ
1225 822 1489 869 NUMERO
1533 814 1943 872 QUADRAGINT

2042 813 2272 855 tamen
2330 812 2398 866 α.
2445 815 2586 857 sana
2633 813 2990 857 ccccuxvr
3052 793 3103 866 δ,
3152 811 3433 856 οΕεΑιιιο
3484 811 3562 854 ετ

864 910 1093 953 ATTICO
1138 905 1302 948 VIRiS
1347 898 1734 946 ριΔιιιεειιιιις
1780 894 1933 936 CONS

2042 892 2192 948 lBUS,
2238 894 2274 937 ν
2320 894 2650 936 κΑιΕΝοΑε
2701 893 3115 937 εεΡτιζιιιΒιιις.

404 1044 731 1116 Carthagine
755 1041 807 1095 in
830 1035 1123 1094 secretario
1147 1033 1381 1088 basiliczc
1404 1029 1657 1085 restitute
1676 1040 1797 1081 eum
1822 1022 1926 1076 Au~
1958 1019 2006 1076 A
2035 1035 2148 1075 sam
2194 1037 2345 1077 suam
2388 1022 2669 1077 dicendam
2718 1024 2902 1090 prima:
2948 1022 3093 1076 sedis
3136 1017 3326 1074 litteris
3369 1031 3622 1077 evocatus

332 1146 506 1201 relius
544 1115 830 1208 episcopus
864 1146 966 1186 una
998 1144 1119 1184 cum
1150 1124 1488 1195 coepiscopis
1517 1122 1627 1176 suis
1656 1115 1929 1173 consedis-

332 1243 459 1296 set,
512 1224 812 1283 astantibus
858 1221 1017 1276 etiam
1066 1214 1419 1279 diaconibus,
1468 1209 1758 1267 constituta
1807 1213 1932 1261 sunt

333 1324 453 1376 haec
484 1324 602 1387 qure
633 1317 687 1371 in
721 1307 977 1383 praesenti
1008 1305 1236 1362 concilio
1267 1300 1487 1357 defmita
1516 1304 1661 1353 sunt.

333 1414 374 1469 Ι.
423 1411 493 1467 Ut
525 1404 863 1480 prorincioles
894 1414 914 1441 ε
947 1398 1172 1482 episcopi
1194 1395 1270 1516 de!
1284 1392 1475 1464 pascha
1494 1405 1643 1447 suum
1668 1387 1931 1458 primatem

1014 1483 1250 1516 maurran
1278 1505 1292 1516 .

1014 1483 1292 1537 inquirant.

411 1571 616 1628 Placuit
659 1569 828 1636 igitur
872 1564 925 1617 in
968 1557 1269 1631 principio,
1312 1562 1531 1624 propter
1575 1562 1813 1605 errorem
1845 1543 1932 1612 qui

334 1682 485 1739 sarpe
525 1664 669 1719 solet
713 1656 918 1714 oboriri
943 1695 960 1721 ,
999 1662 1061 1707 ut
1097 1663 1290 1705 omnes
1328 1646 1600 1702 Africame
1640 1640 1933 1711 provincit'c

332 1727 578 1829 epi'scOpi
620 1747 1061 1808 observationem
1106 1740 1212 1795 diei
1265 1736 1533 1809 paschalis
1581 1734 1647 1787 ab
1691 1727 1933 1786 Ecclesia

335 1844 753 1916 Carthaginiensi
784 1844 978 1895 curent
1001 1834 1267 1902 accipere.

530 1914 597 1995 ll.
642 1936 711 1992 Ut
754 1950 845 2005 per
869 1929 1098 2001 singulos
1125 1940 1289 1979 annos
1315 1918 1585 1975 concilium
1627 1914 1740 1984 ﬁat.

410 2030 673 2088 Similiter
720 2002 925 2096 placuit
952 2030 1005 2073 ut
1033 2026 1252 2089 propter
1280 2024 1471 2068 causas
1500 2002 1895 2063 ecclesiasticas
1917 2041 1931 2065 ,

344 2142 466 2197 qua:
492 2122 558 2176 ad
592 2116 888 2190 perniciem
920 2109 1154 2182 plebium
1185 2121 1330 2175 smpe
1356 2108 1726 2163 veterascunt,
1756 2096 1935 2163 singu-

344 2221 415 2273 lis
444 2216 748 2283 quibusque
786 2206 943 2262 annis
982 2202 1269 2258 concilium
1313 2204 1664 2257 convocetur,
1697 2189 1763 2243 ad
1795 2186 1934 2257 quod

342 2325 538 2366 omnes
570 2301 861 2376 provincia:
887 2313 1006 2369 quae
1038 2296 1239 2366 primas
1268 2291 1427 2346 sedes
1456 2286 1683 2351 habent,
1714 2281 1781 2337 de
1810 2295 1932 2335 cun-

2033 1112 2120 1166 die
2166 1121 2364 1167 statuta
2411 1114 2632 1168 minime
2674 1113 3008 1177 occurrerit,
3059 1112 3161 1165 hoc
3203 1120 3286 1166 est
3332 1110 3468 1163 intra
3500 1124 3623 1177 spa-

2036 1208 2165 1263 tium
2198 1208 2399 1262 mensis
2440 1222 2503 1261 ex
2550 1222 2613 1261 ea
2655 1206 2743 1260 die
2785 1220 2886 1272 qua
2936 1220 3059 1258 eum
3105 1204 3310 1260 litteras
3351 1202 3623 1271 accepisse

2034 1299 2371 1353 constiterit:
2403 1298 2543 1366 quod
2575 1298 2619 1352 si
2649 1296 2855 1365 aliquas
2882 1310 3039 1353 veras
3066 1293 3404 1349 necessitatis
3431 1307 3623 1348 causas

2034 1390 2379 1458 probaverit,
2415 1390 2610 1460 quibus
2639 1404 2759 1444 eum
2792 1401 3077 1443 occurrere
3108 1399 3212 1438 non
3246 1384 3478 1453 potuisse
3510 1399 3623 1438 ma-

2035 1485 2284 1540 nifestum
2313 1486 2417 1551 sit,
2447 1499 2621 1539 causa!
2649 1498 2760 1537 suae
2784 1474 3027 1536 dicenda:
3052 1479 3189 1534 intra
3217 1478 3440 1533 alterum
3472 1492 3623 1532 men-

2034 1594 2148 1633 sem
2193 1579 2454 1648 integram
2498 1577 2697 1631 haheat
2740 1574 3089 1638 facultatem;
3134 1580 3500 1625 verumtamen
3533 1567 3622 1623 diu

2039 1668 2060 1708 ί
2093 1680 2209 1738 post
2252 1684 2492 1739 mensem
2536 1666 2832 1723 secundum
2884 1681 2989 1720 non
3039 1661 3403 1716 communicet
3450 1659 3625 1714 donec

2036 1769 2311 1831 purgetur.
2355 1758 2411 1813 Si
2452 1767 2632 1812 autem
2666 1756 2826 1826 128
2857 1768 2957 1808 nec
2985 1752 3051 1807 ad
3082 1750 3368 1808 concilium
3399 1746 3623 1803 univer-

2035 1850 2150 1905 sale
2204 1848 2630 1904 auniversarium
2680 1859 2972 1901 occurrere
3024 1842 3252 1898 voluerit
3300 1849 3357 1893 ut
3411 1841 3496 1894 vel
3546 1837 3622 1893 ibi

2034 1958 2196 1998 causa
2237 1942 2353 2011 ejus
2395 1940 2729 2004 terminetur,
2772 1937 2971 2006 ipsein
3005 1949 3066 1989 se
3094 1930 3460 1988 damnationis
3501 1944 3627 1983 scn—

2037 2036 2256 2087 tentiam
2302 2032 2501 2086 dixisse
2543 2030 2853 2099 judicetttr;
2903 2037 3146 2094 tempore
3193 2038 3323 2078 sane
3367 2036 3474 2088 quo
3519 2035 3625 2073 non

2037 2126 2437 2186 communicat,
2484 2136 2583 2177 nec
2616 2121 2668 2174 in
2702 2135 2798 2175 sua
2828 2118 3056 2173 ecclesia
3088 2115 3170 2171 vel
3204 2112 3449 2182 parochia
3479 2125 3626 2163 com-

2037 2217 2277 2269 municet
2306 2231 2320 2267 :
2354 2224 2641 2269 accusator
2671 2220 2848 2265 autem
2889 2210 3003 2278 ejus
3044 2206 3088 2261 si
3131 2219 3399 2272 nunquam
3437 2199 3624 2254 diebus

2036 2325 2213 2364 causa!
2245 2308 2490 2364 dicenda:
2532 2306 2760 2360 defuerit
2802 2320 2831 2358 a
2872 2302 3253 2357 communiene
3295 2313 3399 2353 non
3441 2311 3622 2352 remo-

346 2404 492 2459 eiliis
523 2400 639 2455 suis
668 2397 821 2452 binos
856 2391 1011 2464 127
1043 2398 1134 2444 aut
1163 2394 1392 2456 quantos
1417 2379 1678 2451 elegerint
1718 2374 1930 2443 episco-
1965 2375 2013 2436 Β
2041 2408 2267 2466 malum
2315 2398 2361 2451 si
2405 2414 2531 2451 verti
2562 2395 2851 2465 aliquando
2892 2390 3123 2448 defuerit
3166 2388 3487 2444 subtrahens
3528 2401 3587 2441 se
3608 2429 3623 2453 ,

345 2510 448 2566 pos
481 2496 685 2561 legatos
714 2487 967 2550 mittant;
999 2492 1057 2538 ut
1086 2491 1140 2536 ct
1167 2480 1347 2534 minus
1375 2470 1622 2528 invidiosi
1653 2468 1936 2535 minusque

349 2564 653 2657 hospitibus
705 2575 1007 2649 sumptuosi
1059 2573 1339 2633 existant,
1396 2574 1452 2621 et
1503 2565 1555 2619 in
1612 2564 1937 2627 congregato

340 2648 612 2738 conventu
653 2668 1027 2744 plenapossit
1072 2679 1193 2719 esse
1237 2660 1572 2716 auctoritas:
1621 2654 1691 2709 de
1729 2648 1935 2720 Tripoli

342 2783 522 2826 autem
557 2774 775 2839 propter
812 2761 1044 2831 inopiam
1075 2756 1452 2827 episcoporum
1486 2762 1622 2804 unus
1656 2744 1938 2815 cpiscopus

343 2863 525 2919 veniat
571 2859 617 2914 δ.

425 2955 512 3012 Ill.
558 2952 625 3010 Ut
658 2953 926 3022 rpiseOpus
956 2947 1253 3019 priusquam
1282 2949 1307 2979 θ
1339 2938 1604 2994 ordinetur
1632 2945 1851 2987 canones

1011 3021 1279 3088 agnoscat.

417 3122 551 3176 Item
581 3115 824 3187 placuit,
854 3122 911 3166 ut
938 3106 1254 3164 ordinandis
1295 3100 1562 3173 episcopis
1602 3096 1688 3153 vel
1728 3090 1939 3150 clericis

346 3215 496 3284 prius
522 3212 593 3266 ab
626 3206 1033 3265 ordinatur-ibus
1066 3203 1177 3257 suis
1209 3199 1424 3253 decreta
1456 3191 1809 3250 conciliorum
1846 3202 1938 3241 au-

348 3307 493 3361 ribus
518 3318 707 3359 eorum
750 3299 1105 3361 inculcantur,
1151 3307 1218 3348 ne
1256 3304 1315 3346 se
1358 3286 1560 3357 aliquid
1600 3290 1788 3339 contra
1830 3287 1940 3333 sta-

350 3408 459 3453 tuta
486 3391 706 3450 concilii
739 3390 933 3445 fecisse
962 3386 1277 3458 ptetriteant.

380 3488 471 3546 IV.
519 3487 588 3542 Ut
616 3485 784 3539 leviter
811 3493 858 3537 et
887 3480 1106 3552 uirgines
1136 3486 1255 3531 ante
1282 3473 1464 3543 viginti
1490 3471 1714 3542 quinque
1739 3480 1904 3521 annos

892 3568 994 3607 non
1024 3555 1401 3604 consecrentur.

419 3649 553 3704 Item
595 3646 832 3717 placuit,
866 3654 921 3699 ut
960 3651 1085 3697 ante
1122 3639 1309 3710 viginti
1341 3635 1578 3706 quinque
1608 3643 1777 3684 annos
1807 3634 1939 3681 mta-

351 3746 417 3798 tis
447 3756 548 3797 nec
576 3741 833 3796 diaconos
859 3736 1201 3799 ordinentur,
1230 3745 1331 3787 nec
1358 3727 1592 3800 virgines
1616 3734 1938 3780 consecren-
1966 3718 2012 3782 C

354 3844 463 3898 tur,
493 3842 551 3889 et
580 3843 638 3887 ut
670 3832 901 3886 lectores
934 3826 1189 3899 populum
1220 3837 1328 3879 non
1355 3819 1609 3875 salutent.

425 3928 487 3979 γ.
528 3924 595 3981 Ut
625 3930 1000 3979 sacramentum
1030 3915 1403 3973 catecltuntenis
1428 3927 1530 3967 non
1561 3907 1867 3978 praebeatur.

419 4022 559 4077 Item
592 4018 825 4089 placuit,
857 4024 916 4070 ut
943 4015 1106 4069 etiam
1140 4025 1232 4079 per
1258 4004 1682 4064 solemnissimos
1711 3997 1942 4070 pascha-

350 4113 431 4168 les
472 4087 607 4167 diesﬁ
628 4115 1023 4164 sacramentum
1053 4096 1453 4158 catechumenis
1489 4108 1597 4149 non
1628 4093 1808 4155 detur,
1840 4087 1942 4143 nisi

351 4205 569 4260 solitum
589 4200 720 4255 salis
743 4215 758 4265 ;
789 4198 910 4267 quia
933 4196 978 4250 si
1003 4193 1186 4250 fideles
1213 4207 1309 4262 per
1329 4191 1451 4245 illos
1471 4188 1586 4242 dies
1605 4190 1943 4238 sacramenta

354 4312 460 4353 non
480 4302 731 4357 mutant,
757 4305 857 4347 nec
880 4288 1297 4346 catechumenos
1320 4290 1533 4353 Oportet
1564 4287 1791 4333 mutare.

399 4412 488 4469 Vl.
528 4411 596 4468 Ut
624 4408 840 4463 mortuis
868 4405 1150 4476 boptismus
1176 4402 1252 4455 vel
1279 4397 1592 4454 euclmristia
1614 4411 1715 4449 non
1740 4394 1908 4448 detur.

426 4527 558 4578 Item
591 4519 827 4592 placuit,
856 4524 913 4571 ut
939 4513 1258 4585 corporibus
1289 4511 1662 4566 defunctorum
1694 4503 1942 4561 euchari-

356 4617 454 4670 stia
487 4630 598 4669 non
644 4612 840 4676 detur;
872 4610 1069 4664 dictum
1117 4616 1198 4662 est
1239 4605 1382 4660 enim
1425 4618 1453 4656 a
1502 4600 1768 4656 Domino:
1804 4598 1948 4652 Acci-

356 4710 458 4779 pite
485 4717 533 4760 et
565 4704 702 4759 edite
726 4718 745 4756 :
777 4700 1043 4756 cadavera
1075 4708 1252 4752 autem
1298 4710 1398 4751 nec
1440 4693 1684 4761 accipere
1727 4697 1950 4761 possunt

354 4812 454 4853 nec
483 4795 670 4850 edere.
710 4791 912 4847 Deinde
940 4787 1238 4845 cavendum
1271 4796 1353 4841 est
1395 4798 1462 4839 ne
1506 4790 1745 4835 mortuos
1786 4779 1947 4833 etiam

355 4887 622 4958 baptizari
683 4897 845 4954 posse
888 4879 1116 4937 fratrum
1166 4876 1447 4933 infirmitas
1492 4872 1711 4937 credat,
1756 4869 1952 4943 quibus

356 4999 456 5039 nec
486 4979 865 5037 eucharistiam
898 4975 1013 5031 dari
1043 4970 1507 5029 animadverterit.

361 5075 469 5131 γιι.
519 5072 587 5128 Ut
633 5072 678 5125 si
731 5071 997 5139 episcopus
1026 5072 1313 5139 accusatur,
1354 5060 1441 5115 ubi
1493 5058 1569 5115 vel
1623 5058 1761 5129 infra
1816 5054 1952 5126 quod
1982 5074 2034 5136 υ

858 5148 1057 5207 tempus
1109 5137 1448 5189 exanimetur.

430 5236 687 5293 Aurelius
731 5233 1018 5302 episcopus
1063 5229 1241 5285 dixit:
1282 5225 1532 5295 Quisquis
1575 5222 1947 5291 episcoporum

360 5338 666 5392 accusatur,
702 5325 767 5379 ad
801 5325 1056 5393 primates
1088 5319 1376 5392 provincia:
1409 5316 1577 5385 ipsius
1607 5328 1822 5370 causam
1854 5313 1948 5366 de-

362 5420 503 5476 ferat
532 5425 840 5480 accusator,
871 5429 969 5469 nec
998 5428 1026 5467 a
1057 5410 1437 5467 communione
1478 5422 1589 5474 sus;
1610 5406 1835 5460 cndatur
1865 5403 1950 5457 cui

361 5512 568 5566 crimen
602 5509 894 5565 intenditur
923 5504 1029 5579 [Β.
1063 5504 1155 5569 R.,
1182 5496 1548 5573 impenditur]
1572 5540 1586 5567 ,
1612 5496 1711 5551 nisi
1738 5496 1802 5550 ad
1829 5511 1952 5550 cau-

434 5655 459 5681 ⁸
505 5644 623 5707 Εη
654 5658 865 5696 numero
893 5640 1235 5711 quadraginta
1265 5647 1398 5691 octo.

435 5724 457 5749 ι’
504 5716 619 5777 ,ιεη
654 5714 713 5770 Β.
748 5713 840 5777 IL,
871 5712 937 5767 Τ.
970 5714 1017 5775 l,
1051 5710 1120 5775 2,
1152 5726 1255 5763 reri
1285 5722 1591 5761 ccccxxxv.

437 5796 459 5822 ε
505 5785 616 5851 ὦη
656 5787 712 5838 Il.
742 5784 832 5852 IL,
863 5783 926 5837 Τ.
960 5784 1010 5850 1,
1040 5780 1104 5849 2,
1142 5781 1225 5847 υ.,
1261 5777 1732 5845 romprozinciolcs.

2038 2491 2284 2547 restituto
2313 2491 2364 2543 in
2387 2488 2822 2543 communioaem
2849 2488 3123 2553 episcopo,
3142 2483 3256 2550 ipse
3282 2487 3623 2535 removeatur

2038 2596 2069 2636 a
2104 2578 2484 2635 communione
2514 2586 2815 2643 accusator,
2852 2574 2920 2628 ita
2953 2583 3131 2627 tamen
3164 2578 3221 2624 ut
3253 2582 3350 2623 nec
3381 2569 3480 2632 ipsi
3512 2566 3627 2621 adi-

2037 2684 2212 2729 matur
2243 2671 2470 2727 facultas
2500 2684 2677 2724 causre
2709 2665 3055 2737 peragendae,
3087 2664 3131 2717 si
3163 2678 3222 2718 se
3253 2662 3319 2715 ad
3361 2660 3503 2716 diem
3536 2674 3627 2714 oc-

2039 2779 2264 2820 currere
2296 2779 2401 2818 non
2434 2761 2705 2826 noluisse,
2738 2760 2831 2813 sed
2865 2772 2969 2811 non
3013 2755 3251 2825 potuisse
3292 2750 3625 2821 probaverit.

2039 2856 2171 2912 Illud
2217 2871 2347 2910 vero
2392 2854 2624 2924 placuit,
2678 2859 2737 2905 ut
2781 2864 2901 2904 cum
2947 2861 3104 2917 agere
3144 2844 3367 2913 coeperit
3416 2843 3465 2897 in
3517 2843 3630 2911 ι·ρί-

2037 2965 2329 3020 scoporum
2358 2946 2562 3018 judicio
2585 2987 2599 3010 ,
2630 2943 2673 2998 si
2710 2941 2868 2998 fuerit
2896 2940 3228 2995 accusatoris
3259 2950 3485 3007 persona
3517 2935 3630 2989 cul-

2041 3041 2253 3111 pabilis,
2283 3038 2347 3093 ad
2378 3035 2707 3107 arguentium
2742 3048 2846 3087 non
2875 3030 3209 3093 admittatur,
3245 3024 3345 3079 nisi
3385 3025 3629 3095 preprias

2039 3147 2228 3187 causas
2259 3145 2366 3186 non
2396 3138 2573 3183 tamen
2601 3128 2645 3181 si
2674 3120 3073 3182 ecclesiasticas
3098 3133 3342 3174 asserere
3370 3114 3621 3170 voluerit.

2039 3222 2173 3277 VIII.
2219 3220 2296 3275 De
2339 3219 2639 3290 presbyteris
2691 3226 2740 3270 et
2798 3214 3133 3290 draconibus,
3186 3208 3366 3281 quanti
3404 3205 3629 3277 epist‘Opi

2661 3302 2745 3339 eos
2774 3285 3010 3337 audiant.

2112 3383 2167 3437 Si
2202 3390 2381 3437 autem
2413 3376 2713 3450 presbyteri
2744 3375 2823 3430 vel
2856 3371 3069 3428 diaconi
3112 3369 3312 3425 fuerint
3352 3365 3627 3431 accusati,

2040 3473 2295 3546 adjuncto
2324 3470 2425 3526 sibi
2454 3484 2523 3525 ex
2553 3466 2751 3521 vicinis
2783 3464 2918 3519 locis
2950 3462 3199 3533 proprius
3228 3459 3514 3527 episcopus
3556 3455 3630 3509 le-

2041 3567 2226 3639 gitimo
2268 3577 2493 3620 numero
2537 3561 2906 3632 collegarum,
2948 3571 3054 3612 una
3094 3568 3277 3611 secum
3320 3553 3371 3606 in
3412 3549 3633 3621 presby-

2041 3658 2142 3714 teri
2175 3657 2389 3711 nomine
2418 3652 2656 3723 episcopi
2690 3666 2783 3707 se't
2808 3692 2824 3715 ,
2856 3651 2909 3704 in
2940 3646 3150 3702 diaconi
3194 3655 3305 3700 tres
3326 3685 3340 3710 ,
3384 3644 3621 3713 ipsorum

2042 3766 2258 3808 causam
2290 3748 2618 3812 discutiant,
2651 3747 2837 3801 eadem
2871 3743 3080 3798 dierum
3109 3748 3162 3794 et
3205 3738 3465 3792 dilatione
3504 3746 3557 3789 et
3596 3750 3623 3786 a

2042 3840 2419 3899 communione
2445 3837 2800 3893 rcmOtionum
2824 3842 2876 3889 et
2907 3831 3245 3887 discussione
3277 3842 3466 3897 person
3505 3840 3621 3880 rum

2044 3934 2183 3989 inter
2212 3936 2555 3984 accusatores
2582 3934 2637 3979 et
2664 3939 2757 3980 eos
2788 3923 2877 3992 qui
2908 3929 3223 3977 accusantur
3252 3918 3419 3971 forma
3450 3930 3632 3971 serva.

2046 4036 2118 4081 ta.
2143 4024 2487 4092 Ileliquorutn
2515 4027 2692 4072 autem
2716 4016 3035 4070 clericorum
3064 4026 3253 4066 causas
3283 4012 3445 4066 etiam
3478 4010 3629 4063 solus

2044 4118 2327 4188 cpiscopus
2362 4111 2462 4166 loci
2492 4116 2749 4181 agnoscat
2774 4114 2828 4160 et
2859 4104 3023 4159 finiat.

2191 4206 2281 4263 IX.
2327 4204 2395 4261 Ut
2424 4203 2592 4258 clerici
2622 4200 2825 4273 publica
2846 4196 3047 4269 judicia
3077 4211 3179 4248 non
3204 4192 3485 4264 appellent.

2118 4299 2249 4354 I‘em
2282 4296 2512 4367 placuit,
2546 4303 2605 4349 ut
2633 4291 2875 4363 quisquis
2901 4290 3275 4357 episcoporum
3296 4326 3311 4351 ,
3354 4283 3629 4355 presbyte-

2047 4409 2228 4449 rorum
2259 4400 2313 4447 et
2338 4392 2682 4445 diacouorum
2708 4401 2803 4441 seu
2829 4383 3148 4440 clericorum
3170 4422 3187 4447 ,
3214 4393 3336 4435 cum
3364 4377 3417 4433 in
3450 4373 3634 4429 Eccle-

2049 4488 2127 4541 sia
2153 4487 2201 4540 ei
2233 4484 2391 4539 fuerit
2414 4483 2619 4537 crimen
2648 4478 2945 4533 institutum
2974 4474 3055 4530 vel
3084 4471 3258 4527 civilis
3281 4481 3443 4522 causa
3473 4464 3635 4519 fuerit

2050 4590 2353 4645 commota,
2400 4577 2443 4631 si
2500 4575 2686 4629 relicto
2733 4569 2936 4640 judicio
2987 4560 3350 4621 ecclesiastico
3399 4555 3629 4627 publicis

2046 4671 2260 4743 iudiciis
2303 4669 2513 4740 purgari
2555 4665 2814 4729 voluerit,
2856 4662 3020 4717 etiam
3064 4659 3109 4711 si
3159 4668 3255 4723 pro
3302 4652 3420 4720 ipso
3470 4646 3627 4705 tuerit

2054 4741 2257 4834 prolata
2300 4759 2599 4824 sententia,
2643 4758 2817 4813 locum
2858 4766 3015 4809 suum
3055 4749 3311 4811 amittat;
3351 4753 3406 4800 et
3446 4742 3547 4798 hoc
3584 4741 3637 4795 iu

2055 4853 2320 4911 criminati
2352 4851 2564 4906 actione
2590 4865 2604 4902 :
2638 4848 2692 4903 in
2721 4845 2862 4903 civili
2894 4856 3026 4899 vero
3055 4838 3241 4911 perdat
3272 4836 3413 4903 quod
3444 4832 3638 4895 evicit,

2056 4950 2101 5003 si
2134 4948 2308 5002 locum
2337 4960 2494 5001 suum
2525 4941 2771 4996 obtinere
2803 4933 3071 4993 maluerit.
3121 4930 3217 4987 Cui
3250 4928 3392 4984 enim
3431 4924 3497 4977 ad
3537 4921 3641 4975 cli.

2063 5039 2265 5111 gendos
2300 5036 2512 5108 iudices
2552 5033 2789 5103 undique
2837 5028 3092 5085 Ecclesiae
3134 5029 3278 5094 patet
3314 5014 3643 5078 auctoritas,

2060 5102 2176 5203 ipse
2205 5147 2263 5188 se
2293 5102 2569 5198 indignum
2602 5124 2854 5181 Ecclesia:
2884 5116 3157 5175 consortio
3183 5110 3388 5182 judicat
3408 5148 3423 5173 ,
3454 5105 3542 5175 qui
3573 5102 3644 5159 de

2063 5202 2311 5278 universa
2346 5220 2583 5276 Ecclesia
2612 5216 2752 5271 male
2794 5209 3079 5267 sentiendo
3117 5207 3185 5262 de
3227 5202 3430 5274 judicio
3475 5214 3645 5255 saecu-

2058 5312 2153 5369 lari
2184 5313 2353 5382 poscit
2382 5308 2636 5364 auxilium
2656 5344 2669 5366 ,
2700 5317 2819 5357 cum
2852 5300 3182 5369 privatorum
3211 5290 3642 5350 Christianorum

2059 5381 2249 5459 causas
2281 5397 2568 5468 Apostolus
2600 5392 2761 5448 etiam
2794 5392 2860 5444 ad
2896 5387 3198 5444 Ecclesium
3242 5381 3441 5439 deferri
3485 5388 3647 5449 atque

2060 5497 2130 5551 ibi
2159 5486 2508 5550 determinari
2540 5483 2836 5555 praecipiat.

2201 5627 2291 5690 ϐ..
2323 5622 2486 5678 veniat
2516 5620 2595 5674 vel
2622 5618 2860 5690 clericus.

2134 5626 2158 5666 ἁ

2139 5711 2161 5736 ο
2204 5684 2353 5757 τ.ἰ,
2380 5695 2435 5757 9.,
2472 5693 2737 5761 episcOpus
2766 5688 2840 5741 vel
2870 5687 3080 5761 clericus
3115 5684 3429 5751 priusquam.

2142 5770 2157 5809 ¹
2202 5770 2265 5826 'I'.
2304 5769 2350 5833 l,
2381 5766 2439 5831 2,
2470 5760 2560 5831 U.,
2594 5775 2765 5817 rerum
2796 5760 2999 5812 tandin.
