4060 6184
378 317 473 375 191

1047 308 1429 368 COLLECTIO
1466 303 1795 363 CANONUM
1837 303 1896 359 S.
1939 299 2210 357 ISIDORO
2253 298 2518 354 IIISPAL.
2566 297 2926 354 ASCIIIPTA.

3540 293 3651 349 ιη

379 432 447 488 X.
489 431 549 485 Si
576 430 786 501 quisque
814 429 1024 501 abraliis
1046 426 1308 501 jadicibns
1335 423 1688 501 ecclesiasticis
1715 420 1783 474 ad
1811 419 1940 501 alios
1971 420 2018 476 Α
2090 414 2228 471 XIX.
2260 414 2325 469 Ut
2355 415 2529 497 clerici
2586 431 2702 501 curn
3518 422 3612 464 aut

447 492 630 573 fuerit,
686 492 788 554 non
843 500 1015 555 obesse
1046 492 1319 568 'prioribus
1364 496 1408 548 si
1457 494 1657 547 diversa
1698 492 1947 547 sententia

446 573 761 643 proferatur.

449 663 562 717 Hoc
600 662 761 717 etiam
808 658 1045 729 placuit,
1090 666 1144 710 ut
1187 672 1217 710 a
1260 655 1666 724 quibuseuuque
1687 651 1960 722 jutlicibns

374 751 751 808 ecclesiasticis
793 750 858 805 ad
901 750 1037 804 alios
1073 747 1280 817 judices
1329 745 1725 801 ecclesiasticos
1762 745 1847 799 ubi
1878 755 1961 799 est

378 845 550 913 major
578 842 869 897 auctoritas
903 843 1061 896 fuerit
1099 848 1483 910 provocatum,
1537 840 1694 911 129
1732 853 1838 893 non
1881 837 1960 892 eis

374 938 515 992 obsit
559 950 788 1006 quorum
840 935 1006 990 fuerit
1050 934 1222 988 soluta
1272 932 1574 997 sententia,
1621 932 1666 986 si
1713 930 1959 986 convinci

378 1041 482 1080 non
512 1026 787 1095 potuerint
811 1026 891 1080 Vel
920 1025 1138 1079 inimico
1160 1025 1340 1079 animo
1368 1023 1642 1094 judicasse
1666 1022 1752 1077 vel
1780 1021 1959 1091 aliqua

376 1115 669 1185 cupiditate
699 1124 786 1169 aut
814 1116 982 1186 gratia
1013 1115 1286 1182 depravati
1316 1132 1329 1167 :
1361 1128 1493 1168 sane
1523 1113 1566 1167 si
1597 1128 1660 1167 ex
1694 1126 1957 1166 consensu

376 1206 607 1275 partium
635 1204 846 1275 judices
871 1206 1030 1262 electi
1065 1205 1289 1272 fuerint,
1323 1206 1486 1260 etiam
1518 1220 1547 1259 a
1595 1204 1832 1274 pauciori
1862 1219 1960 1258 nu-

380 1312 530 1353 mero
560 1308 719 1367 Quam
750 1300 1101 1354 constitutum
1134 1310 1214 1354 est
1234 1306 1352 1353 'non
1382 1299 1538 1353 liceat
1572 1297 1871 1366 provocari.

411 1388 502 1445 XI.
552 1389 621 1444 Ut
651 1391 748 1458 ﬁlii
775 1392 1077 1445 clericorurn
1107 1391 1174 1444 ad
1202 1389 1495 1457 spectacula
1525 1406 1626 1441 non
1656 1388 1919 1441 accedant.

448 1478 516 1534 Ut
556 1479 649 1533 lilii
682 1482 1024 1534 sacerdotum
1055 1480 1139 1535 vel
1171 1479 1493 1534 clericorum
1525 1480 1829 1547 spectacula
1860 1494 1962 1532 sa:—

380 1572 581 1627 cularia
621 1589 726 1627 non
771 1574 1096 1639 exhibeant,
1147 1574 1240 1628 sed
1282 1588 1383 1628 nec
1411 1582 1689 1643 spectent,
1721 1574 1963 1642 quando-

376 1662 589 1731 quidem
614 1664 678 1717 ab
702 1665 995 1732 spectando
1017 1665 1176 1720 etiam
1201 1679 1387 1719 omnes
1411 1665 1527 1720 laici
1554 1664 1958 1731 prohibeantur;

2292 486 2586 555 coniugium
2616 492 2700 537 aut
2733 484 3015 536 castitatem
3047 482 3403 548 proﬁteantur.

2136 574 2347 630 Placuit
2373 584 2430 628 ut
2460 574 2724 636 lectores.
2758 587 2879 627 cum
2912 572 2976 624 ad
3011 586 3184 625 annos
3218 571 3521 640 pubertatis
3555 586 3638 626 ve-

2062 667 2262 732 nerint,
2293 676 2553 736 cogantur
2582 675 2673 721 aut
2703 679 2895 720 uxores
2927 664 3123 719 ducere
3150 673 3242 716 aut
3256 663 3643 718 continentiau:

2064 758 2331 829 proliteri.

2098 850 2216 906 XX.
2256 851 2325 906 Ut
2352 850 2521 921 plebes
2549 851 2744 903 alienas
2775 849 2909 903 alius
2934 847 3205 918 episcopus
3238 862 3337 899 non
3372 854 3607 916 usurpet.

2135 943 2341 999 Placuit
2391 950 2450 998 ut
2501 957 2530 997 a
2582 942 2727 997 nullo
2775 941 3030 1011 episcopo
3082 946 3409 1008 usurpentur
3459 939 3646 1007 plebes

2061 1035 2291 1102 alienae,
2323 1048 2423 1089 nec
2463 1031 2657 1102 aliquis
2697 1032 3073 1101 episcoporum
3116 1027 3552 1099 supergrediatur
3590 1028 3646 1085 in

2061 1125 2336 1182 dioecesim
2363 1123 2583 1194 collega:
2611 1124 2693 1178 sui
2728 1131 2776 1179 ⁸.

2062 1219 2203 1276 XXI.
2256 1219 2325 1276 Ut
2389 1219 2563 1274 uultus
2611 1219 2877 1289 ep‘scopus
2905 1215 3132 1289 alienum
3178 1214 3419 1269 clericum
3454 1214 3651 1268 audeat

2542 1287 2756 1343 retinere
2784 1290 2860 1342 vel
2889 1287 3153 1341 ordinare.

2134 1380 2204 1437 Ut
2242 1381 2497 1436 clericum
2539 1380 2771 1434 alienum
2795 1418 2811 1445 ,
2859 1378 2961 1433 nisi
3001 1376 3336 1433 concedente
3379 1374 3495 1444 ejus
3524 1372 3651 1443 epi-

2061 1488 2227 1543 scopo
2249 1514 2265 1540 ,
2294 1489 2454 1528 nemo
2485 1473 2683 1528 audeat
2713 1474 2950 1528 retinere
2979 1471 3062 1526 vel
3097 1482 3417 1540 promovere
3457 1467 3508 1522 in
3550 1481 3646 1521 ee-

2063 1570 2226 1623 clesia
2255 1569 2357 1623 sibi
2389 1567 2588 1623 credita
2620 1584 2633 1620 :
2664 1568 2984 1622 clericorum
3029 1574 3209 1620 autem
3256 1576 3449 1617 nomen
3484 1561 3647 1616 etiam

2065 1660 2299 1716 lectores
2330 1670 2386 1716 et
2416 1661 2710 1730 psalmista:
2739 1670 2792 1715 et
2817 1659 3021 1714 ostiarii
3052 1660 3305 1713 retinent.

375 1768 590 1824 semper
634 1755 777 1808 enim
827 1754 1147 1811 Christianis
1186 1758 1436 1811 omnibus
1483 1759 1582 1810 hoe
1614 1756 1953 1811 interdictum
1985 1771 2034 1829 Β
2068 1751 2229 1805 XXII.
2286 1750 2352 1806 Ut
2401 1753 2572 1806 nullus
2626 1752 2840 1829 clericus
2890 1751 3175 1829 ordinetur,
3210 1752 3308 1804 nisi
3335 1752 3487 1823 fuerit
3539 1755 3654 1810 vita

374 1852 491 1908 est,
523 1852 578 1898 ut
604 1844 689 1897 ubi
720 1845 1066 1913 blasphemia:
1095 1857 1219 1902 sunt
1252 1862 1357 1901 non
1388 1847 1668 1901 accedant.

486 1935 598 1990 XII.
650 1935 715 1991 Ut
742 1938 841 2006 ﬁlii
871 1939 1535 2020 clericorum-rratrimoniis
1562 1938 1851 2005 inﬁdelium

955 2025 1056 2061 non
1086 2022 1361 2065 sectentur.

448 2095 575 2150 Item
620 2096 852 2165 placuit,
906 2108 963 2151 ut
1012 2098 1101 2152 lilii
1156 2100 1237 2153 vel
1288 2100 1407 2153 [ilice
1453 2100 1825 2169 episcoporum
1874 2100 1958 2153 vel

377 2191 738 2262 quorumlibet
764 2192 1085 2247 clericorum
1120 2191 1424 2249 Gentilibus
1455 2195 1539 2248 vel
1575 2194 1841 2248 haereticis
1872 2204 1962 2247 aut

382 2285 740 2339 schismalicis
772 2284 1115 2340 matrimonio
1149 2303 1250 2340 non
1284 2288 1702 2355 coniungantur.

420 2372 555 2429 XIII.
618 2374 685 2429 Ut
745 2374 916 2431 clerici
972 2377 1036 2431 de
1090 2377 1238 2432 rebus
1295 2380 1399 2434 suis
1456 2377 1584 2432 nihil
1646 2378 1940 2447 inﬁdelibus

1022 2453 1306 2517 conferant.

448 2534 517 2589 Ut
560 2535 796 2605 episcopi
840 2536 924 2590 vel
967 2537 1148 2590 clerici
1183 2539 1233 2592 in
1265 2554 1360 2594 eos
1390 2541 1478 2609 qui
1510 2540 1760 2594 catholici
1798 2539 1959 2594 Chri-

382 2624 540 2679 stiani
574 2640 680 2679 non
712 2636 866 2692 sunt,
897 2627 1056 2681 etiam
1101 2628 1145 2682 si
1184 2631 1564 2698 consanguinei
1610 2632 1835 2698 fuerint,
1870 2648 1963 2702 per

376 2713 696 2770 donationes
728 2732 907 2771 rerum
939 2734 1157 2773 sitarum
1191 2720 1320 2774 nihil
1353 2722 1648 2777 conferant.

415 2806 554 2863 XIV.
603 2807 669 2862 Ut
696 2808 867 2862 clerici
897 2810 1033 2872 ﬁlios
1064 2828 1185 2865 suos
1212 2829 1243 2864 a
1273 2829 1367 2865 sua
1394 2824 1638 2879 potestafe
1664 2819 1802 2871 exire
1827 2834 1928 2872 non

569 2885 763 2945 sinant,
796 2880 894 2934 nisi
927 2890 1074 2934 a'tate
1104 2892 1150 2935 et
1180 2883 1404 2937 moribus
1433 2886 1790 2955 comprobatis.

452 2966 521 3023 Ut
549 2970 790 3040 episcOpi
824 2970 906 3025 vel
935 2971 1115 3026 clerici
1151 2972 1288 3027 filios
1316 2990 1446 3029 suos
1487 2991 1515 3027 a
1557 2991 1650 3029 sua
1697 2985 1962 3044 pmestate

382 3072 478 3129 per
506 3060 961 3129 mancipationem
992 3065 1140 3118 exire
1173 3080 1279 3118 non
1311 3066 1522 3131 sinant,
1553 3068 1653 3122 nisi
1684 3067 1752 3123 de
1800 3070 1959 3124 morio

385 3149 538 3204 ribus
567 3166 753 3206 eorum
788 3152 986 3209 fuerint
1015 3163 1067 3209 et
1098 3156 1166 3209 de
1209 3164 1367 3211 aetate
1406 3158 1617 3225 securi,
1660 3167 1721 3213 ut
1763 3160 1967 3228 possint

380 3238 448 3295 ad
478 3255 576 3297 eos
602 3244 708 3309 jam
743 3244 960 3313 prepria
996 3245 1267 3315 pertinere
1296 3254 1533 3315 peccata.

386 3330 501 3387 XV.
540 3332 607 3388 Ut
635 3334 807 3389 clerici
845 3352 947 3391 non
987 3338 1089 3391 sint
1129 3338 1462 3393 conductores
1492 3339 1570 3393 uel
1605 3341 1965 3410 negotiatores.

453 3423 589 3480 Item
632 3426 859 3494 placuit,
906 3436 964 3482 ut
1003 3428 1275 3499 episcopi,
1322 3430 1621 3501 presbyteri
1662 3440 1718 3486 et
1755 3430 1966 3486 diaconi

380 3516 465 3570 vel
493 3515 676 3571 clerici
708 3532 812 3571 non
834 3517 943 3573 sint
964 3521 1321 3575 conductores
1344 3528 1438 3574 aut
1460 3530 1838 3589 procuratores
1866 3522 1972 3588 pri-

388 3614 670 3671 vatorum,
699 3622 872 3675 neque
905 3609 1017 3663 ullo
1050 3611 1187 3677 turpi
1221 3610 1301 3664 vel
1333 3608 1618 3663 inhonesto
1649 3610 1861 3679 negotio
1892 3612 1968 3665 vi-

380 3705 526 3751 ctum
557 3708 829 3766 quaerant,
858 3699 981 3766 quia
1013 3700 1281 3767 respicere
1306 3698 1505 3753 debent
1532 3699 1787 3768 scriptum
1814 3714 1963 3755 esse:

386 3784 553 3841 Nemo
582 3788 810 3843 militans
844 3789 953 3843 Deo
982 3790 1211 3856 implicat
1241 3806 1295 3844 se
1323 3792 1537 3861 negotiis
1579 3791 1930 3848 stecularibus.

622 3879 761 3935 XVI.
807 3880 875 3935 Ut
902 3882 1076 3937 nullus
1103 3883 1316 3938 clericus
1343 3884 1407 3938 sit
1438 3886 1728 3941 usurarius.

453 3972 521 4029 Ut
550 3972 728 4027 nullus
755 3973 1071 4029 clericorum
1097 3976 1327 4044 amplius
1353 3977 1573 4045 recipiat
1598 4017 1613 4042 ,
1661 3991 1819 4046 quam
1857 3976 1968 4033 cui~

383 4078 542 4133 quam
590 4063 733 4133 quod
775 4063 1308 4120 accommodaverit:
1356 4066 1401 4120 si
1445 4068 1760 4135 pecuniam,
1800 4082 1965 4136 pecu-

385 4155 527 4208 niam
558 4155 822 4224 accipiat:
856 4156 901 4210 si
929 4158 1195 4225 speciem,
1244 4156 1477 4223 speciem
1512 4173 1523 4207 :
1570 4165 1827 4223 quantum
1876 4156 1971 4211 de-

381 4247 520 4302 derit
560 4248 785 4318 accipiat
815 4265 829 4302 :
872 4258 927 4303 et
970 4248 1226 4318 quidquid
1259 4246 1402 4300 aliud
1423 4288 1438 4315 ,
1473 4254 1677 4301 tantum
1710 4257 1967 4316 quantum

384 4337 614 4392 dederit.

389 4428 545 4500 130
581 4427 743 4483 XVII.
798 4428 867 4484 Ut
909 4445 1022 4483 cum
1062 4431 1255 4553 cller‘icis
1300 4440 1555 4487 extranra:
1607 4432 1809 4503 femina:
1864 4448 1961 4485 non

1020 4518 1077 4553 το
1118 4512 1329 4553 αδιιεηι.

1020 4512 1329 4556 εοηαεθιιεηι.

457 4590 524 4646 Ut
551 4605 669 4646 cum
701 4590 944 4647 omnibus
972 4594 1190 4647 omnino
1211 4594 1421 4649 clericis
1454 4606 1723 4650 extranea:
1756 4595 1967 4649 feminae

384 4696 491 4736 non
522 4684 866 4750 cohabitent,
900 4687 992 4739 sed
1025 4687 1154 4740 salte
1178 4698 1378 4742 matres
1399 4727 1416 4753 ,
1449 4688 1583 4742 avia:
1624 4696 1680 4742 et
1712 4695 1969 4743 materte-

384 4788 478 4839 ra,
511 4773 707 4839 amitae,
742 4791 961 4831 sorores
993 4787 1047 4831 et
1078 4778 1197 4831 filim
1230 4781 1452 4833 fratrum
1485 4790 1576 4833 aut
1605 4795 1881 4842 sororum.
1914 4789 1970 4833 et

383 4881 717 4938 qurccunque
745 4884 809 4922 ex
842 4868 1038 4924 familia
1066 4870 1362 4926 domestica
1409 4875 1731 4927 necessitate
1757 4912 1771 4936 .
1804 4874 1964 4926 etiam

384 4968 667 5028 antequam
712 4960 1108 5025 ordinarentur,
1149 4963 1258 5031 jam
1310 4979 1431 5016 cum
1485 4964 1564 5017 eis
1611 4964 1962 5024 habitabant,

385 5049 469 5104 vel
510 5049 553 5104 si
598 5048 693 5103 lilii
725 5065 912 5104 eorum
962 5049 1068 5119 jam
1114 5050 1375 5104 ordinatis
1420 5052 1730 5118 parentibus
1773 5066 1968 5106 uxores

385 5147 741 5208 acceperunt,
798 5148 891 5194 aut
940 5140 1111 5196 servis
1167 5156 1271 5196 non
1331 5141 1650 5197 habentibus
1702 5142 1755 5197 in
1807 5143 1966 5197 domo

386 5244 517 5300 quas
545 5229 773 5295 ducant,
808 5232 1024 5288 aliunde
1053 5232 1249 5289 ducere
1280 5235 1573 5289 necessitas
1605 5233 1784 5291 fuerit.

385 5319 572 5377 XVIII.
623 5321 693 5377 Ut
722 5320 895 5377 clerici
922 5341 1023 5377 non
1052 5325 1358 5378 ordinentur
1387 5325 1488 5379 nisi
1516 5340 1690 5378 ontnes
1718 5325 1807 5394 qui
1850 5341 1967 5378 cum

859 5394 931 5446 eis
958 5404 1076 5446 sunt
1106 5394 1280 5461 ﬁdeles
1310 5396 1551 5449 existant.

459 5482 531 5537 Ut
558 5481 795 5554 episcopi
824 5491 879 5539 et
907 5483 1202 5553 presbyteri
1235 5495 1288 5539 et
1329 5486 1539 5542 diaconi
1574 5502 1677 5543 non
1710 5488 1965 5543 ordinen-

388 5586 473 5631 tur
506 5577 813 5647 priusquam
842 5592 1032 5632 omues
1062 5576 1151 5646 qui
1181 5586 1304 5632 sunt
1333 5579 1384 5632 in
1414 5581 1575 5637 domo
1597 5598 1780 5638 eorum
1805 5582 1964 5638 Chri-

386 5668 587 5724 stianos
609 5667 901 5724 catholicos
933 5667 1179 5725 fecerint.

456 5775 478 5805 ἀ
510 5762 623 5829 ,θη
657 5763 713 5819 Β.
741 5762 829 5831 R.,
853 5763 914 5819 Τ.
953 5763 1073 5831 Ι,2,
1104 5763 1191 5833 U.,
1224 5766 1274 5817 in
1305 5764 1503 5822 dimccsi
1527 5770 1773 5839 co'lcgam
1793 5784 1961 5822 suum.

1990 4471 2042 4530 D

2721 1821 3015 1892 probabilis.

2143 1912 2209 1967 Ut
2239 1912 2413 1967 nullus
2431 1911 2706 1966 ordinetur
2738 1911 2987 1978 clericus,
3015 1911 3115 1964 nisi
3141 1911 3393 1979 probatus
3428 1911 3513 1969 vel
3543 1912 3655 1982 epi-

2070 2019 2357 2075 scoporum
2388 2008 2636 2057 examine
2668 2004 2750 2056 vel
2785 2002 2964 2069 populi
2998 2000 3325 2060 testiinoaio,

2353 2096 2540 2151 XXIII.
2590 2095 2666 2149 De
2694 2095 2923 2165 precibus
2952 2103 2997 2147 et
3026 2094 3367 2147 orationibus.

2143 2192 2212 2247 Ut
2244 2206 2403 2246 nemo
2434 2190 2486 2243 in
2522 2189 2771 2256 precibus
2800 2187 2880 2241 vel
2910 2186 3119 2239 Patrem
3155 2201 3245 2253 pro
3278 2186 3432 2250 Filio,
3451 2184 3532 2239 vel
3565 2184 3653 2241 Εἰ-

2072 2284 2199 2338 lium
2248 2298 2345 2352 pro
2392 2281 2549 2335 Patre
2592 2280 2872 2344 nominet;
2921 2286 2976 2332 et
3016 2292 3137 2331 cum
3180 2277 3332 2330 altari
3381 2275 3655 2330 assistitur

2071 2388 2285 2443 semper
2328 2372 2393 2426 ad
2438 2370 2650 2426 Patrem
2693 2370 2951 2439 dirigatur
2992 2370 3208 2432 oratio;
3253 2376 3311 2420 et
3353 2367 3657 2436 quicunque

2071 2466 2173 2521 sibi
2221 2480 2413 2534 preces
2458 2462 2674 2517 aliunde
2717 2461 3007 2524 describit,
3057 2475 3164 2513 non
3209 2460 3288 2514 eis
3317 2468 3519 2524 utatur,
3552 2461 3655 2515 nisi

2073 2562 2219 2631 prius
2249 2574 2339 2612 eas
2367 2570 2488 2611 cum
2521 2552 2959 2609 instructionibus
2991 2552 3241 2606 fratribus
3266 2550 3570 2604 contulerit.

2079 2652 2231 2722 131
2268 2645 2459 2703 XXIV.
2500 2646 2567 2701 Ut
2596 2646 2648 2699 in
2680 2644 2931 2722 sacri/ilio
2961 2642 3080 2715 [U.,
3138 2640 3477 2711 sacramento]
3507 2642 3656 2712 panis

2603 2726 2647 2769 et
2676 2716 2811 2768 calix
2840 2713 3111 2779 offeratur.

2147 2812 2214 2868 Ut
2254 2812 2308 2866 in
2348 2808 2703 2865 sacramentis
2739 2806 2979 2874 corporis
3025 2815 3079 2860 et
3118 2805 3393 2874 sanguinis
3437 2804 3652 2860 Domini

2073 2903 2203 2957 nihil
2234 2901 2468 2969 amplius
2497 2899 2754 2953 offeratur
2780 2912 2938 2968 quam
2971 2896 3084 2964 ipse
3118 2897 3370 2949 Dominus
3403 2895 3644 2962 tradidit,

2074 2998 2175 3051 hoc
2201 3004 2281 3048 est
2311 2992 2464 3062 panis
2494 3000 2548 3046 et
2576 2990 2754 3045 viuum
2786 3004 2936 3059 aquae
2967 2988 3182 3043 mistum
3216 2988 3310 3060 [Β.
3337 2988 3426 3053 Β..
3460 2989 3658 3058 permi-

2073 3086 2277 3160 stum],
2311 3100 2409 3141 nec
2437 3083 2664 3155 amplius
2694 3083 2747 3138 in
2791 3081 3043 3152 primitiis
3082 3080 3356 3148 efferatur,
3402 3097 3560 3153 quam
3589 3083 3658 3138 de

2073 3182 2191 3238 uvis
2219 3188 2275 3233 et
2303 3178 2602 3234 frumentis.

2134 3302 2137 3305 -
2169 3271 2337 3328 XXV.
2372 3269 2456 3325 Ne
2483 3270 2657 3324 clerici
2685 3269 2761 3322 uel
2790 3271 3105 3323 continentes
3131 3268 3201 3322 ad
3225 3267 3447 3338 uirgines
3478 3269 3557 3321 cel

2425 3342 2605 3397 viduas
2628 3341 2727 3395 soli
2755 3340 2973 3394 habeant
2997 3355 3278 3393 accessum.

2141 3434 2213 3491 Ut
2240 3432 2419 3490 clerici
2467 3430 2551 3485 vel
2591 3432 2931 3486 continentes
2968 3430 3037 3485 ad
3076 3430 3263 3484 viduas
3291 3430 3375 3484 vel
3415 3429 3657 3497 virgines

2071 3526 2171 3581 nisi
2205 3540 2269 3579 es
2315 3524 2470 3593 jussu
2500 3522 2583 3577 vel
2615 3521 2879 3590 permissu
2909 3520 3282 3590 episcoporum
3312 3530 3403 3575 aut
3434 3519 3659 3589 presby-

2072 3626 2308 3670 terorum
2345 3628 2453 3669 non
2484 3612 2775 3675 accedant,
2810 3621 2863 3666 et
2897 3612 2997 3666 hoc
3027 3627 3133 3665 non
3165 3610 3267 3666 soli
3300 3610 3529 3672 faciant.
3560 3610 3657 3664 sed

2071 3722 2191 3763 curn
2233 3705 2554 3762 conclericis
2585 3704 2669 3758 vel
2700 3719 2822 3759 cum
2858 3703 2939 3757 his
2972 3719 3092 3758 cum
3140 3705 3333 3773 quibus
3372 3703 3660 3771 episcopus

2070 3810 2162 3856 aut
2202 3800 2481 3871 presbyter
2521 3797 2780 3868 jusserit;
2830 3812 2930 3852 nec
2971 3797 3069 3867 ipsi
3100 3796 3341 3865 episcopi
3375 3807 3466 3849 aut
3504 3811 3659 3863 pres-

2070 3895 2241 3966 byteri
2284 3893 2385 3949 soli
2433 3892 2665 3947 habeant
2703 3905 2979 3946 accessum
3030 3889 3099 3944 ad
3148 3888 3457 3959 hujusmodi
3502 3887 3660 3943 femi-

2071 4002 2167 4041 nas
2191 4027 2203 4051 ,
2235 3986 2328 4040 sed
2364 3984 2450 4039 ubi
2478 3993 2571 4039 aut
2606 3982 2789 4038 clerici
2834 3990 3124 4050 praesentes
3161 3991 3287 4036 sunt
3324 3990 3415 4034 aut
3458 3995 3656 4050 graves

2073 4078 2240 4148 aliqui
2269 4077 2580 4132 Christiani.

2072 4169 2169 4225 XX
2183 4170 2264 4223 \'l.
2300 4167 2367 4224 Ut
2401 4169 2581 4240 prima:
2609 4168 2742 4222 sedis
2768 4169 3037 4237 episcopus
3065 4166 3297 4235 princeps
3329 4165 3662 4218 sacerdotum

2651 4255 2751 4291 non
2781 4242 3084 4306 appelletur.

2144 4332 2211 4387 Ut
2246 4330 2430 4399 primae
2460 4330 2604 4386 sedis
2632 4335 2916 4398 cpisc0pus
2945 4344 3048 4381 non
3079 4327 3377 4397 appelletur
3410 4325 3658 4393 princeps

2072 4424 2414 4477 sacerdotum
2444 4430 2539 4475 aut
2562 4434 2804 4474 summus
2832 4418 3089 4472 sacerdos
3118 4427 3209 4470 aut
3239 4415 3439 4484 aliquid
3472 4414 3661 4483 hujus-

2071 4512 2250 4576 modi,
2278 4514 2373 4567 sed
2406 4521 2610 4567 tantum
2646 4510 2769 4584 [U.,
2802 4509 2891 4577 6.,
2924 4509 3317 4581 tantummodo]
3347 4509 3534 4578 prima:
3560 4522 3651 4562 se-

2070 4610 2154 4664 dis
2184 4610 2488 4679 cpiscopus.

2204 4701 2415 4758 XXVII.
2452 4702 2520 4758 Ut
2547 4703 2716 4758 clerici
2746 4705 2974 4757 tabernas
3004 4715 3104 4752 non
3134 4697 3512 4768 ingrediantur.

2143 4792 2212 4848 Ut
2250 4794 2430 4849 clerici
2470 4793 2661 4849 edendi
2700 4795 2785 4847 vel
2829 4790 3040 4846 bibendi
3075 4804 3234 4843 causa
3266 4788 3514 4842 tabernas
3548 4800 3654 4840 non

2072 4883 2453 4951 ingrediantur,
2487 4882 2591 4937 nisi
2625 4881 3069 4951 peregrinationis
3100 4878 3439 4934 necessitate.

2071 4976 2307 5033 XXVIII.
2374 4976 2443 5032 Ut
2496 4977 2758 5048 episcopus
2809 4978 2919 5029 sine
2985 4976 3207 5043 formata
3270 4971 3669 5041 metropolitani

2485 5049 2685 5117 longius
2721 5063 2823 5101 non
2862 5048 3232 5116 proﬁciscatur.

2146 5138 2213 5194 Ut
2259 5138 2497 5209 episcopi
2539 5148 2685 5192 trans
2725 5153 2870 5191 mare
2916 5153 3020 5191 non
3070 5135 3500 5205 proficiscantur,
3544 5147 3649 5186 utst

2066 5230 2312 5286 consulto
2356 5230 2543 5297 primzc
2588 5230 2731 5283 sedis
2780 5228 3033 5298 episc0po
3075 5242 3185 5282 sua:
3221 5225 3484 5296 cujusque
3526 5238 3649 5292 pro-

2067 5320 2256 5374 vincia:
2275 5360 2290 5385 ,
2339 5327 2395 5372 ut
2424 5318 2493 5373 ab
2522 5332 2588 5373 eo
2620 5316 2882 5387 praecipue
2915 5318 3083 5387 possit
3112 5332 3326 5372 sumere
3356 5315 3645 5369 formatam

2069 5412 2148 5465 vel
2188 5410 2732 5465 commendationem.

2319 5498 2511 5554 XXIX.
2543 5499 2609 5555 Ut
2639 5504 2791 5556 missa
2820 5519 2851 5554 a
2873 5498 3071 5572 jejunis
3099 5500 3396 5555 celebretur.

2142 5591 2209 5646 Ut
2260 5601 2593 5647 sacramenta
2646 5593 2831 5647 altaris
2862 5608 2965 5647 non
2998 5592 3096 5646 nisi
3128 5608 3155 5643 a
3184 5591 3383 5661 jejunis
3412 5587 3643 5642 homini-

2068 5683 2164 5739 bus
2221 5682 2595 5747 celebrentur;
2654 5698 2772 5739 nam
2826 5683 2868 5739 si
2919 5684 3221 5753 aliquorum
3278 5676 3669 5750 pomeridiano
