4060 6184
356 271 462 329 195

1255 251 1536 311 ΑΡΒΙΟΛΕ
1572 248 1911 308 CONCILIA.
1954 275 2024 287 —
2060 238 2640 302 CARTIIAGINENSE
2681 237 2768 294 III.

3540 240 3643 296 ωδ

355 387 449 461 [tu
477 378 672 443 Codd.,
701 367 1124 446 promeridiano]
1156 378 1399 436 tempore
1415 365 1810 428 defunctorum,
1834 360 1949 416 sive

2058 356 2195 426 quod
2241 353 2395 409 nobis
2441 350 2749 406 mandatum
2796 356 2900 415 est,
2950 357 3004 402 ut
3032 347 3326 417 dignemini
3354 350 3484 407 dare
3511 352 3645 410 fidu-

2086 447 2098 459 ο
2334 445 2494 461 ,Ae-__
2549 440 2619 461 rlr
2720 436 3006 461 --_..-_-.I.'I
3049 438 3369 461 ..--..--!s_.-
3402 440 3509 461 ε---
3554 456 3604 461 Α-

354 450 741 547 episcoporum
772 468 887 522 sive
918 454 1679 525 caeterorum,commendatio
1707 450 1950 508 facienda

356 581 474 635 est,
526 568 658 625 solis
707 560 1046 619 orationibus
1083 558 1207 623 fiat,
1249 554 1294 609 si
1334 553 1412 607 illi
1458 552 1549 622 qui
1589 549 1799 605 faciunt
1842 547 1951 617 jam

362 660 552 734 pransi
585 656 950 713 inveniuntur.

579 748 751 805 XXX.
789 744 859 801 Ut
891 743 1066 798 nullus
1096 742 1147 794 in
1177 737 1389 794 ecclesia
1416 734 1729 791 conuiuatur.

437 843 510 900 Ut
554 840 686 896 nulli
717 834 961 907 episcopi
993 832 1073 887 vel
1105 830 1287 885 clerici
1318 829 1370 883 iu
1403 826 1629 881 ecclesia
1658 822 1954 877 conviven-

362 944 472 999 tur,
520 931 623 987 nisi
668 931 808 982 forte
839 932 1184 979 transeuntes
1228 917 1587 985 hostiitiorum
1629 912 1956 967 necessitate

362 1024 483 1080 illic
507 1020 754 1078 reficiant
779 1036 794 1072 :
824 1014 1003 1086 populi
1031 1012 1192 1067 etiam
1221 1010 1288 1064 ab
1318 1004 1620 1075 hujusmodi
1650 1003 1807 1073 132
1826 1016 1956 1057 con-

360 1112 519 1168 viviis
547 1117 803 1180 quantum
839 1106 949 1160 fleri
982 1111 1159 1173 potest
1189 1099 1588 1170 prohibeantur.

362 1204 559 1263 XXXI.
592 1202 659 1258 Ut
693 1197 1047 1272 penitentibus
1075 1196 1231 1317 item:
1262 1200 1521 1259 peccatum
1573 1188 1754 1242 modus
1795 1184 1954 1255 paeni-

983 1277 1156 1317 tentia:
1220 1275 1351 1317 etur.

983 1275 1156 1319 tentia:
1185 1275 1351 1317 detur.

384 1398 387 1399 ν
440 1370 504 1426 L't
529 1362 913 1437 penitentibus
931 1356 1221 1413 secundum
1240 1350 1595 1410 differentiam
1614 1354 1952 1418 peccatorum

368 1457 613 1527 episcopi
643 1452 867 1508 arbitrio
896 1445 1229 1519 potnitentia:
1260 1452 1499 1512 tempora
1530 1439 1912 1494 decernantur.

362 1548 583 1606 XXXII.
621 1545 690 1601 Ut
744 1542 1001 1611 presbyter
1047 1548 1254 1611 prater
1272 1536 1479 1611 jussmn
1535 1532 1613 1585 vel
1674 1530 1955 1585 absentiam

631 1605 854 1685 episcopi
882 1605 985 1665 non
1014 1605 1305 1662 reconciliet
1337 1605 1680 1675 pwnitentem.

433 1712 505 1767 Ut
537 1709 817 1780 presbyter
846 1700 1149 1758 inconsulto
1188 1698 1445 1768 episcopo
1483 1709 1590 1748 non
1634 1689 1949 1747 reconciliet
1984 1712 2031 1771 Β

360 1804 753 1876 ρωηίιεηιθω,
783 1796 888 1851 nisi
919 1791 1165 1847 absentia
1207 1786 1444 1858 episcopi
1490 1785 1811 1840 necessitate
1851 1795 1951 1836 co-

360 1875 524 1969 gente
556 1911 569 1947 :
623 1890 993 1961 cujuscunque
1020 1880 1199 1939 autem
1242 1876 1554 1951 pmnitentis
1594 1875 1861 1946 publicum
1902 1882 1957 1928 et

359 1967 793 2059 vulgatissimum
824 1982 1029 2037 crimen
1062 1986 1175 2041 est,
1222 1972 1366 2044 quod
1413 1970 1715 2026 universam
1763 1967 1953 2022 Eccle-

358 2082 494 2137 siam
539 2074 934 2137 commoverit;
977 2078 1103 2124 ante
1142 2064 1386 2121 absidam
1416 2072 1442 2100 τι
1473 2077 1664 2117 manus
1694 2061 1740 2116 ei
1777 2060 1953 2128 impo-

358 2181 542 2227 natur.

552 2257 793 2318 XXXIII.
829 2256 903 2313 De
931 2254 1164 2310 custodia
1192 2266 1455 2308 sacrarunt
1482 2249 1757 2319 virginum.

435 2352 514 2409 Ut
540 2353 774 2421 virgines
804 2360 991 2409 sacrae,
1022 2344 1067 2399 si
1095 2359 1124 2397 a
1152 2341 1467 2413 parentibus
1493 2354 1521 2393 a
1552 2338 1746 2408 quibus
1771 2340 1951 2391 custo-

361 2443 659 2499 diebantur
684 2437 902 2510 privata:
931 2435 1171 2501 fuerint,
1201 2432 1441 2503 episcopi
1482 2426 1820 2499 providentia
1864 2425 1951 2481 vel

355 2531 666 2604 presbyteri
716 2529 806 2584 ubi
858 2530 1145 2598 cpiscopus
1197 2524 1396 2578 absens
1448 2526 1568 2585 est,
1622 2516 1951 2573 monasterio

354 2622 383 2660 δ
427 2620 692 2691 virginum
736 2618 819 2673 vel
859 2615 1197 2687 gravioribus
1239 2610 1453 2668 feminis
1482 2605 1945 2670 commendentur,

355 2721 411 2766 ut
444 2710 606 2766 simul
638 2707 945 2765 habitantes
979 2704 1207 2760 invicem
1250 2717 1312 2758 se
1350 2698 1683 2763 custodiant,
1716 2712 1784 2753 ne
1824 2710 1948 2767 pas-

356 2802 462 2860 sim
494 2801 736 2872 vagando
764 2799 1019 2855 Ecclesize
1042 2796 1236 2852 lzedant
1264 2791 1598 2863 opinionem.

466 2889 707 2947 XXXIV.
744 2890 821 2946 De
848 2888 1168 2961 baptizandis
1197 2886 1401 2957 aegrotis
1432 2885 1519 2955 qui
1537 2885 1657 2956 jam
1687 2881 1826 2953 loqui

966 2976 1068 3015 non
1096 2966 1325 3028 possunt.

2053 447 2226 509 ciam:
2253 445 2501 514 quoniam
2549 440 2667 513 [U.,
2714 436 3007 508 quomodo]
3048 438 3372 494 necessitate
3402 440 3514 511 ipsa
3546 456 3639 497 eo-

2053 549 2233 609 gente,
2263 536 2488 591 liberum
2523 532 2677 586 nobis
2708 530 2775 584 sit
2800 539 3065 583 rectorem
3111 528 3399 597 provinciae
3442 545 3640 585 secun-

2053 629 2179 682 dum
2228 634 2425 679 statuta
2468 620 2977 692 gloriosissimorum
3037 619 3336 687 principum
3388 620 3647 675 adversus

2054 720 2202 774 illum
2233 717 2407 781 adire,
2451 723 2511 770 ut
2551 714 2643 782 qui
2688 712 2800 767 miti
2832 712 3187 766 admonitioni
3222 714 3525 768 sanctitatis
3554 730 3647 769 ve-

2056 818 2150 865 trae
2176 807 2523 878 acquiescere
2544 805 2713 859 noluit
2737 813 2791 858 et
2815 802 3105 857 emendare
3126 802 3396 866 illicitum,
3416 808 3645 859 auctori-

2056 910 2165 956 tate
2190 900 2480 969 judiciaria
2511 900 2757 969 protinus
2786 896 3126 951 excludatur.
3160 895 3410 949 Aurelius
3436 899 3644 965 episco-

2057 1008 2155 1061 pus
2180 991 2355 1046 dixit:
2380 991 2603 1047 Servata
2630 988 2800 1043 forma
2834 987 3128 1057 disciplinae
3156 1002 3261 1042 nou
3295 988 3647 1043 aestimabitur

2055 1083 2324 1151 appetitus
2371 1084 2417 1138 si
2456 1099 2484 1137 a
2518 1092 2695 1136 vestra
2742 1081 3009 1136 charitate
3061 1079 3307 1134 modeste
3350 1092 3647 1134 conventus

2056 1175 2308 1230 recedere
2334 1173 2740 1239 detrectaverit,
2770 1186 2891 1226 cum
2925 1170 3085 1225 fuerit
3110 1183 3209 1223 suo
3250 1178 3562 1237 contemptu
3592 1178 3649 1224 et

2055 1267 2416 1330 contumacia,
2465 1266 2695 1320 faciente
2750 1265 2910 1317 etiam
2956 1261 3277 1316 auctoritate
3326 1259 3645 1329 judiciaria,

2056 1354 2693 1410 conventus.llonoratus
2724 1362 2777 1408 et
2810 1352 3057 1407 Urbanus
3096 1351 3334 1421 episcopi
3361 1350 3645 1405 dixerunt:

2056 1444 2169 1499 Hoc
2218 1459 2348 1514 ergo
2402 1445 2653 1497 omnibus
2699 1443 2908 1513 placet?
2939 1441 3022 1497 Ab
3071 1442 3336 1497 universis
3381 1440 3648 1512 episcopis

2054 1537 2255 1589 dictum
2282 1544 2366 1591 e~t
2394 1553 2407 1588 :
2437 1535 2647 1589 Justum
2677 1544 2780 1599 est,
2808 1535 3001 1603 placet.

2057 1624 2300 1680 XXXIX.
2355 1623 2424 1679 Ut
2477 1641 2579 1678 non
2629 1633 2940 1695 praesumant
2988 1624 3095 1678 duo
3140 1623 3368 1695 episwpi
3406 1624 3649 1679 ordinare

2696 1696 3009 1764 pontiﬁcem.

2134 1788 2440 1843 Honoratus
2469 1795 2525 1842 et
2555 1786 2804 1842 Urbanus
2847 1786 3085 1855 episcopi
3114 1785 3365 1839 dixerunt
3392 1784 3493 1838 :Et
3523 1784 3650 1839 illud

2058 1879 2211 1936 nobis
2238 1878 2546 1933 mandatum
2576 1887 2683 1942 est,
2713 1887 2772 1931 ut
2801 1875 2924 1946 quia
2947 1874 3191 1946 proxime
3216 1873 3373 1947 [122,
3400 1873 3650 1947 proximi]

2057 1969 2254 2025 fratres
2284 1969 2452 2025 nostri
2483 1966 2749 2023 Numidia:
2799 1968 2907 2023 duo
2949 1966 3185 2036 episcOpi
3233 1965 3484 2021 ordinare
3513 1981 3649 2037 prc-

2056 2067 2410 2128 sumpserunt
2443 2058 2774 2128 pontiﬁcem,
2819 2073 2927 2113 non
2976 2056 3080 2111 nisi
3127 2070 3157 2109 a
3205 2055 3486 2111 duodecim
3517 2071 3649 2111 cen-

2054 2150 2222 2204 seatis
2252 2149 2627 2218 episcoporum
2660 2147 2923 2203 celebrari
2956 2147 3347 2202 ordinationes.
3397 2146 3648 2203 Aurelius

2053 2244 2339 2311 episcopus
2384 2241 2557 2296 dixit:
2588 2240 2780 2296 Forma
2824 2243 3041 2309 antiqua
3089 2237 3414 2302 servabitur,
3447 2249 3502 2291 ut
3541 2254 3649 2294 non

2053 2335 2230 2391 minus
2258 2349 2418 2404 quam
2447 2342 2558 2389 tres
2586 2332 2879 2398 sufficiant,
2911 2330 3000 2400 qui
3028 2330 3230 2385 fuerint
3274 2344 3306 2384 a
3336 2332 3648 2399 metrolloli-

2054 2432 2181 2479 tano
2208 2422 2464 2488 ordinati,
2492 2421 2557 2476 ad
2588 2422 2900 2492 episcopum
2931 2418 3327 2484 ordinandum;
3358 2428 3644 2488 propterea

2050 2517 2173 2585 quia
2207 2515 2259 2568 in
2291 2513 2495 2583 Tripoli
2534 2512 2671 2568 forte
2693 2519 2745 2568 ct
2772 2511 2827 2566 in
2857 2513 3067 2579 Arzuge
3098 2507 3182 2582 [Τ.
3212 2507 3266 2575 2,
3301 2509 3529 2582 Arzure]
3562 2511 3641 2566 in-

2052 2604 2313 2675 terjacere
2345 2604 2629 2659 videantur
2671 2601 2915 2656 barbara:
2945 2607 3166 2669 gentes;
3199 2614 3321 2654 nam
3352 2608 3410 2655 et
3438 2600 3491 2654 in
3522 2599 3639 2654 Tri-

2049 2696 2178 2768 poli,
2208 2706 2267 2752 ut
2290 2696 2552 2751 asseritur
2580 2692 2724 2766 [/E.,
2757 2690 2969 2763 fertur],
2993 2691 3230 2760 episcopi
3262 2702 3388 2745 sunt
3410 2691 3648 2761 quinque

2051 2798 2258 2844 tantum
2291 2798 2347 2843 et
2374 2796 2599 2855 possunt
2622 2787 2690 2841 de
2718 2787 2833 2854 ipso
2864 2798 3090 2838 numero
3139 2784 3278 2838 forte
3307 2782 3388 2837 vel
3418 2784 3524 2837 duo
3555 2797 3648 2837 ne-

2051 2883 2305 2937 ceSsitate
2351 2880 2530 2949 aliqua
2581 2876 2855 2947 occupari,
2907 2875 3127 2930 dillicile
3176 2890 3259 2930 est
3303 2874 3447 2929 enim
3495 2884 3549 2927 ut
3579 2875 3647 2929 de

2049 2972 2295 3043 quolibet
2326 2986 2554 3027 numero
2586 2983 2779 3024 omnes
2806 2968 3012 3038 possint
3041 2980 3329 3021 occurrere
3356 2982 3370 3017 :
3400 2966 3638 3035 nunquid

427 3052 504 3111 Ut
529 3062 854 3122 agrotantes
880 3051 924 3106 si
955 3064 1051 3119 pro
1079 3063 1137 3104 se
1169 3046 1496 3116 reSpondere
1541 3059 1645 3099 non
1685 3050 1943 3112 possunt,

2058 3066 2209 3121 debet
2243 3064 2340 3119 hoc
2375 3065 2549 3134 ipsum
2574 3062 2959 3129 impedimento
2984 3074 3104 3115 esse
3125 3057 3509 3113 ecclesiastica:
3537 3057 3648 3111 uti-

354 3160 480 3201 cum
536 3141 827 3199 voluntatis
882 3156 1070 3197 eorum
1121 3138 1489 3195 testimonium
1539 3136 1619 3190 sui
1671 3133 1942 3199 dixerint,

355 3235 690 3306 baptizentur
725 3242 773 3287 ο.

358 3328 583 3385 XXXV.
612 3327 678 3383 Ut
708 3324 1003 3397 apostaticis
1024 3332 1072 3379 et
1092 3320 1302 3377 scenicis
1331 3318 1581 3375 conversis
1606 3313 1950 3370 reconciliatio

951 3410 1053 3450 non
1082 3401 1312 3464 negetur.

433 3491 505 3548 Ut
545 3490 773 3548 scenicis
814 3497 974 3558 atque
1016 3483 1371 3541 histrionibus
1414 3480 1736 3548 caaterisque
1763 3474 1952 3545 hujus-

358 3587 505 3645 tnodi
539 3586 813 3658 personis,
845 3584 929 3639 vel
964 3579 1273 3653 aposmticis
1302 3574 1581 3632 conversis
1607 3572 1690 3628 vel
1718 3569 1952 3627 reversis

360 3682 427 3737 Id
458 3680 625 3736 Deum
656 3677 827 3749 gratia
856 3676 943 3732 vel
974 3672 1337 3729 reconciliatio
1364 3685 1470 3724 non
1499 3675 1744 3738 negetur.

507 3769 750 3825 XXXVI.
788 3768 856 3823 Ut
886 3767 1145 3836 presbyter
1175 3764 1395 3817 chrisma
1422 3776 1521 3814 non
1552 3758 1806 3825 conﬁciat.

432 3864 508 3920 Ut
538 3864 827 3935 presbyter
859 3874 967 3916 non
999 3859 1244 3914 consulto
1282 3853 1535 3924 episcopo
1575 3850 1807 3918 virgines
1847 3860 1953 3900 non

364 3965 655 4012 consecret
686 3973 702 4019 ;
734 3952 971 4008 chrisma
1003 3962 1134 4005 vero
1165 3958 1435 4016 nunquam
1465 3941 1737 3997 conficiat.

388 4047 661 4105 XXXVII.
697 4045 768 4101 Ut
797 4044 967 4100 clerici
996 4044 1105 4125 sine
1133 4039 1430 4095 necessitate
1458 4037 1508 4090 in
1536 4034 1706 4087 aliena
1734 4030 1933 4085 civitate

918 4129 1020 4169 non
1049 4118 1401 4167 immorentur.

440 4209 513 4266 Ut
546 4207 733 4265 clerici
761 4207 816 4262 in
845 4205 1021 4261 aliena
1052 4203 1271 4258 civitate
1300 4214 1405 4254 non
1446 4199 1821 4259 immorentur,
1855 4190 1958 4246 nisi

367 4315 564 4357 causas
600 4313 788 4355 eorum
830 4294 1004 4366 iustas
1044 4293 1330 4366 episcopus
1373 4288 1474 4344 loci
1514 4286 1596 4341 vel
1624 4283 1961 4370 presbyteres

368 4393 615 4451 locorum
647 4387 993 4459 perviderint.

377 4507 535 4581 133
563 4500 850 4560 XXXVIII.
888 4499 955 4557 Ut
984 4515 1085 4555 non
1117 4497 1265 4552 liceat
1294 4493 1406 4562 ﬁeri
1435 4488 1794 4545 translationes
1846 4482 1957 4554 epi-

1024 4581 1317 4639 scaporum.

447 4669 583 4726 Illud
630 4676 805 4725 autem
852 4665 1188 4737 suggerimus
1234 4658 1549 4716 mandatum
1594 4652 1773 4719 nobis,
1824 4650 1966 4721 «ιιιοά

375 4759 543 4816 etiam
573 4761 627 4813 in
656 4756 921 4829 Capuensi
950 4753 1184 4826 plenaria
1215 4750 1424 4822 synodo
1451 4746 1660 4801 videtur
1684 4750 1965 4805 statutum,

376 4862 570 4908 utnon
598 4852 756 4907 liceat
784 4850 899 4905 fieri
931 4845 1406 4916 rebaptizatioues,
1436 4836 1864 4895 reordiuationes
1887 4835 1967 4889 Vel

380 4944 766 5001 translationes
808 4941 1181 5011 episcoporum
1209 4955 1222 4990 :
1250 4951 1372 4990 nam
1408 4931 1719 4988 Crisconius
1749 4928 1971 4983 Villare-

379 5037 585 5107 giensis
612 5035 918 5106 episcopus,
952 5032 1108 5102 plebe
1136 5044 1231 5085 sua
1258 5026 1539 5093 derelicta,
1572 5024 1971 5080 Tubuniensem

381 5127 502 5201 μζ,
526 5127 586 5193 2,
614 5122 1035 5197 'fugunienscm]
1061 5123 1257 5177 invasit
1302 5119 1609 5183 ecclesiam,
1641 5125 1697 5171 et
1721 5128 1890 5183 usque
1921 5112 1973 5166 in

384 5219 551 5275 hodie
579 5219 939 5274 commonitus
982 5212 1278 5271 secundum
1310 5210 1451 5281 quod
1484 5216 1743 5265 statutum
1777 5205 1971 5268 fuerat,

382 5311 695 5379 relinquere
721 5308 967 5365 eamdem
990 5320 1147 5378 quam
1171 5305 1441 5360 invaserat
1475 5301 1685 5371 plebem
1729 5307 1977 5353 contem-

383 5403 519 5474 psit.
548 5400 822 5459 Adversus
843 5402 1002 5457 istum
1032 5412 1151 5468 quae
1177 5396 1515 5467 pronuntiata
1545 5392 1756 5447 fuerant
1782 5387 1981 5444 confir-

386 5502 539 5550 snata
585 5492 801 5562 quidem
845 5490 1186 5554 audivimus;
1241 5485 1334 5540 sed
1379 5485 1633 5555 petimus,
1680 5478 1977 5535 secundum

466 5613 492 5640 ⁸
535 5607 592 5661 In
622 5608 687 5662 Δ.
714 5645 732 5673 ,
766 5605 827 5660 Ε.
865 5604 929 5671 5,
974 5603 1243 5659 invenitur
1285 5608 1409 5655 nota
1450 5594 1762 5666 marginalis
1788 5609 1801 5646 :
1832 5592 1884 5647 id
1910 5599 1983 5646 est

390 5678 622 5825 αηξΐὲι
654 5747 719 5804 U.
752 5746 809 5805 In
840 5748 905 5804 A.
938 5755 992 5804 et
1022 5742 1241 5815 reliquis
1270 5758 1281 5796 :
1315 5754 1407 5810 pro
1436 5735 1764 5793 monasterio.

2055 3154 2228 3209 litati?
2256 3154 2387 3209 Nam
2419 3163 2475 3208 et
2512 3154 2563 3207 in
2593 3152 2692 3206 hac
2722 3151 2982 3213 Ecclesia,
3012 3149 3075 3202 ad
3105 3163 3265 3217 quam
3307 3148 3519 3218 dignata
3562 3155 3646 3201 est

2052 3245 2310 3300 sanctitas
2339 3254 2516 3298 vestra
2562 3241 2873 3305 convenire,
2903 3240 3093 3293 crebro
3123 3251 3187 3292 ac
3215 3252 3348 3307 pene
3381 3251 3474 3304 per
3501 3235 3643 3291 diem

2054 3336 2379 3391 dominicam
2419 3331 2745 3388 ordinandus
2794 3330 3053 3384 habemus
3083 3346 3095 3381 :
3124 3328 3488 3397 nunquidnam
3543 3328 3648 3381 tre-

2054 3434 2281 3496 quenter
2314 3432 2500 3493 potero
2530 3420 2815 3476 duodecim
2849 3421 2932 3473 vel
2978 3418 3165 3473 decem
3198 3420 3279 3473 vel
3326 3433 3431 3471 non
3479 3416 3649 3472 multo

2056 3522 2233 3573 minus
2265 3516 2528 3571 advocare
2555 3510 2882 3582 episcopos?
2914 3509 3009 3563 sed
3057 3507 3209 3562 facile
3240 3519 3321 3562 est
3357 3507 3486 3561 mihi
3515 3508 3650 3563 duos

2060 3611 2354 3679 adjungere
2399 3620 2533 3661 mea:
2569 3602 2814 3674 parvitati
2860 3600 3102 3655 vicinos:
3134 3598 3291 3670 135.
3327 3607 3652 3668 quapropter

2057 3703 2227 3757 cernit
2256 3715 2465 3755 mecum
2506 3696 2744 3751 charitas
2789 3701 2968 3749 vestra
3017 3692 3120 3746 hoc
3168 3692 3341 3760 ipsum
3372 3689 3648 3745 observari

2060 3811 2162 3846 nun
2196 3806 2377 3861 pose.

2062 3882 2171 3936 XL.
2209 3879 2276 3935 Ut
2293 3880 2415 3932 dum
2440 3878 2706 3946 episcopus
2731 3875 2933 3945 eligitur
2953 3874 2997 3927 si
3023 3874 3418 3946 contradictores
3451 3874 3650 3937 habeat,

2401 3945 2620 4018 quinque
2640 3950 2925 3999 sacerdotes
2950 3945 3274 3998 conveniant.

2135 4043 2203 4098 Et
2234 4040 2363 4096 illud
2392 4050 2473 4095 est
2502 4035 2870 4099 statuendum,
2900 4044 2957 4090 ut
3001 4036 3214 4105 quando
3243 4035 3308 4088 ad
3352 4035 3653 4105 eligendum

2061 4137 2377 4205 episcOpum
2405 4129 2843 4193 convenerimus,
2890 4126 2936 4182 si
2979 4141 3081 4197 qua
3110 4126 3464 4181 contradictio
3497 4126 3658 4181 fuerit

2064 4230 2276 4294 oborta,
2305 4226 2428 4297 quia
2460 4224 2584 4279 talia
2627 4221 2759 4277 facta
2808 4228 2934 4274 sunt
2966 4218 3103 4290 apud
3146 4232 3267 4283 nos,
3315 4231 3418 4271 non
3450 4231 3655 4285 praesu-

2067 4333 2215 4380 mant
2259 4322 2327 4376 ad
2377 4317 2709 4391 purgandum
2757 4330 2879 4371 eum
2927 4316 3015 4385 qui
3068 4311 3399 4367 ordinandus
3430 4317 3515 4364 est
3544 4320 3656 4364 tres

1990 4425 2040 4486 ι)
2064 4418 2199 4489 jam,
2252 4413 2347 4470 sed
2406 4410 2747 4484 postulentur
2788 4406 2855 4462 ad
2907 4418 3187 4461 numerum
3229 4401 3656 4478 supradictorum

2065 4511 2172 4566 duo
2197 4508 2280 4564 vel
2312 4516 2443 4575 tres,
2494 4511 2551 4559 et
2597 4503 2650 4557 in
2698 4500 2888 4555 eadem
2922 4498 3076 4568 plebe
3107 4496 3192 4550 cui
3222 4493 3550 4550 ordinandus
3574 4502 3659 4547 est

2068 4602 2423 4661 discutiantur
2444 4598 2615 4669 primo
2642 4608 2882 4665 persona:
2908 4588 3415 4653 contradicentium,
3439 4593 3659 4655 postre-

2069 4709 2158 4750 mo
2186 4692 2274 4747 illa
2305 4689 2467 4745 etiam
2491 4700 2612 4756 qua:
2640 4682 2966 4752 objiciuntur
2993 4685 3421 4747 pertractentur;
3451 4686 3504 4731 et
3535 4689 3657 4730 cum

2072 4792 2327 4857 purgatus
2380 4779 2541 4834 fuerit
2584 4777 2687 4831 sub
2734 4779 3024 4841 conSpectu
3067 4768 3305 4837 publico,
3339 4768 3412 4824 ita
3444 4767 3662 4824 demum

2073 4875 2373 4933 ordinetur.
2400 4870 2458 4927 Si
2491 4873 2593 4925 hoc
2621 4882 2742 4921 cum
2776 4875 2966 4919 vestra:
2996 4862 3297 4917 sanctitatis
3322 4861 3506 4917 animo
3536 4876 3668 4914 con-

2073 4964 2280 5029 cordat,
2332 4961 2619 5017 roboratur
2673 4964 2868 5010 vestra:
2922 4951 3248 5022 dignationis
3288 4950 3661 5021 responsione.

2076 5061 2157 5115 Ah
2186 5055 2455 5113 universis
2483 5050 2747 5123 episcopis
2775 5047 2979 5103 dictum
3011 5057 3093 5102 est
3119 5062 3133 5099 :
3157 5044 3297 5099 Satis
3324 5045 3520 5112 placet.

2076 5151 2214 5207 XLI.
2263 5151 2331 5206 Ut
2362 5165 2449 5217 per
2494 5146 2725 5217 singulos
2761 5157 2923 5217 annos
2949 5136 3293 5217 convenientes
3338 5132 3561 5213 episcopi
3601 5130 3669 5182 ad

2150 5203 2423 5275 concilium
2457 5203 2607 5272 etiam
2650 5215 2714 5267 de
2752 5208 2982 5281 paschali
3026 5206 3344 5261 solemnitate
3383 5220 3414 5256 a
3454 5203 3672 5274 pn‘mate

2151 5307 2245 5345 suo
2274 5292 2630 5359 informcntur.

2153 5383 2455 5437 Ilonoratus
2480 5385 2531 5432 et
2561 5374 2802 5431 Urbanus
2826 5369 3065 5440 episcOpi
3104 5368 3356 5424 dixerunt
3374 5387 3383 5396 ·
3404 5365 3666 5433 Quoniam

2082 5478 2149 5533 de
2197 5471 2426 5531 concilio
2475 5465 2722 5539 quatdam
2770 5471 2996 5519 tractata
3051 5468 3365 5528 noscuntur,
3422 5458 3669 5515 addimus

2158 5603 2179 5629 ε
2202 5587 2288 5651 U.,
2317 5599 2435 5640 cum
2459 5582 2743 5637 voluntates
2767 5593 2943 5632 eorum
2970 5574 3310 5633 testimonium
3338 5572 3419 5629 sui
3440 5571 3674 5641 periculo

2086 5660 2295 5733 proprio
2326 5654 2582 5723 dixerint,
2614 5652 2958 5725 baptizentnr.
