4060 6184
384 244 486 305 I95

1101 236 1486 296 COLLECTIO
1522 234 1857 292 CANONIJM
1897 233 1957 290 S.
2002 232 2275 289 ιδιῡοΒο
2314 231 2581 290 IlISPAL.
2626 231 2982 289 ASCIllP'I'A.

3561 234 3666 290 {96

378 362 540 415 etiam
586 355 658 411 de
704 352 792 411 die
834 351 1051 423 paschae
1099 353 1253 406 nobis
1296 363 1420 404 esse
1447 347 1779 411 mandatum,
1816 355 1873 400 ut
1900 345 1970 401 de
1999 353 2050 411 Α
2075 360 2204 401 vero
2222 345 2309 416 qui
2329 345 2546 401 sibimet
2566 353 2750 414 putant
2771 345 2959 413 plebes
2981 357 3109 400 suas
3129 342 3405 413 sufficere,
3429 345 3666 403 fraterna

381 453 620 510 Ecclesia
651 463 869 520 semper
899 442 1332 515 Cartltaginensi,
1363 441 1502 494 sicut
1531 439 1841 508 prtedictum
1864 446 1967 504 est,

382 547 712 601 instruamur
742 550 797 596 et
827 554 931 593 non
965 536 1064 591 sub
1093 542 1319 603 angusto
1349 532 1607 597 temporis
1630 530 1828 599 spatio.
1862 530 1973 583 Au-

381 639 550 693 relius
576 636 864 706 episcopus
889 629 1022 684 dixit
1050 643 1063 679 :
1088 626 1143 681 Si
1189 621 1458 678 sanctitati
1501 631 1697 676 vestra;
1739 619 1971 685 videtur,

381 728 637 800 quoniam
683 737 782 779 nos
830 716 1187 789 spopondisse
1212 714 1324 783 jam
1358 713 1604 783 superius
1632 712 1974 767 meminimus

382 830 443 877 ut
469 817 697 889 singulis
726 813 1026 884 quibusque
1047 808 1202 861 annis
1228 807 1295 861 ad
1328 805 1661 861 tractandum
1687 805 1975 860 convenia-

378 924 523 977 mus,
554 920 609 963 et
639 921 762 961 cum
793 901 1208 958 convenerimus
1239 900 1293 953 in
1343 914 1532 963 unum,
1565 905 1692 952 tunc
1730 895 1977 965 divulga-

378 1000 524 1057 bitur
553 1003 772 1051 sanctus
800 992 1014 1063 paschae
1044 991 1161 1045 dies
1191 1005 1288 1060 per
1332 989 1541 1059 legatos
1584 988 1673 1057 qui
1705 985 1976 1041 adfuerint

379 1088 630 1145 concilio.
666 1087 973 1141 Honoratus
1002 1090 1058 1137 et
1106 1082 1352 1137 Urbanus
1394 1079 1634 1149 episc0pi
1677 1078 1971 1132 dixerunt:

383 1182 535 1234 Nunc
563 1177 631 1233 de
677 1175 931 1244 praesenti
978 1181 1122 1229 coetu
1170 1163 1406 1242 petimus
1438 1178 1495 1224 ut
1534 1167 1726 1223 litteris
1761 1169 1976 1237 provin-

380 1271 517 1325 ciatit
547 1280 784 1324 nostram
821 1266 887 1320 de
917 1266 1015 1319 hac
1064 1263 1151 1318 die
1182 1262 1474 1317 informare
1520 1259 1833 1328 dignemini.
1866 1263 1976 1313 Au-

389 1362 550 1416 relius
576 1361 858 1428 episcopus
890 1358 1025 1411 dlxit
1051 1372 1063 1408 :
1090 1356 1164 1410 Ita
1200 1356 1289 1408 liat
1318 1368 1543 1409 necesse
1572 1361 1674 1407 est.

385 1452 546 1507 XLII.
598 1449 666 1505 Ut
697 1465 800 1503 non
832 1448 1049 1517 accipiat
1079 1448 1240 1499 alium
1285 1446 1581 1517 episcopum
1610 1444 1750 1513 plcbs
1777 1458 1891 1510 quw
1920 1443 1972 1495 in

777 1515 1033 1573 dioecesim
1076 1533 1268 1587 semper
1298 1515 1572 1586 subjacuit.

455 1610 747 1682 Epigonius
808 1610 1095 1679 episcopus
1142 1606 1274 1660 dixit
1309 1622 1322 1659 :
1357 1604 1535 1658 Multis
1578 1601 1817 1657 conciliis
1874 1599 1977 1656 hoc

2071 437 2359 493 dilectione
2387 445 2716 506 contempta,
2747 450 2854 490 non
2878 445 3083 491 tantum
3106 434 3371 492 dimceses
3391 437 3667 505 amittant,

2071 528 2187 594 sed,
2209 527 2417 592 utdixi,
2436 528 2597 582 etiam
2627 529 2860 596 propriis
2874 526 3084 594 publica
3113 531 3670 586 eareantauctoritate

2074 632 2130 673 ut
2158 620 2406 674 rebelles.
2445 621 2749 673 Honoratus
2770 626 2826 673 et
2850 617 3095 673 Urbanus
3117 620 3354 689 episcopi
3378 620 3631 676 dixerunt
3650 640 3663 677 ;

2074 712 2291 766 Summa
2323 710 2556 781 provisio
2603 709 2749 783 [ιΕη
2784 709 3057 782 prmvisio]
3102 713 3404 767 sanctitatis
3436 722 3543 768 ture
3574 728 3668 767 co-

2076 804 2232 858 luesit
2258 804 2525 859 mentibus
2549 802 2905 873 singulorum,
2938 812 2994 858 et
3025 812 3155 872 puto
3178 805 3417 858 omnium
3440 818 3665 872 respon-

2073 897 2224 954 sione
2263 912 2327 954 ea
2371 914 2490 968 qua:
2519 899 2772 969 prosequi
2792 898 3066 977 .dignatus
3093 913 3152 953 es
3180 899 3502 955 roboranda.
3535 897 3668 955 Uni-

2073 990 2216 1043 versi
2247 989 2483 1059 episcopi
2514 989 2766 1044 dixerunt
2793 1008 2804 1042 :
2834 989 3036 1057 Placet,
3073 989 3270 1059 placet.

2076 1078 2260 1134 XLIV.
2297 1078 2364 1133 Ut
2388 1079 2628 1132 clericum
2656 1080 2879 1133 alienum
2910 1081 3079 1133 nullus
3118 1080 3215 1134 sibi
3256 1089 3534 1151 prazsumat
3559 1080 3701 1149 epi-r

2754 1167 2837 1203 sco
2844 1167 2959 1217 pus.

2150 1243 2435 1315 Epigonius
2463 1244 2744 1314 episcopus
2764 1244 2899 1298 dixit
2926 1261 2940 1296 :
2967 1242 3020 1298 In
3053 1244 3531 1299 multisaconeiliis
3562 1244 3665 1301 hoc

2075 1348 2331 1394 statutum
2361 1349 2464 1403 est,
2495 1339 2659 1393 etiam
2689 1353 2827 1392 nunc
2861 1339 2963 1392 hoc
2987 1339 3465 1393 conlirmandum’a
3488 1348 3664 1395 vestra

2078 1429 2379 1498 prudentia,
2424 1428 2617 1482 fratres
2664 1427 2985 1491 beatissimi,
3034 1437 3091 1480 ut
3134 1428 3390 1483 clericum
3428 1429 3664 1484 alienum

2078 1521 2258 1575 nullus
2285 1521 2384 1574 sibi
2416 1520 2685 1588 praeripiat
2710 1519 2994 1589 episcopus
3024 1529 3219 1587 praeter
3241 1519 3357 1588 ejus
3381 1520 3662 1575 arbitrium

2077 1612 2229 1680 cujus
2263 1610 2421 1682 136
2451 1609 2610 1664 fuerit
2634 1609 2881 1664 clericus.
2909 1608 3038 1664 Dico
3061 1617 3237 1664 autem
3260 1609 3552 1677 Julianum,
3575 1610 3665 1680 qui

382 1715 638 1760 statutum
683 1713 766 1759 est
794 1718 824 1757 a
852 1712 996 1757 coetu
1026 1698 1373 1763 sacerdotali,
1428 1707 1485 1750 ιιι
1530 1696 1711 1765 plebes
1757 1709 1877 1763 qua:
1917 1694 1971 1748 in
2002 1711 2051 1769 Β
2084 1704 2323 1772 ingratus
2353 1711 2435 1756 est
2463 1701 2558 1756 Dei
2604 1700 2878 1757 beneficiis
2910 1716 3005 1771 per
3037 1716 3214 1755 meam
3262 1705 3581 1772 parvitatem
3611 1703 3664 1756 in

383 1796 710 1853 dioecesibus
757 1793 825 1847 ab
871 1790 1140 1862 episcopis
1189 1789 1511 1849 retinentur,
1543 1799 1663 1857 quae
1690 1786 1974 1855 episcopos

384 1900 654 1955 nunquam
709 1883 1043 1947 habuerunt;
1067 1895 1172 1936 non
1222 1878 1322 1933 nisi
1367 1892 1490 1933 cum
1539 1876 1815 1930 voluntate
1855 1874 1974 1944 ejus

382 1976 622 2048 episcopi
656 1990 685 2028 a
718 1988 823 2042 quo
854 1981 1104 2029 tenentur
1136 1971 1381 2042 prol'rios
1415 1969 1682 2039 accipiant
1708 1977 1972 2034 rectores,

384 2068 437 2123 id
486 2075 570 2121 est
616 2068 1012 2136 episcopos:at
1051 2077 1177 2116 vero
1225 2061 1347 2131 quia
1396 2059 1660 2123 nonnulli,
1697 2058 1972 2113 dominatu

383 2160 612 2229 quodam
660 2157 877 2226 adepto,
904 2152 1336 2209 communionem
1387 2150 1610 2204 fratrum
1654 2148 1972 2213 abhorrent,

386 2250 465 2303 vel
496 2257 645 2303 certe
673 2262 795 2301 cum
845 2242 1121 2314 depravati
1168 2243 1388 2307 fuerint,
1441 2238 1595 2309 quasi
1648 2238 1701 2293 in
1741 2238 1974 2309 quadam

384 2355 507 2395 arce
534 2338 815 2411 tyrannica
859 2337 961 2392 sibi
989 2334 1326 2391 dominatum
1355 2331 1651 2400 vindicant,
1684 2331 1826 2403 quod
1860 2331 1975 2401 ple-

382 2431 535 2499 rique
584 2429 771 2483 tumidi
816 2436 977 2497 atque
1006 2426 1191 2482 stolidi
1229 2426 1495 2480 adversus
1533 2426 1818 2493 episcopos
1848 2436 1975 2477 suos

385 2522 623 2577 cervices
667 2522 880 2589 erigunt
912 2519 1067 2589 135
1110 2517 1430 2586 presbyteri,
1462 2518 1544 2570 vel
1575 2515 1843 2570 conviviis
1872 2515 1976 2569 sibi

384 2612 737 2667 conciliantes
760 2609 968 2678 plebem
1015 2609 1100 2663 vel
1129 2616 1278 2661 certe
1330 2620 1589 2675 persuasu
1632 2607 1885 2675 maligno,
1917 2616 1977 2661 ut

384 2706 572 2760 illicito
620 2703 804 2758 favore
831 2702 1050 2758 eosdem
1096 2701 1257 2755 velint
1290 2701 1389 2754 sibi
1418 2700 1683 2753 collocare
1714 2709 1972 2765 rectores,

383 2796 530 2866 quod
562 2794 782 2865 quidem
838 2792 1046 2862 insigne
1097 2792 1294 2846 mentis
1344 2802 1448 2845 tum
1488 2798 1735 2845 tenemus
1763 2801 1968 2856 votum,

387 2886 550 2941 frater
602 2886 850 2955 religiose
894 2884 1100 2951 Aureli,
1133 2882 1254 2953 quia
1303 2882 1421 2936 haec
1464 2897 1608 2953 saepe
1657 2881 1972 2951 oppressisti

389 2993 497 3034 non
528 2979 765 3034 curando
799 2979 932 3032 tales
960 2976 1236 3045 petitores,
1269 2976 1364 3031 sed
1393 2985 1609 3045 propter
1634 2989 1821 3029 eorum
1856 2989 1972 3028 ma-

2076 1808 2136 1849 se
2159 1792 2385 1859 collatis,
2419 1793 2491 1848 ita
2526 1793 2870 1847 temerarium
2912 1802 2967 1847 et
2999 1792 3255 1847 audacem
3281 1792 3575 1856 exstitisse,
3608 1801 3668 1847 ut

2074 1899 2197 1939 eum
2220 1883 2309 1954 qui
2336 1898 2367 1937 a
2397 1897 2482 1938 nte
2516 1884 2813 1952 baptizatus
2838 1891 2945 1948 est,
2975 1898 3097 1937 cum
3125 1890 3267 1937 esset
3291 1897 3421 1952 puer
3445 1883 3571 1937 mihi
3598 1882 3667 1937 ab

2076 1976 2268 2030 eodem
2302 1973 2733 2038 commendatus,
2765 1988 2994 2042 rumque
3016 1974 3193 2028 multis
3216 1974 3371 2029 annis
3392 1989 3418 2025 a
3443 1986 3530 2029 me
3558 1974 3666 2028 ale-

2077 2077 2226 2122 retur
2256 2076 2417 2136 atque
2446 2067 2794 2131 incresceret,
2844 2068 2985 2121 hunc
3016 2077 3073 2120 ut
3103 2066 3210 2120 dixi
3256 2066 3578 2135 baptizatum
3610 2065 3663 2119 in

2078 2156 2319 2211 Ecclesia
2363 2171 2478 2209 mea
2521 2170 2617 2224 per
2648 2170 2862 2208 manum
2897 2154 3223 2224 paupertatis
3253 2169 3405 2218 mete,
3439 2153 3579 2207 idem
3606 2152 3664 2210 in

2076 2246 2297 2301 dimcesi
2336 2244 2647 2314 Appaliensi
2694 2245 2864 2299 lector
2907 2257 3031 2300 esse
3076 2253 3331 2313 cmperat,
3366 2245 3472 2299 imo
3502 2246 3663 2300 annis

2077 2335 2248 2391 ferme
2273 2335 2481 2391 duobus
2510 2335 2734 2404 legerat,
2770 2336 2955 2389 nescio
2977 2350 3082 2404 quo
3112 2342 3420 2403 contemptu
3449 2336 3664 2389 humili-

2078 2430 2206 2483 tatis
2236 2443 2369 2483 mea:
2408 2427 2550 2483 idem
2580 2427 2820 2482 Julianus
2859 2426 3109 2496 arripuit,
3148 2441 3307 2496 quem
3338 2426 3481 2481 dicat
3513 2426 3663 2496 quasi

2080 2521 2354 2591 proprium
2383 2519 2555 2574 civem
2588 2520 2669 2573 sui
2700 2518 2806 2573 loci
2836 2516 3257 2574 Babtizaritanih
3279 2532 3367 2573 me
3396 2515 3662 2572 inconsul-

2077 2622 2132 2669 to
2160 2628 2449 2683 usurpare;
2482 2627 2603 2667 nam
2635 2621 2689 2667 et
2718 2613 2999 2667 diaconum
3033 2613 3179 2666 illum
3226 2611 3530 2667 ordinavit:
3556 2612 3659 2665 hoc

2076 2704 2281 2759 scilicet
2309 2712 2507 2772 pateat,
2542 2701 2655 2757 hate
2684 2702 2897 2757 licentia
2929 2702 3102 2766 nobis,
3129 2702 3420 2758 beatissimi
3448 2702 3660 2767 fratres,

2077 2796 2120 2850 si
2167 2795 2343 2850 minus
2372 2804 2479 2849 tam
2530 2794 2840 2865 imprudens
2886 2795 3228 2860 cohibeatur,
3256 2810 3325 2851 ne
3354 2808 3412 2850 se
3442 2794 3665 2850 misceat

2075 2887 2440 2943 communioni
2472 2887 2809 2957 cujusquam.
2849 2886 3130 2943 Numidius
3177 2888 3461 2959 episcopus
3490 2887 3620 2942 dixit
3646 2906 3659 2917 ·

2075 2980 2134 3036 Si
2182 2995 2287 3035 non
2336 2979 2600 3048 postulata
2649 2994 2827 3049 neque
2852 2978 3094 3035 consulta
3127 2988 3213 3035 tua
3259 2978 3568 3051 dignatione
3611 2979 3660 3034 id

388 3070 468 3125 los
499 3069 758 3138 cogitatus
787 3076 841 3123 et
872 3081 1035 3137 prave
1061 3068 1382 3122 concinnata
1415 3065 1644 3122 concilia
1678 3066 1780 3121 boc
1806 3066 1965 3121 dico:
1995 3055 2047 3124 C
2075 3073 2286 3128 videtur
2313 3072 2504 3126 fecisse
2523 3070 2783 3137 Julianus,
2805 3069 3110 3141 judicamus
3158 3087 3348 3127 omnes
3372 3070 3551 3140 inique
3578 3072 3661 3126 ta.

391 3161 508 3217 Non
550 3162 747 3217 debere
791 3168 1057 3215 rectorem
1089 3158 1337 3227 accipere
1383 3174 1499 3213 eam
1531 3158 1741 3228 plebem
1773 3173 1893 3228 quin
1920 3159 1971 3212 in

390 3254 669 3311 dioecesim
719 3267 934 3323 semper
979 3251 1268 3322 subiacuit,
1302 3266 1402 3306 nec
1433 3266 1665 3321 unquam
1696 3251 1971 3322 proprium

391 3348 700 3417 episcopum
732 3346 949 3413 habuit;
981 3338 1307 3415 quapropicr
1336 3345 1381 3398 si
1410 3345 1660 3399 universo
1701 3344 1976 3399 sanctissi-

392 3459 481 3500 tno
503 3443 664 3500 coetui
694 3442 888 3512 placet,
915 3441 1014 3495 hoc
1034 3440 1176 3511 quod
1203 3450 1516 3509 prosecutus
1542 3454 1659 3495 sunt
1687 3440 1974 3493 confirme-

390 3548 495 3590 tur.
529 3536 780 3590 Aurelius
829 3533 1113 3600 episcopus
1139 3530 1306 3584 dixit;
1339 3530 1556 3584 Fratres
1604 3538 1656 3582 et
1692 3542 1975 3583 consacer-

389 3628 542 3682 dotes
571 3625 766 3689 nostri,
786 3622 1152 3693 prosecutioni
1183 3637 1289 3673 non
1313 3619 1538 3687 obsisto,
1566 3619 1659 3673 sed
1690 3619 1790 3672 hoc
1814 3634 1899 3673 me
1920 3628 1974 3674 et

386 3718 579 3773 fecisse
605 3726 659 3771 et
681 3716 942 3769 facturum
973 3727 1094 3766 esse
1121 3711 1397 3780 profiteor.

386 3827 566 3884 XLIII.
594 3827 660 3881 Ut
683 3826 789 3895 qui,
818 3824 957 3894 plebe
981 3840 1075 3876 sua
1096 3824 1485 3895 contemptamd
1504 3823 1774 3876 concilium
1808 3825 1975 3879 venire

567 3894 840 3951 detrectant
870 3907 914 3948 et
939 3896 1135 3965 p!ebem
1177 3902 1223 3946 et
1267 3894 1510 3947 honorem
1540 3896 1797 3949 amittant.

462 3987 616 4044 Circa
664 4001 759 4043 eos
786 4000 918 4041 sane
949 3986 1036 4052 qui
1089 3982 1291 4039 fuerint
1335 3982 1631 4038 concordes
1664 3999 1767 4037 non
1800 3984 1972 4037 solum

388 4080 532 4136 circa
563 4078 855 4136 Ecclesium
878 4075 1376 4147 Cartltagineasem,
1405 4074 1497 4128 sed
1526 4074 1668 4129 circa
1693 4088 1851 4127 omne
1882 4090 1972 4126 sa—

393 4170 669 4227 cerdotale
708 4169 1058 4233 consortium,
1104 4176 1230 4221 sunt
1271 4167 1414 4220 enim
1469 4165 1707 4232 plerique
1753 4164 1973 4230 conspi-

395 4273 576 4321 rnntes
606 4278 725 4317 cum
759 4261 1000 4330 plebibus
1035 4258 1266 4328 propriis
1292 4271 1426 4327 quas
1456 4256 1752 4324 decipiunt,
1786 4264 1843 4308 ut
1894 4255 1974 4308 di-

393 4368 537 4412 ctum
558 4366 856 4419 e5t,earum
885 4352 1182 4420 scalpentes
1205 4362 1386 4413 aures,
1416 4346 1595 4400 blandi
1620 4346 1686 4399 ad
1714 4346 1973 4400 seducet:-

387 4449 537 4513 dum,
582 4446 792 4500 vitiosa:
839 4445 961 4497 vitae
994 4444 1258 4508 homines,
1303 4442 1387 4495 vel
1424 4452 1570 4496 cette
1618 4441 1784 4494 inflati
1829 4452 1878 4495 et
1905 4441 1971 4495 ab

389 4539 496 4595 hoc
517 4536 793 4594 consortio
827 4536 1088 4604 separati,
1116 4536 1201 4603 qui
1237 4545 1423 4604 putant
1454 4535 1682 4605 propria:
1717 4533 1857 4604 plebi
1889 4535 1970 4587 in-

388 4634 689 4688 cubandum
744 4642 800 4686 et
852 4644 1232 4698 nonnunquam
1278 4629 1530 4684 conventi
1578 4627 1643 4682 ad
1685 4629 1969 4684 concilium

388 4724 571 4778 venire
616 4723 937 4787 detrectant,
979 4735 1074 4774 sua
1125 4720 1261 4775 forte
1311 4735 1377 4774 ne
1426 4720 1723 4789 prodantur
1768 4719 1968 4791 ﬂagitia

388 4824 717 4879 metuentes;
762 4812 884 4866 dico
934 4813 977 4866 si
1032 4813 1206 4881 placet
1233 4811 1373 4863 circa
1416 4810 1518 4864 hoc
1550 4809 1669 4882 [U.,
1703 4809 1821 4881 hos]
1866 4824 1967 4862 non

393 4916 603 4961 tantum
633 4905 899 4959 dioecescs
928 4920 1034 4956 non
1077 4917 1199 4957 esse
1238 4900 1552 4964 servandas,
1584 4917 1768 4956 verum
1811 4900 1966 4952 etiam

388 5007 444 5056 et
469 5000 538 5055 de
560 4996 773 5069 pmpria
804 4994 1059 5063 Ecclesia,
1093 5010 1208 5063 qua:
1251 4994 1358 5046 illis
1385 4995 1522 5048 male
1549 4994 1728 5046 favezit
1754 4991 1838 5063 ξΒ.
1875 4991 1962 5055 R.,

392 5094 454 5151 Τ.
486 5097 537 5161 ι,
571 5088 773 5164 fuerit],
806 5088 1116 5145 omnimodo
1145 5086 1490 5143 adnitendum
1520 5095 1576 5139 ut
1607 5085 1765 5139 etiam
1790 5093 1970 5137 aucto-

389 5185 549 5239 ritate
580 5183 789 5253 pnblics
821 5179 1154 5251 rejiciantur,
1197 5187 1359 5246 atque
1403 5180 1470 5231 ab
1500 5176 1628 5244 ipsis
1662 5173 1971 5245 principali—

389 5277 489 5331 bus
503 5275 775 5330 cathedris
798 5282 1174 5330 removeantur
1200 5288 1213 5324 :
1241 5278 1452 5339 Oportet
1481 5268 1625 5323 enim
1652 5279 1707 5321 ut
1735 5268 1823 5336 qui
1854 5270 1972 5321 uni-

387 5368 558 5421 versis
587 5364 839 5421 fratribus
865 5379 929 5417 ac
958 5374 1071 5417 toto
1095 5362 1321 5418 concilio
1349 5360 1643 5425 inhaeserit,
1669 5374 1773 5413 non
1797 5358 1968 5413 solum

388 5473 539 5515 suam
590 5456 713 5529 jure
755 5460 984 5527 integro,
1027 5456 1119 5509 sed
1164 5465 1218 5510 et
1264 5456 1524 5510 dimeeses
1586 5451 1885 5524 possideat;
1917 5459 1972 5507 at

462 5644 488 5669 ι
519 5631 596 5687 Ex
627 5631 873 5687 omnibus
896 5631 1197 5686 Codicibus.
1232 5631 1285 5683 lu
1313 5629 1404 5689 Α..
1435 5632 1648 5687 ultimis.

455 5702 483 5740 ιο
522 5707 581 5760 B.
622 5700 708 5770 R.,
737 5702 799 5755 Τ.
833 5705 882 5767 1,
912 5703 966 5766 ‘2,
996 5701 1088 5768 0.,
1124 5700 1441 5754 Vast'tritaui.

2075 3176 2222 3220 ctum
2257 3163 2375 3218 velc
2428 3162 2645 3232 indigne
2678 3178 2692 3215 :
2723 3172 3049 3233 quapropter
3099 3163 3200 3218 nisi
3232 3162 3371 3219 idem
3421 3163 3663 3219 Julianus

2076 3255 2380 3312 correxerit
2407 3270 2646 3310 errorem
2678 3267 2856 3319 suum,
2887 3262 2943 3308 et
2971 3270 3088 3309 cum
3128 3255 3489 3310 satisfactione
3512 3271 3662 3311 eum-

2077 3351 2197 3407 dem
2228 3350 2484 3406 clericum
2524 3364 2683 3419 quem
2714 3347 2886 3405 fuerat
2911 3363 3072 3403 ausus
3100 3349 3348 3404 ordinare
3376 3363 3663 3405 revocave-

2077 3442 2148 3497 rit
2179 3450 2282 3497 tua:
2312 3441 2475 3511 plebi,
2505 3452 2694 3496 contra
2722 3449 2919 3496 statuta
2947 3440 3162 3496 concilii
3210 3439 3439 3507 faciens,
3468 3448 3657 3494 contu-

2076 3534 2264 3588 macia:
2286 3547 2399 3588 sum
2427 3542 2703 3602 separatus
2735 3548 2763 3587 ιι
2792 3532 2943 3588 nobis
2969 3533 3199 3603 excipiet
3220 3532 3501 3604 judicium.
3535 3532 3662 3603 Epi-

2076 3623 2268 3692 gonius
2296 3622 2579 3691 episcopus
2600 3622 2734 3676 dixit
2754 3638 2765 3673 :
2785 3620 2966 3676 [Etate
2990 3631 3160 3690 pater,
3184 3622 3294 3690 ipsa
3327 3623 3663 3691 promotiOue

2075 3713 2505 3780 antiquissimus,
2530 3710 2610 3765 vir
2634 3709 2940 3776 laudabilis,
2969 3710 3135 3765 frater
3163 3723 3217 3764 et
3242 3712 3447 3781 collega
3478 3723 3662 3767 noster

2076 3804 2404 3871 Victor,vult
2423 3804 2558 3858 hanc
2573 3805 2880 3871 petitionem
2902 3805 3209 3872 generalem
3235 3805 3482 3861 omnibus
3498 3805 3656 3859 effici.

2077 3922 2239 3978 XLV.
2279 3922 2346 3977 Ut
2394 3923 2662 3991 episcopus
2704 3922 2791 3989 qui
2841 3922 3011 3987 plures
3050 3921 3197 3975 habet
3224 3922 3439 3977 clericos
3484 3924 3529 3976 ei
3572 3922 3660 3992 qui

2274 4003 2383 4064 eget
2415 3997 2482 4047 ad
2511 3994 2856 4047 ordinandum
2878 3994 3162 4059 postulatus
3185 3992 3461 4063 largiatur.

2140 4085 2386 4139 Aurelius
2407 4084 2688 4153 episcopus
2704 4083 2839 4137 dixit
2862 4100 2877 4138 :
2900 4074 3212 4138 Sermonem
3237 4098 3439 4150 meum,
3463 4082 3658 4138 admit—

2079 4181 2195 4243 tite,
2220 4177 2412 4232 fratres
2438 4193 2452 4227 :
2476 4175 2735 4244 contingit
2762 4190 3141 4244 nonnunquam
3165 4183 3222 4227 ut
3247 4176 3578 4244 postulentur
3590 4174 3658 4227 ah

2076 4267 2322 4324 ecclesiis
2374 4279 2495 4334 qua:
2547 4263 2849 4333 praepositis
2895 4271 3054 4333 egent
3094 4264 3178 4320 vel
3224 4264 3546 4334 presbyteris
3573 4265 3655 4320 vel

2078 4356 2363 4425 episcopis,
2393 4366 2445 4410 et
2472 4366 2647 4408 tamen
2678 4368 2886 4408 memor
2926 4362 3246 4409 statutorum
3278 4354 3331 4408 id
3358 4368 3572 4423 sequor,
3602 4364 3659 4408 ut

2080 4451 2395 4505 conveniam
2423 4448 2731 4517 episcopum
2760 4445 2878 4515 ejus
2906 4456 3067 4515 atque
3113 4448 3157 4500 ei
3207 4447 3495 4511 inculcem,‘
3514 4447 3655 4513 quod

2072 4542 2189 4611 ejus
2217 4539 2446 4594 clericus
2470 4554 2498 4591 a
2525 4538 2762 4608 qualibet
2782 4538 3009 4597 ecclesia
3042 4540 3335 4606 postuletur
3360 4554 3371 4590 :
3395 4538 3487 4591 sed
3522 4538 3657 4592 forte

2071 4633 2124 4689 in
2155 4632 2417 4686 hodierno
2446 4644 2549 4684 non
2582 4630 2826 4685 reluctati
2857 4638 3001 4694 sunt,
3034 4641 3087 4684 et
3116 4645 3184 4683 ne
3209 4630 3422 4699 quando
3449 4631 3657 4685 coutin-

2070 4736 2158 4796 gat
2208 4734 2265 4778 ut
2315 4724 2667 4785 reluctentur,
2698 4737 2819 4776 cum
2852 4721 3049 4776 fuerint
3094 4736 3123 4775 a
3165 4735 3249 4775 me
3281 4721 3333 4775 in
3367 4723 3463 4775 bac
3493 4734 3653 4776 causa

2070 4816 2347 4884 postulati,
2381 4828 2541 4884 quem
2570 4812 2718 4867 scitis
2740 4812 3026 4866 multarum
3055 4809 3403 4866 ecclesiarum
3428 4824 3481 4865 et
3510 4810 3658 4865 ordi-

2070 4906 2366 4959 nandorum
2388 4917 2567 4957 curam
2591 4898 3096 4968 suxtinerejustum
3122 4908 3203 4954 est
3222 4915 3369 4969 ergo,
3386 4914 3442 4953 ut
3468 4915 3655 4968 quem-

2070 4997 2199 5053 libet
2229 4994 2670 5051 consacerdotum
2701 4992 3017 5048 conveniam
3063 5007 3185 5048 cum
3235 4993 3440 5047 duobus
3467 5008 3495 5046 e
3521 5006 3653 5047 con-

2070 5091 2239 5144 sortia
2270 5096 2457 5142 nostro
2507 5083 2592 5139 vel
2642 5082 2815 5138 tribus
2848 5084 3073 5137 testibus
3101 5103 3114 5138 :
3142 5084 3185 5137 si
3216 5098 3345 5138 vero
3373 5083 3654 5139 indevotus

2071 5179 2374 5242 BXS'IICI'II,
2421 5176 2545 5245 quid
2592 5187 2773 5230 censet
2811 5174 3044 5229 cbaritas
3095 5184 3269 5229 vestra
3319 5174 3657 5229 faciendum?

2073 5288 2172 5342 ego
2192 5274 2335 5328 enim
2379 5278 2692 5324 cunctarum
2723 5266 3069 5320 ecclesiarum
3102 5266 3413 5334 dignatione
3456 5265 3564 5330 Dei,
3598 5276 3654 5318 ut

2073 5363 2220 5419 scitis
2246 5362 2456 5425 fratres,
2489 5344 2904 5415 sollicitudinem
2928 5357 3186 5412 sustineo.
3245 5357 3520 5410 Numdins
3541 5356 3654 5421 epi-

2073 5468 2270 5525 scopus
2300 5454 2433 5508 dixit
2468 5469 2483 5509 :
2521 5452 2646 5506 Fuit
2675 5450 2789 5504 litec
2811 5463 3025 5517 semper
3057 5448 3269 5505 licentia
3297 5447 3419 5503 huic
3445 5448 3579 5513 sedi,
3599 5458 3653 5501 ιιι

2148 5638 2169 5665 ο
2203 5624 2315 5691 1E,
2343 5623 2507 5691 B.R.,
2538 5623 2601 5678 τ.
2642 5623 2689 5690 l,
2719 5623 2777 5690 2,
2807 5630 2973 5691 atque.
