4056 6178
297 279 400 334 197

1181 273 1458 330 ΑΡΜΕίΕ
1497 273 1834 331 CONCIIJA.
1876 301 1947 313 —
1987 272 2562 332 CARTIIAGINENSE
2600 273 2686 330 III.

3481 273 3584 336 I98

292 395 443 451 unde
469 390 632 447 vellet
656 401 714 446 et
733 389 801 444 de
822 390 977 458 cuius
1002 389 1217 446 nomine
1248 390 1435 445 fuisset
1454 401 1772 456 conventus,
1799 402 1895 458 pro
1921 389 1971 448 Α
1997 389 2279 448 Jeremias.
2317 392 2403 446 I7.
2434 389 2700 445 Ezechiel.
2739 389 2825 444 I8.
2869 389 3077 446 Daniel.
3127 391 3210 447 I9.
3241 392 3456 452 Tobias.
3487 399 3578 454 20.

285 483 567 542 desiderio
596 481 914 552 cujusquam
950 480 1227 547 Ecclesiae,
1255 481 1529 536 ordinaret
1557 483 1889 550 episcOpum.

287 576 593 648 Epigonius
614 574 902 644 episcopus
945 571 1082 626 dixit
1106 590 1118 625 :
1147 573 1362 627 Bonitas
1391 582 1692 642 sequestrat
1723 572 1896 642 possi-

290 671 584 733 bilitatem,
621 664 804 718 minus
833 664 974 718 enim
1019 663 1320 731 prasumis,
1347 664 1530 728 frater,
1562 677 1684 718 cum
1717 673 1768 717 te
1803 663 1899 717 bo-

294 776 423 814 num
452 769 510 813 et
535 757 862 811 clementem
884 765 908 791 ι·
930 755 1140 819 reddis;
1177 755 1341 809 habes
1359 757 1500 811 enim
1531 757 1682 826 137
1714 756 1813 809 hoc
1844 756 1898 809 in

292 851 555 906 arbitrio:
579 849 714 903 satis
735 857 818 903 est
843 857 898 901 ut
917 847 1209 902 satisfaciat
1237 848 1261 884 δ
1287 861 1529 917 persona:
1561 848 1899 916 uniuscujus-

295 959 404 1014 que
434 941 676 1012 episcOpi
723 940 775 994 in
810 941 981 1009 prima
1032 939 1398 994 tantummodo
1439 944 1823 1006 c0nventione;
1853 942 1896 994 si

297 1048 510 1100 autem,
544 1034 688 1104 quod
725 1035 853 1088 licet
881 1033 1004 1088 huic
1032 1035 1169 1099 sedi,
1197 1034 1578 1090 vindicandum
1610 1037 1710 1090 sibi
1742 1035 1902 1090 fuerit

299 1132 624 1192 arbitratus,
653 1142 878 1182 necesse
927 1127 1090 1183 habes
1121 1137 1175 1181 tu
1203 1141 1391 1182 omnes
1419 1127 1676 1183 ecclesias
1715 1128 1900 1182 sufful-

302 1223 422 1275 cire
451 1241 461 1274 :
488 1222 625 1274 unde
651 1219 746 1273 tibi
796 1233 900 1272 non
949 1225 1268 1287 potestatem
1299 1217 1415 1292 [U.,
1449 1217 1776 1289 facultatem]
1803 1220 1898 1272 da-

303 1327 450 1377 mus,
483 1313 578 1367 sed
615 1319 721 1364 tua:
752 1310 1114 1379 assignamus,
1149 1320 1208 1364 ut
1238 1311 1394 1365 liceat
1424 1311 1682 1365 voluntati
1715 1321 1817 1366 tua:
1849 1323 1900 1366 et

298 1419 525 1474 semper
576 1393 761 1458 tenere
805 1417 965 1468 quem
1015 1401 1188 1468 voles,
1223 1412 1277 1456 ut
1313 1404 1627 1472 praepositos
1658 1404 1903 1473 plebibus

296 1496 386 1550 vel
417 1493 668 1549 ecclesiis
697 1492 994 1547 constituas
1025 1493 1111 1561 qui
1144 1491 1338 1547 fuerint
1371 1493 1646 1562 postulati,
1679 1505 1732 1548 et
1763 1495 1903 1548 unde

299 1586 476 1642 voles.
507 1585 886 1639 Postutuianus
908 1581 1191 1651 episcopus
1215 1583 1378 1637 dixit:
1401 1583 1602 1638 Deinde
1623 1584 1709 1652 qui
1736 1598 1900 1637 unum

301 1679 581 1743 habuerit,
615 1675 856 1746 nunquid
886 1675 1044 1730 debet
1073 1674 1146 1729 illi
1181 1689 1319 1728 unus
1351 1676 1466 1742 ipse
1498 1676 1778 1745 presbyter
1805 1690 1902 1728 au-

304 1769 473 1825 ferri?
525 1739 777 1823 Aurelius
806 1767 1090 1836 episcopus
1120 1765 1296 1818 dixit:
1320 1739 1425 1819 Sed
1453 1739 1735 1834 cpiscopus
1765 1781 1901 1822 unus
1928 1739 1980 1801 Β

303 1876 433 1918 esse
461 1870 662 1932 potest,
713 1875 810 1928 per
837 1872 995 1928 quem
1042 1857 1352 1928 dignatione
1392 1857 1567 1911 divina
1604 1855 1901 1928 presbyteri

299 1954 458 2009 multi
491 1949 750 2007 constitui
785 1949 1022 2019 possint;
1056 1963 1194 2003 unus
1223 1957 1400 2002 autem
1444 1945 1729 2018 episcopus
1760 1945 1900 2002 diffi-

301 2046 408 2101 cile
439 2045 710 2100 invenitur
739 2039 1155 2097 constituendus
1185 2056 1199 2094 :
1230 2050 1558 2110 quaprbpter
1581 2041 1624 2094 si
1653 2054 1902 2095 necessa-

306 2142 448 2194 rium
478 2139 762 2206 episcopus
785 2136 902 2205 quis
931 2133 1177 2189 habuerit
1203 2135 1597 2206 presbyterum,
1632 2143 1684 2188 et
1714 2149 1898 2200 unum,

305 2241 367 2286 ut
395 2230 605 2294 dixisti,
652 2229 840 2294 frater,
873 2227 1140 2293 habuerit,
1182 2226 1342 2282 etiam
1389 2227 1560 2296 ipsum
1592 2225 1656 2280 ad
1689 2239 1903 2295 promo-

307 2325 516 2376 tionem
565 2321 697 2374 dare
743 2318 979 2374 debebit.
1012 2318 1388 2372 Postumianus
1417 2318 1700 2386 episcOpus
1731 2316 1899 2371 dixit:

306 2413 464 2484 Ergo
517 2413 561 2467 si
610 2411 768 2467 habet
809 2411 948 2466 alius
997 2411 1332 2466 abundantes
1374 2409 1518 2484 {/E.,
1548 2410 1904 2482 abundanter]

297 2504 572 2570 clericos,
611 2504 769 2559 debet
798 2504 927 2558 mihi
959 2503 1062 2557 alia
1112 2503 1262 2572 plebs
1309 2501 1629 2558 subvenire?
1660 2503 1906 2559 Aurelius

307 2597 601 2667 episcopus
648 2595 1015 2660 dixit:Sane,
1047 2593 1317 2664 quomodo
1367 2605 1420 2648 tu
1469 2593 1725 2648 Ecclesia
1755 2591 1907 2648 alteri

305 2688 649 2751 subveneris,
683 2685 1099 2755 persuadebitur
1127 2685 1204 2740 illi
1231 2685 1319 2754 qui
1353 2685 1532 2753 plures
1562 2684 1722 2740 habet
1747 2683 1907 2739 cleri-

303 2793 419 2844 eos,
453 2787 512 2833 ut
543 2792 706 2831 unum
739 2776 836 2832 tibi
870 2775 1228 2830 ordinandum
1273 2775 1545 2844 largiatur.

305 2869 491 2926 XLVI.
520 2869 589 2924 Ut
614 2871 882 2940 episcopus
912 2869 964 2921 in
995 2868 1195 2940 diwcesi
1225 2867 1392 2940 [actus
1417 2869 1579 2921 solam
1605 2884 1716 2922 eam
1739 2873 1909 2922 letteat

637 2939 834 3007 plebem
853 2940 905 2992 in
931 2955 1031 3008 qua
1061 2939 1260 2994 exstitit
1291 2939 1581 2992 ordinatus.

377 3034 689 3090 Honoratus
726 3041 783 3088 et
813 3031 1060 3089 Urbanus
1085 3031 1323 3102 episcopi
1353 3032 1603 3090 dixerunt
1635 3051 1648 3087 :
1683 3034 1904 3090 Audivi-

305 3140 428 3181 mus
456 3124 806 3180 constitutum
834 3133 891 3178 ut
925 3123 1188 3178 dimceses
1229 3137 1335 3178 non
1367 3134 1671 3180 mereantur
1695 3125 1906 3195 episco-

309 3231 409 3284 pos
454 3216 725 3285 accipere,
777 3214 877 3267 nisi
925 3228 1194 3269 consensu
1245 3213 1361 3284 ejus
1403 3215 1504 3271 sub
1546 3231 1653 3286 quo
1702 3216 1910 3273 fuerant

310 3307 655 3371 constituta;
688 3305 782 3360 sed
807 3306 857 3360 in
892 3305 1162 3373 provincia
1193 3314 1400 3371 nostra,
1430 3321 1552 3360 cum
1586 3306 1747 3376 aliqui
1773 3309 1910 3365 forte

311 3400 364 3454 in
386 3399 609 3455 dioecesi
638 3397 974 3454 concedente
1011 3412 1076 3452 eo
1104 3400 1354 3467 episcopo
1382 3403 1433 3452 in
1467 3398 1619 3467 cujus
1647 3407 1910 3467 potestate

313 3494 526 3550 fuerant
552 3493 860 3548 constitutas
888 3493 1117 3548 ordinati
1149 3507 1272 3548 sunt
1300 3493 1556 3563 episcOpi,
1585 3493 1744 3548 etiam
1774 3494 1909 3550 dim-

313 3600 464 3640 ceses
504 3584 606 3639 sibi
640 3584 946 3641 vindicare:
979 3586 1080 3640 hoc
1117 3593 1172 3639 et
1197 3583 1387 3655 corrigi
1419 3586 1694 3641 cltaritatis
1719 3595 1912 3641 vestra:

313 3677 511 3747 iudicio
539 3686 594 3732 et
615 3677 840 3731 inhiberi
863 3676 1023 3732 debet
1046 3676 1112 3731 de
1133 3684 1350 3731 czetero.
1389 3676 1678 3746 Epigonius
1699 3678 1906 3747 episco-

314 3787 412 3840 pus
440 3770 588 3824 dixit
627 3787 641 3824 :
673 3769 907 3837 Singulis
936 3770 1200 3838 episcopis
1226 3779 1494 3824 servatum
1526 3778 1608 3826 est
1636 3770 1778 3840 quod
1807 3770 1911 3826 de-

313 3863 501 3928 cebat,
545 3871 605 3916 ut
643 3877 706 3916 ex
755 3875 933 3914 massa
971 3859 1284 3915 dioecesium
1329 3861 1471 3915 nulla
1508 3873 1815 3931 carperetur
1856 3871 1911 3915 ut

314 3957 592 4027 proprium
634 3956 945 4023 episcopum
974 3951 1270 4016 habuisset,
1301 3953 1400 4008 nisi
1440 3953 1554 4022 ipse
1585 3968 1906 4009 consensum

311 4048 653 4103 adhibuisset
677 4043 1026 4102 concedendi.
1061 4043 1300 4101 Sufficiat
1323 4046 1463 4098 enim
1486 4045 1530 4099 si
1554 4047 1908 4114 consenserit,

313 4154 368 4197 ut
390 4141 583 4198 eadem
601 4138 854 4195 dimcesis
885 4138 1144 4207 permissa
1169 4138 1444 4207 pr0prium
1472 4146 1678 4192 tantum
1702 4138 1910 4206 episco-

314 4255 435 4308 pum
468 4237 686 4301 habeat,
712 4246 934 4292 crateras
960 4234 1060 4290 sibi
1089 4250 1194 4289 non
1219 4233 1452 4289 vindicet
1478 4234 1762 4298 diceceses.
1791 4247 1910 4302 qua:

313 4337 539 4398 excepta
581 4328 650 4382 de
694 4327 837 4381 fasce
895 4326 1183 4381 multarum
1236 4326 1348 4379 sola
1405 4325 1597 4381 meruit
1645 4325 1906 4379 honorem

1997 483 2199 539 Judith.
2241 483 2330 538 2i.
2389 485 2598 539 Esther.
2633 482 2722 536 22.
2758 482 2943 537 Esdrze
2983 483 3101 539 libri
3149 485 3207 539 ll.
3249 485 3340 541 25.
3373 489 3586 546 Macha-

1999 575 2237 630 baeorum
2270 575 2392 630 libri
2427 575 2486 629 II.
2522 575 2655 630 Novi
2686 582 2870 630 autem
2901 575 3254 632 Testamenti.
3288 578 3380 636 24.
3407 582 3584 637 Evan-

1998 668 2256 737 geliorum
2281 667 2400 720 libri
2427 666 2511 720 IV.
2543 664 2631 719 25.
2653 667 2881 720 Actuum
2899 669 3258 736 apostolorum
3283 670 3417 726 liber
3436 673 3473 727 Ι.
3491 672 3584 727 26.

2000 757 2147 813 Pauli
2174 757 2398 826 apostoli
2427 757 2680 827 Epistula:
2709 757 2859 823 XIII;
2887 759 3123 827 ejusdem
3155 761 3222 815 ad
3259 761 3512 821 Hebraeos
3544 766 3583 820 I.

2001 852 2090 905 27.
2127 851 2267 906 Petri
2312 850 2379 916 ll;
2420 849 2642 904 Joannis
2667 849 2762 914 Ill;
2795 849 2945 905 Iudae
2975 852 3028 917 I;
3058 851 3242 906 Jacobi
3271 851 3334 920 I;
3370 857 3582 925 Apoca-

2001 943 2167 1013 lypsis
2194 941 2416 996 Joannis
2447 941 2580 995 liber
2602 940 2640 994 l.
2669 939 2824 994 Fiunt
2849 941 3008 1010 igitur
3030 942 3149 996 libri
3175 942 3357 1012 viginti
3383 955 3436 1000 et
3464 960 3588 1015 sep-

2003 1047 2128 1095 tem.
2162 1036 2232 1090 ita
2263 1045 2320 1089 ut
2356 1034 2423 1089 de
2449 1033 2816 1088 confirmando
2848 1035 2950 1088 isto
2979 1048 3187 1090 canone
3215 1038 3583 1092 transmarina:

2001 1129 2257 1185 Ecclesiae
2302 1129 2668 1184 consuluntur.
2721 1129 2902 1182 Liceat
2939 1132 3100 1183 etiam
3152 1129 3253 1200 legi
3308 1131 3585 1198 passiones

2001 1231 2313 1291 martyrum,
2338 1236 2458 1275 cum
2491 1221 2842 1275 anniversarii
2868 1223 2983 1276 dies
3010 1236 3195 1276 eorum
3223 1222 3581 1278 celebrantur.

2279 1329 2508 1384 XLVIII.
2544 1329 2618 1384 De
2640 1331 2904 1399 bnptizatis
2933 1348 2963 1384 a
2996 1332 3295 1387 Donat'stis.

2079 1421 2150 1476 De
2203 1421 2489 1477 Donatistis
2544 1423 2772 1493 placuit,
2825 1435 2882 1479 ut
2930 1429 3271 1480 consulamus
3311 1427 3501 1483 fratres
3535 1440 3589 1484 ct

2003 1515 2416 1570 Consacerdotcs
2456 1527 2670 1570 nostros
2707 1515 2959 1572 Siricium
2999 1525 3054 1571 et
3083 1517 3486 1588 Simplicianum
3517 1521 3586 1574 de

2005 1605 2134 1658 solis
2171 1603 2459 1660 infantibus
2499 1609 2586 1676 qui
2635 1608 2971 1676 baptizantur
3011 1623 3175 1678 penes
3217 1609 3432 1664 eosdem
3462 1653 3477 1678 ,
3521 1627 3589 1667 ne

2005 1697 2145 1764 quod
2178 1713 2276 1752 suo
2307 1713 2410 1752 non
2439 1698 2677 1754 fecerunt
2709 1711 2730 1738 ο
2764 1699 2964 1768 judicio
2991 1742 3006 1764 ,
3047 1715 3167 1755 cum
3196 1701 3262 1755 ad
3295 1701 3586 1757 Ecclesiam

2012 1789 2102 1843 Dei
2131 1790 2329 1844 szilubri
2359 1791 2630 1858 preposito
2661 1791 2853 1846 fuerint
2879 1795 3146 1857 conversi,
3181 1805 3456 1863 parentum
3485 1795 3590 1849 illis

2003 1893 2157 1935 error
2197 1879 2452 1948 impediat
2499 1897 2566 1936 ne
2597 1893 3010 1950 promoveantur
3047 1884 3184 1938 sacri
3217 1884 3400 1940 altaris
3431 1886 3592 1939 mini-

2004 1971 2099 2024 Stri
2145 1970 2262 2043 [U.,
2296 1972 2635 2044 ministerio].
2665 1975 2864 2041 Quibus
2914 1973 3146 2038 insertis,
3201 1973 3501 2029 Honoratus
3540 1985 3593 2030 ct

2007 2061 2250 2117 Urbanus
2295 2064 2530 2133 episcopi
2575 2065 2729 2130 legati
2772 2064 3056 2133 provincia:
3101 2065 3429 2120 Mauritania:
3465 2066 3591 2120 Siti-

2007 2156 2221 2225 pltcnsis
2243 2157 2493 2211 dixerunt
2526 2175 2537 2210 :
2568 2157 2685 2212 Jam
2711 2158 2908 2212 dudum
2932 2175 3054 2213 cum
3079 2158 3216 2227 apud
3250 2159 3589 2213 sanctitatem

2006 2258 2236 2302 vestram
2285 2249 2636 2318 allegaremus
2680 2251 2874 2316 scripta
2900 2290 2914 2313 ,
2959 2247 3114 2302 dilati
3156 2262 3340 2301 sumus
3369 2263 3428 2299 ca
3462 2262 3592 2301 con-

2009 2337 2362 2408 templatione
2405 2338 2546 2406 quod
2589 2338 2779 2393 fratres
2803 2340 2967 2393 nostri
3001 2336 3254 2392 advenire
3282 2344 3500 2406 possent
3528 2337 3594 2391 de

2008 2428 2251 2483 Numidia
2285 2429 2480 2499 legati;
2511 2429 2603 2484 sed
2635 2431 2757 2499 quia
2791 2445 2894 2482 non
2925 2429 3071 2499 parvi
3102 2429 3218 2482 dics
3247 2436 3371 2482 sunt
3403 2428 3595 2496 quibus

2009 2520 2312 2590 exspectati
2342 2521 2558 2575 minime
2615 2530 2918 2585 venerunt;
2979 2521 3116 2574 ultra
3165 2520 3592 2588 praetermittere,

2008 2630 2129 2685 qua:
2179 2614 2332 2668 nobis
2369 2615 2616 2669 mandata
2657 2623 2780 2667 sunt
2821 2629 2849 2666 a
2888 2613 3090 2667 nostris
3121 2611 3462 2682 coepiscopis
3491 2627 3596 2666 non

2009 2717 2252 2778 oportet;
2285 2703 3228 2776 atqueideo,fratres,suggestionem
3270 2714 3505 2761 nostram
3536 2704 3600 2760 li-

2010 2797 2197 2851 bcnter
2236 2796 2522 2852 admittite.
2559 2799 2630 2851 De
2661 2796 2763 2852 fide
2801 2797 2942 2852 enim
2972 2796 3172 2852 Nicteni
3214 2805 3472 2853 tractatus
3504 2812 3600 2850 an-

2010 2889 2262 2956 divimus,
2285 2903 2466 2943 verum
2489 2898 2542 2942 et
2562 2888 2628 2942 de
2663 2889 2941 2944 sacrificiis
2967 2888 3269 2945 inhibendis
3294 2897 3410 2958 post
3438 2903 3599 2957 pran-

2011 2979 2154 3036 dium
2183 3023 2198 3047 ,
2241 2991 2298 3035 ut
2345 2995 2375 3034 a
2417 2980 2617 3050 jejunis
2648 2981 2785 3034 sicut
2831 2981 3033 3036 dictum
3082 2989 3164 3036 est
3201 2979 3513 3043 offerantur,
3543 2987 3600 3032 et

1932 3086 1979 3150 ο
2014 3086 2138 3132 tunc
2168 3085 2223 3133 et
2249 3092 2388 3132 nunc
2413 3078 2678 3132 firmatum
2701 3086 2803 3133 est.

2015 3211 2200 3268 XLIX.
2231 3211 2256 3249 ά
2292 3212 2366 3266 De
2392 3211 2471 3266 Itis
2499 3213 2589 3281 qui
2637 3212 2767 3266 nihil
2792 3216 3044 3336 thabentrs
3096 3227 3148 3265 ιη
3195 3209 3418 3264 ecclesi's
3456 3210 3605 3262 ardi-

2686 3298 2786 3336 nan
2813 3298 2895 3336 ur.

2686 3298 2895 3336 nuntur.

2083 3376 2289 3431 Placuit
2317 3385 2374 3429 ut
2416 3374 2654 3444 episcopi
2679 3415 2695 3437 ,
2736 3374 3033 3442 presbyteri
3062 3413 3077 3436 ,
3118 3373 3324 3427 diaconi
3357 3373 3438 3425 vel
3471 3371 3602 3440 qui-

2011 3480 2220 3536 cunque
2260 3465 2464 3528 clerici,
2509 3449 2778 3534 qui‘hih'rl
2837 3462 3097 3516 habentes
3145 3461 3501 3521 ordinantur.
3551 3470 3606 3514 et

2013 3570 2253 3629 tempore
2281 3559 2624 3628 episcopatus
2651 3557 2731 3611 vel
2755 3554 3040 3612 clericatus
3062 3552 3144 3610 sui
3171 3567 3328 3624 agros
3355 3552 3440 3608 vel
3462 3566 3606 3622 quaa-

2012 3667 2222 3723 cunque
2261 3650 2456 3721 praedia
2490 3650 2693 3704 nomini
2735 3663 2836 3704 suo
2857 3655 3200 3716 comparant,
3241 3655 3491 3716 tanquam
3523 3659 3606 3698 re-

2015 3762 2130 3801 rum
2163 3745 2551 3800 dominicarum
2583 3743 2876 3798 invasionis
2905 3741 3131 3796 crimine
3151 3747 3432 3795 teneantur
3453 3777 3469 3803 ,
3503 3735 3608 3791 nisi

2012 3836 2269 3892 admoniti
2301 3837 2351 3888 in
2380 3835 2673 3890 Ecclesiam
2703 3834 2889 3888 eadem
2919 3831 3032 3900 ipsa
3060 3829 3403 3886 contulerint.
3433 3827 3489 3882 Si
3518 3841 3606 3880 au-

2014 3939 2120 3984 tem
2152 3929 2281 3996 ipsis
2306 3927 2519 3996 proprie
2544 3926 2742 3994 aliquid
2770 3925 3092 3980 liberalitate
3119 3923 3344 3988 alicuius
3373 3919 3451 3975 vel
3479 3932 3603 3973 suc-

2011 4021 2256 4077 cessione
2277 4016 2613 4084 cognationis
2640 4017 2891 4080 venerit,
2937 4012 3137 4069 faciant
3171 4012 3295 4067 inde
3333 4010 3475 4080 quod
3511 4024 3604 4064 eo-

2014 4127 2130 4166 rum
2163 4107 2440 4178 proposito
2468 4105 2712 4175 congruit
2737 4122 2752 4171 ;
2795 4103 2936 4174 quod
2966 4103 3009 4156 si
3031 4117 3062 4156 s
3086 4114 3184 4155 suo
3210 4099 3484 4170 proposito
3513 4113 3603 4153 re-

2015 4215 2243 4258 trorsum
2295 4197 2713 4255 exorbitaverint
2770 4196 2930 4267 139
2986 4193 3187 4246 hon'tre
3237 4189 3602 4246 ecclesiastico

2013 4295 2236 4366 indigni,
2262 4303 2511 4362 tanquam
2534 4289 2748 4358 reprobi
2773 4288 3100 4358 ju-Jicentur.

315 4421 657 4488 episcopatus
688 4415 982 4486 suscipere.
1007 4416 1252 4472 Aurelius
1276 4418 1558 4486 episcopus
1585 4415 1716 4470 dixit
1749 4432 1764 4469 :
1788 4415 1903 4470 Non

2016 4429 2078 4486 L.
2126 4429 2194 4485 Ut
2257 4435 2396 4501 gesta
2459 4425 2662 4480 concilii
2724 4428 3088 4510 fpiscoporum
3152 4413 3601 4486 sttbscriptionibus

317 4510 506 4565 dubito
536 4507 786 4564 charitati
813 4518 1004 4564 vestra:
1031 4508 1271 4563 omnium
1303 4508 1513 4577 placere
1542 4522 1664 4564 eum
1693 4509 1745 4563 in
1773 4507 1908 4564 dite-

316 4603 446 4667 cesi,
470 4600 801 4656 concedente
817 4601 1087 4670 episcopo,
1112 4601 1201 4670 qui
1223 4599 1496 4654 matricem
1523 4599 1712 4665 tenuit,
1739 4600 1906 4655 solam

318 4692 562 4748 eamdem
595 4692 830 4746 retinere
859 4690 1066 4760 plebem
1097 4690 1151 4744 in
1182 4702 1286 4758 qua
1318 4687 1474 4742 fuerit
1501 4689 1802 4743 ordinatus.

318 4806 528 4863 XLVII.
566 4805 634 4862 Ut
670 4815 852 4876 prater
883 4804 1484 4876 Scripturasicanonicns
1516 4801 1643 4876 nihil
1674 4803 1724 4854 in
1756 4801 1914 4855 eccle-

404 4883 484 4932 sia
518 4879 721 4948 legatur
751 4876 840 4931 sub
867 4878 1068 4929 nomine
1095 4875 1381 4928 divinarum
1411 4875 1818 4943 Scripturarum.

390 4973 531 5028 Sunt
557 4983 735 5026 autem
769 4969 1039 5025 canonica
1071 4969 1382 5038 Scriptum,
1418 4969 1468 5022 id
1500 4976 1582 5024 est
1615 4987 1626 5022 ε
1669 4967 1828 5038 138
1863 4966 1911 5019 l.

321 5063 570 5118 Genesis.
598 5061 657 5117 2.
677 5060 915 5116 Exodus.
935 5061 989 5115 3.
1013 5059 1296 5115 Leviticns.
1325 5061 1377 5113 ι.
1411 5058 1646 5112 Numeri.
1684 5056 1736 5111 5.
1773 5058 1913 5111 Deu-

322 5156 707 5210 teronomium.
732 5153 786 5209 6.
827 5153 958 5209 Iesu
987 5153 1150 5207 Nave.
1183 5153 1240 5205 7.
1276 5151 1540 5206 Iudicum.
1567 5152 1621 5206 8.
1653 5151 1818 5206 Ruth.
1857 5151 1912 5206 9.

323 5246 630 5317 Regnorum
673 5245 795 5300 libri
827 5244 917 5299 IV.
962 5244 1047 5298 lt).
1075 5243 1514 5312 Paralipomenon
1558 5242 1677 5296 libri
1714 5242 1777 5296 Il.
1826 5242 1912 5296 II.

323 5337 444 5394 iob.
497 5338 580 5393 I2.
634 5337 956 5392 Psalterium
1004 5334 1339 5390 Davidicum.
1393 5336 1479 5390 13.
1515 5332 1820 5389 Salomonis
1854 5333 1918 5387 li-

325 5431 496 5488 briV.
533 5431 622 5488 14.
678 5429 821 5485 Libri
853 5427 947 5484 XII
998 5429 1400 5497 prephctarum.
1449 5427 1537 5483 l5.
1582 5427 1783 5481 Esaias.
1829 5425 1912 5482 I6.

393 5596 417 5622 ⁸
452 5585 570 5649 Αε..
596 5585 657 5640 Β.
697 5586 786 5650 IL,
821 5584 885 5651 E,
919 5583 973 5649 3,
1014 5583 1075 5648 T,
1115 5584 1163 5648 I,
1197 5585 1253 5650 Ξ,
1287 5583 1376 5650 υ.,
1411 5586 1457 5638 (Ι
1487 5594 1702 5638 mentem
1753 5583 1920 5637 omni-

325 5660 418 5712 bus
458 5660 656 5711 reddis.
1917 5659 1919 5663 ⁴

394 5730 420 5766 δ
453 5729 518 5784 ϐ.
537 5770 557 5794 ,
591 5727 823 5795 arbitrio,
849 5728 902 5782 id
931 5738 1026 5795 est,
1055 5726 1433 5803 utosatisfacias.

2616 4495 2999 4564 conﬁrmentur.

2088 4613 2336 4669 Aurelius
2363 4612 2642 4681 episcOpus
2667 4607 2799 4663 dixit
2831 4625 2842 4660 :
2869 4606 3129 4673 Quoniam
3163 4602 3320 4672 igitur
3351 4592 3597 4653 universa

2015 4705 2247 4760 arbitror
2272 4703 2434 4758 fuisse
2463 4709 2679 4755 tractata
2705 4741 2720 4765 ,
2765 4700 2810 4753 si
2835 4697 3009 4752 omnia
3049 4710 3169 4749 cum
3209 4692 3386 4747 animo
3417 4703 3598 4745 vestro

2016 4799 2383 4862 convenerint,
2427 4809 2675 4849 sermone
2721 4803 2898 4847 vestro
2941 4798 3132 4845 cuncta
3170 4789 3434 4842 roborate.
3477 4785 3604 4840 Uni-

2017 4891 2154 4948 versi
2179 4889 2413 4960 episcopi
2444 4888 2695 4944 dixerunt
2738 4907 2750 4943 :
2799 4885 2958 4958 140
2995 4884 3257 4939 Omnibus
3299 4882 3450 4936 nobis
3491 4882 3602 4934 hare

2020 4979 2352 5049 placuerunt,
2385 4985 2438 5032 et
2467 4973 2579 5030 hinc
2609 4983 2791 5028 nostra
2816 4970 3211 5040 subscriptione
3246 4967 3602 5028 fit-inabiinus,

2018 5072 2086 5127 Et
2111 5070 2560 5140 subscripserunt.

2090 5164 2338 5220 Aurelius
2361 5163 2646 5232 episcopus
2688 5155 2942 5212 Ecclesia:
2984 5147 3318 5218 Carthaginis
3359 5147 3476 5199 huic
3509 5145 3601 5200 de-

2019 5265 2169 5311 creto
2198 5253 2468 5315 consensi,
2511 5263 2561 5305 et
2591 5250 2791 5304 relecto
2819 5241 3136 5309 subscripsi.

2091 5351 2377 5420 Epigonius
2404 5347 2684 5417 episcOpu;
2707 5339 2878 5410 plebis
2907 5335 3170 5391 Bullensis
3204 5335 3436 5404 regionis
3469 5335 3598 5386 suti-

2019 5446 2236 5516 scripsi.

2092 5594 2113 5621 c
2151 5580 2224 5634 I’Ix
2255 5577 2320 5631 U.
2351 5573 2406 5628 In
2438 5575 2501 5628 A.
2535 5580 2588 5625 et
2615 5569 2834 5639 reliquis
2864 5584 2880 5621 :
2913 5573 3141 5639 fecerunt
3169 5566 3218 5618 in
3241 5565 3463 5634 judicio.

2091 5651 2116 5691 ιι
2147 5633 2199 5705 In
2230 5647 2426 5703 Codice
2459 5645 2516 5699 Β.
2543 5643 2632 5713 IL,
2666 5633 2808 5710 Τξι,
2832 5639 2891 5710 ‘2,
2913 5633 2973 5694 ἐι
3001 5635 3092 5702 U.,
3116 5633 3268 5692 deest
3297 5651 3466 5691 canon
3503 5633 3606 5687 hic.
