4060 6184
450 250 554 310 199

1102 242 1486 300 COLLECTIO
1523 241 1852 298 CANONUM
1891 239 1950 295 S.
2000 239 2267 296 lSiDORO
2309 237 2572 295 iHSPAL.
2616 237 2977 295 ASCRII'TA.

3617 241 3716 298 200

516 333 1146 435 Augustinusepiscopus
1186 357 1356 426 plebis
1390 354 1809 424 llipponeusium
1842 353 2018 424 regio—
2049 363 2088 414 Α
2191 353 2452 407 Similiter
2495 363 2547 404 et
2571 366 2758 406 omnes
2804 349 3041 419 episcopi
3093 350 3441 422 quadraginta
3483 367 3717 422 quatuor

445 471 569 511 nutu
601 453 908 520 subscripsi.

853 593 1015 604 ...ι-

442 597 1400 624 Ww—

2133 445 2582 512 subscripserunt.

2267 587 2588 594 .—__—_——

2016 697 2164 767 XV

1429 865 1794 924 CONCILIUM
1825 866 2401 923 CARTIIAGINENSE
2442 869 2780 935 QUARTUM

437 1029 727 1075 IIABITUM
777 1029 854 1069 ΑΒ
897 1025 1210 1070 EPISCOPIS
1258 1023 1520 1065 NCMERO
1567 1021 1877 1062 DUCENTIS
1925 1019 2025 1070 QU.

2123 1021 2453 1075 l-RDECIM,
2504 1022 2643 1064 Eua
2690 1024 3079 1081 ccccxxxvt,
3121 1026 3399 1070 HUNORIO
3437 1030 3579 1072 μοι
3607 1036 3720 1076 sro

1080 1104 1333 1157 QUARTO
1377 1104 1455 1145 ET
1503 1100 1907 1144 EUTYCHIANO
1953 1099 2358 1156 C(lNaL‘LIBUS,
2409 1102 2465 1144 Vl
2514 1102 2655 1144 IDUS
2701 1104 3080 1146 NOVEMBRIS.

505 1260 637 1314 Cum
670 1257 917 1311 Aurelius
941 1254 1226 1325 episcopus
1254 1253 1306 1306 in
1329 1251 1556 1306 concilio
1582 1248 1870 1303 universali
1894 1245 2024 1301 Car-

437 1350 650 1419 thagine
689 1349 744 1402 in
781 1347 1073 1403 secretario
1113 1361 1234 1399 cum
1267 1345 1514 1397 omnibus
1545 1340 2023 1395 consacerdotibus

433 1444 544 1496 suis
575 1441 924 1504 consedisset,
957 1438 1154 1507 placuit
1185 1452 1305 1490 eum
1337 1451 1401 1490 eo
1428 1435 1637 1488 cunctis
1676 1434 1765 1500 qui
1807 1431 2023 1486 fuerunt

436 1534 486 1587 in
509 1533 691 1587 eadem
719 1540 901 1585 sancta
929 1528 1135 1599 synodo
1157 1528 1485 1581 constituere
1508 1525 1619 1577 hmo
1647 1539 1764 1591 quae
1789 1522 1855 1575 ad
1880 1522 2026 1575 ordi-

435 1639 530 1679 nes
558 1621 956 1677 ecclesiasticos
985 1617 1261 1672 canonicis
1300 1624 1426 1670 sunt
1458 1613 1756 1668 necessu-ia
1785 1611 2026 1680 discipli-

435 1716 520 1769 nis
551 1730 564 1766 :
595 1712 682 1766 ubt
709 1711 760 1765 in
789 1709 1054 1778 principio
1084 1709 1428 1762 constitutum
1461 1716 1562 1760 est.

723 1801 761 1854 l.
795 1799 979 1866 Quales
1002 1800 1216 1852 debeant
1247 1797 1477 1850 ordinari
1503 1794 1748 1864 episcopi.

503 1894 600 1962 Qui
648 1895 931 1964 episcopus
976 1891 1306 1946 ordinandus
1341 1897 1425 1945 est
1451 1895 1609 1943 antea
1653 1885 2024 1954 examinetur;

437 1988 597 2057 igitur
610 1986 654 2039 si
679 1993 864 2037 natura
889 1983 1121 2052 prudens
1158 1991 1181 2018 ι
1233 1989 1337 2044 est,
1362 1980 1406 2034 si
1424 1978 1690 2041 docibilis,
1719 1977 1766 2032 si
1789 1977 2029 2032 moribus

433 2088 783 2150 temperatus,
815 2079 858 2134 si
895 2079 1001 2131 vita
1029 2086 1228 2139 castus,
1261 2076 1305 2129 si
1335 2074 1565 2137 sobrius,
1599 2071 1642 2125 si
1674 2085 1890 2139 semper
1915 2071 2027 2124 suis

437 2170 689 2242 negotiis,
721 2169 766 2224 si
804 2169 1110 2223 hominibus
1142 2164 1393 2229 all'abilis,
1425 2163 1469 2216 si
1504 2163 1833 2225 misericors,
1864 2160 1911 2214 si
1945 2160 2030 2213 lit-

443 2265 678 2329 teratus,
717 2262 764 2317 si
792 2263 844 2316 in
875 2263 989 2331 lege
1021 2258 1228 2314 Domini
1262 2261 1584 2322 instructus,
1619 2255 1664 2309 si
1697 2255 1747 2308 in
1788 2254 2029 2321 Scriptu-

441 2364 622 2410 rat'um
653 2354 899 2409 sensibus
927 2361 1145 2418 cautus,
1187 2351 1232 2405 si
1263 2351 1314 2404 in
1342 2349 1677 2419 dogmatibus
1707 2346 2031 2402 ecclesiasti-

437 2449 516 2504 cis
541 2448 905 2511 exereitatus,
961 2456 1014 2501 et
1065 2454 1191 2499 ante
1241 2444 1420 2497 omnia
1473 2443 1516 2495 si
1563 2441 1685 2495 lidei
1712 2439 2029 2494 documenta

436 2541 615 2594 verbis
639 2537 967 2606 simplicibus
989 2545 1218 2598 asserat,
1244 2534 1296 2586 id
1331 2541 1414 2586 est
1454 2532 1685 2596 Patrem,
1715 2539 1768 2585 et
1801 2529 2026 2592 Filium,

436 2642 490 2688 et.
527 2632 783 2703 Spiritum
814 2638 1083 2697 sanctum,
1117 2642 1278 2681 unum
1313 2625 1477 2680 Deum
1512 2638 1632 2677 esse
1659 2623 1987 2676 conﬁrmans
2010 2660 2027 2687 ,

440 2733 712 2792 totamque
742 2723 793 2775 in
822 2721 1086 2775 Trinitate
1113 2717 1367 2772 deitatem
1399 2714 1804 2769 ecesseutialem
1834 2721 1889 2766 et
1909 2727 2030 2766 eon-

436 2813 844 2870 substantialem
897 2820 952 2866 et
1011 2808 1384 2865 coaeternaletn
1437 2815 1493 2862 et
1539 2806 2030 2874 coomnipotentem

435 2909 754 2978 prmdicans,
796 2908 839 2961 si
870 2906 1130 2976 singulam
1163 2918 1429 2972 quamque
1461 2901 1513 2955 in
1546 2901 1806 2957 Trinitate
1839 2917 2028 2971 perso-

436 3016 555 3054 nam
584 3001 792 3070 plenum
810 2997 976 3053 Deum
999 3005 1053 3050 et
1075 3003 1210 3048 totas
1235 3005 1344 3048 tres
1371 3006 1624 3064 personas
1649 3009 1809 3046 unum
1837 2992 2030 3058 Deum,

435 3091 480 3144 si
511 3089 928 3145 incarnationem
962 3088 1194 3142 divinam
1218 3101 1323 3139 non
1351 3086 1402 3140 itt
1435 3087 1591 3139 Patre
1621 3098 1792 3154 neque
1818 3083 1870 3136 in
1902 3082 2024 3150 Spi-

436 3180 539 3233 ritu
563 3189 750 3236 sancto
772 3179 986 3246 iactam,
1015 3179 1111 3233 sed
1140 3189 1192 3231 tu
1225 3177 1359 3231 Filio
1386 3185 1590 3230 tantum
1620 3176 1825 3239 credat,
1860 3184 1915 3227 ut
1936 3173 2026 3241 qui

436 3283 558 3329 erat
587 3275 638 3328 iu
671 3273 946 3327 divinitate
975 3270 1068 3325 Dei
1121 3269 1291 3323 Patris
1323 3267 1489 3321 Filius
1528 3267 1641 3335 ipse
1673 3267 1822 3319 lieret
1844 3266 1896 3318 in
1931 3267 2029 3318 ho-

436 3364 581 3418 mine
612 3363 842 3417 hominis
873 3361 1059 3415 matris
1086 3358 1108 3394 ι)
1143 3359 1306 3423 tilius,
1347 3357 1485 3410 Deus
1516 3371 1672 3410 verus
1699 3370 1763 3408 ex
1798 3356 1953 3408 Patre
1979 3362 2030 3408 et

436 3457 598 3510 homo
627 3470 786 3510 verus
826 3469 888 3508 ex
927 3462 1120 3519 matre,
1151 3463 1372 3504 carnem
1389 3427 1472 3501 Ἔχ
1512 3446 1696 3501 matris
1728 3445 2021 3499 visceribus

438 3549 639 3601 habens
667 3558 718 3600 et
744 3546 974 3598 animam
1007 3543 1293 3596 humanam
1325 3539 1641 3592 rationalem
1672 3536 1829 3589 simul
1859 3536 1910 3587 in
1940 3549 2025 3598 eo,

438 3647 494 3690 ut
521 3635 792 3703 utriusque
815 3643 1020 3687 natura:
1051 3634 1100 3685 id
1134 3641 1216 3684 est
1239 3630 1400 3680 homo
1423 3637 1478 3682 et
1510 3629 1644 3681 Deos
1665 3665 1679 3688 ,
1717 3641 1814 3676 una
1850 3639 2029 3691 perso-

435 3741 522 3789 na,
558 3739 694 3778 unus
727 3725 912 3790 Filius,
945 3738 1082 3776 unus
1105 3722 1373 3786 Christus,
1405 3736 1542 3774 unus
1573 3723 1847 3788 Dominus,
1874 3738 2024 3776 erea-

439 3826 678 3871 turarum
707 3816 944 3869 omnimn
971 3832 1088 3882 quae
1113 3825 1237 3867 sunt
1275 3827 1327 3868 et
1357 3823 1540 3866 auctor
1568 3825 1621 3868 et
1652 3815 1900 3869 dominus
1927 3857 1940 3879 ,
1974 3824 2029 3868 et

440 3917 653 3964 creator
683 3924 801 3963 cum
829 3909 986 3962 Patre
1015 3916 1066 3961 et
1098 3907 1295 3976 Spiritu
1340 3917 1525 3961 saneto
1556 3909 1792 3961 omnium
1818 3917 2028 3962 creatu-

432 4015 632 4064 rarum,
659 4001 748 4069 qui
774 4015 959 4069 passus
981 4000 1052 4054 sit
1078 4014 1196 4053 vera
1216 3999 1394 4053 carnis
1427 3999 1676 4066 passione
1706 4009 1755 4063 ε,
1787 4009 2027 4053 mortuus

431 4105 558 4145 vera
595 4090 838 4159 corporis
864 4091 945 4142 Sui
978 4097 1150 4144 morte
1175 4129 1191 4153 ,
1232 4090 1524 4144 resurrexit
1552 4105 1679 4142 vera
1706 4092 1883 4142 earnis
1914 4104 2026 4143 suae

433 4181 830 4236 resurrectione
858 4189 914 4234 et
939 4196 1060 4232 vera
1089 4183 1281 4234 anima:
1306 4179 1692 4246 resumptione,
1733 4180 1782 4232 in
1815 4193 1915 4245 qua
1939 4195 2028 4233 vc-

434 4273 543 4326 niet
574 4272 808 4340 judicare
835 4272 981 4324 vivos
1012 4280 1061 4322 et
1090 4279 1354 4324 mortuos.
1379 4269 1736 4335 Quaerendum
1765 4269 1925 4322 etiam
1958 4271 2026 4324 ab

430 4380 496 4419 eo
521 4403 535 4428 ,
564 4365 608 4418 si
633 4365 763 4417 Novi
801 4363 952 4433 141
981 4373 1034 4416 et
1067 4362 1270 4417 \‘eteris
1297 4363 1649 4429 Testameuti,
1682 4362 1735 4416 id
1763 4371 1863 4425 est,
1895 4362 2026 4430 legis

2131 1247 2448 1303 catholicam
2482 1250 2654 1304 nullus
2688 1251 2944 1305 salvetur.
2975 1250 3106 1306 Cum
3137 1253 3186 1307 in
3213 1253 3300 1309 his
3329 1259 3576 1314 omnibus
3604 1279 3724 1316 αλιι

2134 1343 2363 1394 minatus
2403 1341 2656 1398 iuventus
2689 1342 2841 1396 fuerit
2883 1343 3037 1411 pleue
3069 1345 3357 1400 instructus
3384 1388 3396 1409 ,
3441 1359 3565 1404 tunc
3593 1369 3725 1405 con-

2133 1448 2294 1488 sensu
2335 1436 2649 1489 clericorum
2701 1446 2754 1490 et
2790 1437 3049 1491 laicorum
3096 1453 3160 1492 ex
3194 1438 3218 1475 δ
3247 1451 3510 1495 convento
3554 1445 3724 1499 totius

2136 1529 2425 1594 provincia:
2475 1529 2852 1598 episcoporum
2883 1571 2896 1594 ,
2942 1531 3278 1600 maximeque
3327 1535 3723 1601 mett'Opoiitaui

2135 1621 2219 1673 vel
2251 1610 2569 1674 auctoritate
2614 1621 2698 1675 vel
2754 1622 3036 1688 praesentia
3074 1623 3354 1677 ordinetur
3395 1627 3678 1695 episcopus
3705 1668 3722 1693 ,

2135 1723 2386 1782 suscepto
2415 1713 2467 1766 in
2503 1712 2718 1768 nomine
2750 1713 2947 1768 Christi
2979 1715 3286 1782 episcopatu
3313 1759 3327 1781 ,
3372 1733 3476 1772 non
3504 1734 3612 1772 suae
3642 1720 3725 1774 di-

2054 1777 2101 1836 B
2133 1807 2350 1862 lectioni
2386 1818 2407 1842 ο
2439 1823 2537 1863 nec
2566 1807 2676 1862 suis
2716 1809 2956 1863 moribus
2993 1806 3037 1874 ί,
3065 1809 3157 1863 sed
3187 1810 3267 1864 his
3297 1812 3506 1866 Patrum
3537 1813 3724 1867 delini-

2130 1899 2370 1954 tionibus
2412 1900 2815 1968 adquiescens;
2869 1901 2923 1955 in
2967 1900 3121 1967 cujus
3171 1903 3508 1958 ordinatione
3558 1906 3722 1959 etiam

2129 2002 2258 2045 aetas
2288 1991 2588 2061 requiratur
2611 2007 2769 2062 quam
2795 1992 2964 2046 sancti
2997 1993 3180 2047 Patres
3210 1995 3457 2062 exemplo
3485 1995 3724 2050 Salvato-

2130 2087 2203 2141 ris
2232 2087 2281 2137 in
2309 2084 2655 2154 praelegeudis
2676 2086 2943 2155 episcopis
2965 2088 3381 2140 constituerunt.

2203 2179 2411 2234 Dehinc
2443 2179 2744 2250 disponitur
2776 2183 3002 2250 qualiter
3029 2182 3389 2237 ecciesiastica
3419 2182 3593 2238 ollicia
3627 2201 3721 2238 or-

2130 2271 2411 2326 dincntur.

2423 2365 2489 2421 Il.
2535 2366 2772 2434 Qualiter
2800 2374 3153 2419 conicerentur
3181 2367 3420 2435 episwpi.

2217 2462 2514 2531 Episcopus
2541 2477 2661 2518 cum
2693 2462 2971 2518 ordinatur
2992 2503 3005 2528 ,
3037 2463 3142 2518 duo
3173 2463 3403 2534 episcopi
3439 2474 3635 2532 ponant
3664 2474 3723 2520 et

2135 2559 2348 2606 teneant
2385 2552 2799 2624 Evangeliormn
2840 2555 3089 2608 Codicem
3134 2567 3295 2622 super
3321 2565 3478 2618 caput
3507 2564 3559 2606 et
3594 2570 3718 2607 cer-

2135 2643 2300 2698 vicem
2331 2643 2447 2714 ejus
2468 2685 2482 2710 ,
2537 2656 2589 2700 et
2624 2661 2726 2699 uno
2758 2660 2924 2714 super
2949 2661 3070 2699 eum
3107 2645 3360 2699 fundente
3393 2647 3722 2700 benedictio-

2131 2747 2290 2800 nem,
2347 2737 2539 2805 reliqui
2587 2737 2822 2805 episcopi
2872 2752 3058 2791 omnes
3111 2738 3201 2805 qui
3242 2737 3432 2790 adsunt
3478 2738 3724 2793 manibus

2131 2830 2243 2884 suis
2274 2839 2436 2898 caput
2467 2830 2584 2898 ejus
2617 2839 2853 2898 tangant.

2418 2943 2504 2996 Ill.
2554 2943 2790 3009 Qualiter
2821 2943 3097 3012 presbyteri
3129 2945 3452 2997 ordinentur.

2204 3034 2494 3104 Presbyter
2543 3050 2662 3088 cum
2704 3036 2980 3088 ordinatur
3005 3075 3020 3100 ,
3065 3036 3318 3103 episcopo
3347 3051 3465 3089 eum
3499 3035 3714 3089 benedi-

2051 3132 2098 3194 C
2130 3139 2285 3181 cente
2330 3137 2624 3181 elmanum
2676 3143 2838 3196 super
2888 3129 3002 3196 ejus
3051 3138 3208 3197 caput
3260 3140 3504 3194 tenente,
3558 3131 3720 3184 etiam

2131 3235 2316 3275 omnes
2369 3219 2662 3290 presbyteri
2708 3220 2796 3288 qui
2841 3229 3138 3288 praesentes
3179 3232 3304 3274 sum
3354 3238 3540 3276 manus
3593 3237 3718 3277 suas

2129 3311 2279 3381 juxta
2311 3327 2528 3365 manum
2560 3310 2796 3380 episcopi
2828 3325 2988 3380 super
3020 3321 3178 3380 caput
3213 3313 3356 3368 illius
3388 3323 3621 3367 teneant.

2309 3403 2396 3457 lV.
2441 3402 2888 3467 Quemadmodum
2921 3403 3122 3456 diaconi
3154 3405 3546 3459 constituantur.

2205 3492 2472 3547 Diaconos
2500 3508 2622 3547 eum
2652 3493 2957 3554 ordinatur,
2992 3494 3140 3547 solus
3170 3496 3452 3562 episcopus
3482 3495 3570 3565 qui
3594 3511 3716 3549 eum

2131 3582 2398 3636 benedieit
2431 3598 2648 3635 manum
2681 3597 2842 3650 super
2872 3593 3030 3650 caput
3065 3585 3203 3636 illius
3234 3595 3414 3653 ponat,
3451 3586 3571 3654 quia
3608 3603 3718 3640 non

2129 3675 2193 3726 ad
2227 3673 2607 3737 sacerdotium,
2661 3673 2753 3726 sed
2783 3676 2848 3726 ad
2878 3675 3231 3728 ministerium
3270 3686 3636 3730 consecratur.

2262 3784 2329 3837 ν.
2377 3785 2818 3851 Quemadmodum
2846 3785 3146 3839 subdiacoui
3173 3788 3566 3840 constituantur.

2200 3875 2573 3931 Subdiacouus
2612 3891 2734 3929 cum
2758 3875 3036 3930 ordinatur
3062 3917 3077 3941 ,
3127 3877 3248 3944 quia
3284 3892 3468 3930 manus
3501 3876 3716 3944 imposi-

2131 3971 2326 4024 tionem
2361 3986 2464 4023 non
2497 3970 2712 4036 accipit,
2739 3980 2984 4037 patenam
3009 3970 3074 4024 de
3103 3986 3259 4024 manu
3294 3969 3446 4041 142
3473 3972 3714 4038 episc0pi

2128 4063 2357 4131 accipiat
2407 4078 2629 4117 vacuam
2673 4074 2724 4116 et
2764 4065 2984 4117 calicem
3019 4079 3260 4129 vacuum,
3297 4065 3362 4118 de
3399 4080 3554 4116 manu
3587 4077 3717 4119 vero

2128 4153 2489 4206 archidiaconi
2521 4153 2745 4220 accipiat
2767 4155 3031 4207 orciolum
3064 4153 3161 4227 [U.
3187 4195 3200 4218 ,
3255 4153 3550 4225 urceolum]
3591 4169 3711 4207 cum

2127 4259 2261 4314 aqua
2289 4253 2341 4300 et
2371 4245 2710 4314 aquantanile
2741 4255 2794 4298 et
2824 4248 3234 4314 manutergium.

2407 4354 2496 4409 Vl.
2541 4355 2983 4420 Quemadmodum
3012 4357 3242 4429 acolythi
3267 4359 3418 4427 ﬁant.

429 4466 484 4512 et
528 4457 906 4526 prophetarum
949 4465 1003 4508 et
1039 4456 1405 4523 apostolorum
1457 4470 1618 4509 unum
1658 4458 2017 4524 eumdemque
2043 4482 2095 4540 ι)
2196 4448 2501 4520 Acolythus
2531 4463 2653 4504 cum
2679 4449 2974 4516 ordinatur,
3010 4451 3076 4505 ab
3099 4452 3350 4521 episcopo
3379 4449 3593 4520 quidem
3617 4451 3712 4505 do-

431 4547 616 4604 credat
643 4555 915 4603 auctorem
949 4558 1003 4602 et
1034 4547 1197 4600 Deum
1225 4587 1239 4612 ,
1289 4548 1334 4601 si
1364 4547 1607 4602 diabolus
1635 4562 1740 4601 non
1767 4561 1862 4616 per
1891 4561 2020 4601 con-

439 4640 690 4696 ditionem
715 4641 808 4697 sed
848 4656 938 4708 per
962 4641 1239 4694 arbitrium
1264 4639 1433 4695 lactus
1454 4641 1522 4693 sit
1549 4639 1738 4694 malus.
1769 4639 2023 4707 Qua-reu-

433 4730 559 4784 dum
592 4731 752 4785 etiam
782 4730 849 4784 ab
879 4743 964 4795 eo,
996 4731 1040 4783 si
1071 4730 1254 4783 credat
1293 4729 1448 4799 hujus
1477 4746 1634 4800 quam
1665 4741 1939 4801 gestamus
1969 4739 2023 4785 et

432 4837 540 4876 non
569 4823 790 4877 alterius
813 4823 990 4877 carnis
1013 4823 1474 4886 resurrectionem,
1499 4824 1542 4876 si
1565 4822 1748 4877 credat
1765 4822 2020 4890 judicium

431 4908 670 4966 futurum
692 4922 744 4964 et
757 4921 1062 4979 recepturos
1081 4913 1318 4982 singulos
1338 4928 1432 4981 pro
1449 4913 1530 4966 his
1545 4929 1663 4982 quae
1681 4915 1732 4968 in
1751 4913 1848 4966 hac
1862 4926 2022 4968 carne

434 5001 814 5073 gesseruntvel
836 5014 1018 5070 pmuas
1043 5002 1121 5055 vel
1147 5001 1383 5069 praemia,
1405 5002 1448 5055 si
1472 5003 1683 5070 nuptias
1699 5015 1804 5055 non
1822 5001 2020 5069 impro-

433 5094 559 5163 bet,
582 5096 626 5149 si
653 5093 886 5148 secunda
915 5092 1250 5148 matrimonia
1282 5107 1385 5147 non
1417 5095 1664 5162 damnet,
1707 5095 1749 5149 si
1781 5096 2018 5150 carnium

439 5188 836 5256 perceptionem
856 5201 961 5241 non
988 5185 1177 5257 zulpet,
1200 5186 1243 5242 si
1264 5185 1642 5256 pcenitentibus
1665 5185 2021 5242 reconciliatis

433 5282 823 5342 communicet,
853 5281 899 5334 si
947 5279 999 5334 in
1043 5279 1304 5350 baptismo
1334 5279 1513 5334 omnia
1548 5289 1799 5349 peccata,
1846 5279 1896 5333 id
1937 5287 2019 5334 est

436 5379 543 5425 tam
571 5372 700 5427 illud
729 5372 985 5441 originale
1013 5383 1342 5430 contractum
1379 5387 1537 5445 quam
1569 5372 1659 5427 illa
1687 5388 1804 5443 qua:
1833 5373 2020 5427 volun-

435 5462 569 5517 tarie
599 5464 834 5519 admissa
864 5471 1021 5527 sunt,
1060 5463 1414 5532 dimittantur,
1459 5469 1502 5521 si
1535 5478 1683 5521 extra
1725 5465 2014 5521 Ecclesiam

508 5583 533 5648 ξ’
567 5575 634 5632 U.
655 5617 670 5642 ,
700 5589 816 5631 ante
841 5578 1180 5640 nominetur,
1211 5580 1255 5630 si
1285 5589 1465 5632 natura
1488 5581 1731 5648 prudens.

507 5645 533 5684 δ
564 5648 676 5712 AL,
708 5651 758 5701 in
786 5649 1002 5700 hominis
1031 5656 1213 5699 natura
1243 5651 1436 5701 matris.

510 5728 532 5755 ε
563 5717 654 5784 U.,
684 5735 800 5772 vero
826 5720 998 5771 carnis
1028 5727 1204 5769 morte.

506 5787 533 5826 ⁸³
561 5787 673 5853 ΑΒ..
705 5787 886 5861 [3..ῐίἿ
908 5788 996 5852 υ..
1025 5800 1089 5840 et.

2131 4551 2318 4597 ceatur
2343 4542 2582 4613 qualiter
2609 4557 2667 4600 se
2695 4543 2745 4596 in
2774 4543 2953 4598 ollicio
2983 4557 3080 4598 suo
3103 4559 3261 4614 agere
3287 4543 3495 4608 debeat,
3529 4545 3621 4598 sed
3643 4544 3714 4597 ab

2128 4639 2515 4694 arehidiacono
2561 4641 2788 4708 accipiat
2827 4640 3240 4696 cereol’erarium
3269 4657 3387 4696 cum
3417 4642 3618 4707 cereis,
3653 4650 3715 4694 ut

2125 4733 2258 4787 sciat
2301 4747 2363 4788 se
2393 4734 2458 4787 ad
2497 4733 2837 4788 accendenda
2885 4733 3138 4788 Ecclesiae
3181 4733 3462 4787 luminaria
3507 4731 3710 4786 manci-

2125 4826 2262 4894 pari;
2291 4825 2518 4894 accipiat
2552 4834 2606 4880 et
2646 4824 2905 4880 orciolum
2950 4839 3174 4878 vacuum
3207 4824 3274 4878 ad
3315 4824 3708 4893 suggerendum

2125 4916 2306 4969 vinum
2334 4914 2388 4970 in
2418 4916 2798 4970 eucharistiam
2825 4916 3100 4984 sanguinis
3130 4916 3349 4970 Christi.

2483 5008 2593 5063 VII.
2639 5007 2872 5075 Qualiter
2910 5008 3174 5062 exorcista’
3202 5009 3351 5076 ﬁant.

2196 5099 2471 5153 Exoreista
2501 5113 2622 5152 cum
2653 5098 2932 5152 ordinatur
2954 5141 2967 5162 ,
3028 5100 3252 5168 accipiat
3297 5099 3363 5154 de
3404 5114 3561 5153 tnanu
3595 5097 3714 5167 epi-

2123 5193 2270 5260 sc0pi
2304 5191 2540 5244 libellum
2570 5190 2621 5243 in
2653 5203 2758 5258 quo
2786 5190 2968 5257 scripti
2999 5199 3125 5243 sunt
3154 5191 3464 5257 exorcistni,
3493 5190 3709 5243 dicente

2121 5285 2222 5338 sibi
2251 5283 2504 5352 episcopo
2551 5299 2565 5334 :
2598 5283 2795 5348 Accipe
2824 5292 2877 5336 et
2907 5283 3245 5347 commenda,
3298 5292 3353 5338 et
3386 5283 3580 5336 habeto
3614 5297 3708 5347 po-

2124 5383 2176 5429 te
2209 5385 2368 5429 tatem
2394 5384 2419 5422 8
2446 5373 2750 5442 imponendi
2771 5388 2960 5428 manus
2984 5389 3142 5443 super
3163 5389 3574 5444 energumenos,
3591 5373 3707 5426 sive

2123 5468 2475 5537 baptizatum,
2509 5465 2621 5520 sive
2650 5467 3115 5520 catechumenum.

2197 5592 2219 5619 °
2261 5581 2349 5636 Αἰ.
2382 5584 2438 5636 ιι.
2471 5582 2559 5644 ii,
2595 5581 2656 5634 Τ.
2694 5582 2744 5644 1,
2776 5580 2832 5639 2,
2867 5578 2957 5644 U.,
2984 5576 3074 5644 G.,
3108 5577 3448 5631 delectationi.

2202 5653 2216 5690 ί
2255 5653 2366 5718 ιΕ.,
2402 5655 2462 5706 Ε.
2491 5654 2546 5716 5,
2586 5653 2676 5715 ll.,
2707 5651 2942 5703 motibus.

2196 5734 2217 5769 ιι
2253 5723 2360 5777 ιιῐ..
2395 5737 2438 5777 et
2471 5723 2877 5777 commendat/tm
2907 5720 3084 5773 habeto
3113 5730 3426 5790 potestatem.
