4056 6178
348 319 449 376 901
1216 325 1487 384 ΑΡΠΙΟΛΕ
1525 329 1868 388 CONCILIA.
1911 359 1983 374 —
2021 330 2598 398 CAR'I'HAGINENSE
2645 343 2732 398 IV.
3517 363 3624 419 202

731 433 1145 549 VIII.J.Qualiter
1174 440 1390 549 lectores
1412 445 1562 549 ﬁant.
1969 447 2025 504 Δ
2052 447 2192 549 XIX.
2238 452 2304 506 Ut
2331 455 2597 529 episcopus
2635 476 2729 529 pro
2759 463 2906 518 rebus
2943 470 3275 529 mcularibus
3303 491 3404 529 non
3434 476 3635 549 Ιὸιίσει.⁸

420 530 773 631 Lector‘cum‘
805 526 1119 631 ordinatur,
1175 528 1330 585 faciat
1359 534 1425 588 de
1456 535 1546 590 illo
1577 539 1798 594 verbum
1834 543 1948 611 epi-
2129 540 2193 594 Ut
2222 526 2510 616 episcopus
2538 526 2645 605 nec
2682 566 3001 620 provocatus
3025 576 3124 631 pro
3162 526 3625 626 rebusntransi'to:

345 631 544 685 scopus
576 615 644 671 ad
666 616 880 686 plebem
908 617 1153 673 indicans
1175 621 1292 689 ejus
1315 622 1473 679 ﬁdem
1505 642 1567 682 ac
1596 630 1759 685 vitam
1786 642 1946 701 atque
2049 631 2142 689 riis
2174 635 2362 705 litiget.

342 706 657 811 ingenium;
687 706 957 811 post-haec
986 717 1269 811 spectante
1295 720 1318 749 ⁸
1357 714 1515 811 plebe
1546 718 1724 773 tradat
1753 722 1801 776 ei
1832 723 1937 777 Co-
2046 723 2165 781 XX.
2209 726 2277 783 Ut
2328 731 2596 803 episcopus
2644 746 2846 811 tantum
2893 742 3249 811 spiritualibus
3292 748 3470 804 debeat
3516 769 3626 808 esse

338 797 521 851 dicem
568 796 637 852 de
678 810 786 866 quo
814 796 1058 852 lecturus
1084 810 1168 853 est
1211 800 1395 857 dicens
1441 806 1507 860 ad
1546 822 1671 862 eum
1699 827 1713 864 :
1744 813 1942 881 Accipe
2360 796 2369 798 ἡ
2499 796 2510 803 ⁷
2712 796 2952 864 ἱηιεηιιιί.

340 896 397 941 et
424 897 543 943 esto
569 887 718 942 verbi
748 887 844 942 Dei
894 890 1129 955 relator,
1179 889 1492 968 habiturus,
1540 899 1585 952 si
1629 900 1859 957 fideliter
1887 914 1941 960 et
2117 886 2186 941 UI
2228 890 2513 960 θρῖεεοβυε
2550 896 2752 953 "unam
2793 902 2869 956 τθῖ
2911 902 3186 959 [αηιῖῐὶπῑε
3227 921 3410 963 curam
3440 912 3508 966 ad
3563 928 3624 968 so

338 979 548 1034 utiliter
577 978 892 1048 impleveris
921 980 1181 1051 ofﬁcium,
1204 953 1417 1054 partam
1441 1002 1563 1045 cum
1592 991 1671 1049 eis
1702 995 1793 1064 qui
1823 1010 1903 1052 vei

2039 989 2295 1046 revocet,
2337 985 2431 1038 sed
2484 998 2538 1041 ut
2586 989 2799 1045 lectioni
2835 1002 2888 1049 et
2928 997 3161 1053 orationi
3198 1008 3253 1055 et
3288 998 3446 1073 144
3474 1006 3620 1061 verbi

337 1067 469 1123 bum
502 1068 596 1123 Dei
617 1068 1082 1125 mlnistraverunt.
2039 1070 2134 1125 Dei
2164 1075 2529 1141 przedicationi
2564 1087 2941 1141 tantummodo
2967 1100 3141 1145 vacet.

830 1161 921 1214 lx,
966 1161 1201 1229 Qua/im
1229 1167 1446 1222 οδιὶαήί,
2038 1159 2178 1220 XXI.
2225 1165 2292 1220 Ut
2320 1170 2589 1240 episcopus
2619 1183 2878 1257 a'qrotans
2902 1194 2994 1257 pro
3023 1196 3076 1234 se
3106 1181 3330 1254 legatum
3359 1185 3429 1238 ad
3456 1202 3618 1257 syno-

414 1253 675 1308 Ostiarius
724 1269 845 1309 cum
897 1254 1198 1323 ordinatur,
1259 1268 1543 1331 postquam
1567 1265 1634 1320 ab
1664 1267 1929 1324 archidia-
2110 1322 2152 1331 __
2282 1324 2293 1331 Α
2582 1329 2596 1331 _
2656 1246 2777 1296 dum
2809 1246 2992 1301 "mm-

332 1358 476 1399 cono
506 1345 805 1399 instructus
836 1342 997 1400 fuerit
1028 1348 1259 1417 qualiter
1298 1352 1350 1405 in
1394 1353 1555 1410 domo
1601 1357 1696 1413 Dei
1738 1360 1930 1417 debeat

334 1437 691 1504 conversari,
728 1439 797 1492 ad
830 1440 1231 1510 suggestionem
1264 1445 1633 1505 archidiaconi
1675 1453 1847 1508 tradet
1877 1454 1927 1510 ei

331 1529 625 1597 episcopus
652 1529 835 1584 claves
864 1530 1112 1587 ecclesize
1134 1532 1204 1589 de
1227 1535 1423 1592 altario
1454 1539 1638 1594 dicens
1666 1558 1679 1594 :
1712 1542 1801 1597 Sic
1828 1559 1927 1615 age

330 1621 482 1687 quasi
532 1619 841 1674 redditurus
891 1620 1002 1675 Deo
1045 1624 1311 1681 rationem
1353 1643 1453 1698 pro
1482 1630 1567 1686 bis
1615 1632 1777 1689 rebus
1806 1650 1926 1705 quae

329 1710 450 1765 istis
478 1706 723 1765 clav'ibus
753 1711 1127 1766 recluduntur.

770 1802 837 1856 X.
884 1803 1119 1868 Qualiter
1163 1807 1464 1876 psalmistce.
1949 1798 1997 1856 Β

401 1894 720 1962 Psalmista,
773 1895 826 1949 id
858 1904 942 1951 est
967 1906 1184 1966 cantor,
1221 1909 1398 1969 potest
1444 1904 1647 1975 absque
1698 1908 1920 1965 scientia

326 1986 566 2055 episcopi
599 1987 714 2040 sola
740 1985 987 2055 iussione
1034 1991 1337 2060 presbyteri
1381 1992 1617 2050 ofﬁcium
1643 1999 1920 2065 suscipere

323 2080 604 2144 cantandi,
629 2080 842 2135 dicente
863 2081 963 2135 sibi
984 2082 1331 2152 presbytero:
1350 2085 1483 2143 Vide
1508 2091 1645 2157 quod
1670 2106 1763 2146 ore
1790 2108 1919 2148 can-

325 2182 405 2225 tas
423 2172 589 2227 corde
601 2173 809 2236 credas,
828 2174 1037 2242 utquod
1056 2174 1218 2229 corde
1238 2177 1411 2232 credis
1429 2181 1679 2249 operibus
1697 2186 1903 2253 probes.

2022 2168 2213 2224 XXIII.
2246 2170 2313 2224 Ut
2336 2175 2601 2244 episcopus
2621 2193 2803 2233 causas
2827 2180 3027 2237 clericis
3051 2188 3377 2254 prasentibus
3399 2192 3597 2248 audiat.

630 2261 715 2315 XI.
761 2263 997 2329 Qualiter
1023 2265 1165 2335 virgo
1190 2269 1617 2325 sanctimonialis.
1894 2300 1897 2303 ‹
2093 2256 2162 2312 Ut
2189 2260 2477 2352 episcopus
2505 2265 2702 2321 nullius
2735 2283 2953 2326 causam
2982 2274 3163 2330 audiat
3206 2277 3409 2349 absque
3457 2298 3599 2352 pra:-

397 2348 834 2405 Sancumonialis
876 2352 1030 2421 virgo
1060 2367 1180 2408 cum
1211 2356 1277 2409 ad
1323 2361 1785 2419 consecralionem
1817 2381 1914 2423 suo
2017 2351 2188 2405 sentia
2216 2351 2532 2408 clericorum
2563 2371 2784 2414 suorum
2808 2404 2821 2426 ,
2882 2364 3119 2433 alioquin
3156 2369 3305 2424 irrita
3328 2348 3600 2431 erit-son?-

2110 1322 2175 1378 Ut
2209 1324 2499 1397 episcopus
2532 1329 2599 1384 ad
2631 1334 2900 1403 synodum
2934 1337 3013 1393 ire
3051 1340 3181 1394 Satis
3209 1344 3356 1409 gravi
3386 1348 3617 1402 necessi-

2032 1420 2141 1467 tate
2166 1414 2488 1482 inbibeatur,
2521 1419 2599 1474 sic
2623 1430 2802 1478 tamen
2835 1433 2893 1479 ut
2925 1427 2975 1481 in
3004 1442 3229 1497 persona
3260 1446 3355 1487 sua
3383 1434 3613 1505 legatum

2030 1504 2236 1571 mittat,
2271 1520 2620 1579 suscepturus
2647 1514 2793 1568 salva
2827 1515 2950 1571 ﬁdei
2982 1518 3206 1575 veritate
3234 1504 3492 1595 quidquid
3522 1543 3613 1599 sy-

2029 1595 2203 1651 nodus
2229 1600 2495 1656 statuerit.

2026 1707 2194 1764 XXII.
2238 1710 2308 1766 Ut
2336 1713 2606 1801 episcopus
2634 1719 2746 1798 sine
2776 1720 3064 1801 testimonio
3091 1723 3395 1782 clericorum
3414 1738 3463 1785 et
3494 1731 3608 1801 ple-

2456 1784 2530 1839 bis
2558 1787 2767 1843 clericos
2793 1806 2895 1845 non
2924 1792 3179 1848 instituat.
3419 1784 3425 1837 έ

2102 1891 2171 1947 Ut
2198 1894 2489 1964 episcopus
2520 1900 2723 1970 absque
2746 1905 2974 1960 consilio
3002 1907 3442 1979 presbyterorum
3482 1928 3602 1970 sun-

2027 1996 2147 2036 rum
2179 1984 2408 2040 clericos
2437 2002 2542 2043 non
2583 1991 2833 2057 ordinet,
2894 1994 2966 2049 ita
3003 2006 3061 2052 ut
3080 1998 3273 2055 civium
3305 2004 3601 2061 conniven-

2024 2073 2153 2127 tiam
2178 2083 2233 2128 et
2265 2077 2628 2133 testimonium
2657 2091 2863 2150 quaerat
2888 2083 2937 2138 δ.

325 2438 591 2508 episcopo
634 2439 880 2508 oﬁ‘ertur,
940 2442 996 2498 in
1047 2445 1242 2500 talibus
1296 2450 1534 2505 vestibus
1586 2452 1908 2523 applicetur,

319 2531 577 2598 qualibus
605 2547 818 2603 semper
846 2550 1010 2591 usura
1043 2546 1148 2606 est,
1181 2538 1502 2609 professioni
1530 2553 1583 2600 et
1612 2552 1908 2607 sanctimo-

319 2623 428 2676 niae
455 2623 615 2688 aptis.

325 2711 479 2784 1‘3
503 2714 614 2768 XII.
644 2716 843 2801 Quales
857 2719 1026 2802 ridete
1044 2719 1123 2775 vel
1145 2725 1561 2802 sanctimoniales
1582 2731 1651 2783 ad
1671 2730 1908 2802 baptismi

769 2790 1114 2844 ministerium
1141 2793 1459 2850 ordinentur.

388 2874 579 2930 Viduas
632 2877 716 2932 vel
750 2880 1194 2937 sanctimoniales
1247 2898 1370 2955 quae
1424 2887 1490 2942 ad
1548 2891 1904 2951 ministerium

315 2966 761 3036 baptizandarum
820 2972 1106 3027 mulierum
1147 2974 1435 3044 eliguntur,
1485 2978 1759 3036 instructae
1797 2984 1907 3041 sint

312 3060 380 3113 ad
414 3060 654 3116 ofﬁcium
675 3103 693 3129 ,
746 3074 803 3117 ut
835 3064 1041 3134 possint
1062 3075 1250 3135 aperto
1280 3078 1333 3123 et
1353 3084 1486 3125 sano
1512 3086 1762 3131 sermone
1796 3077 1904 3133 do-

2017 2440 2181 2493 tentia
2231 2442 2470 2515 episc0pi
2518 2446 2621 2501 nisi
2668 2449 2988 2510 clericorum
3037 2472 3257 2513 suorum
3309 2467 3594 2529 praesentia

2014 2532 2364 2588 conﬁrmetur
2389 2548 2434 2590 ο.

2012 2618 2201 2677 XXIV.
2259 2622 2326 2678 Ut
2388 2627 2654 2698 episcopus
2690 2635 2916 2759 (quando:
2957 2638 3158 2691 verbum
3208 2639 3365 2708 facit,
3416 2646 3593 2701 nullus

2727 2719 2829 2757 tsce
2865 2722 2894 2758 a
2922 2744 2937 2759 .

2727 2719 2937 2759 tsceaat.

2081 2786 2374 2846 Sacerdote
2399 2794 2619 2849 verbum
2654 2795 2706 2849 in
2738 2798 2966 2853 ecclesia
3001 2799 3252 2869 faciente,
3285 2808 3377 2877 qui
3406 2823 3589 2879 egres-

2010 2891 2101 2932 sus
2132 2879 2202 2935 de
2223 2880 2491 2939 auditorio
2512 2884 2672 2941 fuerit
2699 2891 3218 2948 excommunicetur.

2291 2973 2459 3030 XXV.
2504 2976 2581 3032 De
2611 2979 3024 3035 discordantibus
3055 2984 3328 3055 episcopis.

2081 3062 2411 3123 Dissidentes
2454 3069 2737 3141 episcopos
2766 3072 2812 3127 si
2854 3087 2962 3128 non
2991 3074 3150 3129 timor
3186 3075 3304 3142 Dei,
3350 3079 3588 3148 synodus

311 3169 439 3208 cere
500 3156 785 3224 imperitas
830 3166 885 3213 et
937 3160 1167 3215 rusticas
1216 3162 1470 3220 mulieres
1512 3175 1754 3237 tempore
1797 3187 1903 3240 quo

2011 3158 2339 3215 reconciliet.

314 3243 655 3313 baptizanda
678 3258 827 3318 sunt,
877 3251 1112 3321 qualiter
1137 3254 1450 3323 baptizatori
1483 3259 1549 3312 ad
1577 3259 1904 3333 interrogata

313 3338 720 3406 respondeant,
760 3348 818 3395 et
845 3344 1077 3411 qualiter
1103 3355 1325 3416 accepto
1347 3347 1666 3416 baptismate
1693 3353 1896 3412 vivant.

604 3431 746 3485 XIII.
778 3431 1015 3496 Qualiter
1041 3438 1214 3505 sponsi
1238 3439 1615 3497 benedicuntur.

385 3519 634 3590 Sponsus
664 3535 719 3576 et
748 3537 945 3592 sponsa
978 3539 1100 3580 cum
1134 3526 1483 3585 benedicendi
1515 3540 1641 3586 sunt
1665 3549 1693 3586 a
1715 3549 1897 3591 sacer-

309 3613 467 3676 dote,
504 3626 534 3663 a
566 3612 879 3681 parentibus
908 3613 1019 3668 suis
1051 3614 1135 3669 vel
1173 3630 1202 3669 a
1246 3622 1628 3691 paranympbis
1665 3625 1900 3681 offeran-

309 3714 415 3769 tur,
444 3706 534 3775 qui
560 3720 682 3760 cum
710 3704 1137 3761 benedictionem
1159 3711 1488 3778 acceperint,
1520 3714 1711 3770 eadem
1734 3726 1896 3774 nocte

310 3810 406 3863 pro
455 3795 763 3853 reverentia
816 3798 985 3867 ipsius
1050 3796 1443 3858 benedictionis
1493 3802 1546 3858 in
1592 3805 1895 3877 virginitate

309 3897 679 3957 permaneant.

699 3958 841 4014 XIV.
877 3957 955 4014 De
983 3962 1169 4016 cellula
1199 3963 1499 4019 sacerdotis.

375 4049 447 4105 Ut
482 4049 777 4121 episcopus
823 4066 930 4107 non
971 4053 1130 4124 longe
1168 4055 1237 4110 ab
1278 4054 1503 4112 ecclesia
1546 4056 1891 4127 hospitiolum

305 4143 521 4199 habeat.

592 4212 710 4267 XV.
748 4212 829 4268 De
857 4215 992 4269 victu
1020 4224 1065 4268 et
1097 4215 1272 4270 Itabifu
1298 4215 1592 4271 sacerdotis.

371 4305 444 4363 Ut
489 4304 781 4376 episcopus
813 4306 971 4361 vilem
1020 4307 1408 4377 supellectilem
1460 4317 1514 4363 et
1543 4321 1784 4364 mensam
1828 4324 1891 4365 ac

303 4396 503 4451 victum
546 4411 839 4467 pauperem
871 4397 1096 4466 habeat,
1127 4408 1182 4453 et
1209 4398 1486 4467 dignitatis
1512 4413 1623 4453 sua:
1652 4402 1888 4455 auctori-

305 4496 463 4543 tatem
495 4488 604 4543 ﬁde
638 4496 693 4543 et
726 4489 849 4544 vita:
876 4488 1082 4545 meritis
1114 4498 1343 4559 quaarat.

402 4577 547 4633 XVI.
593 4576 662 4632 Ut
690 4579 959 4650 episcOpus
982 4579 1140 4633 libros
1166 4576 1452 4633 Gentilium
1494 4596 1595 4634 non
1625 4582 1780 4651 legat.

368 4669 439 4724 Ut
464 4668 706 4739 episcopi
738 4669 907 4724 libros
933 4668 1228 4724 Gentilium
1262 4682 1368 4722 non
1400 4668 1598 4738 legant,
1667 4669 1884 4726 haereti-

301 4776 483 4817 corum
508 4770 688 4816 autem
717 4774 814 4831 pro
842 4759 1161 4816 necessitate
1190 4769 1245 4815 et
1268 4769 1532 4828 tempore.

302 4852 458 4909 XVII.
508 4850 576 4907 Ut
624 4851 890 4921 episcopus
938 4850 1279 4973 iugigz’ent‘ium
1320 4864 1499 4902 curam
1539 4865 1631 4919 per
1678 4866 1729 4904 se
1779 4865 1881 4905 non

1027 4938 1057 4973 a
1093 4937 1151 4973 ea
1181 4960 1193 4973 .

1027 4937 1174 4973 αυεαι
1181 4960 1193 4973 .

366 5011 436 5068 Ut
464 5012 759 5083 episcopus
790 5013 1235 5082 gubernationem
1267 5010 1548 5066 viduarum
1577 5023 1630 5066 et
1656 5013 1885 5082 pupillo-

296 5118 412 5159 rum
462 5112 557 5158 aut
589 5103 996 5175 peregrinorum
1031 5117 1139 5157 non
1183 5117 1278 5171 per
1306 5116 1369 5157 se
1408 5102 1580 5172 ipsum
1601 5144 1615 5169 ,
1666 5103 1760 5158 sed
1790 5120 1883 5173 per

293 5195 823 5265 archipresbyterutn
857 5195 941 5250 vel
975 5193 1418 5249 archidiaconum
1446 5205 1590 5264 agat.

290 5284 481 5342 XVIII.
528 5283 597 5341 Ut
632 5286 909 5356 episcopus
958 5301 1047 5366 per
1080 5293 1435 5407 te‘sitamentum
1471 5286 1737 5340 tuitionem
1783 5303 1882 5341 non

952 5370 1117 5407 tnmen
1161 5365 1231 5407 at.

952 5365 1231 5422 impendat.

314 5450 385 5507 Ut
400 5452 691 5521 episcopus
712 5448 991 5504 tuitionem
1016 5455 1455 5503 teStamentorum
1481 5461 1583 5501 non
1606 5448 1878 5517 suscipiat.

356 5600 384 5629 ⁸
416 5591 484 5645 'I'.
516 5592 575 5656 2,
610 5590 703 5655 U.,
746 5598 1087 5658 exspectante.

355 5660 384 5699 δ
415 5661 532 5721 Ᾱίη
565 5663 892 5715 conniventia
915 5670 961 5713 et
993 5660 1334 5711 testimonium
1362 5659 1674 5728 requiratur.

359 5741 383 5769 ⁸
419 5730 486 5786 U.
522 5732 613 5795 6.,
637 5732 945 5784 clericorum
972 5730 1560 5798 plebiumque......‘nisi
1582 5728 1880 5784 clericorum

533 5824 809 5884 Ριτιιυι..
859 5816 1214 5883 LXXXIV.

2004 3269 2194 3324 XXVI.
2240 3271 2309 3326 Ut
2337 3274 2603 3344 episcopus
2630 3277 2931 3333 dissidentes
2952 3279 3263 3336 concordare
3288 3278 3580 3352 compellat.

2079 3359 2414 3416 Studendum
2462 3364 2755 3434 episcopo,
2811 3375 2872 3421 ut
2899 3368 3224 3424 dissidentes
3252 3371 3444 3427 fratres
3472 3376 3585 3429 sive

2000 3447 2227 3504 clericos
2255 3452 2371 3506 sive
2412 3453 2578 3509 laicos
2616 3454 2685 3510 ad
2722 3470 2906 3527 pacem
2936 3458 3106 3529 magis
3135 3474 3296 3529 quam
3337 3462 3403 3516 ad
3442 3462 3581 3535 judi-

2001 3540 2142 3593 cium
2174 3541 2512 3598 cohortetur.

2000 3628 2210 3689 XXVII.
2254 3633 2331 3688 De
2350 3635 2588 3706 episcopo
2615 3637 2908 3778 velfclerifo
2936 3640 2991 3693 in
3023 3640 3183 3694 alium
3211 3640 3377 3695 locum
3408 3650 3575 3697 trans-

2715 3725 2829 3764 eren
2871 3725 2920 3764 ο.

2715 3725 2920 3764 erenao.

2072 3795 2139 3851 Ut
2166 3799 2451 3869 episcOpus
2475 3799 2544 3856 de
2571 3801 2692 3857 loco
2720 3803 2939 3870 ignobili
2967 3802 3034 3858 ad
3066 3803 3299 3859 nobilem
3334 3822 3427 3876 per
3458 3822 3575 3861 am-

1996 3884 2252 3941 bitionem
2283 3904 2388 3943 non
2414 3898 2671 3959 transeat,
2700 3907 2798 3947 nec
2824 3894 3105 3964 quisquam
3131 3894 3403 3952 inferioris
3425 3898 3571 3953 ordi-

1996 3976 2081 4031 nis
2109 3978 2372 4045 clericus;
2422 3994 2553 4035 sane
2577 3979 2624 4034 si
2647 3978 2700 4036 id
2733 3982 2931 4038 utilitas
2970 3982 3230 4041 Ecclesiae
3270 3986 3571 4043 faciendum

1997 4069 2349 4138 poposcerit,
2396 4070 2618 4127 decreto
2643 4086 2738 4141 pro
2761 4086 2827 4128 eo
2855 4073 3174 4131 clericorum
3214 4086 3269 4132 et
3316 4078 3573 4135 laicorum

1995 4159 2264 4230 episcopis
2299 4171 2579 4231 porrecto,
2631 4176 2727 4232 per
2766 4163 3087 4219 sententiam
3128 4165 3318 4235 synodi
3346 4169 3574 4225 transfe-

1995 4259 2146 4306 ratur
2164 4291 2180 4317 ,
2210 4250 2562 4307 nihilominus
2587 4251 2694 4308 alio
2718 4251 2771 4306 in
2804 4251 2922 4308 loco
2949 4252 3065 4322 ejus
3088 4254 3343 4326 episcopo
3369 4258 3566 4314 subro-

1995 4351 2151 4411 gato;
2205 4341 2476 4398 inferioris
2506 4356 2636 4399 vero
2665 4343 2864 4413 gradus
2886 4344 3192 4400 sacerdotes
3217 4347 3297 4401 vel
3333 4346 3422 4402 alii
3460 4348 3569 4403 cle—

1996 4434 2093 4489 rici
2144 4435 2495 4490 concessione
2534 4449 2755 4490 suorum
2808 4435 3184 4506 episcoporum
3239 4449 3460 4507 possunt
3503 4441 3569 4494 ad

1997 4526 2131 4580 alias
2152 4524 2409 4580 ecclesias
2436 4525 2839 4596 transmigrare.

2000 4636 2156 4708 145
2186 4634 2421 4692 XXVIII.
2463 4635 2543 4692 De
2570 4638 2903 4710 damnatione
2922 4639 3273 4710 episcoporum
3307 4656 3338 4693 a
3375 4641 3571 4710 synodo

2614 4708 2958 4763 retractanda.

2066 4822 2271 4878 Irritam
2301 4837 2423 4878 esse
2449 4821 2702 4891 injustam
2732 4824 3105 4893 episcoporum
3134 4822 3567 4888 damnationem;

1992 4914 2191 4971 idcirco
2217 4928 2248 4969 a
2280 4913 2484 4984 synodo
2516 4914 2930 4969 retractandam.

2099 5003 2292 5059 XXIX.
2336 5004 2412 5059 De
2441 5005 2680 5074 episcopo
2706 5005 2789 5074 qui
2816 5005 2973 5058 alicui
3003 5006 3191 5059 crimen
3209 5005 3463 5073 obiecerit.

2064 5095 2362 5166 Episcopus
2391 5096 2436 5149 si
2482 5096 2678 5151 clerico
2705 5096 2787 5150 vel
2837 5095 2975 5150 laico
3004 5096 3208 5149 crimen
3257 5089 3565 5163 inﬁgeriti.

1991 5185 2286 5241 deducatur
2314 5185 2380 5240 ad
2406 5185 2772 5254 probationem
2802 5183 2854 5238 iu
2877 5182 3105 5252 synodo.

2098 5293 2266 5349 XXX.
2311 5293 2463 5362 Quod
2490 5294 2636 5347 irrita
2656 5292 2720 5345 sit
2748 5290 3103 5358 episcoPorum
3133 5286 3379 5341 sententia
3409 5286 3460 5338 in

2639 5360 2913 5413 absentem.

2639 5375 2913 5414 αυειηιειη.

2060 5455 2297 5511 Caveant
2348 5453 2553 5523 iudices
2600 5450 2855 5507 Ecclesiae
2903 5465 2972 5507 ne
3023 5449 3246 5505 absente
3294 5460 3360 5503 eo
3418 5446 3568 5515 cujus

1993 5600 2036 5644 et
2064 5590 2284 5658 plebium
2307 5589 2573 5657 prmaentia
2631 5587 2983 5655 conﬁrmetur.

2064 5659 2089 5698 ¹¹
2115 5659 2223 5727 ,λΕη
2260 5660 2320 5714 Β.
2347 5659 2431 5725 IL,
2462 5658 2549 5727 U.,
2578 5660 2860 5731 impegerit.
