4060 6184
387 385 499 444 $05

391 517 552 563 causa
595 494 882 553 ventilatur
927 485 1246 543 sententiam
1302 478 1602 548 proferant,
1647 472 1772 544 quia
1813 469 1964 525 irrita
1995 468 2049 529 Α

395 597 516 658 erit,
543 593 649 644 imo
670 596 726 642 et
749 597 963 640 causam
993 582 1046 634 in
1074 572 1280 647 synodo
1309 586 1406 639 pro
1441 571 1580 621 facto
1605 564 1831 618 dabunt.

399 654 593 743 XXXI.
637 678 873 747 Qualiter
902 672 965 724 ab
994 670 1232 740 episcopo
1262 679 1342 717 res
1388 658 1633 713 Ecclesia:
1674 654 1976 707 habeantur.

456 776 540 832 'Ut
561 743 845 841 episc0pus
875 762 1034 817 rebus
1058 755 1315 812 Ecclesiae
1346 758 1596 820 tanquam
1626 743 1977 802 commenda-

400 873 469 926 tis
499 881 603 921 non
638 871 886 925 tanquam
918 848 1150 921 propriis
1179 852 1382 901 utatur.

504 948 719 1009 XXXII.
762 944 839 998 De
865 941 1025 996 irritis
1057 932 1471 992 distractionibus
1500 929 1875 999 episcoporum.

471 1043 627 1099 Irrita
675 1036 780 1095 erit
825 1034 1200 1102 episcoporum
1229 1023 1445 1080 donatio
1490 1020 1573 1075 vel
1615 1014 1859 1072 venditio
1899 1009 1985 1066 vel

403 1128 752 1192 commutatio
781 1125 861 1180 rei
902 1118 1285 1177 ecclesiasticae
1314 1115 1520 1183 absque
1562 1104 1902 1164 conniventia
1932 1110 1986 1156 et

397 1220 807 1289 subscriptione
836 1211 1177 1269 clericorum.

407 1282 648 1371 XXXIII.
693 1308 769 1362 De
798 1302 1052 1376 episcopis
1086 1310 1252 1379 atque
1280 1292 1606 1379 presbyteris,
1644 1297 1701 1342 ut
1731 1286 1785 1339 in
1814 1282 1992 1338 ordine

967 1388 1060 1425 suo
1097 1375 1431 1434 recipiantur.

1084 362 1468 426 COLLECTIO
1507 352 1840 416 CANONUII
1880 350 1942 408 8.
1987 346 2260 406 ISIDORO
2301 341 2564 400 HISPAL.
2610 333 2966 394 ASCRIPTA.

3550 327 3656 384 aut
3682 393 3685 398 η

2394 456 2576 512 XLIV.
2630 456 2706 509 De
2751 461 2962 506 tonsura
3009 447 3334 502 clericorum.

2147 549 2384 608 Clericus
2415 565 2515 604 nec
2542 560 2751 601 comam
2783 543 3000 603 nut-riat,
3048 552 3148 591 nec
3172 534 3200 574 ι’
3233 534 3450 588 barbam
3488 532 3662 588 radat.

2464 637 2621 692 XLV.
2663 634 2740 688 De
2765 632 2940 685 habitu
2963 629 3286 684 clericorum.

2150 734 2391 790 Clericus
2432 729 2820 801 professionem
2867 738 3019 778 suam
3058 721 3218 777 etiam
3271 718 3455 773 habitu
3492 728 3544 771 et
3590 718 3672 772 in-

2081 840 2241 882 cessu
2262 824 2476 894 probet,
2513 829 2568 875 et
2591 819 2713 873 ideo
2759 828 2858 870 nec
2888 812 3126 868 vestibus
3152 823 3251 864 nec
3293 808 3674 863 calceamentis

2085 919 2334 974 decorem
2365 922 2591 984 quierat.

2368 1004 2551 1062 XLVI.
2598 1000 2675 1055 De
2705 997 3018 1053 continentia
3056 993 3385 1047 clericorum.

2157 1098 2397 1155 Clericus
2424 1111 2544 1151 cum
2575 1091 2844 1147 extraneis
2875 1085 3189 1140 mulieribus
3215 1098 3322 1136 non
3352 1081 3574 1135 habitet.

2327 1189 2481 1261 147
2515 1183 2724 1240 XLVII.
2767 1181 2844 1234 De
2870 1179 3072 1232 incessu
3112 1175 3433 1228 clericorum.

2163 1283 2399 1338 Clericus
2453 1293 2548 1346 per
2602 1275 2808 1344 plateas
2861 1277 2916 1324 et
2967 1267 3237 1322 andronas
3288 1264 3389 1317 nisi
3437 1273 3583 1318 certa
3624 1269 3684 1315 et

2094 1375 2326 1430 maxima
2355 1368 2517 1426 ofﬁcii
2546 1367 2627 1421 sui
2659 1361 2982 1418 necessitate
3012 1373 3118 1411 non
3150 1356 3405 1412 ambulet.

484 1469 738 1542 Episcopi
766 1467 852 1521 vel
893 1458 1211 1534 presbyteri,
1246 1457 1290 1511 si
1316 1468 1478 1510 causa
1504 1446 1783 1504 visitaudae
1819 1441 1996 1498 eccle-

2150 1465 2331 1520 LVIII.
2372 1462 2450 1516 De
2476 1457 2679 1513 clericis
2703 1454 2791 1524 qui
2821 1463 2968 1542 extra
3002 1447 3349 1502 necessitatem
3374 1444 3442 1497 ad
3487 1442 3684 1496 nundi-

412 1567 508 1622 sia:
539 1562 759 1616 alterius
788 1552 1024 1625 episcopi
1063 1551 1129 1604 ad
1159 1547 1445 1604 ecclesiam
1473 1542 1713 1603 veniant,
1749 1537 1802 1589 in
1833 1532 1998 1603 gradu

414 1670 514 1712 suo
541 1650 919 1719 suscipiantur,
949 1651 1005 1698 et
1028 1652 1133 1696 tam
1165 1637 1230 1692 ad
1261 1635 1484 1690 verbum
1514 1627 1818 1685 faciendum
1839 1637 1997 1694 quam

418 1747 485 1800 ad
517 1741 842 1801 oblationem
875 1729 1298 1790 consecrandam
1329 1725 1640 1779 invitentur.

417 1832 661 1891 XXXIV.
703 1829 780 1884 De
807 1828 1004 1899 priuato
1033 1834 1270 1875 consessu
1293 1813 1570 1889 presbyteri
1599 1825 1713 1864 cum
1743 1808 1998 1877 episcopo.
2031 1814 2078 1872 Β

497 1920 561 1981 Ut
585 1923 882 1992 episcopusf
902 1913 1138 1986 quolibet
1170 1911 1288 1966 loco
1327 1906 1518 1963 sedens
1557 1912 1699 1957 stare
1727 1899 2007 1970 presbyte-

419 2031 542 2074 rum
583 2029 690 2069 non
720 2010 970 2082 patiatur.

495 2105 712 2164 XXXV.
756 2104 833 2157 De
860 2113 1099 2154 consessu
1137 2090 1418 2217 prlesbyteri
1461 2103 1576 2144 cum
1617 2086 1855 2157 episcopo
1885 2083 1940 2135 in

1106 2181 1188 2217 ccc
1211 2180 1335 2216 esia.

1106 2180 1335 2218 ecclesia.

504 2266 574 2323 Ut
612 2264 900 2334 episcopus
930 2258 982 2312 in
1017 2253 1262 2312 ecclesia:
1288 2262 1543 2306 consessu
1575 2243 2013 2315 presbyterorum

425 2356 711 2416 sublimior
759 2351 976 2412 sedeat;
1024 2347 1162 2402 intra
1210 2342 1428 2398 domum
1479 2351 1610 2392 vero
1653 2335 1908 2404 collegam
1955 2344 2015 2385 se

429 2449 868 2520 presbyterorum
901 2439 1020 2511 [U.,
1048 2438 1141 2507 G.,
1176 2431 1500 2507 presbyteri]
1542 2444 1662 2486 esse
1705 2431 2015 2496 cognoscat.

433 2535 678 2592 XXXVI.
723 2534 788 2587 Ut
813 2528 1089 2600 presbyteri
1133 2523 1456 2600 parochitani
1483 2530 1572 2600 aut
1607 2535 1695 2586 per
1722 2532 1775 2569 se
1814 2524 1901 2568 aut
1930 2527 2018 2585 per

755 2589 995 2654 sa'crista's
1034 2589 1151 2650 suos
1181 2595 1433 2662 accipiant
1464 2589 1706 2642 chrisma.

507 2694 814 2765 Presbyteri
844 2690 932 2760 qui
963 2702 1057 2757 per
1087 2685 1350 2740 direceses
1372 2677 1631 2736 ecclesias
1661 2682 1874 2745 regunt,
1912 2686 2019 2726 non

435 2808 467 2848 a
496 2785 823 2862 quibuslibet
851 2779 1138 2851 episc0pis,
1169 2777 1263 2832 sed
1292 2791 1324 2830 a
1352 2774 1483 2837 suis,
1512 2786 1608 2826 nec
1637 2785 1732 2839 per
1753 2765 2021 2838 iuniorem

429 2857 720 2947 clericum,
749 2876 844 2932 sed
893 2881 984 2929 aut
1014 2887 1108 2942 per
1147 2885 1208 2926 se
1244 2867 1401 2939 146
1439 2865 1584 2932 ipsos
1615 2872 1706 2916 aut
1751 2873 1847 2928 per
1875 2857 2022 2910 illum

438 2975 534 3045 qui
581 2966 876 3028 sacrarium
929 2971 1117 3028 tenet,
1173 2970 1300 3015 ante
1351 2957 1564 3028 pascha:
1625 2949 2023 3007 solemnitatem

445 3067 680 3122 chrisma
709 3068 915 3132 petant.

2726 1542 2819 1578 nas
2843 1523 3055 1575 vadunt.

2170 1626 2433 1689 Clericus,
2465 1622 2554 1692 qui
2600 1633 2707 1673 non
2741 1631 2836 1686 pro
2866 1611 3093 1668 emendo
3118 1607 3316 1679 aliquid
3353 1607 3407 1661 in
3439 1603 3689 1659 nundinis

2102 1720 2187 1776 vel
2211 1720 2263 1773 in
2287 1719 2400 1771 foro
2427 1711 2753 1777 deambulat,
2787 1708 2853 1761 ab
2881 1704 3057 1759 oflicio
3085 1717 3183 1757 suo
3210 1699 3556 1769 degradetur.

2501 1801 2690 1857 XLIX.
2733 1799 2808 1852 De
2837 1795 3022 1868 vigiliis
3052 1793 3370 1846 clericorum.

2180 1898 2440 1962 Clericus,
2483 1895 2572 1964 qui
2612 1893 2814 1960 absque
2863 1885 3164 1955 corpusculi
3206 1883 3287 1936 sui
3335 1878 3693 1948 inaequalitate

2109 1991 2301 2062 vigiliis
2330 1987 2501 2050 deest,
2525 1981 2791 2052 stipendio
2820 1978 3055 2048 privatus
3082 1971 3601 2027 excommunicetur.

2348 2080 2409 2134 L.
2453 2078 2530 2131 De
2556 2074 2755 2129 clericis
2783 2071 2842 2124 ab
2867 2069 3039 2137 ofﬁcio
3075 2064 3469 2119 declinantibus.

2184 2172 2454 2246 Clericum
2491 2167 2629 2221 inter
2660 2161 2984 2218 tentationes
3022 2156 3089 2211 ab
3131 2154 3308 2209 officio
3335 2151 3697 2206 declinantem

2114 2244 2216 2321 vel.
2271 2260 2628 2333 negligentius
2681 2263 2929 2324 agentem
2983 2250 3050 2304 ab
3105 2247 3222 2318 ipso
3284 2244 3464 2300 officio
3519 2257 3700 2297 remn-

2115 2357 2369 2414 vendum.
3721 2330 3723 2332 ’

2565 2439 2651 2498 LI.
2692 2439 2773 2494 De
2813 2433 2981 2490 clerici
3020 2431 3255 2500 artiﬁcio.

2189 2541 2450 2602 Clericus,
2492 2533 2786 2605 quamlibet
2810 2541 2833 2569 ε
2861 2528 3022 2584 verbo
3062 2525 3159 2580 Dei
3188 2522 3449 2588 eruditus,
3477 2521 3705 2578 artiﬁcio

2122 2634 2317 2688 victum
2349 2634 2571 2699 qurerat.

2405 2717 2512 2772 LII.
2556 2713 2634 2767 De
2662 2711 2831 2766 clerici
2861 2708 3152 2763 vestimento
3177 2712 3225 2758 et
3260 2703 3422 2758 victu.

2191 2809 2432 2866 Clericus
2471 2807 2669 2859 victum
2719 2809 2775 2856 ct
2818 2800 3190 2854 vestimentum
3222 2791 3332 2848 sibi
3370 2794 3436 2846 ab
3486 2790 3713 2845 artificio

2123 2906 2208 2961 vel
2256 2899 2582 2971 agricultura
2634 2893 2836 2963 absque
2877 2889 3037 2946 ollicii
3086 2887 3168 2943 sui
3220 2884 3482 2940 duntaxat
3545 2880 3708 2936 detri-

2125 3003 2306 3052 mento
2331 2996 2612 3063 prmparet.

2521 3077 2654 3134 LIII.
2700 3074 2778 3129 De
2815 3073 3012 3129 clericis
3056 3070 3320 3124 invalidis.

439 3153 709 3213 xxxvu'
752 3151 830 3205 De
858 3142 1499 3236 Obedimuadiacqnomm
1521 3151 1652 3236 .erga
1675 3133 2019 3236 .P'efbi‘?’°"
2051 3153 2098 3218 Ο
2199 3176 2401 3232 Omnes
2441 3133 2623 3227 clerici
2647 3167 2733 3236 qui
2764 3165 2831 3220 ad
2877 3162 3212 3233 operandam
3259 3157 3472 3216 invalidi
3503 3163 3627 3212 sunt
3658 3161 3720 3211 et

519 3246 783 3300 Diaconus
816 3242 889 3295 ita
931 3253 992 3294 se
1019 3232 1320 3308 presbyteri
1352 3238 1409 3286 ut
1452 3227 1688 3299 episcopi
1717 3224 2022 3279 ministrum

449 3352 570 3393 esse
601 3339 909 3405 cognoscat.

449 3404 739 3484 XXXVIII.
787 3421 855 3476 Ut
895 3411 1534 3537 diaconuseuiha‘ristiam
1573 3404 1853 3481 presbyteri
1874 3405 2031 3477 jussu

1091 3503 1242 3537 mtttu
1266 3500 1320 3537 re
1347 3523 1359 3535 .

1091 3500 1359 3540 mtntstt‘et.

527 3586 598 3641 Ut
651 3584 910 3639 diaconus
959 3585 1225 3646 praesente
1286 3571 1600 3640 presbytero
1654 3563 2032 3621 eucharistiam

449 3674 696 3746 corporis
725 3668 921 3726 Christi
954 3665 1171 3736 populo,
1219 3663 1263 3716 si
1315 3659 1610 3714 necessitas
1656 3653 1824 3724 cogit,
1851 3652 2036 3722 jussus

447 3772 660 3832 eroget.

526 3851 772 3911 XXXIX.
819 3848 885 3904 Ut
916 3847 1164 3901 diaconus
1181 3843 1392 3916 jubente
1434 3841 1725 3910 presbytero
1771 3836 1965 3891 sedeat.

531 3947 602 4003 Ut
655 3943 913 3999 diaconus
967 3936 1204 4007 quolibet
1263 3933 1382 3988 loco
1435 3930 1658 4002 iubente
1725 3925 2039 3997 presbytero

460 4038 664 4095 sedeat.

568 4126 677 4180 XL.
722 4122 788 4180 Ut
817 4122 1061 4176 diaconus
1081 4133 1251 4171 coram
1276 4113 1568 4183 presbytero
1592 4109 1933 4177 interrogatus

1085 4187 1412 4255 respondeat.

532 4289 604 4344 Ut
627 4288 883 4343 diaconus
910 4284 962 4338 in
988 4289 1254 4336 conventu
1286 4276 1721 4346 presbyterorum
1747 4268 2043 4337 interroga-

459 4388 554 4434 tus
585 4378 854 4446 loquatur.

536 4467 671 4523 XLI.
715 4464 784 4520 Ut
823 4463 1066 4518 diaconus
1101 4470 1338 4580 templare,
1371 4461 1569 4509 tantum
1617 4450 1780 4522 ofﬁcii
1807 4449 1977 4504 albam

1159 4546 1213 4580 in
1251 4543 1316 4580 ua
1343 4564 1358 4580 .

1159 4543 1358 4584 ιηαυαι.

549 4629 616 4684 Ut
646 4627 905 4682 diaconus
932 4632 1177 4692 tempore
1217 4625 1424 4675 tantum
1453 4614 1742 4672 oblationis
1783 4620 1836 4668 et
1861 4611 2048 4669 lectio-

472 4719 558 4772 nis
587 4718 705 4771 alba
737 4727 933 4770 utatur.

636 4807 794 4861 XLII.
838 4806 914 4860 De
943 4804 1139 4860 clericis
1166 4803 1252 4872 qui
1284 4816 1376 4872 pro
1407 4799 1507 4867 ﬁde
1535 4796 1714 4852 tentati
1740 4804 1876 4849 sunt.

543 4899 808 4954 Clericum
860 4898 998 4952 inter
1042 4893 1364 4950 tentationes
1411 4888 1592 4944 ofﬁcio
1644 4899 1743 4941 suo
1788 4883 2046 4938 incuban-

472 5001 579 5045 tem
601 4995 624 5024 ³
647 4985 898 5058 gradibus
927 4982 1343 5039 sublimandum.

475 5079 657 5138 XLIII.
700 5078 774 5133 De
801 5077 878 5131 Itis
898 5076 983 5146 qui
1013 5090 1103 5146 pro
1128 5074 1232 5152 ﬁde
1259 5070 1625 5192 persicutiones
1656 5065 1720 5119 ab
1755 5063 2052 5133 inﬁdelibus

1095 5159 1235 5192 "(1883
1279 5159 1373 5192 διιη
1404 5180 1416 5192 .

1095 5159 1235 5216 passi
1279 5159 1416 5195 sunt.

543 5209 902 5292 Christianum
930 5209 1253 5290 catholicum
1291 5230 1378 5300 qui
1408 5241 1504 5299 pro
1533 5225 1795 5280 catholica
1827 5222 1931 5278 fide
1961 5222 2054 5277 tri-

480 5332 773 5387 bulationes
805 5329 1000 5398 patitur
1020 5330 1166 5384 omni
1198 5327 1400 5382 honore
1426 5337 1458 5376 a
1497 5319 1864 5378 sacerdotibus
1886 5315 2055 5372 bono-

478 5421 707 5476 randum
732 5436 745 5471 :
767 5418 927 5474 etiam
955 5427 1011 5472 et
1036 5419 1374 5488 quotidianus
1406 5413 1577 5468 victus
1625 5411 1675 5466 ei
1707 5409 2052 5464 ministretur.

555 5582 582 5609 "
607 5572 772 5653 ExU.
799 5571 854 5626 In
878 5572 945 5652 ᾼ.
972 5577 1024 5653 et
1043 5568 1262 5653 reliquis
1286 5583 1302 5621 :
1328 5567 1568 5621 clericum
1596 5567 1728 5620 inter
1758 5562 2057 5618 tentationes

480 5641 547 5696 ab
559 5642 744 5746 1tif/icio
769 5657 861 5695 suo
882 5639 1224 5693 incubantem.

613 5712 690 5764 Ex
721 5712 777 5764 Β.
809 5711 898 5772 Β..
947 5709 1009 5762 E.
1045 5707 1100 5771 5,
1136 5706 1201 5761 Τ.
1228 5703 1279 5772 1,
1309 5703 1364 5765 2,
1392 5702 1484 5772 U.,
1531 5702 1595 5755 G.
1624 5702 1681 5754 In
1715 5704 1777 5754 Α.
1808 5719 1822 5753 :
1854 5699 2060 5772 barbam

486 5796 704 5851 uanique
731 5769 975 5833 radicitus
1003 5769 1170 5831 radat.
1204 5769 1396 5838 1ηἰίΕη
1432 5771 1643 5824 barbam
1683 5787 1842 5840 neque
1871 5769 2059 5823 radici-

2131 3266 2409 3326 artiliciola
2436 3272 2491 3321 et
2517 3264 2724 3319 litteras
2753 3257 2985 3313 discant.

2560 3352 2694 3409 LIV.
2735 3349 2814 3405 De
2851 3347 3049 3404 clericis
3077 3345 3287 3400 invidis.

2205 3450 2444 3506 Clericus
2474 3445 2719 3502 invidens
2748 3442 2972 3498 fratrum
3005 3436 3334 3509 profectibus
3362 3434 3533 3489 donec
3558 3432 3611 3488 in
3640 3431 3724 3487 νίς

2137 3542 2214 3597 tio
2242 3551 2324 3598 est
2350 3556 2455 3595 non
2484 3545 2878 3609 promoveatur.

2483 3627 2589 3682 LV.
2632 3625 2710 3681 De
2741 3624 2938 3678 clericis
2973 3618 3377 3674 accusatoribus.

2209 3721 2280 3777 Ut
2309 3719 2548 3790 episcopi
2575 3725 2918 3773 accusatores
2948 3712 3172 3766 fratrum
3217 3704 3683 3762 excommunicent
3709 3721 3725 3768 ;

2138 3821 2195 3869 et
2219 3813 2266 3868 si
2293 3809 2697 3866 emendaverint
2726 3804 2935 3868 vitium,
2960 3800 3228 3870 recipiant
3265 3811 3360 3852 eos
3389 3796 3455 3850 ad
3485 3809 3728 3850 commu-

2139 3905 2380 3969 niOnetn,
2406 3917 2511 3957 non
2533 3901 2598 3954 ad
2625 3900 2847 3954 clerum.

2249 3967 2385 4048 LVI.
2429 3993 2504 4046 De
2545 3990 2740 4045 clericis
2769 3967 3126 4041 adulatoribus
3166 3993 3212 4037 et
3253 3981 3618 4051 proditoribus.

2212 4082 2452 4138 Clericus
2479 4079 2568 4149 qui
2596 4076 2991 4133 adulationibus
3031 4087 3084 4129 et
3123 4071 3512 4141 proditionibus
3540 4080 3736 4121 vacare

2143 4172 2564 4245 deprehenditur
2586 4168 2904 4238 degradetur
2936 4167 3003 4220 ab
3029 4163 3089 4218 of
3091 4165 3231 4217 licio.

2529 4284 2688 4340 LVII.
2728 4281 2806 4336 De
2827 4279 3027 4334 clericis
3063 4273 3348 4330 maledicis.

2217 4401 2457 4458 Clericus
2503 4394 2794 4452 maledicus
2842 4389 3185 4457 maximeque
3242 4385 3296 4438 in
3343 4378 3736 4442 sacerdotibus,

2074 4502 2127 4565 1)
2154 4506 2377 4564 cogatur
2405 4491 2475 4546 ad
2519 4485 2886 4559 postulandam
2915 4481 3161 4545 veniam;
3204 4476 3255 4529 ‘si
3291 4473 3448 4546 158
3486 4469 3738 4532 noluerit,

2149 4556 2469 4655 degradetur
2509 4556 2608 4634 nec
2644 4589 2877 4646 unquam
2907 4572 2974 4627 ad
3013 4568 3256 4626 officium
3297 4567 3496 4633 absque
3525 4556 3743 4615 satisfa-

2151 4677 2332 4732 ctione
2368 4679 2669 4728 revocetur.

2333 4764 2515 4819 LVIII.
2556 4762 2634 4816 De
2675 4757 2877 4813 clericis
2907 4757 3191 4823 frequenter
3220 4742 3558 4816 litigantibus.

2224 4856 2353 4925 Ejus
2377 4854 2468 4923 qui
2499 4853 2802 4919 frequenter
2827 4845 2996 4914 litigat
3023 4851 3078 4896 et
3105 4839 3171 4894 ad
3216 4830 3580 4892 accusandum
3613 4825 3747 4880 faci-

2153 4947 2218 5001 lis
2247 4953 2331 5000 est
2357 4939 2723 4998 testimonium
2763 4950 2921 4990 nemo
2963 4932 3165 5001 absque
3191 4929 3336 4998 gravi
3369 4921 3621 4980 examine
3657 4931 3747 4972 re-

2153 5036 2335 5105 cipiat.

2473 5121 2606 5177 LIX.
2651 5118 2727 5173 De
2747 5113 3156 5172 discordantibus
3193 5107 3414 5165 clericis.

2226 5214 2603 5272 Discordantes
2653 5210 2875 5265 clericos
2927 5206 3212 5274 episc0pus
3264 5198 3347 5252 vel
3400 5195 3602 5250 ratione
3660 5189 3745 5242 vel

2157 5317 2422 5385 potestate
2452 5307 2520 5362 ad
2557 5301 2897 5360 concordiam
2931 5300 3106 5352 trahat
3138 5311 3152 5346 :
3179 5290 3548 5349 inobetlicutes
3573 5294 3747 5353 syno-

2155 5405 2256 5458 dus
2279 5417 2372 5474 per
2415 5397 2737 5454 audientiam
2769 5392 2986 5448 damnet

2161 5570 2241 5614 tus
2269 5556 2504 5612 abradat.

2162 5601 2504 5754 ;;b';;r3i"z'€.','
2529 5625 2586 5680 Β.
2612 5621 2703 5690 n.,
2737 5619 2800 5675 τ.
2836 5617 2886 5684 1,
2916 5617 2973 5684 2,
3004 5613 3096 5681 u.,
3121 5612 3187 5669 α.
3223 5610 3281 5665 In
3319 5607 3408 5671 A.,
3435 5605 3499 5660 Ε.
3536 5601 3588 5670 5,
3623 5616 3753 5670 quo—
