4056 6178
323 350 428 406 905

575 468 688 524 LX.
736 469 810 524 De
833 473 1030 527 clericis
1053 477 1362 549 turpiloqtsis
1392 484 1470 537 vel
1498 487 1659 558 vagis.

389 558 660 614 Clerieum
705 564 988 618 scurrilem
1030 575 1085 620 et
1123 569 1300 625 verbis
1350 575 1594 644 turpibus
1615 578 1910 647 jocularem

314 649 382 705 ab
412 650 597 704 oflicio
620 651 1025 710 retrahendum.

492 739 633 797 LXI.
680 742 757 796 De
782 745 984 799 clericis
1007 763 1095 815 per
1126 757 1389 808 creaturas
1409 757 1726 826 jurantibus.

381 833 656 890 Clericum
686 850 783 906 per
809 847 1089 895 creaturas
1128 842 1395 910 iurantem
1425 852 1686 908 acerrime
1725 855 1909 925 objur-

309 925 547 994 gan‘dum
578 942 594 992 ;
626 925 671 981 si
705 927 1004 996 perstiterit
1041 930 1094 984 in
1137 933 1269 988 vitio
1307 942 1903 1002 eseommunieandum.

450 1015 615 1072 LXII.
660 1017 737 1072 De
766 1018 967 1074 clericis
1012 1024 1154 1077 sanis
1169 1027 1379 1097 jejunia
1406 1032 1771 1100 polluentibus.

383 1107 773 1178 Clericnm‘qui
803 1119 1046 1179 tempore
1097 1114 1279 1171 indicti
1320 1118 1507 1189 jejunii
1557 1125 1761 1193 absque
1787 1130 1905 1188 ine-

304 1199 519 1253 νὶιιιιιὶιῑ
559 1202 876 1257 necessitate
892 1202 1155 1273 jejunium
1183 1213 1380 1281 rumpit
1402 1214 1666 1272 minorem
1701 1219 1901 1279 baben-

303 1290 436 1344 dum
468 1291 745 1346 :districte
771 1305 1108 1352 coerceatur.

450 1380 637 1435 LXIII.
679 1382 755 1436 De
782 1385 984 1440 clericis
1011 1387 1144 1442 inter
1186 1392 1364 1461 epulas
1409 1399 1750 1459 cantantibus.

371 1469 646 1526 Clericum
682 1472 822 1529 inter
849 1477 1041 1544 epulas
1080 1487 1386 1538 cantantem
1423 1490 1688 1548 acerrime
1715 1494 1896 1565 objur-

293 1562 536 1630 gandum
563 1573 624 1628 ﬂ;
657 1565 702 1617 si
732 1565 1026 1632 perstiterit
1061 1568 1112 1622 in
1143 1570 1270 1627 vitio
1299 1562 1889 1643 escommunicandum.

356 1653 543 1707 LXIV.
591 1655 670 1709 De
697 1656 778 1711 his
811 1659 900 1728 qui
927 1661 1154 1716 studiose
1183 1665 1442 1723 dominico
1472 1672 1555 1728 die
1571 1675 1832 1747 jejunant.

365 1745 468 1812 Qui
499 1747 773 1804 dominico
815 1749 903 1806 die
951 1753 1196 1811 studiose
1240 1757 1452 1830 jejunat
1490 1779 1594 1821 non
1623 1745 1891 1829 credatur

289 1836 613 1891 catholicus.

469 1927 629 1983 LXV.
677 1929 756 1984 De
777 1932 968 2003 pascha
996 1952 1098 1990 uno
1120 1947 1343 2007 tempore
1374 1943 1698 2006 celebranda.

357 2020 585 2077 Pascha:
609 2024 926 2082 solemnitas
955 2043 1059 2082 uno
1089 2030 1178 2086 die
1199 2041 1253 2086 et
1279 2042 1521 2105 tempore
1540 2041 1876 2102 celebranda.

465 2115 652 2170 LXVI.
701 2116 770 2172 Ut
811 2120 1026 2176 clericus
1063 2135 1292 2180 recurrat
1328 2128 1399 2181 ad
1424 2133 1698 2202 synodum.

353 2207 621 2276 Clericus,
653 2212 740 2280 qui
773 2215 1011 2283 episcopi
1042 2217 1182 2271 circa
1208 2235 1268 2275 se
1307 2221 1700 2286 districtionem
1732 2231 1875 2303 inju-

276 2303 420 2350 stam
453 2308 628 2366 putat,
654 2310 895 2355 recurrat
922 2303 989 2356 ad
1018 2306 1304 2374 synodum.

601 2389 805 2446 LXVII.
846 2392 926 2446 De
961 2396 1307 2455 seditionariis
1346 2403 1561 2463 clericis.

351 2477 750 2536 Seditionarios
780 2498 1049 2553 nunquam
1090 2490 1416 2548 ordinandas
1447 2497 1697 2572 clericos,
1730 2505 1871 2565 sicut

273 2582 380 2623 nec
405 2571 680 2626 usurarios
705 2574 786 2628 vel
818 2575 1132 2644 injuriarum
1165 2596 1380 2638 suarum
1408 2587 1633 2646 ultores.

428 2661 590 2731 ιω
619 2661 848 2721 LXVIII.
881 2666 961 2721 De
990 2671 1346 2736 paenitentibus
1394 2678 1642 2736 ordinatis
1673 2681 1720 2738 ι’.

346 2747 424 2802 Ex
457 2751 850 2819 penitentibus
880 2761 1124 2825 quamvis
1175 2761 1346 2817 bonus
1384 2766 1614 2824 clericus
1642 2787 1748 2830 non
1778 2791 1866 2832 or-

267 2836 535 2895 dinetur:
579 2843 623 2897 si
655 2858 752 2912 per
797 2843 1154 2916 ignorantiam
1204 2854 1442 2927 episcopi
1482 2859 1652 2918 lactus
1681 2867 1857 2938 fuerit,

266 2930 574 2998 deponatur
597 2949 627 2988 a
648 2935 815 3003 clero,
832 2942 952 3008 quia
972 2942 1325 3003 ordinationis
1347 2958 1584 3021 tempore
1605 2972 1710 3014 non
1735 2976 1862 3030 pro-

263 3022 406 3078 didit
446 3039 506 3079 se
534 3025 697 3082 fuisse
727 3032 1073 3098 pmnitentem
1105 3051 1119 3089 :
1153 3037 1198 3091 si
1240 3048 1420 3096 autem
1451 3043 1628 3102 sciens
1651 3022 1862 3119 episco-

265 3128 366 3181 pus
387 3113 744 3187 ordinaverit,
792 3120 954 3176 etiam
988 3122 1106 3193 ipse
1134 3126 1202 3182 ab
1233 3132 1569 3202 episcopatus
1596 3113 1857 3196 sui-ordi-

263 3204 424 3259 nandi
469 3206 729 3264 duntaxat
767 3222 1036 3281 potestate
1064 3219 1325 3285 privetur.
1435 3215 1441 3220 ’

567 3299 760 3356 LXIX.
817 3303 896 3358 De
933 3308 1182 3378 episcOpis
1235 3313 1491 3368 damnatis
1525 3330 1570 3371 ο.

335 3388 508 3445 Simili
533 3394 814 3449 sententiae
837 3397 1136 3466 subjacebit
1157 3401 1435 3472 episcOpus
1451 3406 1496 3460 si
1514 3409 1690 3464 sciens
1709 3413 1826 3469 ordi
1840 3443 1856 3457 -

257 3483 476 3537 naverit
521 3485 776 3540 clericum
831 3503 953 3543 eum
988 3493 1077 3560 qui
1128 3495 1338 3550 viduam
1391 3509 1481 3554 aut
1522 3506 1852 3573 repudiatam

253 3591 487 3630 xorem
520 3576 702 3631 habuit
731 3580 809 3635 vel
832 3585 1143 3639 secundant.

570 3669 739 3724 LXX.
782 3671 859 3726 De
901 3676 1200 3732 clericorum
1249 3684 1489 3741 conviviis
1520 3687 1565 3743 ἀ.

327 3755 575 3812 Clericus
644 3763 1018 3818 litereticorum
1072 3769 1155 3822 vel
1209 3770 1679 3837 schismaticorum
1740 3793 1846 3840 tam

248 3850 498 3904 convivia
525 3866 685 3919 quam
715 3855 1024 3912 sodalitates
1053 3863 1330 3931 aequaliter
1368 3869 1517 3924 vitet.

472 3941 661 3997 LXXI.
708 3944 786 3999 De
829 3952 1191 4006 conventiculis
1238 3955 1609 4016 hereticorum.

319 4029 713 4089 Conventicula
745 4036 1124 4097 haereticorum
1156 4059 1262 4099 non
1293 4049 1568 4118 ecclesias,
1600 4055 1693 4111 sed
1716 4072 1846 4113 con-

244 4126 500 4182 ciliabula
525 4129 873 4199 appellanda.

395 4213 605 4271 LXXII.
645 4218 827 4290 Neque
873 4238 989 4276 curn
1037 4224 1288 4282 hareticis
1323 4232 1669 4300 psallendum.

337 4307 473 4362 Cum
526 4310 793 4368 haereticis
847 4329 1020 4385 neque
1075 4320 1335 4376 orandum
1393 4341 1568 4396 neque
1607 4332 1838 4400 psallen-

242 4400 397 4454 dum.

332 4655 434 4723 Qui
482 4662 958 4720 comntunicaverit
1009 4668 1094 4722 vel
1144 4674 1382 4727 oraverit
1429 4690 1551 4731 cum
1612 4693 1833 4736 excom-

240 4751 520 4805 municato
544 4794 558 4816 ,
601 4753 718 4807 sive
744 4755 973 4814 clericus
997 4761 1113 4816 sive
1144 4762 1312 4818 laicus
1336 4806 1352 4833 ,
1399 4774 1832 4829 excommunice-

198 4865 205 4871 ·
233 4848 349 4894 -ωιν,

571 4933 804 4989 LXXIV.
840 4935 916 4992 De
953 4943 1297 5010 panitentium
1345 4947 1474 5018 lege.

309 5017 379 5074 Ut
406 5023 664 5079 sacerdos
691 5029 1058 5095 paenitentiam
1112 5017 1414 5104 imploranti
1467 5043 1670 5113 absque
1707 5061 1827 5116 per-

229 5117 723 5183 sona-acceptione
769 5123 1099 5188 poenitentiae
1153 5126 1298 5197 leges
1342 5131 1605 5201 injungat.

418 5202 634 5260 LXXV.
663 5207 743 5262 De
769 5212 1215 5282 negligentioribus
1252 5221 1627 5288 paenitentibus.

304 5291 372 5347 Ut
407 5297 830 5367 negligentiores
861 5308 1184 5373 pmnitentes
1235 5311 1440 5366 tardius
1469 5315 1817 5386 recipiantur.

304 5424 472 5509 ’,Εη
505 5427 568 5483 Β.
595 5430 683 5495 IL,
717 5434 779 5488 E.
814 5435 867 5502 ὅ,
909 5437 971 5491 Τ.
1009 5439 1062 5502 I,
1090 5438 1146 5505 2,
1178 5438 1270 5506 0.,
1293 5441 1383 5509 G.,
1423 5443 1662 5500 clericum
1693 5449 1822 5504 inter

219 5496 412 5576 epulas
447 5510 739 5557 cantantem
769 5496 1076 5576 supradicta:
1106 5496 1652 5571 sententiteyseveritate
1680 5535 1822 5572 coer-

214 5568 675 5721 fczdrtﬁeliqui‘s,
703 5653 900 5712 praeter
920 5649 1010 5716 Δ..
1047 5649 1116 5705 Ut
1144 5667 1210 5706 ea:
1231 5653 1587 5721 pauitantibus
1607 5658 1822 5713 ordina-

209 5713 305 5759 tus
344 5706 567 5781 clericus
594 5706 898 5781 deponatur.

293 5785 319 5814 ε
351 5773 416 5830 In
445 5773 694 5854 reliquis,
735 5795 930 5855 preter
954 5789 1045 5863 A.,
1098 5789 1168 5849 Ut
1217 5793 1484 5866 episcopus
1527 5797 1698 5855 vidua
1743 5800 1822 5856 ul

1223 364 1496 422 AFRICE
1536 367 1874 430 CONCILIA.
1916 407 1984 418 —
2022 379 2602 452 CAII'I’IIAGI'NENSE
2645 395 2731 452 IV.

3493 423 3598 477 20ίὶ

1937 498 1988 554 Α
2019 493 2252 552 LXXVI.
2297 501 2372 556 De
2401 510 2718 594 poscentibus
2746 517 3092 582 paenitentiam
3133 525 3176 576 si
3217 536 3390 594 postea
3417 533 3594 590 alimus

2698 591 2830 637 tesca
2838 597 2889 638 nt
2899 628 2910 638 .

2087 656 2133 711 Is
2162 660 2248 728 qui
2299 667 2666 731 pmnitentiam
2699 671 2751 726 in
2796 674 3106 736 infirmitate
3136 687 3338 751 positus
3367 693 3516 761 petit,
3548 699 3596 751 si

2015 759 2142 802 casu
2167 749 2293 806 dum
2334 755 2400 808 ad
2443 772 2564 812 eum
2608 763 2860 821 sacerdos
2891 749 3149 828 invitatus
3171 779 3334 844 venit,
3366 749 3591 853 oppres-

2012 849 2103 892 Sus
2130 839 2438 902 inﬁrmitate
2471 849 2800 910 obmutuerit
2831 859 2914 913 vel
2960 861 3014 916 in
3066 865 3369 932 phrenesiru
3404 888 3590 932 versus

2011 930 2191 998 inerit,
2219 934 2347 991 dent
2387 942 2745 1000 testimonium
2779 950 2868 1016 qui
2899 965 3020 1006 eum
3065 930 3346 1014 audierunt
3373 973 3428 1018 et
3451 969 3586 1022 acci-

2010 1019 2118 1086 piat
2166 1027 2578 1098 ptenitentiam;
2639 1036 2798 1108 150
2849 1051 2902 1094 et
2945 1043 2989 1096 si
3029 1047 3286 1104 continuo
3352 1055 3584 1112 creditur

2008 1110 2333 1183 moriturus,
2387 1123 2763 1180 reconcilietur
2818 1143 2912 1197 per
2950 1146 3139 1192 manus
3190 1138 3582 1208 impositionem

2005 1209 2059 1254 et
2105 1202 2419 1262 infundatur
2470 1213 2552 1267 ori
2596 1213 2715 1285 ejus
2765 1220 3130 1280 eucharistia:
3181 1229 3226 1282 si
3270 1238 3587 1300 supervixe-

2003 1291 2109 1359 rit,
2161 1296 2518 1355 admoneatur
2544 1318 2572 1356 a
2602 1308 2922 1374 supradictis
2955 1316 3180 1371 testibus
3208 1291 3444 1387 petitioni
3475 1342 3586 1384 sua:

2001 1382 2379 1455 satisfactum,
2436 1402 2491 1446 et
2539 1395 2803 1453 subdatur
2852 1406 3064 1459 statutis
3123 1382 3446 1476 paenitentia:
3504 1422 3584 1476 le-

1999 1467 2175 1542 gibus,
2207 1480 2438 1545 quandiu
2479 1487 2731 1542 sacerdos
2761 1490 2851 1559 qui
2879 1467 3248 1560 paenitentiam
3280 1467 3583 1578 dedilpbd-

1999 1563 2219 1622 baverit.

2389 1666 2652 1724 LXXVII.
2697 1671 2775 1727 De
2811 1678 3186 1744 paenitentibus.

2068 1747 2399 1810 Pmniteutes
2430 1759 2523 1826 qui
2558 1761 2608 1814 in
2643 1763 2953 1824 infirmitate
2982 1781 3108 1826 sunt
3146 1775 3399 1835 viaticum
3438 1785 3578 1840 secis

1915 1841 1964 1901 Β
1994 1838 2158 1906 piant.

2294 1935 2575 1995 LXXVIII.
2619 1941 2757 1996 Item
2788 1947 2853 2000 de
2879 1950 3258 2017 paenitentibus.

2056 2016 2391 2081 Pmnitentes
2417 2031 2506 2099 qui
2539 2031 2589 2086 in
2619 2016 2932 2094 infirmitate
2961 2042 3208 2098 viaticum
3235 2048 3574 2108 eucharistim

1981 2115 2287 2180 acceperint
2306 2133 2410 2172 non
2441 2136 2501 2175 se
2531 2124 2754 2179 credant
2802 2129 3079 2187 absolutos
3103 2134 3220 2189 sine
3252 2151 3438 2195 manus
3463 2145 3533 2196 im
3553 2172 3570 2185 -

1980 2201 2265 2270 positione,
2301 2210 2344 2263 si
2377 2217 2795 2280 supervixeriut.

2006 2291 2245 2352 LXXIX.
2292 2299 2367 2353 De
2402 2308 2760 2374 pauitantibus
2787 2313 2833 2366 si
2867 2328 2991 2369 casu
3031 2315 3203 2387 aliqua
3242 2324 3548 2383 moriantur.

2046 2383 2429 2459 Pmnitentes,‘
2468 2399 2556 2462 qui
2601 2407 2806 2457 attente
2854 2404 3002 2474 leges
3054 2383 3382 2476 ptenitentiue
3431 2432 3557 2473 exe-

1973 2485 2230 2544 quuntur,
2263 2482 2308 2536 si
2345 2498 2472 2540 casu
2525 2490 2576 2542 in
2609 2492 2801 2548 itinere
2833 2498 2915 2551 vel
2947 2499 2998 2552 in
3032 2504 3165 2555 mari
3195 2509 3390 2560 mortui
3449 2509 3563 2565 fue-

1972 2563 2083 2618 rint
2115 2568 2206 2622 ubi
2236 2570 2312 2626 eis
2340 2576 2612 2633 subveniri
2645 2597 2751 2636 non
2779 2586 2972 2654 potuit,
3006 2593 3262 2646 memoria
3295 2606 3479 2652 eorum
3509 2605 3562 2655 et

1971 2658 2303 2718 orationibus
2333 2675 2386 2719 et
2415 2668 2775 2730 oblationibus
2800 2682 3222 2745 commendetur.-

2025 2746 2242 2807 LXXX.
2289 2754 2370 2810 De
2406 2773 2591 2816 manus
2631 2763 2959 2835 impositione
2996 2788 3150 2840 super
3185 2783 3497 2845 ptenitentes.

2037 2838 2195 2897 Omni
2242 2853 2484 2916 tempore
2528 2850 2719 2923 jejunii
2767 2873 2958 2916 manus
2988 2838 3370 2933 ptenize'ntibus
3398 2891 3428 2931 ι
3472 2894 3556 2934 sas

1965 2930 2272 2990 cerdotibus
2312 2937 2642 3009 imponatur.

1964 3017 2203 3076 LXXXI.
2251 3025 2319 3080 Ut
2371 3033 2662 3098 praenitentes
2697 3050 2926 3098 mortuos
2953 3045 3164 3112 efferant
3195 3064 3241 3106 et
3283 3060 3550 3126 sepeliant.

2035 3110 2268 3171 Mortuos
2297 3121 2538 3178 ecclesia:
2562 3129 2883 3195 pmnitentes
2913 3110 3138 3193 ellerant
3178 3152 3232 3196 et
3261 3110 3545 3215 sepeliant.

2069 3201 2331 3261 LXXXII.
2363 3209 2431 3264 Ut
2460 3217 2755 3282 ptenitentes
2785 3237 2982 3295 semper
3009 3244 3172 3297 genua
3194 3201 3424 3302 ﬂectant.

2035 3291 2364 3355 Pmnitentes
2417 3303 2577 3358 etiam
2634 3307 2824 3364 diebus
2871 3291 3206 3376 remissionis
3241 3340 3411 3391 genua
3453 3328 3548 3383 fled

1959 3389 2124 3434 etant.

2099 3470 2387 3532 LXXXIII.
2424 3478 2498 3533 De
2543 3486 2746 3541 senibus
2793 3491 3019 3546 ecclesia:
3065 3499 3398 3560 Itoncrandis.

2026 3561 2294 3634 Pauperes
2342 3578 2397 3625 et
2433 3586 2592 3629 senes
2645 3578 2887 3636 ecclesia:
2938 3583 3054 3651 plus
3108 3593 3315 3648 caeteris
3371 3597 3542 3652 hono-

1953 3656 2172 3713 rendus.

2023 3745 2308 3806 LXXXIV.
2344 3755 2421 3811 De
2449 3758 2739 3886 infidelibu;
2769 3782 2861 3844 pro
2888 3769 3147 3825 audienda
3175 3775 3386 3834 lectione
3412 3782 3465 3836 in

2629 3847 2713 3885 ecc
2736 3849 2862 3886 esta.

2629 3847 2862 3889 ecctesta.

2033 3909 2104 3966 Ut
2150 3912 2434 3984 episcopus
2495 3919 2695 3976 nullum
2764 3928 3046 3993 prohibeat
3098 3934 3304 4006 ingredi
3359 3945 3536 4002 ecclea

1947 3999 2080 4055 siam
2120 4011 2175 4058 et
2201 4005 2388 4061 audire
2415 4008 2637 4064 verbum
2673 4012 2788 4083 Dei,
2811 4019 2925 4075 sive
2948 4022 3235 4093 Gentilem,
3265 4032 3380 4087 sive
3418 4037 3530 4090 hae-

1947 4096 2195 4166 reticum,
2222 4100 2335 4158 sive
2356 4103 2620 4172 Judaeum,
2649 4124 2818 4179 usque
2847 4116 2914 4170 ad
2945 4117 3161 4176 missam
3189 4129 3527 4186 catechu'mei

1944 4201 2158 4248 DOI‘UD‘I.

1983 4337 1988 4340 ,
2051 4279 2314 4337 LXXXV.
2352 4284 2420 4340 Ut
2454 4288 2542 4355 qui
2577 4288 2878 4362 baptizandi
2903 4310 3021 4354 sunt
3066 4319 3246 4360 nomen
3282 4309 3420 4366 slent.

2015 4370 2325 4441 Baptizandi
2366 4393 2559 4434 nomen
2595 4395 2749 4438 suum
2799 4387 2966 4455 dent,
3021 4401 3075 4446 et
3117 4394 3244 4450 dum
3287 4398 3386 4454 sub
3429 4403 3528 4458 ab-

2080 4670 2364 4729 I.XXXVI.
2413 4677 2481 4733 Ut
2522 4697 2684 4753 nuper
2728 4684 2973 4756 baptizati
3009 4703 3142 4746 caste
3184 4694 3374 4750 vivant.

2005 4777 2270 4854 Neophyti
2293 4785 2596 4870 aliquandiu
2625 4801 2680 4847 et
2705 4795 3015 4856 lautioribus
3036 4803 3207 4872 epulis
3229 4817 3284 4863 et
3313 4820 3519 4878 specta-

1933 4871 2069 4927 culis
2097 4874 2177 4928 vel
2209 4876 2577 4948 conjugalibus
2607 4892 2630 4920 °
2651 4886 2973 4945 abstineant.

1968 4982 2278 5041 LXXXVII.
2312 4989 2391 5044 De
2429 4993 2694 5051 catholicis
2733 5003 2821 5069 qui
2841 5018 3037 5082 causas
3065 5011 3211 5080 apud
3251 5013 3480 5082 inﬁdeles

2555 5081 2863 5137 proponunt.

1997 5143 2305 5204 Catholicus
2333 5154 2423 5220 qui
2449 5169 2664 5212 causam
2698 5156 2718 5196 ί
2758 5161 2871 5214 sive
2889 5164 3083 5230 justam
3116 5168 3227 5222 sive
3257 5169 3506 5238 injustam

1928 5232 1992 5287 ad
2032 5235 2297 5302 judicium
2328 5243 2549 5301 alterius
2582 5245 2706 5302 ﬁdei
2751 5249 2944 5315 judicis
2975 5262 3246 5323 provocat,
3287 5232 3510 5314 escoma

1925 5323 2248 5381 municetur.

1923 5460 2210 5548 regit-diota;
2238 5463 2480 5544 maritum
2510 5468 2580 5520 ad
2604 5469 2833 5548 ΔειεςςιηιΔ
2866 5489 3162 5548 promovens
3200 5481 3507 5548 deponatur.

1997 5527 2022 5610 εξ
2040 5531 2092 5583 In
2118 5533 2356 5617 reliquis.
2376 5539 2653 5617 praetera.
2667 5580 2680 5604 ,
2699 5539 2764 5593 Ut
2786 5527 3368 5607 clericushtere—ticorrum
3387 5570 3507 5609 com

1924 5598 2055 5652 vicia
2076 5602 2157 5675 uel
2185 5598 2442 5657 consortia
2478 5607 2662 5675 fugiat.

1998 5677 2022 5752 ξ
2051 5669 2165 5752 ,λεξη
2192 5669 2510 5752 spectaculis
2524 5669 2903 5752 canjstgalibus.

1999 5697 2017 5706 ν
2051 5697 2165 5736 τι»,
2192 5697 2494 5740 δρεσιαειιιιε
2524 5697 2903 5807 conjtltfmwus.
3220 5765 3226 5772 .

1999 5737 2019 5776 ί
2054 5739 2169 5810 18.,
2204 5741 2261 5799 Β.
2281 5743 2372 5810 IL,
2397 5746 2460 5801 T.
2488 5747 2539 5817 I,
2566 5747 2626 5820 2,
2705 5790 2744 5817 .,
2774 5751 2868 5821 G.,
2895 5770 3098 5813 causam
3127 5775 3294 5816 suam.
