4056 6178
442 341 546 395 207

1132 330 1506 391 COLLEC'I‘IO
1543 328 1874 386 CANONUM
1924 332 1981 387 S.
2029 328 2302 386 ιδιῡοΒο
2347 323 2616 382 IIISPAL.
2660 306 3022 381 ASCRIP'I‘A.

3606 320 3714 380 9.08

445 449 770 512 LXXXVIII.
801 448 874 503 De
904 448 981 501 his
1009 448 1095 517 qui
1123 447 1336 502 ecclesia
1368 447 1703 515 prtctermissa
1729 449 1796 500 ad
1821 455 2019 515 specta-
2056 447 2105 506 Λ
2127 445 2260 500 CIV.
2307 445 2382 498 De
2412 444 2577 496 viduis
2604 458 2719 511 qua:
2753 442 3032 511 professant
3069 440 3435 496 continentiam
3467 447 3715 512 praevari-

1041 519 1156 572 cula
1193 528 1429 587 pergunt.

511 617 615 684 ‘Qui
639 615 727 668 die
757 609 980 666 solemni
1005 609 1364 678 pratermissn
1394 607 1636 662 ecclesia
1664 616 1936 660 conventu
1967 605 2031 659 ad

447 705 749 776 spectacula
778 702 944 765 vadit,
980 702 1505 756 excommunicetur.

611 790 900 848 LXXXIX.
943 789 1019 845 De
1056 790 1289 859 auguriis
1327 799 1377 842 et
1415 788 1863 842 incantationibus.

520 883 768 955 Auguriis
785 883 869 936 vel
894 881 1345 936 incantationibus
1371 881 1690 936 servientem
1715 895 1743 932 a
1767 890 2037 934 conventu

450 975 692 1031 ecclesia
721 971 1101 1041 separandum,
1126 971 1373 1025 similiter
1403 981 1456 1026 et
1498 970 1734 1026 Judaicis
1778 972 2039 1041 superstio

453 1067 684 1122 tionibus
707 1064 789 1121 vel
814 1062 962 1120 feriis
990 1063 1366 1118 inhaerentem.

930 1153 1042 1208 XC.
1076 1151 1153 1207 De
1197 1153 1553 1225 energumenis
1571 1193 1574 1197 .

525 1246 682 1302 Omni
723 1245 810 1301 die
848 1243 1129 1300 exorcista
1182 1242 1558 1313 energumenis
1616 1256 1808 1298 manus
1870 1242 2039 1311 impo-

454 1346 603 1390 nant.

837 1425 986 1480 XCI.
1021 1423 1151 1478 Item
1193 1425 1256 1478 de
1294 1425 1663 1496 energumenis.

527 1515 833 1570 Pavimenta
864 1514 1143 1568 domorum
1177 1512 1267 1568 Dei
1295 1511 1646 1581 energumeni
1675 1521 1910 1567 verrant.

762 1607 917 1661 XCII.
942 1606 1026 1660 De
1065 1605 1197 1658 victu
1249 1619 1719 1673 energumenorum.

541 1699 936 1768 Energumenis
992 1699 1044 1752 in
1096 1695 1258 1750 domo
1313 1695 1406 1750 Dei
1451 1693 1813 1749 assidentibus
1871 1695 2044 1747 victus

2784 521 3045 565 caverunt.

2202 604 2352 659 Sicut
2382 604 2578 658 bonum
2607 613 2689 657 est
2718 600 2979 657 casﬁtatis
3007 603 3307 671 praemium,
3326 603 3398 658 ita
3427 613 3484 660 et
3512 605 3720 676 majore

2136 695 2472 750 observantia
2519 703 2574 748 et
2600 693 2955 762 praceplione
3003 693 3436 750 constituendum
3471 703 3498 730 ⁸
3527 708 3632 761 est,
3665 706 3724 752 ut

2137 786 2182 839 si
2209 799 2327 854 qua
2365 784 2561 850 vidua,
2613 785 2907 853 quamlibet
2937 783 3111 839 adhuc
3139 783 3192 840 in
3237 785 3538 842 minoribus
3567 788 3725 844 annis

2139 874 2331 944 posita
2361 886 2414 929 et
2448 874 2732 927 immatura
2755 883 2912 929 atate
2952 889 2982 927 a
3009 874 3130 930 viro
3153 876 3371 944 relicta,
3403 891 3464 932 se
3493 877 3730 934 devove-

2140 965 2250 1020 rint
2279 965 2386 1019 Deo
2416 972 2470 1018 et
2491 971 2641 1019 veste
2671 963 2847 1019 laicali
2895 965 3103 1032 abiecta
3132 967 3236 1022 sub
3257 967 3569 1022 testimonio
3613 971 3728 1038 epi-

2141 1059 2292 1129 scepi
2319 1068 2372 1114 et
2400 1059 2652 1114 Ecclesia
2679 1059 2930 1129 religioso
2946 1060 3129 1114 habitu
3155 1062 3524 1129 apparuerint,
3543 1074 3726 1130 postea

2143 1164 2274 1206 vero
2302 1149 2369 1204 ad
2426 1150 2642 1219 nuptias
2695 1150 2984 1204 saculares
3027 1151 3374 1216 transierint,
3429 1154 3726 1207 secundum

2143 1242 2444 1312 apostolum
2477 1241 2698 1296 Paulum
2727 1239 3127 1297 damnationem
3155 1242 3446 1310 habebunt,
3475 1245 3726 1314 quoniam

2144 1334 2305 1390 ﬁdem
2352 1332 2609 1389 castitatis
2668 1333 2824 1404 153
2861 1348 3021 1404 quam
3082 1333 3192 1389 Deo
3230 1343 3494 1389 voverunt
3524 1336 3727 1390 irritam

2145 1424 2322 1482 facere
2351 1440 2496 1480 ausa
2533 1433 2678 1481 sunt.
2707 1425 2864 1479 Tales
2893 1438 3021 1493 ergo
3065 1438 3305 1493 personae
3352 1426 3461 1479 sint
3501 1440 3528 1479 a
3573 1426 3733 1482 Chri-

2146 1517 2438 1570 stianorum
2487 1515 2865 1569 communione
2909 1515 3125 1582 aliena,
3157 1531 3277 1585 qua
3329 1517 3495 1572 etiam
3546 1533 3644 1572 nec
3677 1520 3730 1573 in

2145 1607 2394 1662 convivio
2441 1621 2561 1661 cum
2620 1604 2938 1660 Christianis
2991 1607 3390 1661 communicent
3443 1624 3457 1661 :
3513 1623 3636 1662 nam
3685 1609 3730 1664 si

2146 1699 2405 1753 adultera
2441 1697 2695 1767 conjuges
2750 1705 2902 1751 reatu
2953 1706 3078 1751 sunt
3116 1697 3229 1751 suis
3284 1698 3413 1752 viris
3453 1698 3728 1766 obnoxia,

457 1792 795 1861 quotidianus
847 1805 941 1860 per
991 1787 1287 1844 exorcistas
1334 1794 1636 1856 opportuno
1676 1796 1916 1855 tempore
1944 1785 2041 1838 mi-

2149 1799 2348 1863 quauto
2390 1791 2562 1860 magis
2606 1788 2780 1844 vidua
2809 1803 2928 1857 qua
2977 1787 3086 1842 Deo
3123 1787 3524 1858 religiositatem
3571 1805 3732 1845 vove-

458 1884 736 1938 nistretur.

687 1969 867 2026 XCIII.
904 1968 978 2023 De
1008 1967 1414 2023 discordantium
1459 1966 1814 2021 oblationibus.

523 2063 839 2118 "Oblationes
871 2061 1243 2115 dissidentium
1269 2058 1490 2113 fratrum
1523 2073 1695 2128 neque
1725 2059 1778 2113 in
1801 2059 2041 2112 sacrario

456 2169 628 2224 neque
667 2155 720 2208 in
760 2153 1144 2223 gazOphylacio
1174 2151 1521 2221 recipiantur.

733 2243 914 2298 XCIV.
941 2242 1018 2296 De
1057 2257 1338 2312 pauperum
1377 2240 1778 2312 oppressoribus.

529 2335 728 2391 Eorum
759 2335 845 2405 qui
872 2348 1130 2406 pauperes
1161 2334 1472 2404 opprimunt
1497 2333 1638 2388 dona
1668 2348 1697 2386 a
1739 2331 2041 2388 sacerdoti-

455 2432 554 2486 bus
586 2430 886 2485 refutanda.

491 2537 652 2594 XCV.
689 2538 767 2592 De
797 2538 878 2593 his
915 2538 1001 2608 qui
1049 2537 1353 2676 οὸἒαιὶοᾶιεδι
1381 2539 1739 2606 defunctorum
1781 2536 2007 2592 ecclesiis

1135 2624 1224 2660 rau
1264 2624 1328 2660 an
1360 2645 1375 2662 .

1135 2624 1375 2662 rauaant.

525 2700 629 2767 Qui
654 2699 956 2755 oblationes
1005 2698 1377 2754 defunctorum
1413 2706 1504 2752 aut
1550 2705 1742 2767 negant
1770 2698 2035 2760 ecclesiis,

453 2799 546 2846 aut
569 2805 689 2845 curn
728 2789 1042 2844 difﬁcultate
1087 2787 1340 2853 reddunt,
1365 2795 1617 2857 tanquam
1647 2787 1911 2858 egentium
1944 2803 2039 2843 ne-

453 2891 664 2936 catores
705 2878 1263 2934 excommunicentur.

645 2996 801 3067 152
831 2992 1016 3050 XCVI.
1050 2993 1130 3048 De
1158 3000 1456 3048 accusatore
1489 2993 1566 3047 vel
1602 3001 1859 3049 accusata.

526 3086 882 3153 Quaerendum
911 3086 964 3140 in
1010 3085 1213 3154 judicio
1243 3087 1392 3155 cujus
1420 3084 1490 3139 sit
1517 3083 1935 3141 conversationis
1983 3093 2039 3139 et

461 3179 583 3234 ﬁdei
611 3179 656 3232 is
679 3180 767 3249 qui
796 3187 1012 3233 accusat
1036 3188 1087 3232 et
1117 3178 1162 3232 is
1189 3177 1280 3246 qui
1306 3184 1609 3231 accusatur.

815 3268 1024 3324 XCVII.
1056 3269 1133 3322 De
1172 3268 1427 3339 religiosis
1460 3269 1686 3338 feminis.

535 3362 629 3416 Vir
667 3361 760 3432 qui
810 3361 1075 3431 religiosis
1125 3359 1340 3415 feminis
1391 3358 1783 3430 praponeudus
1840 3367 1922 3414 est
1975 3359 2044 3415 ab

453 3453 708 3524 episcopo
746 3453 847 3508 loci
878 3453 1152 3522 probetur.

819 3543 1048 3597 XCVIII.
1082 3541 1161 3595 De
1202 3542 1349 3596 laicis
1380 3543 1694 3597 doctoribus.

527 3633 717 3688 Laicus
755 3631 1110 3703 praesentibus
1156 3631 1389 3696 clericis,
1423 3631 1528 3687 nisi
1577 3631 1706 3702 ipsis
1765 3631 2040 3700 probanti-

456 3726 574 3790 bus,
603 3723 802 3779 doccre
833 3737 939 3776 non
964 3722 1177 3776 audeat.

816 3813 1002 3869 XCIX.
1034 3811 1112 3867 De
1152 3812 1448 3868 mulieribus
1490 3813 1672 3868 doctis.

533 3905 733 3961 Mulier
771 3905 1013 3975 quamvis
1043 3903 1198 3959 docta
1229 3913 1282 3960 et
1309 3913 1491 3960 sancta
1523 3904 1665 3961 viros
1693 3903 1747 3960 in
1777 3913 2040 3962 conventu

459 3999 656 4056 docere
684 4013 790 4052 non
817 3997 1032 4052 audeat.

618 4088 679 4143 C.
718 4087 786 4142 Ut
813 4085 1047 4141 mulieres
1096 4086 1355 4154 baptizare
1394 4102 1498 4140 non
1544 4093 1877 4154 prasumant.

526 4179 713 4234 Mulier
740 4178 1016 4247 baptizare
1055 4192 1160 4231 non
1197 4185 1502 4245 praesumat.

837 4270 923 4326 CI.
957 4269 1035 4324 De
1062 4270 1228 4324 viduis
1264 4267 1680 4322 adolescentulis.

530 4366 716 4421 Vidua
746 4363 1148 4427 adolescentes,
1185 4376 1305 4432 qua
1353 4375 1583 4430 corpore
1633 4358 1838 4415 debiles
1892 4368 2040 4427 sunt,

458 4471 670 4532 sumptu
708 4457 967 4514 Ecclesia
994 4455 1149 4525 cujus
1188 4453 1361 4508 vidua
1393 4461 1518 4507 sunt
1556 4460 1944 4508 sustententur.

853 4568 958 4624 CII.
1001 4567 1078 4623 De
1115 4566 1314 4622 clericis
1352 4573 1400 4619 et
1441 4564 1628 4619 viduis.

533 4680 612 4735 Ad
641 4689 845 4736 reatum
890 4678 1128 4748 episcopi
1185 4675 1422 4745 pertinet
1464 4674 1552 4730 vel
1603 4673 1904 4744 presbyteri
1952 4673 2042 4742 qui

462 4773 732 4841 parochia
781 4779 976 4840 praest
1005 4814 1019 4838 ,
1062 4770 1106 4824 si
1160 4767 1524 4823 sustentanda
1582 4765 1706 4821 vita
1760 4765 2043 4835 prasentis

464 4875 625 4916 causa
653 4860 1105 4916 adolescentiores
1139 4857 1312 4912 vidua
1341 4857 1423 4912 vel
1467 4855 1905 4911 sanctimoniales
1929 4855 2038 4911 cle-

466 4952 703 5008 ricorum
732 4948 1176 5005 familiaritatibus
1205 4947 1577 5016 subjiciantur.

1008 5059 1140 5115 CIII.
1177 5059 1251 5112 De
1288 5059 1477 5113 viduis.

531 5173 719 5228 Vidua
749 5189 864 5243 qua
896 5171 1164 5241 stipendio
1194 5170 1455 5226 Ecclesia
1508 5179 1881 5227 sustentantur
1938 5182 2044 5226 tam

463 5263 691 5318 assidua
735 5263 787 5316 in
817 5263 911 5317 Dei
940 5277 1105 5331 opere
1153 5276 1274 5318 esse
1299 5262 1518 5327 debent,
1564 5272 1620 5316 ut
1651 5271 1704 5316 et
1759 5263 1964 5319 meritis
1992 5274 2046 5318 et

462 5354 792 5410 orationibus
818 5353 927 5408 suis
957 5353 1253 5408 Ecclesiam
1283 5353 1560 5423 adjuvent.

535 5515 559 5573 ᾗ
590 5505 704 5572 ΔΕο,
735 5505 795 5558 Β.
821 5506 907 5569 IL,
942 5505 1001 5559 E.
1042 5504 1098 5571 3,
1141 5505 1229 5573 U.,
1261 5508 1666 5562 custodiendum.

535 5571 564 5611 δ
605 5577 681 5648 Ex
712 5575 775 5648 ll.
807 5584 861 5648 et
889 5571 1294 5648 Cadesumptus
1321 5586 1400 5632 est
1427 5578 1509 5633 hic
1530 5591 1733 5646 canon,
1769 5579 1857 5648 qui
1891 5577 2043 5635 deest

467 5645 518 5699 in
549 5645 766 5713 reliquis
796 5644 1116 5715 Codicibus.

2065 4480 2118 4538 D

2149 1891 2271 1938 rant
2307 1878 2532 1936 crimine
2586 1877 2836 1933 adulterii
2884 1877 3234 1945 notabuntur,
3287 1881 3333 1934 si
3382 1880 3730 1937 devotionem

2149 1988 2309 2043 quam
2335 1981 2628 2042 spontanee
2651 1970 2760 2026 Deo
2798 1971 3107 2026 obtulerunt
3137 1970 3427 2028 libidinosa
3459 1975 3732 2044 voluptate

2149 2063 2486 2133 corruperint
2514 2073 2674 2132 atque
2703 2061 2769 2116 ad
2799 2061 3065 2117 secundas
3097 2065 3310 2132 nuptias
3343 2066 3623 2121 transitum
3656 2067 3732 2122 le-

2149 2156 2355 2212 cerint?
2393 2171 2516 2226 qua
2545 2157 2648 2212 etsi
2695 2156 2951 2212 violentia
2999 2157 3236 2214 irruente
3263 2158 3330 2212 ab
3373 2158 3551 2228 aliquo
3591 2175 3731 2228 pra-

2151 2260 2316 2319 repta
2371 2249 2589 2314 fuerint,
2619 2263 2682 2303 ac
2707 2257 2895 2318 postea
2943 2248 3294 2305 delectatione
3341 2250 3579 2305 libidinis
3611 2267 3732 2321 pero

2150 2355 2366 2396 manere
2395 2341 2447 2394 in
2478 2339 2782 2410 conjuginm
2828 2340 3028 2410 raptori
3057 2341 3137 2396 vel
3191 2341 3425 2396 violento
3456 2342 3574 2396 viro
3603 2358 3730 2398 con-

2150 2432 2438 2497 senserint,
2461 2430 2788 2485 damnationi
2813 2431 3059 2499 superius
3081 2432 3487 2502 comprehensa
3513 2445 3728 2488 tenean-

2151 2530 2237 2577 tur
2288 2523 2535 2577 obnoxia
2569 2540 2581 2574 :
2613 2522 2682 2576 de
2731 2522 2924 2577 talibus
2965 2522 3107 2578 enim
3157 2525 3234 2579 sic
3288 2525 3356 2578 ait
3395 2526 3680 2594 Apostolus
3713 2544 3727 2580 :

2150 2611 2278 2667 Cum
2305 2613 2438 2666 enim
2465 2611 2740 2666 luxuriata
2788 2615 2973 2681 fuerint
3019 2613 3203 2668 nubere
3249 2614 3445 2680 volunt,
3495 2615 3728 2671 habentes

2149 2703 2524 2758 damnationem
2549 2703 2669 2773 quia
2697 2703 2915 2767 primaut
2938 2703 3091 2771 ﬁdem
3109 2704 3308 2757 irritam
3336 2709 3582 2772 fecerunt.

2419 2794 2529 2850 CV.
2565 2793 2589 2831 δ
2631 2792 2706 2847 De
2735 2795 3164 2860 contemptoribus
3197 2794 3455 2850 Ecclesiae.

2214 2883 2423 2938 Revera
2467 2883 2740 2938 invenitur
2777 2898 2843 2937 ex
2869 2883 3188 2940 Christianis
3216 2885 3329 2940 ﬁeri
3358 2887 3731 2946 schismaticos

2149 2976 2464 3047 plerumque
2491 2975 2886 3032 irrationabiles
2907 3015 2923 3040 ,
2953 2977 3148 3047 quibus
3188 2992 3256 3033 ex
3287 2978 3370 3033 his
3399 2979 3524 3034 dum
3553 2991 3610 3036 ut
3637 2997 3730 3036 ca-

2147 3066 2329 3121 tholici
2359 3066 2627 3122 aediﬁcant
2654 3068 2728 3122 illi
2761 3075 2819 3122 ut
2856 3066 3092 3123 haretici
3134 3068 3409 3125 destruere
3449 3070 3728 3142 insismnt,

2067 3135 2115 3198 ε
2147 3168 2200 3214 et
2225 3157 2311 3213 alii
2339 3159 2593 3214 ecclesias
2627 3158 2839 3213 Domini
2869 3158 3014 3215 ﬁdeli
3043 3158 3329 3215 devotione
3357 3175 3420 3216 ac
3466 3135 3734 3231 compun;

2145 3249 2326 3304 ctione
2356 3248 2756 3318 promptissima
2790 3248 2948 3321 154.
2975 3250 3288 3319 subornare,
3312 3251 3402 3306 alii
3431 3251 3499 3307 de
3530 3253 3611 3307 bis
3641 3269 3734 3310 se-

2145 3336 2408 3392 ditionum
2441 3335 2773 3392 institutione
2800 3339 3059 3392 decresci.
3105 3339 3179 3394 De
3218 3339 3298 3395 his
3325 3351 3469 3396 recte
3491 3342 3733 3411 loquitur

2143 3444 2240 3500 per
2269 3429 2526 3499 Spiritum
2557 3441 2799 3486 sanetum
2826 3432 3080 3500 pr0pheta
3107 3450 3119 3485 :
3151 3431 3413 3487 Benedicti
3445 3436 3531 3505 qui
3556 3436 3728 3505 adiﬁ-

2144 3529 2261 3574 cant
2304 3532 2349 3574 te
2373 3522 2426 3574 in
2467 3531 2710 3575 aternum
2739 3565 2752 3590 ,
2803 3531 2849 3575 et
2894 3524 3148 3577 maledicti
3198 3535 3315 3579 sunt
3351 3528 3436 3593 qui
3463 3528 3733 3583 destruunt

2143 3628 2317 3666 muros
2345 3622 2459 3666 tuos
2482 3613 2557 3666 vel
2583 3623 2716 3666 certe
2737 3614 2823 3682 qui
2843 3613 3132 3668 subvertunt
3154 3615 3483 3670 habitationes
3513 3629 3628 3672 tuas
3649 3621 3732 3673 vel

2144 3720 2280 3757 nunc
2323 3707 2498 3761 conati
2544 3719 2662 3761 sunt
2704 3711 2866 3763 minui
2905 3721 3083 3764 sancta
3113 3728 3238 3766 tua:
3272 3725 3325 3766 tu
3353 3725 3518 3767 autem
3544 3715 3732 3771 domus

2143 3793 2242 3849 Dei
2271 3797 2444 3851 lentare
2472 3815 2587 3850 cum
2617 3799 2739 3867 ﬁliis
2756 3804 3036 3871 justorum.
3082 3804 3149 3858 Et
3176 3805 3243 3858 ab
3271 3804 3370 3860 hac
3397 3805 3733 3864 inatitutione

2147 3885 2358 3940 Domini
2408 3886 2608 3956 placuit
2663 3890 2911 3946 omnibus
2959 3891 3206 3948 Patribus
3260 3910 3353 3964 per
3399 3898 3730 3966 provinciam

2142 3974 2481 4046 Carthaginis
2523 3976 2940 4034 consisrentibus
2967 4021 2982 4045 ,
3035 3992 3091 4035 ut
3137 3982 3184 4036 si
3230 3983 3348 4052 quis
3389 3985 3618 4040 clericus
3644 3989 3735 4043 vel

2144 4065 2315 4121 laicus
2341 4081 2401 4121 se
2429 4067 2720 4123 elevaverit
2750 4077 2937 4126 contra
2968 4071 3261 4127 Ecclesiam
3286 4072 3378 4129 Dei
3405 4077 3733 4134 seditionum

2144 4159 2416 4213 seminans
2443 4159 2739 4216 schismata
2765 4171 2821 4217 et
2849 4178 2955 4218 non
2985 4163 3052 4218 ad
3077 4164 3289 4220 culmen
3304 4165 3582 4223 cbaritatis
3611 4169 3736 4239 ejus

2143 4249 2421 4305 conaverit
2463 4252 2708 4316 attendi,
2752 4252 2846 4307 sed
2888 4253 3230 4310 fundamenta
3268 4256 3385 4323 ejus
3419 4257 3607 4313 volens
3637 4274 3734 4316 su-

2143 4340 2295 4407 brui,
2339 4357 2458 4412 qua
2509 4352 2592 4399 est
2627 4342 2895 4400 atabilitas
2933 4346 3170 4400 omnium
3198 4346 3650 4417 Christianorum,
3684 4353 3730 4408 si

2144 4431 2369 4488 clericus
2418 4432 2616 4499 fuerit,
2663 4434 2820 4489 cadat
2868 4435 2934 4490 de
2963 4439 3182 4506 proprio
3224 4439 3433 4509 gradu;
3469 4441 3514 4495 si
3541 4442 3732 4511 laicus,

2147 4537 2460 4598 segregatus
2497 4529 2566 4583 ab
2620 4529 2855 4584 Ecclesia
2904 4529 3001 4585 Dei
3042 4547 3202 4602 quam
3250 4534 3454 4601 spernit
3481 4542 3584 4590 eta
3611 4551 3739 4591 con-

2147 4630 2309 4674 ventu
2338 4620 2503 4675 totius
2531 4619 2852 4677 Christiana
2877 4623 3177 4693 religiOnis,
3219 4639 3248 4678 a
3276 4635 3460 4681 sancta
3488 4641 3738 4684 commu-

2144 4713 2312 4768 nione
2341 4725 2553 4770 maneat
2577 4715 2850 4772 exclusus.

2219 4804 2468 4860 Aurelius
2512 4805 2800 4875 episcopus
2849 4806 3103 4864 Ecclesia
3141 4809 3577 4881 Carthaginensis
3609 4815 3748 4870 sub-

2149 4906 2359 4962 scripsi.

2223 4990 2550 5048 Donatianus
2603 4991 2934 5062 Teleptensis
2997 4996 3184 5065 prima
3251 4994 3394 5051 sedis
3445 4994 3741 5064 cpiscopus

2151 5080 2466 5149 subscripsi.

2222 5174 2548 5241 Augustinus
2605 5174 2863 5245 llippona
2914 5179 3145 5248 regionis
3194 5189 3215 5218 ε
3270 5179 3551 5252 episcopus
3608 5179 3753 5235 sub-

2152 5276 2365 5332 scnpsr.

2221 5355 2482 5412 Similiter
2511 5373 2702 5416 omnes
2731 5363 2968 5432 episcopi
2997 5363 3429 5435 subscripserunt
3457 5363 3507 5417 ά.

2231 5525 2252 5590 ¢_
2386 5513 2465 5579 2.,
2487 5513 2764 5590 ‘Hippona
2791 5520 3052 5590 regiensis.
3091 5521 3155 5576 U.
3185 5520 3447 5590 Hippone
3472 5521 3660 5590 regiae.

2227 5582 2254 5620 ά
2297 5584 2388 5652 U.,
2415 5582 2817 5657 subscripserunt
2844 5582 2997 5645 simul
3031 5607 3143 5645 cum
3171 5582 3520 5646 his'c'cccxtv.
