4056 6178
369 388 3644 420 W

1911 502 2101 573 XVI

827 644 1486 731 CONCILIUM
1539 645 1682 728 CA
1704 641 2534 727 RTHAGINENSE
2582 643 3163 751 QUINTUM

397 804 696 851 HABITUM
741 803 823 845 ΑΒ
869 797 1184 842 ιεριεεοριε
1231 796 1499 839 NUMERO
1539 798 1974 841 SEPTUAGINTA
2021 797 2274 851 TRIBUS,
2318 799 2456 840 ΕΒΔ
2503 799 2940 842 CCCCXXXVIII.
2990 798 3143 842 POST
3185 798 3602 846 CONSBL’ATUM

890 878 1103 920 FLAVI!
1146 876 1495 920 STILICONIS
1541 878 1670 920 νιιιι
1716 877 2106 933 CLABISSIMI,
2162 876 2272 917 DIE
2321 877 2457 921 ινιι
2509 878 2855 921 ΚΑιΕΝῡΑε-
2897 877 3136 922 ιυιιΑε.

423 1029 752 1096 Carthagine
803 1025 857 1080 in
902 1024 1196 1080 secretario
1239 1024 1469 1081 basilicae
1513 1027 1773 1082 restitutae
1818 1041 1940 1082 cum
1975 1028 2023 1089 Α
2049 1024 2137 1080 VI.
2181 1024 2258 1079 De
2285 1025 2363 1079 his
2384 1026 2473 1095 qui
2501 1028 2644 1080 nullo
2675 1029 2964 1098 testimonio
2991 1043 3044 1082 se
3074 1028 3356 1098 baptizatos
3397 1045 3643 1090 nouerunt

360 1122 614 1177 Aurelius
641 1120 931 1189 episcopus
967 1130 1070 1170 una
1099 1130 1220 1172 cum
1258 1117 1590 1186 coepiscopis
1616 1117 1727 1172 suis
1755 1132 1951 1173 conse-

354 1217 535 1271 disset
559 1261 572 1280 ,
615 1211 916 1268 astantibus
947 1213 1106 1264 etiam
1132 1208 1480 1276 diaeonibus,
1512 1211 1803 1265 constituta
1828 1219 1951 1266 sunt

360 1310 484 1362 bare
510 1322 623 1375 qute
655 1305 706 1360 in
734 1303 1081 1372 subsequenti
1110 1302 1334 1356 concilio
1356 1301 1570 1356 definita
1599 1310 1723 1357 sunt
1755 1313 1804 1357 ⁸.

417 1417 576 1491 155
608 1416 647 1471 I.
685 1415 758 1471 De
784 1415 985 1468 clericis
1013 1413 1081 1466 ad
1112 1414 1452 1469 testimonium
1474 1430 1576 1468 non
1601 1416 1893 1485 pulsandis.

431 1531 487 1583 In
517 1526 778 1596 principio
802 1524 1145 1581 statuendum
1167 1565 1182 1591 ,
1216 1534 1277 1581 ut
1303 1527 1348 1580 si
1388 1525 1505 1595 quis
1528 1525 1664 1581 forte
1689 1525 1742 1580 in
1771 1526 1950 1582 eccle-

349 1622 436 1676 sia
458 1621 758 1690 quamlibet
804 1633 1022 1674 causam
1069 1617 1189 1687 jure
1235 1618 1528 1687 apostolico
1572 1619 1816 1674 ecclesiis
1849 1619 1949 1672 im-

352 1713 537 1781 posito
566 1725 728 1781 agere
755 1710 1024 1775 voluerit,
1059 1717 1114 1765 et
1145 1709 1374 1764 fortasse
1400 1710 1601 1765 decisio
1629 1712 1948 1767 clericorum

352 1803 449 1854 uni
480 1801 620 1868 parti
671 1798 1047 1869 displicuerit,
1096 1813 1202 1852 non
1250 1798 1403 1853 liceat
1450 1798 1702 1854 clericum
1731 1801 1782 1854 in
1809 1801 1952 1868 judi-

351 1893 502 1948 cium
541 1893 608 1946 sd
640 1892 1008 1947 testimonium
1033 1890 1281 1946 devocari
1310 1906 1456 1956 eum,
1491 1892 1579 1960 qui
1602 1893 1846 1962 cognitor
1867 1892 1950 1949 vel

352 1996 600 2050 przesens
637 1981 735 2036 fuit
779 1980 898 2054 [1].,
931 1981 1149 2051 fuerit],
1201 1989 1257 2035 ut
1298 1981 1444 2036 nulla
1490 1984 1556 2036 ad
1588 1984 1948 2040 testimonium

353 2072 643 2128 dicendum
679 2071 1032 2128 ecclesiastici
1065 2073 1349 2140 cujuslibet
1380 2088 1606 2143 persona
1640 2075 1902 2144 pulsetur.

562 2163 625 2217 ΙΙ.
667 2162 745 2218 De
770 2163 973 2217 clericis
1000 2179 1091 2233 pro
1118 2163 1330 2218 crimine
1357 2181 1450 2218 suo
1474 2167 1748 2221 damnatis.

429 2252 500 2307 Et
533 2254 658 2308 illud
690 2254 1031 2309 statuendum
1059 2293 1075 2319 ,
1116 2262 1174 2307 ut
1201 2255 1246 2308 si
1276 2255 1396 2324 quis
1423 2255 1709 2326 cujuslibet
1732 2259 1950 2314 honoris

2631 1107 2685 1150 ut
2708 1097 3047 1168 baptizentur.

2121 1186 2249 1240 Item
2281 1186 2481 1255 placuit
2516 1186 2584 1241 de
2627 1187 2918 1242 infantibus
2938 1229 2953 1253 ,
2986 1189 3197 1258 quoties
3223 1207 3327 1246 non
3355 1192 3638 1247 inveniun-

2054 1289 2140 1332 tur
2159 1279 2448 1334 certissimi
2491 1288 2654 1334 testes
2682 1279 2772 1348 qui
2805 1295 2898 1334 eos
2926 1280 3221 1348 baptizatos
3246 1298 3367 1338 esse
3396 1285 3511 1338 sine
3541 1285 3639 1338 du-

2050 1370 2308 1425 bitatione
2357 1379 2638 1436 testentur,
2683 1386 2856 1438 neque
2903 1371 3005 1440 ipsi
3043 1382 3166 1427 sunt
3216 1384 3238 1411 ε
3294 1389 3388 1443 per
3428 1384 3638 1431 aetatem

2050 1459 2228 1516 idonei
2251 1462 2319 1516 de
2343 1461 2552 1516 traditis
2576 1461 2676 1515 sibi
2699 1463 3049 1518 sacramentis
3071 1464 3416 1539 respondere,
3439 1467 3642 1535 absque

2051 1550 2160 1605 ullo
2187 1552 2425 1620 scripulo
2454 1567 2549 1606 eos
2581 1568 2703 1608 esse
2732 1555 3109 1624 baptizandus,
3132 1572 3199 1612 ne
3226 1558 3324 1611 ista
3354 1560 3637 1626 trepidatio

2050 1659 2145 1698 eos
2177 1644 2338 1698 faciat
2385 1654 2844 1700 sacramentorum
2889 1647 3206 1717 purgatione
3252 1649 3485 1716 privari:
3521 1649 3642 1703 hinc

2050 1734 2196 1789 enim
2241 1733 2403 1802 legati
2451 1734 2754 1789 Maurorum
2804 1734 2995 1790 fratres
3039 1735 3210 1791 nostri
3237 1736 3639 1800 consuluerunt,

2052 1828 2180 1898 quia
2209 1827 2406 1882 multos
2438 1827 2570 1881 tales
2599 1841 2629 1880 a
2660 1826 2901 1882 barbaris
2930 1828 3224 1883 redimunt.

2298 1916 2407 1971 VII.
2452 1916 2530 1970 De
2552 1927 2777 1987 tempore
2800 1918 3026 1988 paschali
3055 1934 3144 1973 seu
3167 1919 3391 1973 concilii.

2125 2009 2254 2064 Item
2283 2009 2480 2078 placuit
2511 2018 2565 2062 ut
2609 2009 2725 2064 dies
2770 2010 3091 2064 venerabilis
3122 2012 3336 2080 paschae
3386 2012 3639 2067 formata-

2052 2112 2170 2153 rum
2194 2098 2586 2167 subscriptione
2608 2097 2854 2152 omnibus
2889 2098 3185 2166 intimetur,
3216 2100 3333 2154 dies
3360 2117 3490 2156 vero
3518 2117 3638 2158 cou-

2051 2191 2162 2247 cilii
2211 2207 2242 2244 x
2290 2189 2544 2245 calendas
2568 2188 2885 2244 Novembris
2905 2197 3176 2254 servetur,
3213 2200 3268 2243 et
3289 2191 3636 2247 scribendum

2051 2278 2120 2334 ad
2161 2279 2492 2350 singularum
2549 2293 2885 2349 quarumque
2932 2278 3329 2348 provinciarum
3361 2282 3636 2349 primates,

354 2345 594 2398 clericus
655 2344 858 2413 judicio
927 2345 1300 2414 episcoporum
1356 2361 1675 2417 quocunque
1723 2349 1942 2406 crimine

2055 2381 2110 2425 ut
2148 2344 2362 2441 quando
2389 2372 2527 2441 apud
2557 2344 2617 2428 se
2642 2373 2928 2428 concilium
2959 2383 3265 2443 congregat,
3306 2372 3464 2430 istum
3488 2373 3630 2429 diem

357 2434 531 2490 fuerit
581 2436 892 2502 damnatus,
926 2451 1033 2492 non
1075 2437 1232 2492 liceat
1269 2453 1390 2492 eum
1441 2441 1553 2496 sive
1604 2441 1672 2495 ab
1706 2443 1945 2498 ecclesiis

357 2527 560 2596 quibus
593 2529 819 2597 prefuit,
851 2529 964 2584 sive
989 2544 1020 2584 a
1046 2530 1283 2597 quolibet
1314 2529 1529 2586 homine
1556 2532 1843 2600 defensati,
1864 2535 1945 2589 in-

359 2620 621 2687 tet-posita
653 2635 810 2689 pmna
839 2621 1042 2687 damni,
1077 2622 1316 2690 pecunia:
1337 2632 1494 2693 atque
1514 2624 1752 2694 honoris,
1784 2641 1813 2679 a
1841 2642 1945 2696 quo

354 2730 460 2769 nec
491 2726 704 2772 aetatem
737 2733 835 2773 nec
864 2733 1052 2773 sexum
1081 2719 1444 2775 excusandum
1468 2735 1586 2776 esse
1611 2720 1940 2790 przecipiant.

428 2829 515 2884 III.
559 2828 637 2884 De
661 2830 1010 2885 sacerdotibus
1052 2840 1098 2885 et
1129 2831 1299 2914 olovt'lt's
1344 2840 1397 2885 ut
1441 2831 1505 2885 ab
1552 2832 1793 2886 uxoribus
1821 2848 1876 2885 se

1001 2911 1312 2956 contineant.

429 2991 704 3046 Praeterea
735 3005 857 3046 cum
888 2991 956 3047 de
984 2992 1333 3060 quorumdam
1361 2992 1679 3048 clericorum
1702 2991 1945 3062 quamvis

353 3096 482 3147 erga
521 3096 718 3137 uxores
745 3084 990 3152 proprias
1031 3084 1412 3138 incontinentia
1456 3083 1780 3148 referretur,
1832 3085 1944 3152 pla-

347 3171 466 3226 cuit
508 3172 833 3242 episcopos,
886 3172 1228 3244 presbyteros
1276 3184 1332 3227 et
1369 3172 1622 3227 diaconos
1651 3172 1942 3227 secundum

355 3266 596 3333 priorum
651 3272 847 3319 statuta
888 3265 1050 3319 etiam
1087 3264 1156 3319 ab
1182 3265 1438 3319 uxoribus
1466 3266 1770 3328 continere;
1803 3264 1945 3332 quod

355 3356 458 3411 nisi
507 3356 770 3423 Iecerint,
813 3360 882 3411 ab
924 3355 1294 3412 ecclesiastico
1323 3363 1700 3411 removeantur
1727 3354 1941 3409 cilicio:

354 3455 588 3502 csteros
614 3456 796 3502 autem
825 3446 1048 3502 clericos
1077 3446 1143 3502 ad
1173 3447 1274 3501 hoc
1304 3462 1409 3501 non
1442 3445 1558 3515 cogi
1579 3488 1594 3513 ,
1629 3445 1722 3500 sed
1754 3461 1944 3500 secun-

355 3538 484 3590 dum
536 3537 961 3608 uniuscujusque
1011 3537 1452 3594 consuetudinem
1520 3536 1794 3592 observari
1847 3537 1935 3592 do-

353 3628 502 3684 bere.

2049 2477 2155 2516 non
2179 2462 2489 2530 impediant.

2088 2551 2218 2606 VIII.
2263 2551 2340 2606 De
2359 2553 2778 2626 intercessoribus
2804 2570 2866 2607 ne
2886 2555 3184 2626 cathedram
3211 2556 3473 2610 morientis
3494 2559 3600 2626 epi-

2557 2626 2699 2692 scopi
2728 2625 2818 2677 diu
2841 2625 3111 2679 retineant.

2121 2713 2253 2768 Item
2285 2715 2632 2770 constitutum
2684 2725 2767 2771 est
2815 2724 2869 2769 ut
2897 2716 3024 2769 nulli
3055 2715 3398 2771 intercessori
3430 2716 3634 2772 licitum

2046 2807 2116 2862 sit
2143 2806 2454 2862 cathedram
2476 2851 2491 2876 ,
2534 2808 2617 2861 cui
2642 2807 2966 2862 intercessor
2991 2806 3148 2861 datus
3179 2817 3282 2870 est,
3309 2807 3637 2875 quibuslibet

2049 2898 2369 2966 populorum
2403 2898 2593 2952 studiis
2629 2899 2707 2953 vel
2746 2899 3097 2954 seditionibus
3129 2901 3382 2965 retinere,
3415 2903 3508 2954 sed
3538 2903 3633 2953 da-

2046 3004 2109 3043 re
2139 3004 2361 3058 operam
2395 2997 2452 3043 ut
2483 2989 2620 3043 intra
2660 3005 2856 3044 annum
2889 2991 3092 3045 eisdem
3124 2991 3430 3060 episc0putn
3457 2993 3636 3059 provi-

2047 3079 2197 3146 deat;
2227 3079 2367 3150 quod
2397 3080 2441 3133 si
2492 3079 2826 3149 neglexerit,
2852 3095 2994 3135 anno
3031 3083 3634 3151 exemptointerveutor

2046 3171 2184 3226 alius
2207 3171 2489 3226 tribuatttr.
3129 3225 3132 3230 ,

2049 3263 2137 3317 IX.
2182 3262 2258 3315 De
2300 3264 2565 3332 defensore
2605 3262 2938 3316 ecclesiarum
2983 3279 3015 3315 a
3040 3264 3270 3334 principe
3299 3266 3629 3334 postulando.

2116 3355 2199 3406 Ab
2249 3354 2576 3422 imperatore
2622 3364 2806 3408 autem.
2845 3355 3107 3409 universis
3139 3356 3308 3409 visum
3343 3364 3428 3410 est
3454 3367 3633 3425 postu-

2048 3444 2262 3498 landum
2289 3453 2507 3514 prepter
2553 3443 2897 3499 afﬂictionem
2927 3460 3218 3514 pauperum
3261 3461 3489 3516 quorum
3520 3463 3632 3501 mo-

2050 3539 2218 3594 lestiis
2243 3538 2361 3592 sine
2387 3536 2785 3592 intermissione
2810 3537 3042 3608 agitatur
3069 3537 3330 3603 Ecclesia,
3363 3548 3420 3592 ut
3441 3538 3629 3593 defen-

2047 3645 2202 3686 sores
2253 3631 2330 3685 eis
2371 3629 2627 3684 adversus
2665 3631 2930 3697 putentias
2955 3630 3178 3685 divitum
3202 3646 3323 3686 cum
3352 3632 3632 3701 episcOpo-

355 3737 448 3794 IV.
491 3738 569 3794 De
598 3739 745 3794 rebus
792 3739 1042 3794 Ecclesia:
1081 3739 1806 3812 inconsulto,metropolitano
1839 3740 1942 3812 epi-

2053 3739 2170 3776 rum
2203 3722 2510 3792 provisione
2539 3720 2861 3791 deligantur.

845 3827 998 3882 scopo
1027 3828 1126 3865 non
1148 3811 1458 3864 alienandis.

425 3925 635 3980 Placuit
661 3925 824 3980 etiam
855 3936 911 3982 ut
938 3942 1051 3983 rem
1080 3920 1330 3981 Ecclesiae
1355 3941 1514 3982 nemo
1542 3926 1735 3983 vendat
1759 3943 1772 3979 :
1801 3925 1944 3997 quod

350 4022 398 4075 si
447 4021 627 4088 aliqua
672 4019 964 4076 necessitas
1009 4021 1189 4090 cogit,
1247 4020 1384 4075 hanc
1421 4020 1792 4075 insinuandam
1823 4034 1944 4075 esse

354 4113 573 4180 primati
603 4113 894 4183 provinciae
913 4154 928 4178 ,
963 4121 1020 4166 ut
1044 4128 1165 4166 cum
1195 4121 1394 4168 statuto
1423 4129 1648 4169 numero
1668 4113 1942 4184 episcopo-

347 4217 470 4258 rum
510 4212 692 4258 utrum
741 4201 1042 4258 faciendum
1088 4204 1161 4258 sit
1204 4204 1524 4270 arbitretur;
1553 4206 1692 4272 quod
1725 4207 1768 4261 si
1797 4215 1940 4260 tanta

353 4306 508 4363 urget
535 4295 836 4352 necessitas
882 4294 1135 4350 Ecclesia;
1167 4305 1222 4350 ut
1268 4312 1372 4352 non
1411 4298 1580 4366 possit
1604 4307 1727 4353 ante
1757 4312 1945 4354 consu-

347 4389 485 4455 lere,
515 4389 710 4445 saltem
747 4399 864 4459 post
913 4389 1108 4443 factum
1149 4399 1301 4444 curet
1340 4391 1440 4444 hoc
1466 4393 1646 4445 statim
1676 4406 1836 4462 agere
1857 4391 1941 4448 vel

348 4482 540 4536 vicinis
582 4481 853 4551 episcopis
881 4481 981 4536 hoc
1021 4491 1178 4536 antea
1209 4480 1446 4537 indicare
1477 4491 1532 4537 et
1555 4483 1620 4537 ad
1652 4484 1939 4539 concilium

349 4571 558 4628 referre
599 4571 819 4627 easdem
870 4571 1125 4627 Ecclesiae
1173 4571 1556 4637 necessitates;
1589 4573 1729 4638 quod
1756 4577 1800 4628 si
1836 4589 1940 4630 non

348 4663 576 4728 fecerit,
629 4677 755 4716 reus
795 4662 1017 4717 concilii
1052 4662 1295 4716 venditor
1340 4671 1585 4717 teneatur
1635 4664 1838 4718 honore
1883 4679 1946 4719 a-

342 4755 512 4808 misso
541 4752 594 4806 δ.

420 4843 484 4897 ν.
533 4843 601 4899 Ut
628 4843 805 4900 nullus
829 4846 1092 4915 episcOpus
1112 4846 1297 4968 article
1326 4845 1568 4901 cathedra
1589 4848 1638 4901 in
1668 4847 1872 4902 dioecesi

1022 4932 1120 4968 rest
1161 4933 1216 4968 ea
1244 4954 1260 4968 .

1022 4932 1260 4969 γεδιαειιι.

419 5003 652 5058 Rursum
687 5005 884 5073 placuit
904 5015 961 5062 ut
990 5006 1188 5060 nemini
1213 5008 1283 5062 sit
1303 5007 1548 5074 facultas,
1573 5010 1752 5065 relicta
1788 5009 1939 5079 prin-

2219 3836 2285 3890 X.
2331 3835 2396 3891 Ut
2428 3837 2650 3907 episc0pi
2685 3837 2754 3890 ad
2781 3837 2915 3890 diem
2944 3837 3147 3890 concilii
3172 3846 3457 3891 recurrunt.

2127 3925 2257 3979 Item
2289 3925 2488 3994 placuit
2537 3936 2596 3978 ut
2639 3926 3064 3995 quotiescunque
3091 3926 3374 3980 concilium
3404 3940 3631 3995 congre-

2047 4016 2278 4086 gandum
2323 4024 2441 4081 est,
2491 4015 2730 4085 episcopi
2777 4015 2866 4084 qui
2910 4031 3083 4084 neque
3116 4017 3431 4084 aegritudine
3461 4033 3634 4085 neque

2045 4106 2147 4160 alia
2191 4107 2439 4175 graviore
2489 4107 2808 4161 necessitate
2856 4105 3219 4175 impediuntur
3259 4117 3629 4176 competenter

2047 4207 2332 4251 occurrant
2371 4193 2395 4233 ἀ
2427 4239 2442 4264 ,
2495 4197 2918 4267 primatibusque
2961 4211 3177 4252 suarum
3229 4200 3624 4268 provinciarum

2047 4297 2352 4359 intimetur,
2383 4303 2444 4350 ut
2471 4295 2540 4350 de
2572 4296 2835 4352 universis
2863 4296 3128 4365 episcopis
3149 4297 3234 4352 vel
3259 4297 3379 4352 duae
3408 4298 3491 4352 vel
3523 4309 3630 4353 tres

2049 4396 2240 4441 turmae
2268 4387 2418 4451 Iiant,
2450 4400 2513 4440 ac
2543 4385 2611 4440 de
2635 4385 2867 4455 singulis!
2888 4386 3077 4440 turmis
3105 4384 3341 4440 vicissim
3372 4397 3629 4456 quotquot

2046 4477 2204 4533 electi
2252 4475 2451 4532 fuerint
2491 4477 2577 4533 ad.
2608 4477 2749 4532 diem
2779 4477 3396 4532 conciliiinstantissime
3441 4493 3631 4532 occur-

2050 4578 2199 4634 rant;
2234 4568 2393 4639 quod-
2420 4569 2466 4623 ei
2509 4583 2612 4623 non
2645 4569 2917 4638 potuerint
2952 4568 3102 4639 157
3129 4583 3427 4635 occurrere,
3457 4584 3625 4623 excu-

2045 4664 2283 4717 sationes
2312 4675 2438 4717 suas
2464 4661 2517 4715 in
2547 4661 2851 4715 tractatoria
2878 4670 2901 4697 ο
2932 4662 3296 4722 conscribant,
3332 4660 3413 4714 vel
3440 4661 3484 4714 si
3510 4671 3628 4728 post

2045 4755 2336 4809 adventum
2398 4753 2720 4807 tractatoria:
2762 4753 2956 4820 aliquae
3016 4755 3365 4808 necessitates
3409 4767 3628 4822 repente

2046 4846 2270 4902 forsitan
2302 4855 2435 4900 orta:
2458 4843 2656 4898 fuerint
2680 4884 2696 4910 ,
2730 4845 2834 4898 nisi
2859 4846 3117 4899 rationem
3146 4844 3511 4914 impedimenti
3539 4849 3625 4901 sui

2046 4943 2185 5012 apud
2237 4955 2393 4996 suum
2437 4938 2714 5008 primatem
2765 4938 3147 5004 reddiderint,
3221 4940 3466 4994 ecclesia:
3515 4953 3626 4992 sua:

2045 5031 2423 5087 communione
2452 5027 2649 5084 debere
2675 5043 2796 5084 esse
2822 5037 3122 5084 contentos.

283 5091 290 5109 ί
341 5098 510 5165 cipali
558 5098 814 5154 cathedra
844 5141 858 5165 ,
905 5100 972 5153 ad
1021 5099 1254 5168 aliquam
1296 5101 1579 5156 ecclesiam
1622 5102 1674 5156 in
1720 5077 1938 5158 dimcesi

2048 5123 2136 5179 XI.
2180 5123 2248 5178 Ut
2274 5125 2432 5194 lapsis
2462 5122 2807 5178 sacerdotibus
2833 5138 3013 5175 manus
3052 5122 3123 5174 eis
3167 5121 3296 5172 sicut
3336 5119 3484 5172 laicis
3519 5136 3621 5173 non

339 5187 695 5242 constitutam
745 5203 804 5242 se
861 5189 1145 5256 conferre,
1179 5190 1259 5244 vel
1310 5192 1361 5245 in
1403 5205 1461 5246 re
1502 5192 1712 5261 proprii
1740 5191 1938 5246 diutius

338 5294 507 5346 quam
535 5288 753 5349 oportet
781 5281 1134 5335 constitutum
1172 5281 1330 5353 156
1353 5297 1536 5337 curam
1575 5283 1658 5338 vel
1689 5282 1936 5353 frequen-

340 5370 608 5425 tationem
640 5371 871 5439 proprias
900 5371 1169 5427 cathedra:
1197 5372 1484 5443 negligere.

415 5509 444 5537 ⁸
488 5499 577 5563 υ.,
613 5502 667 5553 in
688 5501 1101 5570 subsequentibus
1125 5502 1335 5565 deﬁnita
1355 5515 1490 5558 sunt.

411 5570 441 5650 ιξ
485 5571 538 5623 In
566 5570 684 5636 .Ε.,
717 5571 884 5638 B.R.,
907 5572 970 5626 Τ.
1009 5575 1055 5639 I,
1083 5573 1140 5638 2,
1174 5572 1265 5639 0.,
1297 5575 1488 5630 desunt
1515 5576 1710 5631 verba:
1747 5575 1936 5630 honore

331 5663 363 5695 α
370 5658 530 5695 misso
537 5680 550 5692 .

414 5723 438 5750 ε
484 5713 560 5767 Ex
595 5713 810 5768 caeteris
839 5711 1126 5770 Codicibus
1160 5713 1438 5786 desumpta
1481 5725 1603 5772 sunt
1634 5717 1791 5773 verba
1821 5737 1829 5770 ;
1865 5729 1931 5772 tc-

2727 5205 2966 5246 οηαηιιιτ.

2495 5238 2510 5250 .
2727 5211 2966 5246 onantur.

2113 5284 2186 5336 tta
2235 5283 2608 5337 conﬁunatum
2650 5211 2745 5334 εέι.
2786 5290 2842 5333 ut
2889 5282 2933 5333 si
2961 5279 3172 5347 quando
3201 5278 3499 5348 presbyteri
3533 5281 3618 5336 vel

2042 5372 2253 5427 diaconi
2280 5374 2332 5427 iu
2363 5372 2539 5441 aliqua
2562 5369 2794 5441 graviori
2825 5370 2978 5438 culpa
3000 5370 3230 5425 convicti
3257 5370 3480 5438 fuerint,
3510 5386 3616 5442 qua

2042 5517 2255 5568 stentur,
2286 5521 2442 5574 neque
2466 5506 2563 5572 ipsi
2589 5517 2727 5571 sunt,
2761 5519 2876 5573 quin
2904 5505 3095 5559 desunt
3126 5506 3174 5558 in
3209 5505 3271 5559 Α.

2116 5577 2138 5612 d
2202 5576 2274 5628 Ex
2329 5577 2535 5629 steteris
2578 5576 2865 5632 Codicibus
2911 5575 3187 5642 desumpta
3237 5583 3360 5629 sunt
3409 5577 3608 5632 verba:

1961 5659 1963 5661 ’
2043 5655 2378 5716 competenter
2407 5658 2694 5710 occurrant,
2730 5665 2848 5716 qua:
2873 5649 3064 5702 desunt
3091 5649 3141 5700 in
3172 5647 3235 5700 A.

2120 5726 2142 5753 ε
2185 5715 2298 5783 .45.,
2334 5715 2390 5772 Β.
2424 5719 2510 5783 IL,
2545 5719 2606 5773 Τ.
2645 5719 2694 5785 1,
2727 5715 2783 5786 ‘2,
2819 5716 2903 5785 U.,
2936 5718 3314 5774 tractoria......
3348 5721 3617 5775 ttattoritt'.
