4060 6184
487 294 586 348 ΞΗ

1162 292 1548 348 COLLECTIU
1588 289 1916 346 CANONUM
1960 289 2014 344 S.
2060 288 2332 345 ISIDORO
2374 290 2638 347 IIISI’AL.
2685 293 3048 350 ASCRIPTA.

3649 301 3754 356 ξω

489 423 586 464 eos
614 422 643 461 a
670 406 968 464 ministerio
998 420 1224 462 necesse
1251 408 1321 460 sit
1361 419 1638 460 removere
1657 445 1674 470 ,
1717 420 1822 460 non
1854 407 1933 460 eis
1958 421 2068 460 ma-
2100 405 2152 466 Α
2176 421 2296 462 men
2326 407 2442 476 ejus
2473 408 2612 462 inter
2637 407 2733 464 Dei
2775 411 3088 473 sacerdotes
3129 411 3438 468 nullomodo
3482 415 3753 482 recitetur,

493 513 592 554 nus
622 499 704 553 vel
737 508 984 566 tauquam
1021 493 1404 565 paenitentibus
1449 495 1529 548 vel
1590 503 1842 563 tanquam
1895 495 2070 550 Iid'eli-

492 591 592 644 bus
621 589 769 644 laicis
795 589 1123 656 imponatur;
1153 598 1329 652 neque
1362 599 1598 652 unquam
1633 585 2067 654 permittendum,

495 692 550 734 ut
579 679 888 748 rebaptizati
933 678 1000 731 ad
1032 677 1317 730 clericatus
1346 675 1566 744 gradum
1602 684 2034 744 promoveantur.

495 772 609 827 XII.
655 769 734 827 De
761 770 957 825 clericis
986 767 1434 888 eacomnzunicaIis
1463 768 1693 832 quandiu
1727 768 1798 820 eis
1848 782 2072 822 asserere

838 863 841 867 -
1219 847 1363 888 treat.

838 863 841 867 ·
1198 847 1363 889 ιηἐαι.

567 931 792 984 Rursum
836 926 1184 981 constitutum
1231 937 1314 982 est
1338 967 1353 991 ,
1387 939 1440 981 ut
1467 928 1678 997 quoties
1701 927 1916 982 clericis
1943 942 2075 983 con-

489 1021 648 1075 victis
674 1029 726 1074 et
757 1019 1018 1074 confessis
1056 1020 1106 1072 in
1138 1018 1317 1088 aliquo
1345 1017 1569 1072 crimine
1601 1018 1682 1072 vel
1725 1011 1945 1086 prapter
1977 1033 2073 1074 eo-

493 1129 608 1170 rum
639 1110 1020 1166 verecundiam
1056 1111 1287 1179 parcitur
1318 1109 1404 1164 vel
1437 1118 1655 1177 prepter
1695 1108 1950 1162 Ecclesia
1976 1123 2070 1177 op-

491 1201 764 1268 probrium
793 1212 884 1257 aut
913 1203 1230 1259 insolentem
1266 1201 1662 1255 insultationem
1695 1200 2068 1255 haereticorum

485 1305 649 1365 atque
690 1295 964 1365 gentilium
989 1338 1004 1365 ,
1057 1295 1099 1351 si
1148 1293 1285 1348 forte
1314 1307 1489 1347 causa
1526 1307 1636 1345 sua
1667 1291 1859 1346 adesse
1890 1290 2070 1346 volueo

437 1389 444 1404 '
489 1387 598 1441 rint
628 1397 684 1442 et
715 1387 1075 1441 innocentiam
1103 1391 1252 1440 suam
1282 1399 1552 1449 asserere,
1582 1385 1718 1437 intra
1746 1399 1941 1438 annum
1975 1399 2069 1438 ex-

483 1477 987 1532 communicatiouis
1035 1476 1136 1530 hoc
1183 1474 1420 1528 faciant:
1464 1474 1508 1528 si
1553 1488 1684 1528 vero
1708 1473 1846 1527 intra
1867 1489 2068 1529 annum

483 1581 700 1620 causam
741 1581 890 1620 suam
943 1579 1170 1634 purgare
1217 1563 1678 1633 contempserint,
1710 1562 1851 1617 nulla
1880 1578 2066 1619 eorum

483 1670 585 1712 Vox
616 1663 800 1725 postea
831 1657 1038 1725 penitus
1069 1654 1332 1709 audiatur.

556 1747 690 1803 XIII.
735 1747 811 1803 De
853 1747 1049 1802 clericis
1085 1747 1162 1802 vel
1196 1747 1457 1869 monachis
1501 1747 1564 1800 ab
1605 1747 1710 1802 alio
1757 1747 1996 1818 episcopo

1135 1833 1193 1869 or
1234 1827 1408 1869 matrs.

1135 1827 1408 1871 ordinatis.

559 1910 686 1965 Item
713 1909 945 1980 placuit,
971 1918 1028 1962 ut
1057 1909 1103 1963 si
1142 1909 1262 1977 quis
1289 1907 1356 1963 de
1381 1907 1600 1962 alterius
1629 1908 1957 1962 monasterio
1985 1922 2066 1962 re-

485 2007 694 2073 pertum
723 2000 804 2054 vel
835 2000 900 2053 ad
955 1994 1266 2054 clericatum
1301 2012 1613 2067 promovere
1650 1996 1878 2052 voluerit
1903 1999 1986 2053 vel
2014 1999 2066 2054 in

483 2105 582 2146 suo
639 2090 965 2146 monasterio
1037 2089 1294 2159 majorem
1349 2089 1660 2144 monasterii
1713 2089 2063 2153 constituere,

483 2184 766 2254 episcopus
795 2185 882 2254 qui
913 2184 1015 2237 hoc
1045 2181 1253 2246 fecerit,
1284 2197 1312 2235 a
1341 2192 1660 2237 caterorum
1688 2181 2067 2237 communione

487 2276 786 2346 Sej'unctus,
821 2290 930 2328 sua
955 2283 1157 2328 tantum
1192 2274 1359 2344 plebis
1385 2274 1764 2331 communione
1783 2284 2065 2330 contentus

484 2372 573 2436 sit,
609 2378 664 2426 et
704 2368 792 2425 ille
833 2382 1003 2437 neque
1045 2369 1273 2424 clericus
1324 2382 1496 2438 neque
1529 2367 1851 2437 praepositus
1882 2379 2066 2435 perse-

481 2473 650 2518 veret.

525 2552 683 2624 158
709 2551 850 2613 XIV.
896 2552 975 2604 De
1020 2550 1270 2622 episcOpis
1321 2552 1407 2619 qui
1452 2549 1745 2617 inﬁdelibus
1786 2564 1864 2602 res
1911 2564 2029 2602 suas

1115 2621 1426 2675 relinautmt.

1115 2636 1426 2693 relinquunt.

552 2717 682 2771 Item
711 2717 1063 2775 constitutum
1093 2723 1175 2770 est
1201 2725 1256 2769 ut
1285 2716 1328 2769 si
1359 2715 1478 2784 quis
1509 2711 1793 2784 episcopos
1823 2710 2064 2768 haredes

482 2820 765 2862 extraneos
791 2821 819 2860 a
842 2807 1304 2878 consanguinitate
1332 2820 1426 2861 sua
1458 2806 1539 2861 vel
1583 2805 1861 2860 hareticos
1901 2804 2063 2860 etiam

483 2897 911 2966 consanguineos
976 2907 1066 2951 aut
1121 2911 1356 2969 paganos
1421 2895 1674 2952 Ecclesia
1727 2897 2060 2966 pratulerit,

485 2994 677 3050 saltem
707 3002 825 3064 post
851 3003 1078 3048 mortem
1110 2992 1388 3047 anathema
1421 2993 1468 3048 ei
1497 2991 1729 3056 dicatur,
1773 3001 1932 3062 atque
1967 3008 2066 3047 no-

2176 514 2280 554 nec
2304 501 2551 554 excusari
2584 501 2751 568 possit
2790 503 2834 554 si
2867 503 3153 558 intestatus
3181 503 3465 570 defecerit,
3495 506 3621 575 quia
3649 506 3755 562 uti-

2175 603 2278 658 que
2325 588 2512 643 debuit
2556 589 2727 644 factus
2777 592 3060 661 episcopus
3108 595 3184 647 rei
3232 609 3344 649 sua
3369 595 3756 654 ordinationem

2175 695 2467 751 congruam
2500 697 2611 736 sua
2643 681 2960 752 professioni
2988 700 3320 756 nequaquam
3351 687 3585 744 dillerre.

2175 791 2290 848 XV.
2335 792 2411 849 De
2430 795 2649 850 basilicis
2676 813 2790 867 quw
2814 799 2924 850 sine
2952 808 3230 868 martyrum
3265 801 3494 871 reliquiis
3514 803 3758 858 dedicata:

2893 878 3034 920 sunt.

2244 974 2375 1031 Item
2412 976 2628 1046 placuit,
2660 988 2716 1031 ut
2740 977 2809 1032 de
2829 977 3084 1032 altaribus
3108 993 3224 1046 qua
3255 982 3449 1048 passim
3486 997 3580 1051 per
3605 997 3784 1052 agros,

2175 1074 2269 1118 aut
2293 1066 2405 1120 vias
2434 1076 2684 1136 tanquam
2710 1067 2982 1123 memoria
3013 1080 3310 1140 martyrum
3340 1055 3783 1139 constituuntur,i

2175 1155 2228 1210 in
2278 1157 2469 1226 quibus
2526 1159 2727 1213 nullum
2778 1175 2972 1228 corpus
3026 1171 3120 1214 aut
3172 1139 3413 1232 reliquiis
3461 1177 3759 1235 martyrum

2174 1248 2400 1302 condita
2455 1250 2780 1317 probantur,
2836 1252 2903 1306 ab
2942 1253 3208 1322 episcopis
3255 1255 3347 1322 qui
3393 1255 3578 1310 iisdem
3626 1257 3763 1310 locis

2175 1347 2412 1406 prasunt
2441 1339 2486 1393 si
2513 1340 2626 1394 fieri
2659 1350 2835 1410 potest
2863 1351 3170 1398 evertantur
3194 1364 3206 1397 :
3255 1346 3296 1398 si
3325 1354 3500 1400 autem
3531 1347 3634 1402 hoc
3663 1363 3764 1416 per

2175 1427 2436 1484 tumultus
2466 1431 2752 1500 populares
2776 1447 2883 1487 non
2915 1434 3126 1501 sinitur,
3157 1436 3341 1504 plebes
3374 1444 3548 1493 tamen
3582 1439 3766 1493 admo-

2173 1528 2401 1574 neantur
2449 1535 2517 1576 ne
2568 1521 2656 1576 illa
2707 1523 2819 1578 loca
2871 1525 3248 1596 frequentent,
3290 1528 3464 1597 utqui
3496 1539 3644 1584 recte
3677 1546 3762 1584 sa-

2174 1610 2325 1680 piunt
2351 1612 2495 1666 nulla
2525 1613 2597 1669 ibi
2634 1615 3017 1682 superstitione
3053 1616 3287 1671 devincti
3334 1627 3638 1674 teneantur.
3698 1622 3762 1676 Et

2171 1703 2393 1757 omnino
2428 1704 2571 1758 nulla
2606 1706 2863 1760 memoria
2905 1716 3199 1778 martyrum
3235 1708 3586 1776 probabiliter
3609 1726 3761 1765 accc-

2173 1802 2372 1862 ptetur,
2402 1795 2502 1848 nisi
2534 1795 2623 1850 ubi
2653 1811 2850 1865 corpus
2880 1805 2972 1850 aut
2999 1797 3190 1866 aliqua
3222 1799 3462 1868 reliquia
3493 1811 3636 1867 sunt,
3667 1816 3761 1857 aut

2170 1883 2320 1953 origo
2361 1883 2582 1954 alicujus
2633 1885 2978 1941 habitationis
3005 1888 3090 1943 vel
3135 1890 3401 1958 passionis
3450 1892 3759 1948 ﬁdelissima

2169 1977 2374 2048 origine
2406 1977 2663 2046 traditur;
2694 1994 2816 2033 nam
2840 1995 2959 2048 qua
2983 1995 3078 2049 per
3100 1982 3306 2035 somnia
3337 1994 3392 2038 et
3421 1985 3609 2039 inanes
3630 2000 3762 2054 qua-

2170 2068 2217 2122 si
2281 2069 2642 2124 revelationes
2691 2071 3054 2140 quorumlibet
3107 2072 3383 2130 hominum
3436 2077 3766 2149 ubicumque

2171 2162 2570 2218 constituuntur
2597 2161 2784 2216 altaria
2815 2164 3123 2222 omnimodo
3150 2164 3545 2235 improbentur.

2494 2276 2633 2339 XVI.
2677 2277 2766 2345 De:
2811 2279 3062 2333 idolatriis
3094 2280 3435 2338 destruendis.

2241 2391 2372 2446 Item
2406 2392 2604 2460 placuit
2628 2392 2697 2447 ab
2735 2393 3147 2462 imperatoribus
3177 2394 3582 2464 gloriosissitnis
3623 2398 3760 2465 peti,

2169 2491 2228 2538 ut
2280 2483 2520 2554 reliquia
2565 2484 2829 2540 idolatriae
2875 2499 2980 2539 non
3020 2487 3195 2540 solum
3244 2483 3297 2540 in
3337 2486 3634 2542 simulacris
3663 2488 3765 2542 sed

2169 2573 2222 2626 in
2253 2573 2679 2643 quibuscumque
2718 2575 2851 2630 locis
2885 2574 2970 2629 vcl
3002 2575 3136 2630 lucis
3170 2575 3254 2630 vel
3281 2576 3559 2632 arboribus
3581 2578 3765 2632 omni-

2168 2665 2330 2722 modo
2353 2665 2652 2722 deleantur.

2239 2778 2490 2834 Aurelius
2514 2780 2803 2849 episcopus
2833 2780 3078 2835 ecclesia:
3109 2781 3443 2853 Carthaginis
3483 2783 3562 2837 his
3593 2798 3764 2852 supra

2167 2870 2573 2940 comprehensis
2617 2874 2667 2924 in
2695 2880 2882 2926 nostro
2909 2872 3136 2926 concilio
3165 2874 3376 2927 stat..tis
3404 2874 3723 2943 subscripsi.

2239 2985 2502 3041 Similiter
2531 2985 2870 3058 septuaginta
2896 2994 3003 3042 tres
3033 2986 3274 3056 episcopi
3299 2987 3763 3056 subscripserunt.

481 3126 3746 3172 Μ

2006 3251 2241 3324 XVII

982 3389 1643 3477 CONCILIUM
1693 3391 2697 3479 CARTHAGINENSE
2757 3392 3255 3476 SEXTUM

483 3547 772 3595 ΙΙΔΒἸᾝΜ
831 3550 901 3590 AB
956 3548 1272 3592 ειηεοοΡιε
1323 3548 1629 3590 DUCENTIS
1685 3548 1899 3591 DECEM
1948 3549 2030 3591 ΕΤ

2179 3551 2337 3607 TEM,
2383 3552 2522 3594 EBA
2577 3547 2886 3595 CCCCLVII.
2942 3548 3050 3589 UB!
3090 3549 3300 3592 ACTUM
3355 3547 3469 3590 EST
3533 3549 3611 3590 UT
3653 3546 3762 3592 Νι·-

565 3625 797 3668 ΟΑΞΝΠΠῙ
848 3626 1194 3668 CONCILIUM
1241 3628 1320 3668 ΔΒ
1373 3625 1684 3668 EPISCOPIS
1729 3627 2064 3670 ORIENTALI

2178 3631 2189 3670 i
2227 3630 2604 3670 PETERETUB
2643 3630 2657 3668 ἒ
2689 3629 2793 3669 CUI
2838 3627 3080 3670 SYNODO
3112 3628 3454 3671 INTERFUIT
3489 3628 3764 3672 ιΕσΑτιο

565 3704 873 3745 ECCLESIE
932 3703 1233 3757 ROMANE,
1285 3704 1634 3746 FAUSTINUS
1679 3706 1961 3750 SCILICET
2013 3708 2343 3751 BPISCOPUS
2376 3735 2392 3759 ο
2443 3707 2771 3750 PHIL’PPUS
2835 3707 2911 3746 ET
2961 3708 3226 3750 ASELLUS
3255 3708 3697 3751 PRESBYTERES
3741 3733 3758 3763 ,

564 3782 717 3823 POST
767 3782 1185 3824 CONSULATUM
1244 3782 1862 3829 GLORIOSISSIMORUM

562 3859 926 3916 GUSTORUM,
975 3861 1092 3904 VIII
1138 3862 1469 3906 KALENDAS
1520 3862 1760 3907 JU‘NIAS.

1923 3787 2383 3830 IMPERATORI”!
2435 3785 2702 3829 HONOBII
2749 3785 2838 3825 XII
2906 3785 2983 3826 ΕΤ
3047 3788 3386 3832 TBEODUSI:
3445 3788 3559 3830 νιιι
3633 3788 3765 3831 Δυσ·

560 4007 762 4078 159-
792 4009 952 4079 160
991 4008 1315 4081 Carthagine
1377 4011 1429 4066 in
1483 4013 1775 4068 secretario
1829 4013 2062 4068 basilica
2091 4013 2138 4077 C
2168 4028 2272 4083 qua
2322 4015 2390 4070 de
2436 4031 2495 4071 re
2539 4016 2765 4070 Domino
2813 4024 2995 4070 nostro
3024 4016 3091 4071 de
3131 4023 3290 4070 tanta:
3320 4013 3759 4084 congregationis

490 4100 666 4165 Fausti
692 4115 815 4155 cum
849 4100 1094 4157 Aurelius
1128 4118 1260 4172 papa
1290 4118 1395 4158 una
1427 4118 1547 4158 cum
1570 4103 1851 4159 Valentino
1879 4106 2066 4173 prima

481 4192 625 4245 sedis
655 4191 944 4259 provincia
993 4192 1255 4247 Numidia
1300 4193 1661 4261 Faustinoque
1688 4195 1932 4250 ecclesia
1963 4193 2066 4250 Po-

484 4282 700 4336 tentina
767 4283 1066 4350 provinciae
1133 4284 1294 4337 Italia:
1340 4282 1519 4336 Piceni
1581 4285 1756 4355 legato
1811 4285 2065 4342 Ecclesia

481 4372 769 4435 Romana,
818 4371 912 4427 sed
970 4382 1027 4426 et
1075 4372 1262 4440 legatis
1305 4371 1642 4427 diversarum
1673 4375 2062 4443 provinciarum

480 4462 850 4515 Africanarum
884 4461 932 4514 id
963 4471 1046 4516 est
1079 4462 1443 4517 Numidiarum
1469 4463 1717 4532 duarum,
1749 4459 2059 4536 Byzacenai‘,

482 4551 816 4607 Mauritania
857 4551 1180 4621 Sitiphensis
1230 4562 1283 4607 et
1333 4552 1660 4608 Mauritania
1691 4556 2060 4624 Casariensis,

476 4643 571 4694 sed
603 4654 656 4697 et
687 4644 941 4713 Tripolis,
967 4654 1020 4699 et
1051 4643 1331 4700 Vincentio
1354 4643 1668 4701 Culusitano
1689 4688 1702 4712 ,
1727 4647 2064 4704 Fortunatia-

479 4747 550 4786 no
579 4743 632 4786 et
670 4741 881 4790 calet-is
924 4737 1188 4807 episcopis
1219 4738 1508 4804 provincia
1532 4742 1936 4808 proconsularis
1967 4743 2065 4797 du-

481 4824 652 4881 centis
688 4824 875 4879 decem
907 4836 963 4880 et
1006 4835 1211 4896 septem
1239 4866 1254 4889 .
1285 4841 1492 4882 necnon
1532 4829 1778 4898 Philippo
1805 4841 1858 4885 et
1884 4832 2063 4886 Asello

479 4914 813 4985 presbyteris
855 4925 1014 4984 atque
1058 4918 1246 4983 legatis
1294 4917 1549 4975 Romanae
1591 4921 1845 4977 Ecclesia
1872 4937 2063 4977 conse-

480 5008 650 5062 disset
675 5045 691 5073 ,
733 5008 1033 5063 astantibus
1079 5009 1392 5068 diaconibus
1419 5053 1432 5075 ,
1485 5012 1738 5070 Aurelius
1780 5014 2063 5084 episcopus

480 5098 636 5154 dixit.

657 5194 698 5248 I.
742 5195 996 5250 Allocutio
1024 5203 1046 5230 ο
1074 5194 1266 5249 Aurelii
1295 5195 1517 5265 episwpi
1539 5196 1605 5247 ad
1628 5195 1900 5265 synodum.

552 5289 680 5342 Post
727 5287 868 5342 diem
918 5291 1262 5345 constitutum
1296 5289 1546 5354 concilii,
1591 5298 1648 5344 ut
1683 5288 2058 5357 recordamini,

2168 4115 2314 4160 coetu
2345 4107 2545 4175 gratias
2576 4105 2881 4164 referimus.
2922 4108 3180 4177 Superest
3210 4119 3263 4159 ut
3292 4116 3396 4160 tam
3425 4107 3763 4175 exctnplaria

2170 4196 2373 4251 Nicani
2398 4197 2613 4252 concilii
2641 4214 2760 4267 qua
2793 4213 2933 4253 nunc
2963 4198 3219 4254 habemus
3243 4207 3296 4254 et
3321 4213 3350 4251 a
3378 4197 3606 4267 patribus
3625 4212 3764 4251 con-

2167 4287 2349 4343 stituta
2377 4297 2500 4343 sunt
2526 4330 2540 4353 ,
2588 4304 2748 4359 quam
2779 4291 2939 4344 etiam
2981 4287 3066 4343 hic
3104 4304 3132 4342 a
3156 4289 3528 4344 decessoribus
3557 4289 3764 4342 nostris

2167 4381 2414 4436 eamdem
2445 4383 2710 4452 synodum
2752 4381 3024 4436 firmantes
3056 4383 3133 4436 vel
3157 4397 3274 4450 qua
3309 4381 3601 4436 secundum
3631 4395 3758 4435 eam

2166 4471 2390 4527 formam
2413 4489 2508 4542 per
2527 4487 2713 4527 omnes
2735 4474 3051 4528 clericorum
3069 4473 3263 4543 gradus
3292 4488 3320 4526 a
3343 4487 3554 4526 summo
3583 4486 3761 4540 usque

2166 4564 2219 4616 in
2247 4564 2492 4620 ultimum
2519 4565 2808 4620 salubriter
2836 4567 3075 4620 ordinata
3107 4573 3250 4631 sunt,
3277 4567 3327 4619 in
3358 4564 3590 4620 medium
3625 4579 3758 4632 pro-

2167 4652 2428 4710 ferantur.
2488 4655 2570 4710 Ab
2620 4656 2870 4710 universo
2917 4656 3144 4710 concilio
3191 4656 3388 4709 dictum
3419 4666 3536 4708 cSt:
3569 4653 3762 4708 Profe-

2165 4757 2370 4802 rantur.
2435 4748 2617 4803 Daniel
2668 4749 2905 4803 notarius
2944 4750 3231 4804 recitavit:
3282 4747 3486 4801 Μεριιὶ
3537 4746 3757 4800 concilii

2165 4841 2288 4896 fidei
2319 4841 2580 4910 professio
2607 4841 2686 4896 vel
2717 4850 2911 4896 statuta
2939 4842 3006 4895 ita
3035 4857 3092 4895 se
3126 4840 3340 4894 habent.

2163 4954 2228 5010 II.
2274 4954 2554 5020 Responsio
2582 4953 2820 5008 Faustini
2845 4955 3064 5024 epismpi
3095 4953 3249 5024 legati
3285 4952 3528 5008 Romana:
3559 4948 3758 5002 Eccle-

2234 5027 2325 5079 sia:
2353 5026 2415 5079 de
2454 5025 2532 5078 Itis
2561 5042 2674 5095 qua:
2711 5027 2762 5078 in
2817 5024 3046 5078 Ecclesia
3087 5026 3270 5094 partim
3301 5037 3522 5088 canone,
3557 5025 3758 5089 partim

2236 5098 2601 5149 consuetudine
2622 5105 2740 5150 sunt
2771 5096 2991 5164 ﬁrmata.

2237 5187 2412 5243 Ilacb
2451 5205 2573 5244 cum
2623 5189 2860 5242 audisset
2908 5187 3192 5241 Faustinus
3237 5186 3522 5254 episcopus
3575 5183 3757 5253 plebis

2168 5278 2462 5335 I'otentina
2511 5283 2800 5351 provincia
2846 5281 3009 5335 Italia
3053 5277 3230 5334 Piceni
3263 5278 3468 5348 legatus
3493 5277 3758 5331 Romana

477 5379 666 5436 fratres
717 5377 1032 5445 beatissimi,
1064 5381 1227 5436 multa
1260 5381 1490 5451 "agitata
1518 5387 1663 5449 sunt,
1690 5388 2060 5449 exspectantes
2087 5363 2138 5422 Ῐ)
2167 5370 2419 5425 Ecclesia
2446 5371 2580 5426 dixit
2604 5389 2618 5426 :
2653 5371 2887 5441 Injuncta
2916 5370 3072 5425 nobis
3104 5378 3229 5425 sunt
3267 5383 3294 5421 a
3333 5369 3463 5424 sede
3491 5367 3761 5436 apostoli-

480 5472 669 5525 fratres
718 5479 932 5525 nostros
983 5471 1072 5538 qui
1123 5487 1261 5524 nunc
1320 5471 1384 5525 ad
1434 5481 1754 5541 prasentcm
1798 5469 2060 5542 synodum

477 5560 633 5629 legati
662 5560 1021 5644 advenerunt,
1047 5573 1165 5627 qua
1195 5562 1360 5627 gestis
1394 5577 1615 5618 necesse
1658 5569 1742 5616 est
1768 5561 2059 5629 sociantur,

535 5699 570 5767 β’
620 5690 714 5742 llic
741 5703 794 5746 et
823 5700 1108 5760 sequentes
1146 5691 1278 5743 tituli
1310 5689 1374 5744 ad
1412 5694 1706 5772 marginem
1732 5695 1783 5746 in
1815 5694 1881 5772 Δἶ
1903 5694 2056 5772 depi-_

478 5764 546 5828 cti
576 5770 726 5829 sunt;
780 5776 1158 5830 nonnunquam
1209 5776 1336 5817 vero
1385 5764 1507 5817 cum
1556 5764 1608 5816 in
1640 5771 1841 5817 textum
1869 5764 2054 5834 insonti

2166 5478 2228 5518 ca
2256 5465 2428 5533 aliqua
2458 5479 2554 5534 per
2579 5465 2898 5532 scripturam
2926 5505 2944 5530 ,
2988 5463 3163 5532 aliqua
3194 5465 3353 5519 etiam
3387 5465 3438 5517 in
3479 5459 3761 5515 mandatis

2165 5569 2285 5612 cum
2334 5565 2514 5611 vestra
2563 5554 2888 5612 beatitudine
2931 5553 3208 5609 tractanda
3237 5597 3250 5619 ,
3307 5551 3467 5609 sicuti
3499 5560 3555 5606 et
3580 5550 3761 5620 gestis

2163 5689 2270 5744 sint
2299 5689 2572 5756 periodum
2607 5698 2853 5744 truncare
2877 5687 3143 5742 videntur.

2233 5757 2258 5797 ³³
2297 5753 2406 5829 Αςη
2443 5760 2501 5817 Β.
2527 5760 2613 5830 IL,
2641 5760 2728 5829 U.,
2756 5761 2843 5828 (3.,
2879 5757 3082 5813 Etcum
3107 5759 3337 5826 dixisset,
3368 5753 3669 5810 Faustinus.
