4060 6184
376 260 484 320 ΞΙῦ

1057 250 1439 311 COLLECTIO
1476 252 1802 310 CANONUM
1844 251 1903 309 S.
1946 206 2219 310 [SIDORO
2258 252 2524 313 lliSPAL.
2570 254 2931 313 ASCRIPTA.

3532 266 3631 323 216

376 392 444 431 ne
476 375 728 429 innocens
749 370 1030 427 damnetur
1050 379 1142 424 aut
1168 369 1356 439 perdat
1376 369 1831 437 communionem,
1859 368 1954 424 ba-
1986 375 2036 436 Α
2064 367 2211 430 ritas,
2237 382 2297 422 ea
2320 369 2549 439 capitula
2573 383 2692 439 quae
2716 370 2768 423 in
2793 369 3202 426 commonitorio
3220 386 3459 442 praesens
3482 375 3646 434 frater

375 471 500 526 beat
528 476 852 539 potestatem
882 466 1086 538 eiectus
1134 474 1193 519 ut
1227 466 1483 519 ﬁnitimos
1517 463 1820 533 interpellet
1843 464 1959 532 epi-

374 577 588 631 scopos,
620 569 677 615 ut
699 575 860 617 causa
888 561 1005 627 ejus
1025 558 1274 613 audiatur
1299 565 1353 616 et
1401 556 1711 625 diligentius
1764 564 1958 610 tracte-

373 664 480 720 tur,
515 654 638 724 quia
669 668 777 708 non
808 659 1024 722 oportet
1060 650 1109 705 ei
1133 648 1315 717 negari
1374 649 1696 704 audientiam
1727 647 1953 719 roganti,

372 756 430 801 et
451 746 537 801 ille
563 745 847 812 episcopus
869 743 960 811 qui
990 740 1243 808 autjuste
1273 749 1364 793 aut
1412 739 1611 809 injuste
1640 739 1827 808 rejecit
1857 753 1957 808 pa-

374 837 571 892 tienter
598 836 823 903 accipiat
845 841 901 886 ut
954 831 1224 900 negotium
1252 830 1588 896 discutiatur,
1619 839 1677 884 ut
1712 838 1806 884 aut
1835 844 1981 911 pro-ﬁ

370 928 527 981 betur
545 926 662 994 ejus
687 932 779 978 aut
803 922 1118 977 emendetur
1136 921 1400 976 sententia
1431 938 1445 975 :
1476 928 1532 975 et
1558 932 1773 976 cratera.

372 1016 485 1071 VII.
519 1015 617 1071 Ubi
646 1015 958 1086 Augustinus
992 1014 1256 1082 episcopus
1276 1029 1394 1066 cum
1434 1014 1627 1086 synodo
1682 1011 1954 1067 Nica’num

713 1084 986 1138 concilium
1015 1099 1315 1138 conservare
1335 1085 1608 1154 promittit.

444 1176 686 1247 Cumque
733 1177 1071 1239 recitaretur,
1104 1175 1430 1246 Augustinus
1460 1176 1743 1243 episcopus
1784 1174 1955 1229 eccle-

372 1268 465 1322 size
524 1266 1018 1336 Hipponiregiensis
1085 1266 1289 1336 legatus
1358 1266 1647 1335 provincia:
1695 1264 1955 1319 Numidiae

367 1358 544 1413 dixit:
582 1360 645 1412 Et
670 1358 770 1413 hoc
796 1375 895 1413 nos
924 1366 1236 1414 servaturos
1284 1358 1599 1426 profitemur
1650 1358 1793 1412 salva
1825 1356 1953 1410 dili-

366 1448 597 1517 gentiori
648 1450 990 1518 inquisitione
1033 1448 1247 1504 concilii
1286 1448 1504 1503 Nicazui.
1540 1449 1785 1502 Aurelius
1834 1446 1953 1515 epi-

370 1555 567 1608 scopus
593 1541 768 1595 dixit:
803 1540 858 1596 Si
908 1540 1011 1595 hoc
1059 1541 1218 1595 etiam
1259 1539 1501 1599 omnium
1524 1538 1685 1593 vestri
1709 1538 1955 1594 cbaritati

367 1631 565 1697 placet,
615 1631 968 1703 responsione
1024 1633 1253 1687 ﬁrmate.
1301 1631 1617 1687 Universum
1668 1631 1952 1686 concilium

2061 469 2116 513 et
2143 462 2495 531 coepiscopus
2525 471 2707 517 noster
2732 462 3016 518 Faustinus
3046 464 3141 518 sed
3191 475 3247 520 ct
3297 471 3651 540 eompresby-

2061 552 2156 607 teri
2189 551 2465 623 Philippus
2486 564 2539 608 et
2566 553 2773 608 Asellus
2802 568 2983 609 secum
2999 556 3309 622 attulerunt,
3333 570 3424 613 aut
3442 559 3642 618 ibidem

2060 652 2271 714 reperta
2299 660 2329 698 a
2358 644 2514 700 nobis
2544 646 2917 711 ﬁrmabuntur,
2947 657 3039 702 aut
3069 649 3112 703 si
3143 664 3246 703 non
3277 650 3643 720 inveniuntur,

2058 735 2280 791 collecta
2302 736 2510 807 synodo
2536 738 2605 792 de
2637 738 2738 793 hcc
2768 738 2819 792 in
2844 739 3091 809 sequenti
3140 742 3509 797 tractabimus.
3540 745 3644 799 Da-

2061 828 2163 881 niel
2196 828 2437 883 notarius
2460 827 2662 883 Nicani
2708 829 2918 884 concilii
2970 831 3353 899 professionem
3404 835 3527 889 fidei
3558 838 3642 891 vel

2058 918 2174 987 ejus
2204 927 2398 973 statuta
2422 919 2665 974 recitavit
2689 919 2739 973 in
2765 919 2991 975 concilio
3015 921 3286 977 Africano.

2341 1013 2411 1068 X.
2444 1014 2703 1084 Professio
2741 1016 2865 1084 ﬁdei
2904 1016 3107 1071 Nica’ni
3133 1020 3356 1077 concilii.

2128 1104 2410 1159 Credimus
2440 1105 2491 1159 in
2546 1121 2706 1160 unum
2740 1106 2903 1161 Deum
2952 1106 3168 1162 Patrem
3223 1110 3642 1178 omnipotentem

2057 1194 2294 1249 omnium
2319 1194 2603 1250 visibilium
2630 1206 2684 1251 et
2709 1196 3060 1251 invisibilium
3089 1198 3421 1255 conditorem
3457 1218 3470 1252 :
3503 1212 3557 1255 et
3589 1205 3641 1257 in

2058 1302 2224 1340 unum
2261 1286 2544 1341 Dominum
2583 1286 2769 1342 Jesum
2801 1286 3072 1343 Christum
3098 1289 3264 1344 ﬁlium
3313 1291 3428 1357 Dei,
3459 1306 3642 1349 natum

2058 1374 2126 1430 de
2156 1376 2311 1431 Patre
2343 1376 2696 1447 unigenitum,
2730 1378 2831 1432 hoc
2880 1386 2963 1433 est
2997 1379 3067 1434 de
3111 1381 3410 1437 substantia
3444 1384 3640 1453 Patris,

2060 1466 2228 1521 Deum
2252 1467 2319 1522 de
2346 1467 2474 1535 Deo,
2524 1468 2704 1524 lumen
2758 1469 2825 1525 de
2880 1469 3105 1537 lumine,
3150 1471 3315 1528 Deum
3339 1489 3523 1529 verum
3574 1476 3644 1532 de

2061 1559 2170 1615 Deo
2196 1574 2349 1629 vero,
2378 1568 2585 1629 natum,
2618 1576 2722 1617 non
2751 1562 2967 1630 factum,
3003 1563 3156 1619 unius
3183 1564 3496 1621 substantire
3519 1583 3641 1621 cum

2060 1649 2240 1716 Patre,
2270 1651 2413 1721 quod
2438 1650 2611 1708 Crte-ci
2639 1652 2826 1708 dicunt
2854 1654 3194 1721 homousion,
3220 1671 3314 1726 per
3341 1673 3500 1728 quem
3526 1675 3642 1712 οιιι-

365 1723 499 1777 dixit
529 1740 544 1779 :
578 1723 767 1781 Omnia
791 1740 908 1794 qua:
941 1724 993 1782 in
1042 1723 1260 1783 Nicazno
1286 1724 1515 1778 concilio
1577 1730 1771 1777 statuta
1830 1732 1945 1777 sunt

2061 1740 2145 1795 nia
2175 1740 2309 1795 facta
2340 1750 2483 1807 sunt,
2516 1742 2629 1797 sive
2654 1758 2775 1813 qua:
2798 1745 2849 1799 in
2880 1745 3039 1812 cosio,
3072 1748 3188 1803 sive
3241 1718 3445 1816 quze'in
3474 1756 3638 1814 terra,

366 1813 520 1868 nobis
548 1816 800 1871 omnibus
823 1815 1052 1885 placent.
1084 1813 1359 1872 Jucundus
1382 1815 1669 1884 cpisc0pus
1710 1813 1953 1870 ecclesiae

367 1906 676 1976 Sopbe'tulae
704 1908 908 1977 legatus
948 1907 1238 1977 provincias
1264 1906 1553 1978 Byzacena:
1591 1906 1727 1961 dixit
1753 1924 1765 1960 :
1795 1906 1951 1975 Quod

373 2006 629 2053 statutum
661 2010 745 2055 est
773 2000 823 2054 in
874 1999 1091 2053 Nicaeno
1120 1999 1349 2053 concilio
1372 1998 1559 2053 violari
1604 2015 1633 2054 a
1683 2013 1950 2069 quoquam

368 2088 673 2146 nullatenus
702 2099 904 2161 potest.

368 2177 500 2236 νιιι.
535 2181 635 2236 Ubi
669 2180 946 2237 Faustinus
986 2183 1255 2253 episcopus
1304 2197 1396 2253 pro
1444 2182 1698 2253 dubietate
1750 2180 1951 2235 recitat-i

532 2254 746 2324 capituli
778 2253 1009 2308 Romano
1038 2268 1184 2322 papa:
1216 2252 1401 2322 reperit
1429 2252 1778 2307 scribendum.

435 2344 721 2400 Faustinus
773 2343 1059 2414 episcopus
1129 2345 1334 2414 legatus
1389 2343 1643 2400 Ecclesia:
1697 2344 1950 2399 Romana:

361 2437 494 2491 dixit
548 2453 563 2490 :
611 2435 801 2491 Adhuc
844 2436 1135 2492 secundum
1193 2434 1581 2505 professionem
1654 2436 1950 2491 sanctitatis

360 2535 551 2581 vestra:
574 2535 681 2580 tam
702 2526 873 2581 sancti
906 2526 1063 2596 Alipii
1093 2540 1250 2595 quam
1282 2528 1442 2580 etiam
1469 2527 1646 2580 fratris
1667 2527 1835 2581 nosni
1855 2527 1950 2581 .ln—

356 2618 517 2673 cundi
547 2618 722 2688 a'iqua
782 2616 983 2671 ﬁrmari
1032 2616 1213 2682 credo,
1273 2617 1446 2685 aliqua
1493 2616 1775 2682 inﬁrmari,
1805 2617 1945 2684 quod

361 2723 465 2763 non
494 2707 677 2773 debet,
704 2722 825 2762 cum
852 2708 960 2775 jam
1020 2707 1071 2760 in
1120 2706 1339 2761 dubium
1394 2706 1492 2775 ipsi
1524 2720 1756 2761 canones
1788 2721 1946 2762 vene-

360 2798 510 2858 rint:
544 2812 671 2867 ergo
697 2805 755 2851 ut
776 2797 949 2867 placet
977 2805 1031 2851 et
1074 2796 1225 2852 nobis
1255 2804 1309 2852 et
1360 2796 1673 2853 beatitudini
1726 2807 1940 2864 vestrae,

358 2890 425 2944 ad
454 2899 693 2943 sanctum
721 2898 775 2945 et
812 2888 1168 2943 venerabilem
1214 2887 1472 2942 Ecclesia:
1522 2887 1778 2950 Romana:
1826 2889 1943 2958 epi-

358 2999 581 3052 scOpum
612 2993 787 3038 vestra
808 2981 1046 3038 scribere
1067 2983 1313 3051 dignetur
1341 2981 1616 3045 sanctitas,
1649 2990 1707 3036 ut
1747 2992 1798 3036 et
1830 2981 1943 3049 ipse

2054 1832 2146 1901 qui
2181 1842 2404 1902 propter
2433 1850 2532 1890 nos
2558 1835 2805 1890 homines
2827 1847 2879 1892 et
2904 1848 3119 1907 propter
3144 1849 3384 1895 nostram
3415 1841 3637 1896 salutem

2054 1925 2353 1992 descendit,
2385 1934 2440 1981 et
2463 1927 2773 1985 incarnatus
2797 1939 2900 1993 est,
2928 1930 3088 1984 homo
3121 1929 3292 1984 factus
3316 1944 3505 1999 passus
3532 1941 3638 1995 est,

2053 2024 2109 2071 et
2137 2017 2439 2074 resurrexit
2466 2019 2620 2075 tertia
2650 2019 2758 2084 die,
2787 2020 3029 2076 ascendit
3061 2021 3112 2077 in
3164 2021 3356 2087 cmlos,
3388 2022 3539 2077 sedet
3565 2023 3635 2076 ad

2052 2110 2329 2166 dexteram
2370 2111 2565 2181 Patris,
2607 2114 2760 2185 165
2789 2115 2911 2170 inde
2942 2122 3194 2169 venturus
3218 2115 3462 2183 judicare
3490 2116 3640 2169 vivos

2052 2214 2107 2260 et
2134 2215 2373 2262 mortuos
2398 2225 2413 2262 :
2436 2215 2491 2263 et
2514 2208 2565 2262 in
2596 2207 2852 2276 Spiritum
2903 2217 3168 2263 sanctum.
3195 2208 3300 2263 Eos
3325 2218 3503 2264 autem
3537 2209 3634 2275 qui

2051 2297 2236 2353 dicunt
2264 2315 2279 2353 :
2315 2299 2439 2353 Erat
2468 2300 2684 2370 quando
2708 2315 2814 2354 non
2840 2308 2974 2365 erat,
3008 2309 3061 2356 et
3110 2301 3413 2369 priusquam
3444 2313 3636 2355 nasce-

2052 2397 2201 2444 retur
2226 2402 2333 2443 non
2367 2397 2506 2455 erat,
2536 2398 2592 2444 et
2618 2392 2742 2458 quia
2795 2404 2861 2444 ex
2893 2390 3055 2445 nullis
3103 2390 3435 2445 exstantibus
3466 2388 3634 2444 factus

2051 2489 2153 2547 est,
2184 2487 2277 2535 aut
2302 2496 2368 2537 ex
2399 2481 2577 2551 aliqua
2601 2482 2894 2537 substantia
2914 2482 3000 2537 vel
3023 2491 3229 2544 natura,
3253 2481 3492 2536 dicentes
3519 2496 3635 2533 mu-

2050 2569 2269 2625 tabilem
2297 2580 2354 2632 et,
2377 2572 2786 2627 convertibilem
2818 2572 3009 2627 Filium
3040 2574 3132 2627 Dei
3160 2591 3175 2639 ;
3200 2572 3298 2628 hos
3324 2574 3631 2627 anathema-

2052 2658 2178 2715 tizat
2197 2660 2456 2715 catholica
2485 2672 2540 2717 et
2568 2663 2861 2732 apostolica
2890 2664 3149 2720 Ecclesia.

2048 2772 2152 2848 XI.»
2172 2772 2409 2848 Epistula
2432 2777 2497 2829 ad
2521 2775 2847 2848 Bonifacium
2876 2778 3015 2831 urbis
3041 2778 3217 2832 Romae
3242 2779 3533 2848 episc0pum
3557 2777 3625 2829 ab

2118 2846 2327 2927 Aurelia
2356 2857 2414 2929 et.
2442 2844 2936 2929 reliquis‘Afi'Ehme
2964 2844 3505 2929 propinciqépixcdpis
3540 2864 3635 2913 per

2115 2918 2348 2989 superius
2381 2917 2733 2989 denominatos
2770 2917 3018 2974 Romana:
3054 2918 3502 2989 Ecclesitelegatos
3536 2933 3631 2988 pro

2116 3003 2173 3040 co
2195 2988 2305 3057 ipso
2326 2988 2543 3041 concilio
2572 2989 2597 3025 δ
2622 2990 2831 3043 directa.

354 3074 496 3142 quod
527 3083 581 3130 et
607 3082 822 3129 sanctus
852 3074 1183 3141 Augustinus
1209 3084 1443 3127 statuere
1468 3071 1716 3141 dignatus
1744 3082 1826 3127 est
1852 3071 1941 3126 de-
1968 3065 2017 3127 C
2125 3076 2349 3131 Domino
2390 3076 2705 3133 beatissimo
2734 3088 2786 3132 et
2817 3078 3114 3134 honorabili
3160 3078 3307 3133 fratri
3356 3077 3632 3134 Bonifacio

359 3167 590 3223 liberare
630 3170 798 3239 possit
833 3168 990 3241 164
1016 3176 1323 3223 utrumnam
1372 3175 1427 3222 et
1475 3167 1577 3222 hoc
1607 3167 1942 3223 consﬁtuen-

356 3257 485 3311 dum
515 3257 586 3313 sit
606 3273 669 3313 ac
719 3257 1082 3322 retinendum,
1115 3256 1217 3312 hoc
1263 3265 1347 3315 est
1392 3256 1461 3315 de
1504 3257 1945 3326 appellationibus

360 3348 626 3405 inferioris
651 3349 868 3419 gradus.
893 3349 951 3404 Si
979 3364 1106 3419 ergo
1154 3347 1331 3403 adhuc
1383 3349 1435 3403 in
1458 3349 1679 3405 dubium
1708 3350 1854 3405 venit
1877 3351 1945 3405 de

357 3446 461 3504 hoc
483 3446 736 3516 capitulo,
763 3444 966 3515 justum
999 3452 1082 3499 est
1109 3452 1167 3498 ut
1204 3443 1525 3499 beatissimus
1574 3444 1830 3498 Romana:
1857 3458 1943 3498 se-

357 3537 443 3592 dis
467 3538 751 3607 episcOpus
778 3534 1055 3591 informari
1081 3534 1298 3599 debeat,
1322 3536 1367 3588 si
1415 3544 1588 3589 tamen
1638 3534 1943 3603 approbatis

355 3626 651 3682 canonibus
684 3626 783 3680 hoc
806 3635 829 3661 ε·
861 3624 1097 3679 invenire
1129 3623 1392 3691 poteritis.

351 3738 445 3799 IX.
478 3737 575 3794 Ubi
598 3738 827 3808 synodus
856 3737 1171 3808 exemplaria
1226 3736 1428 3808 Νισιεηὶ
1458 3735 1659 3789 concilii
1691 3737 1853 3805 magis
1878 3736 1940 3789 ab

528 3806 862 3869 orientalibus
893 3806 1142 3877 episcopis
1182 3807 1465 3876 expetenda
1517 3807 1753 3859 decreuit.

426 3920 681 3980 Aurelius
711 3918 992 3989 episcopus
1014 3917 1146 3974 dixit
1179 3936 1192 3972 :
1226 3919 1397 3974 Etiam
1446 3935 1568 3991 quae
1596 3920 1796 3977 dudum
1851 3935 1940 3976 ve-

348 4021 477 4073 stra:
507 4010 755 4066 cbaritati
781 4011 1158 4076 intimavimus,
1183 4026 1324 4066 nune
1345 4011 1583 4081 patimini
1618 4011 1938 4082 exemplaria

344 4112 667 4161 statutorum
699 4104 900 4159 Nicmni
933 4105 1168 4169 concilii,
1198 4104 1292 4160 sed
1323 4112 1376 4159 et
1402 4120 1523 4175 qua:
1552 4105 1635 4157 hic
1656 4104 1941 4157 salubriter

348 4201 600 4255 anostris
654 4200 1033 4256 decessoribus
1089 4201 1381 4255 secundum
1438 4198 1677 4266 ejusdem
1724 4198 1934 4251 concilii

347 4288 578 4342 formam
612 4288 695 4342 vel
727 4303 846 4357 qua:
878 4303 1019 4342 nunc
1043 4303 1071 4340 a
1095 4288 1252 4341 nobis
1273 4287 1514 4341 ordinata
1546 4294 1673 4340 sunt
1721 4285 1934 4341 recitari

346 4388 402 4432 et
431 4378 595 4447 gestis
622 4376 805 4431 inseri.
837 4377 1010 4431 Omne
1062 4377 1343 4431 concilium
1392 4374 1526 4430 dixit
1552 4393 1567 4429 :
1601 4374 1932 4444 Exemplaria
1960 4417 2013 4476 Β

345 4470 474 4532 ﬁdei
503 4479 557 4530 et
578 4476 775 4526 statuta
807 4467 1036 4523 Nieaanae
1067 4468 1276 4539 synodi,
1305 4484 1423 4538 qua:
1447 4468 1512 4522 ad
1545 4476 1785 4522 nostrum
1808 4481 1935 4522 con-

342 4560 526 4615 cilium
556 4576 651 4631 per
672 4561 844 4615 beata:
884 4558 1275 4613 recordationis
1327 4556 1453 4612 olim
1483 4558 1931 4627 praedecessorem

348 4666 454 4709 tua:
476 4656 776 4713 sanctitatis
799 4654 890 4725 qui
944 4652 1188 4709 interfuit
1241 4652 1568 4708 Cecilianum
1617 4650 1928 4720 episcOpum

341 4747 503 4802 allata
525 4755 671 4823 sunt,
704 4747 798 4802 sed
826 4730 1037 4814 etquae
1090 4754 1268 4811 patres
1316 4759 1377 4799 ea
1425 4743 1748 4812 exemplaria
1781 4739 1927 4813 [/E.,

341 4839 407 4894 Β.
444 4839 535 4907 R.,
572 4837 665 4904 U.,
695 4836 965 4908 exempla]
997 4846 1280 4907 sequentes
1326 4837 1413 4891 hic
1439 4836 1829 4890 constituerunt
1850 4833 1931 4887 vel

343 4946 486 4988 nunc
511 4929 784 4987 communi
830 4937 1057 4991 tractatu
1108 4928 1408 4990 statuimus,
1435 4926 1517 4979 his
1561 4926 1727 4994 gestis
1766 4923 1934 4978 eccle-

342 5021 577 5081 siasticis
602 5022 801 5077 inserta
829 5018 1139 5080 manebunt,
1165 5018 1236 5071 ita
1260 5027 1313 5072 ut
1346 5016 1595 5086 superius
1622 5015 1822 5068 dictum
1848 5023 1932 5068 est

341 5113 739 5171 venerabilibus
769 5110 897 5167 viris
928 5108 1278 5164 Antiochense
1331 5116 1386 5161 et
1430 5104 1811 5161 Alexandrinae
1832 5103 1927 5159 sed

341 5215 399 5263 et
440 5204 1044 5274 Constantinopolitanze
1092 5199 1444 5255 Ecclesiarum
1478 5194 1593 5267 [U.,
1619 5192 1707 5260 G.,
1744 5192 1930 5248 Eccle-

341 5294 457 5367 siae]
483 5296 749 5367 episcopis
776 5296 1015 5352 scribere
1045 5300 1225 5349 vestra
1277 5287 1550 5344 beatitudo
1576 5287 1848 5356 dignetur,
1875 5295 1932 5341 ut

345 5387 679 5453 exemplaria
707 5386 983 5439 verissima
1010 5383 1225 5437 concilii
1257 5380 1457 5435 Nicmni
1506 5377 1607 5433 sub
1632 5376 1929 5446 adstipula-

2046 3168 2317 3235 Aurelius,
2353 3167 2662 3222 Valentinus
2708 3170 2896 3238 prima;
2932 3170 3077 3224 sedis
3116 3170 3403 3239 provinciae
3437 3169 3621 3223 Nomio

2044 3260 2148 3314 dia:
2178 3268 2233 3314 et
2278 3260 2456 3314 caeteri
2495 3258 2582 3329 qui
2614 3270 2907 3328 prtesentes
2951 3260 3218 3314 adfuimus
3260 3274 3483 3314 numero
3530 3258 3628 3314 du~

2045 3350 2187 3407 ceuti
2215 3349 2400 3405 decem
2428 3360 2481 3404 et
2508 3359 2712 3419 septem
2737 3366 2805 3403 ex
2832 3351 2976 3403 omni
3007 3350 3237 3405 concilio
3268 3349 3481 3404 Africm.

2115 3443 2375 3512 Quoniam
2409 3441 2635 3503 Domino
2667 3442 2885 3511 placuit,
2920 3451 2974 3496 ut
3001 3442 3068 3496 de
3092 3443 3172 3496 bis
3204 3457 3322 3510 qua:
3352 3442 3629 3495 nobiscum

2045 3545 2268 3603 egerunt
2304 3536 2473 3589 sancti
2517 3535 2710 3589 fratres
2744 3536 2911 3589 nostri
2955 3535 3309 3604 coepiscopus
3338 3533 3627 3589 Fausxinus

2044 3638 2099 3682 et
2139 3626 2566 3697 compresbyteri
2610 3627 2886 3697 Philippus
2927 3637 2981 3682 et
3032 3628 3261 3692 Asellus,
3304 3641 3406 3680 non
3456 3627 3628 3680 beam

2045 3722 2317 3775 memoriae
2340 3720 2595 3789 epiSCOpo
2621 3720 2838 3775 Zosimo
2861 3735 2889 3774 a
2921 3734 3028 3789 quo
3070 3720 3134 3774 ad
3167 3736 3263 3774 nos
3296 3718 3542 3773 mandata
3572 3727 3629 3771 et

2044 3812 2248 3865 litteras
2288 3812 2600 3877 attulerunt,
2633 3812 2726 3865 sed
2761 3821 2863 3866 tute
2897 3810 3228 3865 venerationi
3276 3810 3365 3879 qui
3414 3812 3464 3862 in
3509 3808 3627 3877 ejus

2044 3904 2164 3959 loco
2207 3918 2267 3959 es
2315 3904 2574 3959 divinitus
2614 3907 2958 3969 constitutus,
2992 3903 3266 3959 humilitas
3318 3912 3497 3957 nostra
3542 3915 3627 3955 re-

2041 3994 2333 4062 scriberet;
2368 4009 2432 4050 ea
2470 3995 2705 4050 breviter
2737 3996 3014 4050 insinuare
3047 3994 3304 4048 debemus
3336 4009 3454 4062 qua:
3481 4004 3628 4047 utro-

2042 4100 2268 4155 rumque
2292 4085 2577 4139 concordia
2609 4087 2893 4139 terminata
2934 4093 3088 4148 sunt,
3119 4099 3222 4137 non
3251 4098 3315 4137 ea
3346 4099 3463 4152 qua:
3498 4096 3625 4150 pro-

2040 4174 2165 4229 lixis
2205 4184 2475 4243 gestorum
2504 4174 2868 4229 voluminibus
2918 4176 3285 4239 continentur,
3322 4175 3374 4226 in
3432 4174 3625 4240 quibus

2039 4268 2181 4320 salva
2215 4267 2431 4337 quidem
2463 4265 2722 4322 charitate
2747 4282 2857 4321 non
2905 4276 3081 4321 tamen
3113 4266 3231 4320 sine
3260 4278 3423 4334 parvo
3462 4264 3628 4316 alter-

2039 4358 2266 4413 cationis
2309 4358 2493 4413 labore
2545 4359 2810 4413 demorati
2858 4373 3071 4421 sumus,
3104 4373 3166 4413 ea
3214 4358 3378 4427 gestis
3424 4355 3625 4411 delibe-

2042 4460 2220 4505 rantes
2240 4467 2359 4520 quaa
2391 4466 2531 4505 nunc
2558 4450 2622 4503 ad
2652 4464 2867 4505 causam
2904 4452 3205 4519 pertinent;
3240 4462 3541 4517 quanquam
3568 4455 3625 4499 et

2038 4545 2151 4611 ille,
2175 4547 2217 4598 si
2248 4545 2423 4598 adhuc
2451 4552 2598 4599 esset
2621 4544 2671 4597 in
2707 4558 2968 4612 corpore,
2995 4542 3095 4596 hoc
3125 4542 3391 4610 acciperet
3419 4538 3624 4610 gratius

2037 4637 2178 4707 quod
2214 4634 2418 4690 videret
2464 4635 2703 4703 pacatius
2748 4634 3126 4700 terminatum,
3170 4632 3386 4686 domine
3435 4632 3620 4683 Irater.

2036 4728 2284 4796 Apiarius
2314 4727 2616 4799 presbyter,
2668 4727 2736 4782 de
2762 4725 2916 4795 cujus
2962 4735 3016 4781 et
3058 4725 3398 4780 ordinatione
3446 4733 3496 4777 et
3525 4737 3621 4775 ex-

2036 4817 2525 4872 communicatione
2547 4826 2603 4870 et
2638 4816 3016 4884 provocatione
3043 4815 3215 4870 fuerat
3236 4824 3481 4868 exortum
3511 4828 3619 4865 non

2033 4911 2207 4967 solum
2238 4908 2477 4963 Siccensi
2510 4922 2694 4961 verum
2734 4906 2893 4961 etiam
2926 4907 3090 4961 totius
3121 4906 3315 4960 Africa:
3362 4903 3621 4960 Ecclesia:

2033 5016 2138 5056 non
2172 5001 2289 5056 leve
2315 4998 2651 5062 scandalum,
2680 4997 2748 5052 de
2774 4997 3025 5052 omnibus
3066 4996 3343 5051 erroribus
3386 4997 3495 5047 suis
3524 5008 3617 5045 ve-

2033 5097 2174 5150 niam
2196 5102 2385 5164 petens
2413 5090 2777 5146 communioni
2804 5098 2886 5143 est
2907 5089 3186 5143 restitutus
3213 5105 3224 5139 :
3259 5086 3406 5155 prior
3436 5093 3614 5139 autem

2032 5190 2380 5257 coepiscopus
2419 5193 2601 5240 noster
2647 5183 2919 5239 Siccensis
2967 5181 3214 5237 Urbanus
3257 5179 3400 5247 quod
3445 5179 3495 5231 in
3546 5192 3614 5230 eo

2030 5279 2400 5351 corrigendum
2447 5279 2617 5333 visum
2663 5286 2746 5330 est
2792 5275 2909 5329 sine
2962 5275 3063 5327 ulla
3115 5272 3450 5328 dubitatione
3490 5284 3613 5323 cor-

2032 5380 2201 5430 rexit:
2233 5377 2355 5444 quia
2379 5387 2507 5427 vero
2539 5370 2653 5436 paci
2682 5379 2736 5424 et
2764 5368 2926 5438 quieti
2971 5366 3227 5421 Ecclesiae
3268 5380 3372 5417 non
3406 5370 3609 5416 tantum

340 5473 486 5528 tione
512 5452 805 5529 litterarum
837 5486 1051 5527 suarum
1101 5471 1355 5539 dirigant,
1386 5483 1491 5539 quo
1537 5467 1804 5523 declarata
1838 5482 1928 5522 ve-
2027 5467 2093 5522 ad
2128 5479 2365 5535 praesens
2410 5461 2503 5518 sed
2549 5462 2709 5518 etiam
2760 5462 2813 5514 in
2861 5469 3133 5529 posterum
3176 5452 3607 5527 prospiciendum

409 5637 435 5665 ι
465 5626 574 5690 .43.,
608 5625 668 5679 Β.
700 5626 790 5691 κη
815 5625 874 5680 Τ.
916 5625 961 5690 i,
992 5620 1081 5688 U.,
1115 5621 1209 5674 hoc
1255 5619 1465 5679 inveniri
1516 5620 1695 5687 possit.
1747 5619 1811 5674 Τ.
1868 5618 1924 5686 2,

338 5698 549 5760 inveniri
575 5696 776 5767 poterit.

2100 5622 2126 5661 ’⁸
2158 5624 2214 5677 In
2250 5620 2495 5677 omnibus
2526 5616 2807 5674 Codicibus
2840 5632 2850 5666 :
2881 5629 2971 5683 pro
3009 5612 3062 5665 id
3094 5613 3261 5681 ipsum
3306 5605 3603 5663 concilium.
