4060 6184
253 311 357 364 217

1116 302 1392 361 AFRICJE
1429 303 1772 362 COACILIA.
1814 334 1884 348 --
1925 304 2508 366 CARTIIAGINENSE
2550 309 2640 366 V'l.

3434 315 3539 367 218

247 423 372 488 fuit,
406 418 660 490 quoniam
685 417 807 471 talia
837 417 998 472 multa
1030 427 1422 486 praecesserunt
1444 428 1498 471 ut
1530 420 1612 472 vel
1643 418 1837 473 similia
1869 422 1919 479 Α
1945 431 2348 478 commoveatur
2384 425 2639 479 adversus
2671 426 3044 497 presbyterum
3088 427 3209 482 sive
3249 428 3537 484 diaconum

250 518 330 570 vel
380 516 543 569 etiarn
597 511 846 584 graviora
895 511 1148 579 deinceps
1195 512 1485 579 praecaveri
1534 521 1845 579 oporteret:

253 607 455 676 placuit
484 604 642 658 nobis
669 611 729 655 ut
748 601 818 656 de
846 601 1087 656 Siccensi
1121 602 1379 666 Ecclesia,
1411 610 1620 656 retento
1649 601 1852 656 scilicet

259 700 467 750 honore
496 693 697 766 gradus
719 693 832 758 sui,
867 693 1149 762 presbyter
1180 701 1548 746 removeretur
1577 693 1847 760 Apiarius,

253 801 300 844 et
327 797 555 856 accepto
576 785 828 854 epistolio
855 786 1157 854 ubicunque
1189 785 1311 838 alibi
1360 786 1522 840 vellet
1564 795 1619 838 et
1668 792 1852 852 posset

257 881 574 950 presbyterii
607 892 829 932 munere
861 876 1203 942 fungeretur;
1238 875 1378 944 quod
1412 874 1587 930 eidem
1632 875 1728 942 ipsi
1757 888 1851 941 per

255 976 458 1028 litteras
495 970 736 1041 proprias
759 966 1048 1038 postulanti
1084 967 1205 1020 sine
1234 966 1546 1020 difficultate
1574 964 1848 1020 concessi-

257 1083 398 1122 mus.
435 1066 580 1120 Sane
612 1063 922 1131 priusquam
973 1059 1087 1111 hzec
1126 1072 1284 1111 causa
1317 1059 1420 1111 isto
1443 1055 1673 1110 termino
1702 1057 1851 1110 clau-

253 1162 500 1222 deretur,
527 1154 666 1207 inter
689 1151 790 1204 alia
817 1163 934 1219 qua:
960 1147 1228 1202 diuturnis
1259 1145 1384 1218 [U.,
1413 1144 1655 1216 diutinis]
1677 1145 1852 1199 disce-

256 1249 584 1316 ptationibus
615 1245 774 1316 166
795 1239 1162 1303 versabantur,
1193 1240 1318 1308 quia
1350 1239 1488 1293 ratio
1520 1239 1632 1308 ipsa
1658 1253 1850 1308 posce-

257 1343 345 1394 hat
401 1349 456 1392 ut
487 1336 626 1404 apud
675 1343 792 1387 acta
841 1330 1202 1386 ecclesiastica
1255 1346 1285 1384 a
1343 1329 1602 1384 fratribus
1650 1329 1850 1382 nostris

260 1431 519 1486 Faustino
534 1427 856 1496 coepiscopo
872 1434 924 1478 et
948 1421 1189 1490 Philippo
1202 1430 1361 1492 atque
1383 1421 1562 1475 Asello
1575 1433 1850 1489 compres-

262 1524 468 1593 hytcris
510 1530 895 1590 qumreremus,
925 1523 984 1567 ut
1022 1524 1334 1583 promerent
1361 1511 1620 1582 quidquid
1651 1513 1728 1565 eis
1756 1524 1851 1563 no-

259 1617 466 1668 biscum
490 1611 759 1680 agendum
795 1606 983 1660 fuisset
1006 1603 1325 1672 injunctum,
1357 1602 1612 1657 nonnulla
1638 1601 1852 1670 quidem

257 1709 376 1761 sine
404 1706 514 1758 ullo
542 1703 745 1769 scripto
795 1697 1064 1766 prosecuti
1095 1705 1223 1750 sunt
1262 1695 1438 1750 verbis
1467 1712 1481 1748 :
1516 1695 1614 1749 sed
1645 1708 1766 1748 cum
1800 1692 1852 1746 id

1951 524 2186 570 suum-et
2213 518 2570 570 exterminare
2615 532 2734 572 eum
2766 519 2834 574 de
2865 518 3103 574 Ecclesia
3135 519 3386 586 voluerit,
3419 536 3543 591 pro-

1951 606 2236 660 videndum
2282 608 2436 677 167
2464 619 2546 661 est
2576 624 2644 662 ne
2674 611 2930 664 innocens
2960 611 3248 664 damnetur
3276 621 3365 664 aut
3419 629 3542 678 per-

1951 697 2042 750 dat
2062 701 2514 764 communionem,
2540 699 2730 754 liabeat
2761 711 3078 768 potestatem
3106 703 3308 770 ejectus
3337 711 3394 756 ut
3423 702 3542 757 fini-

1953 788 2111 840 timos
2146 789 2447 855 interpellet
2475 790 2758 858 episcopos
2794 800 2848 846 et
2877 806 3036 844 causa
3067 792 3188 859 ejus
3215 794 3465 846 audiatur
3491 802 3546 847 et

1951 877 2263 944 diligentius
2296 889 2552 935 tractetur
2571 923 2585 945 ,
2615 882 2735 950 quia
2768 895 2872 935 non
2901 891 3116 951 oportet
3145 883 3193 938 ei
3236 885 3417 952 negari
3449 899 3544 936 au-

1952 969 2204 1024 dientiam
2236 973 2445 1041 roganti
2472 990 2485 1037 ;
2516 983 2568 1028 et
2600 974 2689 1029 ille
2720 975 3008 1043 episc0pus
3037 975 3126 1043 qui
3158 985 3245 1028 aut
3271 973 3414 1044 juste
3453 984 3544 1030 aut

1953 1059 2146 1126 injuste
2173 1061 2361 1130 rejvcit
2403 1063 2666 1130 patienter
2701 1064 2932 1134 accipiat
2964 1073 3020 1116 ut
3051 1067 3320 1132 negotium
3349 1067 3542 1118 discu-

1955 1153 2133 1217 tiatur,
2163 1161 2218 1206 ut
2247 1162 2337 1207 aut
2367 1155 2620 1223 probetur
2647 1154 2762 1224 ejus
2794 1165 2882 1208 aut
2909 1156 3223 1210 emendetur
3252 1158 3537 1211 sententia.

1955 1242 2078 1297 Ιιαιο
2100 1244 2284 1311 utique
2314 1260 2483 1313 usque
2512 1245 2577 1298 ad
2608 1245 2894 1300 adventum
2925 1248 3327 1302 verissimorum
3358 1265 3541 1303 exem-

1955 1333 2242 1402 plariorum
2275 1334 2472 1390 Nicaeui
2503 1336 2713 1392 concilii
2746 1339 2946 1392 inserta
2979 1338 3146 1408 gestis
3173 1349 3320 1405 sunt,
3351 1355 3471 1408 qua:
3495 1343 3539 1396 si

1954 1425 2025 1479 ibi
2057 1425 2504 1495 quemadmodum
2535 1429 2824 1482 constituta
2846 1438 2970 1483 sunt
2997 1438 3050 1484 et
3089 1430 3538 1498 quemadmodum

1953 1518 2090 1586 ipso,
2118 1521 2258 1588 quod
2288 1522 2426 1589 apud
2456 1536 2554 1576 nos
2576 1523 2764 1577 fratres
2787 1539 2850 1577 ex
2875 1524 3172 1591 apostolica
3196 1525 3324 1579 sede
3353 1525 3539 1580 directt

1953 1610 2340 1679 allegaverunt,
2370 1615 2784 1668 commonitorio
2827 1617 3194 1675 continentur.
3242 1632 3306 1670 eo
3354 1618 3544 1673 ordine

1956 1703 2037 1757 vel
2070 1704 2210 1773 apud
2256 1721 2352 1760 vos
2383 1707 2433 1760 in
2468 1707 2611 1761 Italia
2654 1708 3074 1772 custodirentur,
3107 1709 3416 1763 nullomodo
3447 1727 3543 1764 nos

259 1800 438 1866 potius
469 1797 828 1865 ﬂagitaremus
856 1790 981 1860 quid
1025 1790 1078 1842 ἱη
1108 1789 1300 1843 litteris
1341 1787 1579 1849 ferrent.
1610 1799 1851 1839 commo-
1882 1769 1930 1829 Β
1959 1793 2079 1847 talia
2109 1795 2283 1864 qualia
2313 1811 2741 1851 commemorare
2766 1797 2878 1866 jam
2911 1769 3163 1852 nolumus
3190 1797 3271 1853 vel
3315 1802 3546 1855 tolerare

257 1887 513 1944 niturium
565 1884 930 1954 protulerunt,
972 1880 1113 1949 quod
1165 1881 1442 1935 recitatum
1487 1878 1640 1931 nobis
1689 1876 1850 1930 etiam

258 1979 426 2047 gestis
454 1991 574 2045 qua:
618 1988 801 2028 secum
834 1970 900 2025 ad
932 1985 1028 2024 vos
1054 1969 1304 2024 deferunt
1328 1977 1409 2020 est
1450 1966 1718 2036 alligatum
1755 1981 1765 2015 :
1798 1965 1850 2016 in

257 2087 367 2139 quo
395 2070 474 2123 eis
505 2075 734 2136 quatuor
755 2062 1002 2132 quaedam
1029 2061 1307 2115 nobiscum
1335 2058 1569 2130 gerenda
1603 2055 1850 2110 mandata

255 2171 382 2214 sunt
417 2177 429 2211 :
463 2173 626 2210 unum
671 2156 740 2210 de
768 2152 1215 2224 appellationibus
1242 2152 1617 2220 episcoporum
1657 2146 1720 2201 ad
1746 2147 1852 2201 ιίοα

255 2268 437 2306 mana:
472 2249 725 2303 Ecclesiae
755 2245 1092 2301 sacerdotem
1123 2261 1138 2297 :
1171 2245 1400 2298 alterum
1434 2259 1500 2296 ne
1530 2241 1594 2294 ad
1625 2239 1850 2294 comita-

261 2354 379 2397 tum
414 2340 654 2411 episcopi
695 2340 995 2404 importune
1026 2335 1279 2404 navigent
1309 2352 1321 2387 :
1353 2333 1564 2388 tertium
1589 2332 1654 2387 de
1684 2340 1851 2386 retra-

255 2435 484 2491 ctandis
529 2431 952 2500 presbyterorum
987 2437 1042 2484 et
1089 2428 1434 2482 diaconornm
1486 2424 1665 2479 causis
1711 2423 1851 2492 apud

257 2527 526 2580 ﬁnitimos
555 2523 850 2592 episc0pos,
884 2521 927 2574 si
957 2535 984 2572 a
1029 2519 1143 2573 suis
1174 2515 1627 2574 excommunicati
1667 2529 1853 2585 perpe-

253 2635 374 2675 ram
407 2616 526 2689 [U.,
562 2615 811 2686 propere]
849 2615 1048 2668 fuerint
1075 2632 1088 2667 :
1129 2622 1376 2682 quartum
1408 2612 1476 2665 de
1504 2611 1718 2666 Urbano
1740 2611 1853 2679 epi-

253 2723 428 2774 ιοομο
450 2704 968 2762 excommunicandu
1001 2705 1081 2757 vel
1112 2704 1272 2757 etiam
1299 2703 1520 2757 Romam
1552 2701 1848 2767 evocanda,

257 2805 365 2859 nisi
396 2819 454 2858 ea
483 2818 602 2870 qua:
632 2801 949 2854 videbantur
979 2797 1295 2868 corrigenda
1339 2796 1654 2865 corrigeret.
1701 2795 1851 2860 Quo-

259 2913 382 2951 rum
412 2909 649 2948 omnium
683 2892 751 2944 de
782 2892 955 2959 primo
995 2899 1050 2945 et
1082 2891 1240 2945 tertio
1271 2889 1322 2943 id
1347 2900 1426 2943 est
1455 2897 1509 2942 ιιι
1538 2887 1760 2941 Romam
1787 2887 1849 2938 li-

252 2996 376 3038 ceat
418 2986 669 3052 episcopo
715 2995 1042 3048 provticare,
1091 2989 1144 3033 et
1202 2987 1258 3031 ut
1311 2978 1627 3032 clericorum
1675 2989 1854 3029 causa:

256 3077 400 3145 apud
430 3075 822 3146 provinciarum
870 3087 1087 3126 suarum
1119 3071 1398 3140 episcopos
1432 3069 1714 3133 finiantur,
1743 3068 1848 3134 jam

256 3167 426 3238 priori
459 3181 598 3219 anno
624 3164 784 3219 etiam
827 3162 1022 3216 litteris
1075 3163 1272 3216 nostris
1310 3160 1373 3215 ad
1407 3160 1650 3216 eumdem
1686 3173 1848 3214 vene-

258 3261 448 3315 rabilis
479 3259 752 3314 memoria:
781 3257 1050 3311 Zosimutn
1076 3257 1388 3326 episcopum
1415 3256 1555 3310 datis
1579 3255 1854 3310 insinuare

256 3349 594 3414 curavimus,
626 3358 684 3402 ut
726 3363 789 3404 ea
821 3363 1040 3403 servare
1065 3349 1181 3403 sine
1212 3348 1318 3401 ulla
1356 3348 1474 3416 ejus
1507 3347 1696 3414 injuria
1726 3360 1854 3414 pau-

258 3445 433 3513 lisper
463 3442 756 3496 sineremus
785 3457 818 3494 ιι
852 3457 955 3510 que
1004 3441 1069 3494 ad
1101 3441 1502 3510 inquisitionem
1533 3447 1852 3492 statutorum

257 3531 479 3588 concilii
508 3531 726 3585 Nicceni.
757 3533 820 3585 Et
851 3548 986 3585 nunc
1016 3532 1082 3586 de
1116 3542 1204 3584 tua
1237 3532 1506 3600 poscimus
1539 3529 1849 3592 sanctitate,

261 3636 321 3680 ιιι
352 3625 799 3694 quemadmodum
829 3640 891 3678 ea
925 3625 1064 3693 apud
1109 3623 1339 3678 Nica‘am
1391 3638 1418 3675 a
1469 3621 1708 3691 patribus
1736 3628 1853 3674 acta

257 3719 348 3774 vel
381 3718 669 3773 constituta
719 3727 840 3771 sunt
871 3718 949 3772 sic
980 3732 1040 3771 ea
1091 3717 1244 3770 nobis
1290 3717 1452 3770 facias
1499 3714 1775 3779 custodiri,
1803 3723 1854 3767 et

257 3812 332 3866 ibi
369 3812 503 3882 apud
532 3827 626 3866 vos
657 3812 756 3865 ista
787 3825 904 3879 qua:
933 3810 983 3864 in
1008 3811 1422 3864 commonitorio
1451 3809 1746 3861 attulerunt
1772 3807 1852 3860 fa-

255 3905 370 3957 cias
418 3904 678 3958 exerceri.
732 3901 856 3954 Item
889 3900 1022 3955 istud
1053 3911 1076 3937 ι
1105 3919 1115 3952 :
1165 3901 1219 3956 Si
1251 3901 1538 3968 episcopus
1571 3906 1855 3952 accusatus

257 3998 459 4060 fuerit,
489 4006 544 4049 et
586 3995 948 4064 jutlicaverint
993 3994 1298 4062 congregati
1331 3991 1571 4060 episcopi
1617 3989 1854 4060 regionis

257 4092 426 4160 ipsius
458 4099 510 4144 et
539 4089 608 4144 de
637 4089 801 4158 gradu
845 4102 944 4141 suo
972 4086 1265 4156 dejecetint
1295 4100 1439 4150 eum,
1473 4093 1526 4137 et
1555 4081 1856 4150 appellasse

259 4185 480 4238 videtur
507 4193 560 4237 et
590 4181 891 4250 confugerit
938 4180 1000 4233 ad
1035 4179 1400 4233 beatissimum
1453 4175 1708 4228 Romana:
1752 4174 1853 4226 Ec-

258 4277 437 4332 clesia:
466 4275 800 4342 episcopum,
829 4281 884 4326 et
913 4271 1141 4325 voluerit
1169 4269 1338 4323 audiri
1387 4275 1440 4321 et
1463 4265 1666 4335 justum
1700 4273 1852 4330 puta-

261 4368 404 4421 verit
445 4375 505 4419 ut
554 4374 837 4418 renovetur
880 4377 1126 4426 examen,
1185 4361 1421 4414 scribere
1464 4358 1548 4410 his
1591 4355 1856 4425 episcopis

1954 1897 2268 1954 COgeretnur
2290 1886 2370 1939 vel
2396 1888 2748 1941 intolerabilia
2775 1896 3098 1955 pateremur.
3127 1887 3232 1944 Sed
3253 1889 3544 1954 credimus,

1954 1975 2238 2044 adjuvante
2286 1978 2653 2032 misericordia
2689 1978 2783 2032 Dei
2826 1979 3016 2042 nostri,
3051 1977 3192 2046 quod
3229 1987 3318 2032 tua
3349 1981 3549 2033 sancti-

1957 2074 2064 2120 tate
2096 2065 2348 2119 Ilomana:
2400 2067 2654 2122 Ecclesiae
2696 2068 3020 2136 pra‘sidenle
3063 2082 3170 2120 non
3215 2081 3402 2120 sumus
3435 2066 3548 2135 jam

1955 2159 2112 2212 istum
2148 2160 2370 2233 typltum
2399 2159 2640 2226 passuri,
2672 2167 2727 2213 et
2775 2162 3131 2212 servabuntur
3178 2173 3304 2226 erga
3349 2173 3443 2211 nos
3483 2172 3546 2211 ea

1953 2267 2070 2320 qua:
2103 2252 2256 2305 nobis
2279 2252 2438 2306 etiam
2471 2266 2574 2305 non
2606 2250 2991 2307 dissidentibus
3022 2251 3278 2307 custodiri
3309 2249 3540 2304 debeant

1954 2356 2075 2395 cum
2125 2341 2356 2397 fraterna
2402 2343 2665 2397 charitate
2693 2342 2986 2397 secundum
3033 2341 3350 2409 sapientiam
3383 2348 3544 2408 atque

1950 2432 2244 2503 justitiam,
2274 2452 2431 2504 quam
2468 2436 2560 2490 tibi
2604 2437 2822 2490 donavit
2870 2434 3199 2497 Altissimus,
3234 2435 3393 2488 etiam
3426 2432 3542 2501 ipse

1956 2530 2215 2600 perSpicis
2238 2530 2355 2603 [U.,
2389 2529 2484 2597 G.,
2510 2529 2794 2600 prospicis]
2819 2544 2938 2584 esse
2965 2527 3225 2583 servanda
3245 2571 3260 2594 ,
3289 2527 3388 2582 nisi
3412 2527 3545 2582 forte

1955 2621 2111 2673 aliter
2130 2635 2188 2674 se
2220 2620 2450 2674 habeant
2495 2635 2731 2674 canones
2779 2618 2991 2674 concilii
3034 2618 3257 2674 Nicaeni.
3287 2617 3544 2683 Quamvis

1953 2710 2094 2765 enim
2135 2709 2392 2780 plurimos
2441 2710 2665 2766 Codices
2707 2710 3030 2780 legerimus,
3067 2709 3161 2764 sed
3200 2723 3461 2777 nusquam
3492 2708 3544 2762 in

1953 2801 2167 2856 Nicazno
2195 2803 2424 2858 concilio
2460 2801 2512 2856 in
2545 2802 2748 2857 Latinis
2775 2801 3062 2857 Codicibus
3103 2801 3327 2872 legimus
3353 2815 3545 2870 quem-

1955 2893 2242 2948 admodum
2287 2895 2338 2948 in
2386 2895 2694 2962 supradicto
2737 2895 3146 2949 commonitorio
3189 2893 3312 2946 inde
3342 2894 3542 2946 directa

1954 2994 2079 3038 sunt
2111 3003 2122 3036 :
2149 2987 2266 3053 quia
2293 2986 2378 3038 hic
2400 2986 2452 3038 iu
2485 2985 2634 3040 nullo
2665 2985 2861 3039 Codice
2891 3000 2954 3039 ea
2989 2984 3254 3052 potuimus
3281 2983 3542 3046 invenire,

1956 3093 2020 3132 ex
2045 3077 2403 3132 Orientalibus
2435 3078 2704 3141 Ecclesiis,
2734 3077 2820 3132 ubi
2854 3077 3202 3146 perhibentur
3232 3073 3419 3128 eadem
3445 3076 3541 3126 de-

1955 3182 2097 3226 creta
2133 3187 2286 3240 posse
2332 3173 2493 3226 etiam
2537 3171 2840 3226 authentica
2883 3170 3136 3238 reperiri,
3179 3169 3348 3239 magis
3393 3168 3547 3221 nobis

1958 3264 2326 3317 desideramus
2369 3264 2567 3316 aﬂcrri.
2605 3263 2706 3317 Pro
2732 3278 2831 3331 qua
2875 3277 2934 3316 re
2961 3272 3104 3315 tuam
3143 3275 3352 3329 qunque
3383 3274 3545 3313 vene-

1955 3356 2215 3408 rationem
2248 3355 2592 3407 obsecramus
2616 3394 2629 3417 ,
2675 3363 2732 3407 ut
2759 3353 3000 3408 scribere
3026 3353 3189 3407 etiam
3221 3353 3334 3419 ipse
3363 3351 3545 3417 digne-

1957 3448 2032 3500 ris
2062 3446 2126 3498 ad
2159 3445 2364 3498 illarum
2401 3444 2622 3511 partium
2653 3443 2983 3508 sacerdotes,
3020 3442 3122 3496 huc
3165 3450 3247 3495 est
3292 3439 3544 3494 Ecclesia:

1956 3537 2304 3592 Antiochense
2333 3533 2703 3589 Alexandrinae
2743 3544 2795 3588 et
2836 3531 3460 3600 Constantiuopolitanze.
3491 3537 3548 3584 et

1956 3630 2001 3683 si
2032 3630 2150 3682 aliis
2189 3630 2345 3682 etiam
2377 3637 2481 3681 tua:
2536 3626 2794 3694 placuerit
2833 3621 3180 3680 sanctitudini
3226 3620 3370 3693 [/E.,
3403 3618 3544 3682 BIL,

1961 3723 2054 3785 U.,
2083 3719 2396 3791 sanctita'ij,
2442 3729 2497 3772 ut
2527 3719 2649 3773 inde
2690 3719 2755 3772 ad
2791 3733 2889 3772 nos
2938 3717 3079 3772 idem
3127 3729 3361 3769 canones
3402 3712 3541 3781 apud

1958 3817 2190 3869 Nicaeam
2237 3815 2504 3868 civitatem
2555 3826 2582 3864 a
2625 3811 2862 3880 patribus
2900 3808 3176 3864 constituti
3216 3807 3466 3869 veniant,
3498 3815 3548 3859 te

1960 3905 2296 3975 potissimum
2355 3903 2455 3956 hoc
2510 3903 2823 3955 beneficium
2871 3901 3081 3954 cunctis
3128 3897 3548 3953 occidentalibus

1958 3997 2204 4054 eerlesiis
2229 3996 2281 4049 in
2316 3993 2526 4047 Domini
2550 3994 2818 4060 adjutorio
2847 3995 3176 4046 conferente.
3229 3992 3358 4056 Quis
3400 3991 3542 4044 enim

1958 4092 2166 4146 dubitet
2191 4088 2516 4156 exemplaria
2548 4101 2670 4140 esse
2712 4084 2992 4139 verissima
3019 4083 3229 4136 concilii
3259 4082 3312 4135 in
3341 4082 3546 4135 Grrecia

1959 4182 2156 4238 Μοιριιί
2186 4179 2519 4249 congregati,
2551 4193 2667 4247 qua:
2698 4185 2803 4229 tam
2845 4174 3071 4227 diversis
3110 4172 3241 4225 locis
3271 4179 3324 4225 et
3352 4171 3418 4225 de
3451 4186 3547 4226 no-

1959 4276 2156 4330 bilibus
2206 4272 2410 4328 Grarcis
2469 4269 2708 4326 ecclesiis
2755 4269 2913 4322 allata
2967 4274 3091 4320 sunt
3138 4273 3193 4319 et
3239 4272 3546 4331 comparata

1958 4367 2324 4424 concordant?
2352 4363 2526 4433 Quod,
2557 4364 2727 4418 donec
2769 4362 2896 4415 ﬁant.
2933 4361 3046 4415 hare
3071 4375 3188 4429 qua:
3218 4359 3270 4412 in
3302 4371 3544 4414 commo-

258 4460 510 4525 dignetur
534 4457 622 4524 qui
657 4455 707 4507 in
739 4455 961 4507 finitima
993 4461 1047 4507 et
1078 4451 1371 4520 propinqua
1403 4447 1672 4517 provincia
1703 4453 1848 4510 sunt,

1960 4461 2156 4516 nitorio
2185 4457 2495 4527 supradicto
2535 4470 2564 4508 a
2595 4453 2746 4507 nobis
2784 4453 3010 4522 allegata
3056 4458 3180 4505 sunt
3209 4450 3275 4504 de
3315 4448 3543 4516 appella-

259 4561 318 4604 ιιι
346 4550 446 4618 ipsi
479 4547 759 4615 diligenter
788 4544 1059 4612 requirant
1092 4542 1269 4597 omnia
1295 4550 1349 4594 et
1373 4539 1524 4609 juxta
1559 4536 1718 4590 Iidem
1751 4551 1854 4589 ve-

259 4640 436 4696 ritatis
466 4639 725 4691 deliniant
758 4653 771 4688 :
813 4635 954 4705 quod
984 4634 1027 4687 si
1062 4635 1126 4697 is,
1157 4633 1243 4702 qui
1278 4639 1428 4700 rogat
1457 4643 1671 4682 causam
1700 4641 1851 4680 suam

257 4735 456 4788 iterum
499 4730 692 4796 audiri,
726 4728 1104 4796 deprecatione
1134 4741 1227 4780 sua
1275 4721 1502 4776 moverit
1539 4719 1851 4787 episcopum

258 4827 564 4880 Romanum
595 4832 650 4875 ut
679 4837 710 4877 e
759 4823 922 4876 latere
949 4835 1047 4874 suo
1089 4818 1428 4888 presbyteros
1456 4813 1484 4851 ι’
1525 4813 1719 4878 mittat,
1751 4813 1854 4866 erit

255 4917 311 4969 in
341 4923 607 4984 potestate
634 4911 869 4980 episcopi
894 4911 1018 4980 quid
1050 4910 1176 4962 velit
1203 4919 1255 4964 et
1286 4908 1410 4977 quid
1439 4907 1669 4961 aestimet
1693 4922 1707 4969 ;
1735 4912 1789 4957 et
1809 4904 1851 4956 si

262 5003 567 5058 decreverit
597 5001 887 5056 mittendos
917 5015 1038 5055 esse
1064 4999 1150 5068 qui
1183 5006 1474 5068 praesentes
1501 5012 1620 5051 cum
1645 4995 1854 5062 episco-

257 5098 341 5165 pis
365 5097 609 5164 judicent
639 5094 896 5148 habentes
924 5093 1292 5146 auctoritatem
1323 5087 1443 5157 ejus
1472 5101 1499 5140 a
1542 5103 1649 5155 quo
1679 5087 1851 5138 desti-

254 5188 368 5241 nati
402 5194 546 5248 sunt,
575 5185 678 5238 erit
701 5185 754 5238 in
779 5197 877 5238 suo
901 5182 1122 5236 arbitrio
1147 5197 1160 5232 :
1196 5180 1238 5233 si
1271 5193 1396 5233 vero
1426 5176 1713 5231 crediderit
1741 5172 1853 5228 suf-

253 5280 432 5332 ﬁcere
462 5275 748 5345 episcopos
783 5282 838 5327 ut
868 5273 1081 5341 negotio
1113 5271 1395 5326 terminum
1437 5269 1729 5336 imponant,
1772 5263 1850 5318 fa-

249 5371 361 5424 ciet
386 5369 528 5437 quod
559 5365 962 5437 sapientissimo
992 5379 1090 5418 suo
1119 5360 1690 5432 consiliojudicaverit.
1722 5358 1849 5412 Item

247 5462 320 5515 de
372 5460 704 5528 presbyteris
750 5468 803 5511 et
844 5457 1197 5512 diaconibus:
1243 5454 1298 5510 Si
1331 5465 1352 5491 ε
1403 5456 1684 5520 episcopus
1732 5449 1851 5518 quis

245 5551 577 5616 iracundus,
607 5549 751 5620 quod
801 5564 922 5605 esse
961 5563 1068 5604 non
1119 5547 1317 5613 debet,
1367 5547 1476 5600 cito
1527 5553 1615 5599 aut
1662 5556 1852 5613 aspere

323 5696 348 5723 δ
389 5687 466 5740 Ex
509 5684 740 5740 concilio
771 5683 1100 5744 Sardicensi,
1135 5682 1290 5739 titulo
1314 5683 1366 5736 7.

319 5757 346 5796 ³³
382 5755 500 5823 ΑΞ..
524 5757 582 5809 Β.
612 5756 700 5820 ἢ,
735 5757 1090 5826 prcsbytcrem.

1956 4550 2187 4607 tionibus
2214 4547 2585 4615 episcoporum
2616 4543 2681 4597 ad
2709 4541 2963 4596 Romanze
2997 4540 3254 4594 Ecclesiae
3294 4536 3546 4591 sacerdo-

1955 4655 2062 4699 tem
2094 4651 2148 4696 ct
2170 4642 2236 4694 de
2259 4640 2578 4694 clericorum
2617 4636 2794 4689 causis
2823 4633 2963 4701 apud
2988 4615 3390 4700 provinciarum
3421 4643 3544 4682 sua-

1954 4750 2070 4790 rum
2091 4733 2371 4802 episcopos
2395 4727 2766 4790 terminandis,
2784 4739 2882 4778 nos
2905 4739 3071 4791 usque
3085 4723 3149 4775 ad
3171 4721 3540 4791 probationem

1953 4836 2265 4882 servaturos
2288 4836 2408 4876 csse
2437 4819 2771 4890 profitemur,
2799 4827 2854 4871 et
2887 4814 3265 4870 beatitudinem
3300 4823 3443 4868 tuam
3475 4813 3543 4868 ad

1955 4917 2056 4971 hoc
2110 4929 2210 4969 nos
2265 4911 2562 4981 adjuturam
2613 4910 2665 4962 in
2722 4907 2813 4961 Dei
2870 4907 3144 4960 voluntate
3197 4904 3542 4958 confidimus.

1952 5005 2159 5060 Caetera
2186 5017 2314 5058 vero
2342 5017 2461 5072 qua:
2505 5000 2557 5053 in
2591 5007 2772 5052 nostra
2809 4997 3018 5068 synodo
3045 5004 3192 5066 gesta
3223 4993 3303 5049 vel
3339 4994 3544 5044 lirmata

1953 5106 2096 5162 sunt,
2126 5096 2376 5167 quoniam
2403 5091 2691 5162 supradicti
2717 5091 2908 5144 fratres
2935 5090 3100 5143 nostri
3128 5083 3411 5138 Faustinus
3432 5078 3544 5146 epi-

1958 5207 2173 5260 scopns,
2210 5189 2488 5256 Philippus
2521 5187 2680 5256 168
2709 5195 2763 5239 et
2793 5183 3006 5237 Asellus
3035 5171 3331 5246 presbyteri
3362 5185 3542 5225 secum

1954 5283 2281 5344 detulerunt,
2319 5278 2364 5334 si
2397 5278 2645 5347 dignatus
2677 5274 2870 5334 fueris,
2904 5282 3007 5323 tum
3038 5274 3160 5320 nota
3195 5264 3392 5319 facient
3420 5278 3545 5318 san-

1953 5373 2143 5429 ctitati.
2181 5371 2242 5425 Et
2291 5369 2590 5434 subscripta
2620 5367 2724 5419 alia
2757 5377 2917 5416 manu
2944 5381 2955 5414 :
2992 5361 3249 5415 Dominus
3281 5369 3460 5412 noster
3491 5365 3544 5412 to

1955 5468 2108 5524 nobis
2153 5466 2306 5518 annis
2339 5458 2582 5533 plurimis
2622 5456 2909 5520 custodiat,
2942 5453 3250 5510 beatissime
3298 5450 3462 5505 frater
3491 5449 3538 5504 ἀ.

1956 5560 2199 5616 Aurelius
2256 5551 2595 5622 Carthaginis
2644 5551 2953 5620 episcopus,
3003 5545 3247 5615 Alipius,
3293 5541 3544 5614 Augusti-

2029 5685 2050 5712 ε
2085 5673 2160 5726 Ex
2183 5669 2406 5726 concilio
2429 5667 2760 5728 Sardicensi,
2790 5663 2943 5718 titulo
2976 5663 3055 5716 l7.

2029 5744 2050 5782 ιι
2092 5743 2202 5809 [Εη
2235 5743 2295 5796 Ε.
2331 5742 2386 5807 ⁸5,
2420 5739 2507 5807 U.,
2536 5744 2715 5809 frater.
2747 5737 2920 5790 Amen.
