4056 6178
530 300 637 357 2Ῐ9

1232 290 1617 350 COLLECTIO
1652 290 1983 347 CANONL‘M
2024 293 2080 349 S.
2124 290 2397 349 ISIDORO
2437 291 2701 349 HISPAL.
2743 294 3101 353 ASCBIPTA.

3687 297 3797 356 29.0

527 407 648 456 nus,
677 389 974 452 Possidius,
1006 387 1259 453 Marinus,
1302 397 1357 443 et
1386 386 1569 443 caeteri
1601 386 1815 442 ducenti
1841 387 2027 442 decem
2057 395 2113 442 et
2140 400 2192 457 Α
2217 387 2456 441 omnium
2482 387 2772 443 visibilium
2789 404 3003 444 necnon
3018 398 3075 445 et
3090 388 3436 445 invisibilium
3451 400 3750 448 creatorem
3778 413 3789 446 :

525 491 730 551 septem
763 480 1220 549 subscripserunt.

525 573 639 628 X'l-l.
677 570 1153 653 Rescriptaﬁ,
1191 566 1517 653 rescriptam]
1548 570 1618 651 ad
1644 568 1928 653 concilium
1968 568 2113 653 Afri-

597 660 781 697 canum
811 637 993 711 (lyrilli
1013 640 1348 711 Alexandrini
1365 637 1590 705 episcopi
1607 652 1652 691 ct
1679 638 1831 711 attici
1857 637 2112 711 Constant

599 708 927 778 tinopolitani
954 711 1218 781 episcoiii:
1250 710 1333 762 ubi
1358 711 1652 781 authentico
1686 708 1889 762 Νίσαηή
1911 709 2115 761 concilii

599 786 850 835 translata
900 779 1194 833 Λαῦνα)εο
1240 795 1328 846 per
1368 779 1728 833 Innocentium
1772 781 2116 848 presbyterum

597 854 895 905 transmissa
922 861 1059 913 sunt,
1090 865 1203 918 qua:
1230 851 1383 902 etiam
1411 853 1641 918 epistolae
1667 865 1783 902 cum
1805 854 1980 901 eodem
2002 865 2117 902 cott-

594 923 714 974 cilio
745 920 960 975 Nicaeae
986 937 1072 984 per
1109 930 1445 987 memoratum
1474 921 1821 989 presbyterum
1851 918 2112 989 nnoccn-

599 993 725 1043 tium
746 1001 793 1042 et
826 990 1134 1042 Marcellum
1164 990 1534 1042 subdiaconum
1573 988 1812 1044 Ecclesia:
1840 988 2115 1056 Carthagi-

597 1064 675 1113 nis
705 1072 878 1113 sancto
912 1059 1180 1127 Bonifacio
1219 1061 1455 1128 episcopo
1481 1058 1729 1113 Ecclesia:
1755 1060 1999 1111 Romana:
2023 1059 2118 1111 sub

598 1133 681 1184 die
716 1147 767 1183 vt
799 1129 1067 1184 Kalendas
1096 1129 1391 1183 Decembris
1416 1142 1530 1182 sunt
1563 1132 1792 1185 directw.

601 1224 843 1279 DOniinis
890 1223 1292 1277 honorabilibns
1324 1225 1522 1277 sanctis
1564 1222 1815 1276 fratribus
1846 1232 1900 1277 et
1937 1221 2120 1291 coepi-

529 1319 709 1388 scopis
737 1316 974 1383 Aurelio,
1006 1315 1309 1380 Valentino,
1356 1316 1451 1369 sed
1482 1326 1535 1369 et
1576 1316 1721 1368 omni
1749 1322 1951 1370 sanctae
1990 1329 2115 1367 cono

531 1409 826 1481 gregationi
857 1408 910 1462 in
938 1407 1349 1477 Carthaginensi
1376 1407 1582 1476 synodo
1610 1418 1968 1476 congregatur,
2009 1406 2116 1476 Cy-

527 1500 679 1555 rillus
700 1499 941 1551 salutans
981 1497 1032 1551 in
1063 1497 1174 1551 Deo
1201 1496 1517 1550 charitatem
1542 1503 1795 1550 vestram.

600 1589 811 1658 Scripta
843 1590 1209 1643 venerationis
1236 1597 1427 1642 vestrm
1459 1588 1675 1641 multam
1711 1588 1958 1643 habentia
1991 1603 2120 1655 que-

530 1684 816 1738 rimoniam
846 1698 967 1736 cum
1014 1682 1160 1735 omni
1208 1680 1387 1735 laititia
1423 1695 1515 1750 per
1549 1680 1713 1735 ﬁlium
1748 1687 1988 1735 nostrum
2036 1679 2121 1734 ln-

2215 486 2270 533 et
2298 479 2350 534 in
2381 494 2545 534 unum
2570 480 2853 536 Dominum
2879 492 3120 537 nostrum
3159 482 3341 539 desum
3388 484 3660 540 Christum
3708 487 3793 542 Fi-

2215 569 2343 625 lium
2371 570 2489 638 Dei,
2519 582 2704 627 natum
2735 588 2801 628 ex
2853 573 3008 629 Patre
3060 574 3416 644 unigenitum,
3450 574 3554 630 hoc
3598 587 3684 633 est
3728 594 3793 633 ex

2214 662 2511 716 substantia
2545 662 2735 730 Patris,
2765 663 2929 719 Deum
2957 680 3022 718 ex
3054 664 3187 731 Deo,
3243 666 3424 721 lumen
3454 682 3521 721 ex
3570 670 3815 737 lumine,

2216 751 2382 806 Deum
2412 768 2596 809 verum
2624 771 2689 810 ex
2719 756 2827 810 Deo
2847 771 2998 821 vero,
3014 766 3219 824 natum,
3238 773 3343 813 non
3361 772 3626 827 creatum,
3651 765 3797 833 ejus-

2214 843 2337 899 dem
2371 854 2393 879 ε’
2422 862 2543 899 cum
2572 847 2730 902 Patre
2757 849 3094 914 substantias,
3128 864 3222 915 per
3276 865 3434 918 quem
3457 854 3635 907 omnia
3663 856 3799 909 facta

2216 946 2340 989 sunt
2375 935 2657 991 fcoelestia
2689 946 2745 991 et
2793 946 3005 994 terrena
3049 938 3167 1012 [U.,
3193 940 3283 1005 6.,
3316 942 3661 1015 terrestria],
3707 945 3797 1014 qu.=

2218 1035 2436 1095 propter
2467 1042 2564 1082 nos
2607 1028 2851 1083 homines
2904 1041 2959 1085 et
3012 1041 3229 1100 propter
3283 1043 3522 1089 nostram
3568 1038 3812 1097 saltum

2216 1119 2494 1175 descendit
2524 1130 2550 1169 ε
2582 1130 2638 1177 et
2668 1122 2975 1178 incarnatus
2998 1134 3102 1191 est,
3129 1134 3183 1179 et
3213 1124 3373 1180 homo
3400 1126 3575 1184 iactus
3610 1143 3813 1198 passus.

2217 1224 2318 1276 est,
2346 1224 2401 1270 et
2429 1220 2726 1270 resurrexit
2755 1219 2911 1273 tertia
2932 1218 3042 1284 die,
3073 1219 3317 1274 ascendit
3337 1220 3391 1276 in
3415 1223 3632 1290 coelum,
3668 1239 3799 1279 ven-

2219 1317 2369 1362 turus
2400 1308 2525 1363 inde
2549 1309 2792 1378 judicare
2813 1311 2961 1364 vivos
2989 1321 3043 1364 et
3069 1320 3309 1365 mortuos
3341 1330 3354 1364 :
3381 1321 3433 1367 et
3458 1314 3510 1368 in
3538 1315 3797 1383 Spiritum

2217 1407 2487 1454 sanctum.
2521 1401 2626 1454 Eos
2658 1415 2785 1455 vero
2805 1401 2895 1468 qui
2925 1401 3111 1456 dicunt
3145 1418 3159 1454 :
3188 1412 3303 1458 erat
3330 1413 3540 1473 tempus
3579 1408 3803 1476 quando

2217 1503 2322 1543 non
2350 1498 2487 1556 erat,
2511 1498 2564 1544 et
2584 1491 2705 1559 quia
2734 1506 2798 1545 ex
2829 1491 2997 1545 nihilo
3044 1491 3235 1555 factus,
3282 1493 3366 1549 vel
3412 1509 3479 1550 ex
3520 1495 3621 1549 alia
3672 1497 3800 1550 sub-

2218 1580 2409 1634 stantia
2444 1580 2525 1634 vel
2547 1582 2778 1635 essentia
2802 1596 2924 1637 esse
2952 1591 3043 1637 aut
3072 1583 3383 1639 mutabilem
3416 1597 3506 1639 aut
3526 1589 3798 1643 converti-

2218 1668 2377 1725 bilem
2400 1671 2592 1727 Filium
2620 1673 2714 1727 Dei
2738 1672 2941 1740 dicunt,
2971 1678 3387 1732 anathematizat
3434 1678 3699 1735 catholica
3741 1691 3804 1736 et

528 1774 836 1829 nocentium
870 1772 1243 1843 presbyterum
1282 1773 1637 1840 suscepimus,
1681 1772 1873 1841 quibus
1899 1786 1929 1825 a
1961 1770 2113 1827 nobis
2142 1766 2191 1826 B
2220 1772 2513 1841 apostolica
2546 1773 2811 1830 Ecclesia.

525 1866 783 1936 speratis,
825 1875 883 1920 ut
927 1866 995 1921 de
1041 1866 1240 1922 scrinio
1284 1874 1488 1920 nostra:
1539 1865 1793 1920 Ecclesiae
1835 1865 2114 1921 verissima

526 1958 857 2027 exemplaria
886 1973 950 2012 ex
982 1958 1290 2012 authentica
1323 1959 1532 2029 synodo
1557 1958 1695 2026 apud
1724 1956 1955 2011 Nicaeam
1986 1957 2115 2011 civi-

528 2058 690 2104 tatem
726 2049 1064 2117 metropolitn
1116 2049 1379 2119 Bithynia:
1409 2064 1439 2102 a
1475 2049 1674 2104 sanctis
1714 2049 1958 2103 Patribus
1988 2064 2116 2103 con-

527 2137 710 2192 stithta
752 2148 914 2206 atque
964 2139 1174 2192 ﬁrmata
1222 2140 1322 2193 sub
1361 2147 1561 2192 nostra:
1611 2137 1745 2192 fidei“
1782 2136 2116 2206 professione

530 2240 723 2285 vestrae
752 2230 1027 2285 dilectioni
1060 2233 1417 2300 porrigamus.
1466 2231 1617 2287 Unde
1655 2231 1858 2285 domini
1888 2232 2116 2286 honora-

527 2321 660 2375 biles
687 2318 830 2392 [ίΕη
864 2319 1225 2392 venerabiles]
1257 2321 1463 2383 fratres,
1490 2321 1665 2375 salute
1703 2332 1994 2390 praeeunte,
2022 2335 2117 2377 ne-

526 2427 680 2466 cesse
709 2412 864 2465 habui
894 2427 988 2479 per
1014 2412 1156 2467 hunc
1181 2421 1207 2450 ι
1242 2413 1464 2467 latorem
1494 2412 1661 2466 lilium
1689 2422 1930 2468 nostrum
1955 2414 2115 2468 Inno-

525 2504 760 2557 centium
792 2502 1097 2556 ﬁdelissima
1120 2502 1447 2571 exemplaria
1471 2517 1536 2557 ex
1567 2503 1876 2558 authentica
1905 2503 2116 2575 synodo

528 2593 583 2647 in
623 2591 796 2646 Nicaea
838 2592 1057 2646 civitate
1104 2592 1368 2662 Bithynia:
1410 2593 1584 2647 habita
1638 2604 1829 2648 vestra:
1866 2596 2114 2650 charitati

530 2683 759 2752 dirigere
789 2698 804 2736 :
832 2683 972 2751 quod
996 2691 1050 2737 et
1075 2683 1128 2737 in
1151 2683 1514 2738 ecclesiastica
1540 2684 1758 2738 historia
1782 2684 2115 2753 requirentes

527 2776 829 2833 invenietis.
879 2776 953 2830 De
1001 2777 1196 2845 pascha
1247 2791 1378 2831 vero
1427 2786 1483 2831 ut
1511 2777 1752 2832 scribitis
1808 2778 2117 2833 nuntiansus

528 2869 682 2924 vobis
713 2882 843 2922 xvm
876 2868 1144 2923 Kalendas
1173 2869 1339 2923 Maias
1369 2883 1466 2923 nos
1495 2867 1671 2923 futura
1704 2869 1993 2923 indictione
2021 2884 2117 2925 ce-

528 2963 757 3017 lebrare.
790 2961 853 3015 Et
895 2962 996 3015 alia
1040 2976 1199 3014 manu
1233 2977 1247 3014 :
1283 2961 1421 3016 Deus
1450 2970 1504 3015 et
1534 2960 1786 3015 dominus
1815 2970 1995 3016 noster
2024 2978 2115 3017 vc—

526 3064 693 3111 stram
722 3055 1191 3126 congregationem
1217 3056 1509 3125 custodiat,
1524 3057 1664 3127 quod
1689 3068 1957 3127 optamus,
1983 3060 2115 3112 cha—

529 3147 728 3202 rissimi
754 3147 963 3204 fratres.
994 3148 1186 3204 Amen.

679 3237 917 3308 Epistula
953 3241 1107 3294 Attici
1137 3241 1363 3309 episcOpi
1391 3239 1969 3310 ConstantinOpolitani.

603 3329 932 3385 Beatissiuiis
960 3330 1214 3385 fratribus
1247 3329 1273 3368 δ
1307 3337 1364 3385 et
1385 3331 1721 3398 coepiscotiis
1745 3332 1983 3397 Aurelio,
2015 3331 2117 3385 Va-

532 3422 738 3478 lentino
781 3426 860 3477 vel
888 3425 1099 3477 caeteris
1127 3423 1457 3478 charissitnis
1486 3423 1540 3479 in
1579 3424 1787 3495 synodo
1819 3424 1957 3493 apud
1982 3424 2118 3481 Car-

534 3517 805 3586 thaginem
832 3516 1008 3569 habita
1040 3515 1345 3570 constitutis
1372 3516 1579 3570 Atticus
1601 3516 1907 3585 episcopus.

606 3604 709 3660 Per
751 3604 916 3657 ﬁlium
965 3612 1204 3657 nostrum
1250 3603 1559 3657 Marcellum
1599 3602 1984 3657 subdiaconum
2016 3618 2117 3660 ve-

534 3705 703 3751 strum
739 3695 937 3763 scripta
983 3703 1174 3748 vestrae
1214 3692 1518 3747 dilectionis
1560 3708 1680 3747 cum
1703 3694 1850 3747 omni
1885 3695 2117 3764 gratula-

536 3790 682 3843 tione
707 3788 938 3856 suscepi,
972 3787 1196 3841 Domino
1220 3787 1417 3857 gratias
1445 3802 1610 3857 agens
1633 3789 1771 3858 quod
1805 3790 1972 3843 merui
2001 3799 2117 3845 tan—

536 3886 712 3932 torum
752 3877 973 3931 fratrum
1022 3876 1392 3932 benedictione
1424 3876 1647 3946 perfrui,
1693 3878 1891 3933 domini
1922 3880 2117 3935 beatis-

535 3968 656 4024 simi
690 3969 900 4023 fratres.
950 3968 1192 4024 Scribitis
1237 3982 1367 4023 sane
1388 4011 1401 4035 ,
1436 3979 1491 4023 ut
1523 3969 1835 4026 verissintos
1882 3985 2117 4026 canones

535 4058 675 4126 apud
730 4059 959 4114 Nicaeam
1016 4060 1289 4115 civitatem
1360 4061 1697 4129 metropolim
1766 4062 2028 4133 Bithynia:
2083 4078 2115 4119 a

539 4153 695 4223 169
727 4153 967 4207 l‘atribus
993 4155 1311 4209 constitutos
1339 4154 1445 4209 sub
1478 4154 1595 4209 ﬁdei
1628 4155 2008 4224 astipulalione
2035 4155 2117 4210 di.

531 4245 698 4314 rigam
733 4255 825 4299 :et
854 4246 974 4313 quis
1002 4255 1086 4299 est
1114 4245 1205 4315 qui
1232 4260 1572 4301 communem
1606 4246 1763 4301 ﬁdem
1800 4248 1883 4301 vel
1918 4254 2115 4301 statuta

529 4351 558 4389 a
591 4336 831 4405 patribus
858 4337 1068 4390 ﬁrmata
1099 4337 1209 4391 suis
1240 4336 1492 4391 fratribus
1522 4336 1789 4407 deneget?
1820 4351 1925 4407 qua
1953 4338 2022 4393 de
2054 4352 2116 4393 re

2286 1908 2382 1963 Cui
2413 1909 2661 1981 symbolo
2709 1911 2831 1967 tidei
2882 1913 3044 1969 etiam
3100 1917 3425 1984 exemplaria
3477 1896 3811 1977 statu—torum

2215 2021 2421 2063 annexa
2448 2020 2594 2079 sunt,
2616 2027 2735 2081 qua
2767 2013 2821 2069 in
2843 2028 3031 2083 magna
3077 2022 3135 2070 et
3173 2026 3355 2072 sancta
3397 2022 3606 2091 synodo
3651 2024 3799 2093 apud

2215 2107 2487 2163 NLcaenam
2514 2110 2786 2167 civitatem
2813 2114 3155 2184 metropolim
3204 2116 3495 2186 provincias
3535 2121 3806 2193 Bithynia

2216 2207 2510 2263 constituta
2530 2218 2678 2277 sunt,
2698 2219 2756 2265 et
2782 2211 2853 2268 de
2878 2212 3066 2269 (ἴτωοο
3089 2218 3343 2273 translata
3367 2228 3490 2275 sunt
3506 2235 3536 2276 a
3564 2221 3798 2280 Philone

2214 2316 2270 2363 et
2298 2308 2545 2364 Evaristo
2571 2309 3199 2384 Constantinopolitano.

2322 2441 2363 2497 l.
2407 2442 2484 2497 De
2526 2443 2607 2499 Itis
2643 2444 2731 2516 qui
2756 2462 2811 2501 se
2854 2448 3182 2504 absciderunt
3212 2461 3299 2505 aut
3327 2462 3695 2509 castraberunt.

2287 2572 2344 2630 Si
2376 2574 2495 2644 quis
2524 2590 2620 2644 per
2645 2578 2954 2648 languorem
2984 2595 3015 2634 a
3045 2580 3266 2637 medicis
3292 2593 3472 2640 sectus
3519 2597 3603 2642 est
3647 2598 3741 2644 aut
3775 2604 3809 2645 a

2218 2674 2460 2731 barbaris
2485 2677 2775 2743 abscissus,
2800 2681 2902 2736 iste
2937 2691 3213 2738 remaneat
3256 2685 3305 2738 in
3356 2685 3525 2741 clero.
3581 2687 3637 2744 Si
3681 2692 3810 2760 quis

2216 2784 2396 2830 autem
2424 2791 2587 2832 sanus
2607 2792 2666 2833 se
2695 2777 2944 2849 abscidit,
2979 2782 3135 2838 istum
3169 2784 3221 2837 in
3251 2785 3397 2840 clero
3436 2788 3672 2857 positum
3708 2791 3813 2845 ab-

2218 2876 2421 2932 stinere
2442 2888 2677 2947 oportet,
2706 2890 2759 2935 et
2780 2881 2848 2936 de
2886 2895 3082 2936 etetero
3106 2884 3309 2939 nullum
3366 2886 3553 2941 talium
3604 2889 3811 2947 debere

2220 2984 2523 3051 promoveri
2559 3000 2572 3036 :
2604 2984 2743 3039 sicut
2763 2996 2938 3043 autem
2972 2988 3072 3042 hoc
3102 2990 3442 3045 manifestum
3468 2993 3607 3063 quod
3630 2995 3697 3049 de
3718 2993 3812 3052 his

2143 3121 2191 3187 ο
2222 3083 2314 3151 qui
2351 3082 2489 3140 hanc
2511 3102 2624 3141 rem
2656 3089 2962 3157 excogitant
2982 3090 3286 3160 audentque
3307 3107 3365 3147 se
3389 3092 3691 3159 abscidere,
3722 3096 3813 3150 di-

2219 3198 2365 3243 ctum
2396 3198 2501 3258 est,
2519 3189 2599 3246 sic
2626 3206 2741 3259 eos,
2774 3192 2865 3262 qui
2895 3206 2922 3245 a
2956 3191 3197 3248 barbaris
3218 3201 3310 3248 aut
3331 3212 3359 3247 a
3382 3195 3614 3250 dominis
3648 3198 3815 3269 17o

2217 3292 2438 3346 castrati
2468 3301 2596 3345 sunt
2620 3301 2675 3346 et
2718 3292 3063 3349 inveniuntur
3099 3294 3269 3366 digni,
3304 3297 3438 3353 tales
3474 3297 3543 3352 ad
3596 3298 3812 3356 clerum

2218 3392 2453 3463 applicat
2471 3408 2668 3449 canon.

2221 3528 2283 3585 ll.
2315 3528 2395 3585 De
2417 3530 2497 3585 his
2524 3531 2696 3601 quies:
2716 3530 2928 3587 ethnicis
2958 3542 3072 3603 post
3091 3534 3342 3603 baptisma
3375 3539 3551 3593 statim
3593 3541 3664 3595 ad
3698 3541 3813 3597 cle-

2761 3619 2875 3657 rum
2899 3604 3247 3675 applicantur.

2290 3736 2425 3804 Quia
2454 3740 2617 3794 multa
2647 3750 2737 3794 aut
2765 3756 2831 3797 ex
2861 3742 3178 3799 necessitate
3199 3753 3290 3800 aut
3341 3745 3496 3801 aliter
3543 3746 3819 3803 festinan-

2138 3878 2141 3879 ν
2217 3837 2359 3893 tibus
2383 3839 2691 3895 hominibus
2722 3841 2859 3897 facta
2902 3852 3030 3897 sunt
3074 3853 3261 3900 contra
3309 3859 3570 3901 canonem
3627 3849 3821 3906 eccle-

2218 3942 2514 4009 siasticum,
2539 3953 2596 3997 ut
2621 3943 2863 3999 homines
2882 3959 2948 3999 ex
2977 3944 3173 4001 Gentili
3197 3947 3303 4003 vita
3334 3964 3505 4017 nuper
3535 3952 3823 4009 acceden-

2218 4051 2299 4098 tes
2325 4044 2391 4098 ad
2423 4043 2582 4100 ﬁdem
2604 4043 2732 4101 etin
2775 4060 2937 4114 parvo
2967 4056 3208 4116 tempore
3251 4048 3563 4105 catechizati
3620 4053 3826 4111 statim

2220 4146 2285 4201 ad
2302 4147 2579 4215 spirituale
2601 4148 2866 4203 lavacrum
2897 4149 3176 4218 ducantur,
3211 4160 3266 4208 et
3288 4154 3449 4209 simul
3469 4169 3591 4209 cum
3620 4155 3825 4226 bapti-

2218 4249 2320 4303 zati
2378 4248 2576 4304 fuerint
2623 4262 3039 4319 promoveantur
3078 4253 3145 4309 ad
3195 4254 3561 4325 episcopatum
3600 4265 3695 4309 aut
3742 4258 3830 4311 ad

2219 4350 2632 4421 presbyterium,
2657 4351 2793 4408 bene
2808 4353 3005 4409 habere
3034 4355 3233 4425 placuit
3252 4354 3319 4411 de
3330 4366 3525 4410 caetero
3547 4355 3681 4410 nihil
3704 4359 3835 4413 tale

538 4442 632 4494 per
658 4430 904 4483 eumdem
951 4429 1115 4483 ﬁlium
1148 4445 1325 4485 meum
1370 4430 1678 4485 Marcellum
1727 4432 2110 4487 subdiaconum

2221 4451 2369 4516 ﬁeri;
2403 4466 2523 4506 nam
2558 4459 2612 4507 et
2643 4462 2881 4523 tempore
2909 4469 3045 4525 opus
3074 4462 3157 4510 est
3186 4456 3235 4511 ei
3257 4458 3343 4526 qui
3368 4457 3743 4512 catecbizatur
3766 4469 3838 4515 et

536 4527 770 4571 vestrum
819 4516 1039 4572 nimium
1088 4518 1452 4585 festinantem,
1502 4522 1638 4575 sicut
1680 4523 1863 4575 Statuti
1906 4531 2031 4576 sunt
2060 4522 2111 4577 in

533 4610 704 4664 Nicaea
737 4610 949 4665 civitate
972 4626 999 4663 a
1026 4612 1285 4679 patribus,
1318 4627 1551 4668 canones
1578 4613 1814 4683 integros
1843 4624 1895 4668 ut
1922 4614 2116 4685 jussis-

534 4700 603 4752 tis
636 4700 829 4766 direxi,
856 4710 1042 4770 petens
1073 4713 1124 4756 ut
1157 4720 1250 4770 pro
1278 4719 1363 4757 me
1397 4703 1681 4773 plurimum
1710 4714 1885 4759 vestra
1929 4717 2113 4762 sani-ta

531 4791 875 4859 congregatio
904 4807 1059 4846 orare
1083 4793 1289 4862 jubeat.
1326 4794 1393 4849 Et
1435 4795 1538 4849 alia
1592 4812 1750 4851 manu
1783 4813 1799 4852 :
1850 4797 1991 4853 Deus
2020 4815 2115 4852 nu-

532 4880 644 4933 ster
674 4882 1009 4936 sanctitatem
1038 4895 1267 4939 vestram
1314 4888 1615 4951 custodiat,
1657 4889 1799 4957 quod
1841 4898 2111 4960 Optamus,

531 4972 857 5025 sanctissimi
892 4972 1083 5029 fratres
1113 4986 1160 5029 ο.

530 5064 664 5120 XIII.
698 5063 1031 5135 Exemplaria
1064 5069 1264 5123 Nicwni
1292 5071 1492 5123 concilii
1522 5070 1712 5124 directa
1731 5072 1822 5125 sub
1841 5072 1926 5125 die
1945 5075 1971 5109 ά
2022 5088 2111 5128 \‘oll

603 5136 869 5211 Kalendas
918 5139 1345 5211 Deccmbrisipost
1368 5142 1687 5194 consulatum
1718 5144 2111 5211 gloriosissimo-

600 5224 715 5280 rum
776 5210 1138 5280 imperatorum
1184 5210 1406 5264 Honorii
1458 5210 1734 5266 duodecies
1773 5223 1819 5265 et
1873 5212 2111 5267 Theodo-

600 5278 661 5330 sii
708 5278 859 5333 octies
904 5282 1079 5351 Augus
1102 5299 1277 5347 orum,
1309 5281 1577 5355 Bonifacia
1612 5285 1751 5338 urbis
1793 5283 1970 5338 Roma:
1997 5285 2110 5353 epi-

599 5363 773 5402 πονο.

605 5363 683 5402 reo
758 5385 773 5400 .

605 5363 887 5494 Crzimus
916 5440 969 5495 in
1002 5458 1164 5497 unum
1199 5445 1362 5499 Deum
1402 5445 1615 5501 Patrem
1658 5444 2106 5515 omnipotentem,

606 5565 632 5594 ⁸
664 5559 779 5623 Ᾰῧ..
814 5560 872 5614 Β.
908 5560 996 5626 8.,
1030 5568 1069 5614 ι.
1101 5561 1153 5624 1.
1185 5562 1239 5621 2,
1275 5562 1363 5627 U.,
1392 5564 1595 5619 Irarum.

605 5636 629 5664 °
659 5628 773 5694 ΔΕ,
795 5632 851 5683 Β.
880 5630 1071 5694 1ι.,,·Τ.
1110 5631 1160 5697 1,
1203 5630 1259 5697 2,
1291 5631 1380 5695 U.,
1435 5633 1667 5690 Dominis
1690 5634 1881 5690 sanctis
1930 5633 2109 5689 merita

535 5698 833 5767 beatissimis
863 5701 1125 5767 fratribus.

606 5777 627 5813 ε
668 5766 783 5837 ἀλ,
811 5766 871 5823 Βζ
891 5769 979 5838 ιι,
1005 5769 1093 5838 U.,
1122 5772 1328 5838 fratres.
1357 5774 1535 5827 Amen.

2220 4561 2341 4619 post
2368 4551 2628 4621 baptisma
2650 4554 2963 4624 approbatio
2985 4556 3253 4625 amplior:
3285 4555 3567 4613 manifeSIa
3595 4562 3830 4616 etenim

2215 4658 2294 4705 est
2323 4651 2616 4720 apostolica
2647 4652 2920 4723 Scriptura
2951 4671 3072 4725 qua:
3096 4656 3226 4710 dicit
3256 4674 3269 4709 ε
3300 4654 3424 4710 Νοη
3454 4656 3796 4729 neophytum
3817 4703 3839 4728 ,

2216 4770 2279 4808 ne
2303 4754 2435 4824 forte
2455 4754 2509 4808 in
2528 4756 2818 4824 superbiam
2839 4755 3002 4813 elatus
3032 4758 3084 4810 in
3097 4758 3354 4828 judicium
3384 4758 3579 4811 incidat
3634 4769 3686 4812 et
3740 4761 3847 4815 la-

2213 4874 2396 4927 queam
2417 4857 2646 4924 diaboli,-
2673 4857 2720 4913 si
2748 4869 2927 4915 autem
2960 4861 3288 4930 procedente
3317 4870 3557 4932 tempore
3582 4862 3848 4933 aliquod

2216 4960 2408 5015 animm
2434 4972 2708 5029 peccatum
2741 4960 3046 5017 inveniatur
3066 4965 3209 5019 circa
3255 4964 3558 5035 hujusmodi
3612 4982 3850 5035 perso-

2214 5080 2337 5119 nam
2365 5073 2419 5121 et
2466 5066 2817 5120 convincatur
2854 5079 2884 5119 a
2931 5065 3143 5121 duobus
3189 5066 3276 5121 vel
3327 5066 3499 5123 tribus
3550 5069 3855 5140 testibus,

2213 5169 2315 5225 iste
2335 5170 2745 5226 cessetaclero.
2771 5170 2827 5227 Si
2855 5170 2977 5240 quis
3017 5181 3194 5225 autem
3240 5177 3437 5240 praeter
3487 5171 3607 5224 haec
3655 5171 3855 5242 facit,

2213 5272 2363 5343 quasi
2413 5272 2671 5329 adversus
2724 5289 2976 5350 magnum
3035 5272 3325 5329 concilium
3382 5271 3860 5343 superveniens,

2213 5376 2327 5446 ipse
2357 5377 2747 5447 periclitabitur
2774 5377 2844 5433 de
2872 5377 3043 5435 clero.

2282 5558 2307 5598 ἀ
2348 5558 2459 5626 1E.,
2489 5558 2551 5613 Τ.
2583 5558 2634 5621 i,
2666 5556 2722 5625 2,
2746 5560 2835 5623 G.,
2860 5559 2943 5612 die
2969 5574 3058 5613 vtt.
3094 5557 3155 5613 Β.
3191 5556 3280 5623 IL,
3306 5555 3389 5610 die
3415 5570 3490 5610 vr.

2285 5640 2308 5699 ἐ
2350 5631 2581 5697 1E.,n9n
2604 5629 3128 5699 factum,bomousion
3151 5628 3426 5692 Patriplwc
3440 5634 3515 5681 est
3544 5628 3879 5698 ejusdem

2288 5698 2305 5737 ί
2346 5700 2460 5767 Ε.,
2488 5698 2611 5754 sunt
2634 5717 2748 5768 qua:
2776 5702 2828 5754 iu
2848 5698 2971 5755 caelo
2992 5709 3039 5753 et
3064 5716 3175 5767 qua:
3204 5700 3253 5753 in
3278 5711 3431 5752 terra.

2285 5779 2310 5819 ε
2350 5771 2465 5843 Ᾱὶη
2497 5773 2584 5841 qui
2615 5786 2820 5843 propter
2850 5780 3073 5826 nostram
3099 5772 3314 5826 salutem
3346 5768 3634 5827 descendit.
