4056 6178
304 344 409 399 εει

604 450 689 506 III.
718 447 793 504 De
823 458 851 486 ι
879 446 1276 501 subintroductis
1296 447 1614 501 mulieribus.

379 545 668 605 Interdiait
729 538 1045 596 omnimodo
1094 546 1341 592 sanctum
1394 538 1684 592 concilium
1734 552 1908 607 neque

306 640 630 711 episcopum
701 644 878 700 neque
940 627 1313 697 presbyterum
1369 640 1544 696 neque
1601 626 1903 693 diaconum,

309 742 488 800 neque
514 742 580 781 ex
611 733 724 779 tato
753 736 877 775 eum
900 720 988 788 qui
1017 719 1069 772 in
1100 717 1251 772 clero
1279 726 1362 772 est
1387 716 1587 772 habere
1633 718 1904 771 subintro-

307 823 529 878 ductam
582 827 791 877 secum,
822 812 926 865 nisi
957 810 1092 863 forte
1119 818 1342 864 matrem
1392 818 1485 862 aut
1532 823 1777 863 sororem
1819 818 1911 863 aut

308 913 475 970 etiam
510 910 676 964 thiam
698 904 727 943 δ
752 912 844 957 aut
870 911 1215 956 materteram
1237 910 1331 955 aut
1358 916 1452 956 eas
1478 903 1623 956 solas
1654 914 1911 969 personas

308 1016 433 1073 qua
464 996 737 1067 refugiunt
767 1005 984 1046 omnem
1012 990 1391 1056 suspicionem.

640 1085 726 1140 IV.
756 1083 832 1139 De
859 1082 1183 1135 ordinatione
1212 1083 1585 1150 episcoporum.

401 1182 724 1252 Episcopum
748 1184 965 1244 oportet
1010 1174 1241 1228 maxime
1283 1174 1498 1243 quidem
1552 1175 1619 1229 ab
1665 1172 1913 1228 omnibus

318 1274 419 1343 qui
449 1278 573 1326 sunt
600 1270 742 1323 intra
776 1265 1108 1334 provinciam
1140 1264 1409 1332 episcopis
1434 1263 1670 1318 ordinari
1703 1280 1718 1317 :
1747 1264 1790 1317 si
1822 1277 1915 1316 au-

318 1376 432 1419 tem
460 1359 676 1415 difiicile
696 1357 797 1412 erit
823 1355 928 1410 hoc
954 1360 1046 1407 aut
1080 1366 1296 1422 prop'er
1319 1364 1595 1424 urgentem
1627 1354 1917 1409 necessita-

319 1467 433 1511 tem
477 1462 571 1507 aut
614 1459 837 1520 propter
879 1444 1265 1514 longitudinem
1316 1446 1542 1506 itineris,
1567 1444 1917 1499 omnismodis

320 1558 439 1601 tres
472 1545 526 1598 in
562 1557 727 1596 unum
780 1541 1185 1601 convenientes,
1227 1539 1686 1594 consentientibus
1733 1546 1786 1591 et
1836 1537 1918 1590 his

316 1641 413 1711 qui
446 1642 700 1693 absentes
730 1646 854 1691 sunt
908 1634 1177 1709 episcopis
1220 1643 1277 1687 et
1314 1634 1763 1702 respondentibus
1813 1646 1909 1700 per

316 1732 585 1799 scriptum
622 1741 673 1794 ε,
707 1742 835 1783 tunc
875 1725 1478 1795 manusitnpositionem
1531 1724 1664 1779 fieri.
1710 1722 1920 1776 Conﬁr-

1182 331 1461 389 AFBICE
1498 332 1837 392 CONCILIA.
1879 364 1951 378 —
1986 335 2571 396 CARTHAGINENSE
2614 338 2699 395 Vl.

1930 452 1984 510 Δ

3488 346 3597 402 ἳῆ

2153 448 2285 505 VIII.
2347 448 2425 504 De
2474 450 2553 505 his
2600 451 2691 521 qui
2737 451 3071 505 denominant
3096 469 3151 508 se
3177 451 3453 508 Catharos.

2082 540 2386 611 Aliquando
2414 556 2544 597 vero
2584 542 2962 598 accedentibus
3009 542 3078 598 ad
3121 544 3440 600 catholicam
3493 546 3600 604 Ec-

2008 630 2252 695 clesium,
2284 631 2479 701 placuit
2510 643 2709 687 sanctae
2739 640 2794 687 et
2818 648 3024 702 magna
3066 633 3274 703 synodo
3312 648 3408 690 eos
3459 636 3606 691 ordi-

2010 734 2165 778 natos
2190 723 2269 779 sic
2298 740 2517 780 manere
2545 726 2599 779 in
2627 726 2774 780 clero
2806 744 2819 779 :
2854 737 2983 780 ante
3032 729 3214 781 omnia
3267 735 3443 781 autem
3491 726 3607 784 hatc

2012 815 2254 883 proﬁteri
2290 816 2433 885 ipsos
2460 831 2555 886 per
2580 815 2914 882 Scripturam
2940 830 3177 886 Oportet,
3207 819 3349 890 quod
3375 835 3604 874 consen-

2013 908 2145 963 tiant
2171 916 2225 963 et
2254 918 2547 977 sequantur
2579 910 2835 965 catholica
2879 921 2931 965 et
2969 912 3265 978 apostolica
3309 909 3558 978 dogmata
3582 927 3601 965 :

2013 1000 2116 1054 hoc
2147 1008 2230 1055 est
2257 1009 2311 1054 et
2348 1001 2576 1069 bigamis
2599 1003 2994 1056 communicare
3018 1011 3073 1057 et
3105 1004 3186 1057 his
3208 1004 3297 1071 qui
3335 1004 3388 1057 in
3422 1018 3606 1072 perse-

2012 1093 2227 1148 cutione
2255 1092 2458 1160 delapsi
2501 1096 2820 1161 sunt,circa
2867 1108 3002 1162 quos
3049 1104 3104 1149 et
3149 1105 3360 1163 tempus
3402 1092 3606 1148 conSIi-

2016 1190 2186 1237 tutum
2231 1192 2315 1237 est
2344 1182 2530 1238 etdies
2553 1166 2810 1237 definitus
2832 1224 2845 1246 ,
2871 1193 2929 1236 ut
2957 1194 3254 1252 sequantur
3280 1185 3329 1236 in
3355 1183 3606 1238 omnibus

2014 1289 2132 1344 qua:
2155 1272 2448 1342 placuerint
2472 1273 2749 1327 catholicae
2776 1273 3030 1328 Ecclesia:
3051 1275 3303 1345 episcopo
3324 1284 3417 1327 aut
3441 1288 3591 1343 pres-

2017 1365 2223 1434 bytero.
2270 1362 2584 1434 Ubicunque
2623 1374 2801 1419 autem
2864 1379 3051 1419 omnes
3102 1368 3220 1423 sive
3268 1366 3320 1418 in
3373 1364 3605 1421 castellis

2018 1455 2133 1511 sive
2156 1457 2210 1510 in
2237 1456 2548 1511 civitatibus
2582 1457 2681 1526 ipsi
2723 1456 2825 1511 soli
2856 1454 3063 1511 inventi
3086 1454 3308 1510 -fuerint
3353 1453 3604 1518 ordinati,

2020 1548 2112 1616 qui
2143 1546 2485 1600 inveniuntur
2508 1546 2561 1600 in
2588 1546 2733 1600 clero
2760 1545 2867 1600 sint
2893 1546 2945 1599 in
2977 1545 3169 1600 eodem
3203 1544 3420 1609 habitu;
3444 1552 3604 1612 quot-

2020 1646 2152 1707 quot
2180 1646 2359 1692 autem
2391 1636 2671 1692 catholicae
2695 1637 2950 1692 Ecclesia:
2978 1637 3231 1707 episcOpo
3262 1645 3351 1691 aut
3382 1633 3609 1706 presby-

2023 1737 2137 1781 tero
2168 1738 2414 1783 exstante
2435 1728 2718 1794 accedunt,
2750 1727 3093 1782 manifestum
3142 1728 3267 1796 quia
3325 1725 3610 1794 episcopus

319 1797 493 1877 matio
511 1830 693 1876 autem
724 1833 911 1874 eorum
942 1832 1063 1887 qua)
1090 1817 1223 1870 fiunt
1253 1816 1425 1871 danda
1467 1815 1753 1884 unicuique
1804 1827 1918 1867 suae
1949 1797 1997 1856 Β
2024 1820 2238 1888 quidem
2290 1819 2535 1874 ecclesia:
2591 1819 2807 1874 habebit
2855 1819 3165 1889 dignitatem
3221 1818 3481 1887 episcopi,
3519 1816 3613 1886 qui

319 1914 619 1985 provinciae
646 1911 1065 1979 metr0politano
1098 1908 1377 1978 episcopo.

779 2002 844 2058 ν.
896 2001 971 2056 De
1005 1987 1469 2058 excommunicatis.

399 2097 476 2151 De
507 2094 590 2153 his
618 2095 709 2163 qui
752 2094 1312 2159 excommunicantur,
1340 2095 1455 2148 sive
1497 2093 1565 2148 de
1615 2092 1764 2148 clero
1812 2092 1922 2147 sint

318 2188 441 2243 sive
466 2188 535 2242 de
565 2187 701 2241 laico
726 2186 961 2257 agmine,
991 2187 1058 2239 ab
1086 2185 1359 2256 episcopis
1386 2201 1478 2252 per
1502 2185 1745 2254 singulas
1792 2199 1918 2251 pro-

316 2282 530 2336 vincias
559 2281 801 2335 obt'neat
826 2279 1089 2333 sententia
1112 2277 1262 2347 juxta
1284 2292 1542 2342 canones,
1573 2292 1667 2333 eos
1696 2276 1807 2345 'qni
1856 2273 1922 2329 ab

319 2374 456 2427 aliis
482 2370 806 2440 abjiciuntur
833 2370 902 2423 ab
924 2369 1044 2423 aliis
1072 2384 1175 2422 non
1211 2367 1577 2437 recipiendos;
1620 2367 1923 2435 requiratur

324 2478 519 2521 autem
545 2481 613 2519 ne
641 2465 1071 2534 pusillanimitate
1102 2472 1192 2518 aut
1216 2463 1505 2531 pertinacia
1533 2470 1625 2515 aut
1667 2462 1768 2514 alia
1818 2461 1922 2513 ali-

324 2574 436 2623 qua
467 2559 703 2628 cpiscOpi
735 2557 971 2611 molestia
1004 2555 1453 2611 excommunicati
1497 2554 1625 2607 sint.
1680 2551 1750 2608 Ut
1796 2565 1925 2617 ergo

331 2650 493 2721 171
527 2650 629 2702 hoc
660 2646 935 2703 decentius
982 2645 1307 2715 inquiratur,
1355 2645 1492 2699 bene
1536 2642 1722 2698 haberi
1754 2641 1779 2680 ἀ
1813 2643 1925 2711 pla—

323 2742 443 2796 cuit
468 2738 693 2807 singulis
723 2739 878 2791 annis
931 2752 1026 2806 per
1078 2737 1312 2806 singulas
1362 2737 1669 2805 provincias
1718 2733 1803 2789 bis
1865 2733 1919 2787 in

328 2846 474 2885 anno
514 2828 744 2884 concilia
784 2828 921 2895 fieri,
966 2838 1023 2881 ut
1061 2827 1311 2882 omnibus
1355 2825 1511 2880 simul
1562 2823 1827 2895 episcopis
1869 2824 1923 2877 in

326 2934 495 2975 unum
536 2918 876 2987 congregatis
921 2916 1057 2971 tales
1110 2916 1439 2983 quaastiones
1486 2914 1844 2982 inquiruntur,
1870 2920 1926 2966 et

308 3010 403 3064 ita
434 3008 525 3078 qui
558 3007 844 3062 manifeste
871 3006 1210 3062 oll'endcrunt
1237 3007 1548 3074 episcopum
1592 3003 1926 3059 rationabili-

326 3108 416 3154 ter
430 3098 881 3153 excommunicati
898 3096 1038 3165 apud
1063 3110 1249 3150 omnes
1266 3110 1386 3150 esse
1399 3104 1668 3166 putentur.
1690 3095 1922 3165 quandiu

330 3190 501 3243 autin
536 3187 813 3242 communi
860 3198 951 3240 aut
993 3188 1247 3255 episc0po
1303 3186 1510 3253 placeat
1554 3186 1924 3241 humaniorem

334 3294 432 3348 pro
462 3280 546 3334 his
576 3276 719 3333 ferre
740 3278 1079 3333 sententiam.
1103 3276 1339 3332 Concilia
1360 3288 1539 3333 autem
1582 3279 1732 3343 liaut,
1766 3292 1928 3332 unum

332 3372 556 3441 quidem
588 3381 716 3426 ante
736 3369 1219 3441 quadragesimam,
1241 3380 1295 3422 ut
1320 3370 1467 3423 omni
1494 3365 1929 3437 pusillanimitate

331 3465 547 3519 sublata
569 3477 766 3517 munus
812 3462 1067 3516 mundum
1122 3460 1383 3515 oﬂ‘eratur
1429 3461 1581 3525 Deo,
1630 3456 1928 3514 secundum

335 3568 517 3611 autem
550 3556 696 3612 circa
722 3564 933 3622 tempus
962 3553 1221 3609 autumni.
1256 3602 1264 3609 .
1502 3611 1509 3619 ε

342 3647 428 3702 VI.
487 3646 567 3701 De
622 3646 927 3718 primatibus
986 3646 1344 3715 episeOpor’tm
1389 3646 1927 3717 metropolitanorum.

412 3740 631 3808 Antiqui
664 3752 843 3793 mores
871 3737 1146 3791 obtineant
1172 3738 1260 3804 qui
1283 3736 1427 3806 apud
1464 3736 1751 3808 )Egyptum
1784 3744 1931 3803 sunt,

340 3830 564 3899 Libyam
591 3838 644 3883 et
670 3829 1027 3896 Pentapolim,
1058 3836 1114 3882 ut
1138 3829 1483 3883 Alexandria:
1513 3833 1797 3898 episcOpus
1819 3846 1934 3883 om-

338 3918 486 3974 nium
539 3917 740 3972 habeat
782 3916 1224 3981 sollicitudinem,
1271 3917 1397 3986 quia
1445 3928 1501 3971 et
1554 3916 1699 3972 urbis
1750 3916 1935 3972 Roma:

334 4010 598 4080 episcopo
626 4004 821 4063 similis
852 4022 967 4062 mos
998 4019 1080 4062 est
1113 4025 1127 4061 :
1168 4007 1420 4062 similiter
1449 4016 1627 4062 autem
1680 4017 1735 4061 et
1790 4007 1935 4061 circa

337 4107 687 4162 Antiochiam
717 4115 773 4160 et
799 4105 853 4160 in
884 4105 1097 4159 caeteris
1113 4103 1400 4173 provinciis
1419 4101 1693 4173 privilegia
1718 4102 1936 4171 propria

338 4209 699 4258 reserventur
727 4194 1155 4266 metropolitanis
1182 4194 1447 4250 ecclesiis.
1498 4194 1728 4249 Omnino
1756 4201 1937 4247 autem

339 4296 687 4351 manifestum
714 4299 799 4346 est
821 4290 970 4356 illud,
1014 4289 1138 4359 quia
1175 4287 1219 4342 si
1252 4288 1372 4357 quis
1408 4297 1605 4356 praeter
1654 4285 1937 4341 consilium

343 4383 749 4454 metropolitani
797 4384 966 4436 factus
1015 4381 1174 4435 fuerit
1211 4379 1517 4448 episcupus,
1551 4379 1712 4432 talem
1755 4379 1940 4431 conci-

2020 1919 2200 1964 autem
2234 1912 2547 1965 nominatur
2574 1915 2715 1979 apud
2743 1927 2834 1967 eos
2864 1913 3150 1981 episc0pus
3192 1910 3489 1980 presbyteri
3516 1909 3615 1962 IIO-

2022 2014 2209 2053 norem
2245 2000 2400 2070 172
2433 2000 2671 2066 habebit,
2725 1999 2827 2054 nisi
2877 1999 3015 2054 forte
3058 2000 3320 2071 placuerit
3360 1998 3614 2066 episcopo

2024 2090 2246 2147 honoris
2274 2109 2396 2147 eum
2442 2094 2657 2148 nomine
2689 2094 2790 2148 frui
2815 2111 2829 2159 ;
2853 2093 2934 2148 sin
2964 2109 3092 2147 vero
3125 2108 3229 2146 non
3278 2091 3384 2146 hoc
3410 2091 3460 2145 ei
3501 2091 3614 2159 pla-

2023 2183 2219 2247 cuerit,
2252 2183 2558 2251 providebit
2606 2184 2780 2237 locum
2840 2193 2932 2237 aut
2985 2181 3466 2250 chorepiscopatus
3522 2189 3615 2235 aut

2025 2271 2343 2342 presbyterii
2375 2282 2431 2325 ut
2458 2270 2509 2324 in
2543 2272 2691 2326 clero
2722 2273 2941 2327 omnino
2968 2286 3089 2327 esse
3135 2272 3400 2338 videatur,
3429 2280 3617 2341 quate-

2025 2376 2125 2415 nus
2147 2377 2249 2414 nou
2275 2362 2324 2415 in
2354 2363 2573 2416 civitate
2594 2364 2699 2416 duo
2726 2363 2961 2433 episcopi
2995 2363 3119 2417 sint.

2026 2451 2115 2505 IX.
2145 2448 2221 2504 De
2240 2450 2318 2506 his
2339 2453 2427 2515 qui
2446 2452 2515 2505 ad
2545 2455 2882 2533 sacerdotium
2928 2453 3038 2506 sine
3081 2454 3455 2506 examinatione
3495 2467 3619 2523 pro-

2665 2532 2788 2575 matt
2819 2532 2958 2576 sunt.

2098 2616 2157 2673 Si
2184 2616 2272 2686 qui
2314 2618 2432 2671 sine
2460 2616 2856 2670 examinatione
2888 2615 3117 2685 promoti
3146 2624 3270 2669 sunt
3316 2614 3617 2687 presbyteri

2027 2719 2119 2763 aut
2149 2707 2386 2778 episcopi
2418 2718 2470 2762 et
2504 2723 2625 2762 cum
2656 2707 3019 2761 discutiuntur
3047 2706 3283 2762 confessi
3331 2715 3456 2760 sunt
3496 2721 3618 2775 qua:

2027 2811 2405 2870 peccaverunt,
2437 2800 2518 2854 vel
2544 2799 2589 2853 si
2624 2799 2692 2854 ab
2723 2798 2849 2853 aliis
2895 2798 3212 2853 evincantur
3267 2807 3323 2852 et
3362 2806 3617 2867 prae-terea

2027 2894 2431 2958 conﬁtentibus,
2462 2900 2649 2946 contra
2680 2906 2941 2946 canonem
2967 2891 3097 2944 moti
3140 2890 3386 2943 homines
3430 2902 3621 2942 manus

2029 2989 2106 3043 eis
2132 2987 2528 3055 imposuerunt,
2561 2985 2694 3040 tales
2714 3000 2885 3038 canon
2911 2999 3016 3038 non
3039 2982 3266 3050 suscipit
3289 2981 3382 3034 sed
3406 2980 3618 3049 abjicit;

2033 3080 2132 3134 hoc
2159 3082 2301 3133 enim
2332 3078 2473 3148 quod
2498 3076 2965 3147 irrepreltensibile
2993 3085 3075 3131 est
3098 3074 3333 3130 defendit
3360 3071 3620 3126 catholica

2036 3170 2297 3225 Ecclesia.

2030 3264 2101 3320 Χ.
2135 3263 2213 3318 De
2242 3265 2321 3317 his
2343 3264 2431 3331 qui
2460 3270 2774 3333 negaverunt
2806 3263 2861 3315 in
2886 3261 3238 3333 persecutione
3265 3267 3313 3313 et
3345 3266 3518 3329 postea
3554 3255 3621 3307 ad

2456 3332 2749 3386 clericatum
2794 3332 3012 3401 promoti
3054 3341 3194 3383 sunt.

2102 3421 2417 3492 Quicunque
2438 3421 2667 3475 ordinati
2689 3430 2813 3474 sunt
2841 3434 2936 3487 per
2964 3419 3319 3489 ignorantiam
3362 3424 3455 3469 aut
3495 3413 3620 3468 dis-

2032 3513 2424 3570 simulationem
2474 3511 2864 3577 ordinantium,
2902 3511 2955 3563 hi
3003 3510 3092 3580 qui
3148 3510 3279 3577 lapsi
3329 3516 3474 3574 sunt,
3522 3505 3626 3559 hoc

2036 3616 2063 3644 ο
2096 3622 2200 3661 non
2227 3603 2538 3675 prtejudicat
2558 3603 2749 3657 canoni
2766 3604 3165 3668 ecclesiastico;
3199 3601 3393 3672 cogniti
3421 3598 3624 3653 etenim

2034 3698 2373 3768 deponuntur
2404 3694 2489 3768 [Τ.
2520 3694 2578 3763 ‘2,
2602 3690 2980 3764 deponantur].

2147 3810 2238 3866 XI.
2268 3809 2347 3864 De
2367 3809 2445 3863 his
2462 3810 2545 3879 qui
2575 3817 2881 3878 negaverunt
2908 3815 2955 3862 et
2983 3806 3233 3861 habentur
3258 3805 3309 3859 in
3352 3803 3517 3859 laicis.

2113 3924 2189 3977 De
2229 3922 2313 3976 his
2334 3922 2423 3992 qui
2458 3922 2791 3986 praevaricati
2837 3930 2961 3975 sunt
3003 3929 3197 3990 prmter
3248 3920 3624 3974 necessitatem

2038 4024 2130 4070 aut
2153 4022 2345 4083 praeter
2372 4013 2701 4067 oblationem
2748 4012 3059 4065 facultatum
3102 4022 3196 4065 aut
3234 4020 3429 4079 praeter
3479 4011 3631 4075 peri-

2038 4106 2219 4161 culum
2249 4105 2333 4159 vel
2366 4104 2473 4159 tale
2503 4102 2744 4172 aliquod,
2776 4103 2916 4171 quod
2954 4102 3150 4156 factum
3194 4111 3277 4156 est
3306 4100 3405 4156 sub
3448 4112 3632 4170 tyran-

2040 4199 2164 4254 nide
2193 4195 2405 4263 Licinii,
2447 4196 2647 4265 placuit
2689 4204 2874 4249 sancto
2930 4193 3182 4259 concilio,
3249 4193 3373 4248 licet
3425 4193 3627 4261 indigni

2039 4291 2146 4344 sint
2173 4287 2526 4353 humanitate,
2561 4296 2738 4341 tamen
2763 4285 3032 4340 subveniri
3056 4286 3155 4340 eis.
3207 4286 3481 4354 Quotquot
3531 4284 3630 4353 igi-

2043 4392 2129 4437 tur
2158 4381 2681 4451 sincere-ptenitent,
2716 4389 2823 4434 tres
2854 4394 3025 4433 annos
3046 4379 3182 4433 inter
3204 4378 3482 4432 audientes
3501 4378 3629 4442 sint,

345 4479 474 4533 lium
503 4490 760 4545 magnum
792 4473 1032 4563 deﬁnivit
1064 4487 1180 4563 non
1205 4471 1400 4526 debere
1430 4486 1552 4563 esse
1582 4471 1893 4563 episcopum
1921 4488 1937 4525 :
1968 4501 2022 4563 Β
2044 4477 2133 4547 qui
2166 4475 2301 4545 lapsi
2331 4484 2456 4529 sunt
2486 4473 2693 4537 ﬁdeles,
2724 4480 2779 4527 et
2803 4480 3011 4540 septem
3043 4485 3213 4525 annos
3234 4471 3583 4527 succumbant
3612 4485 3628 4521 :

341 4566 386 4619 si
417 4579 548 4619 vero
578 4560 853 4617 communi
884 4559 1121 4614 omnium
1150 4558 1367 4612 decreto
1398 4557 1703 4612 rationabili
1750 4568 1805 4613 et
1850 4572 1940 4612 se-

340 4657 579 4711 cundum
600 4668 864 4711 canonem
888 4652 1310 4709 ecclesiasticum
1334 4650 1443 4704 duo
1472 4659 1563 4705 aut
1584 4660 1692 4706 tres
1721 4660 1943 4721 propter

345 4748 594 4815 proprias
609 4745 923 4801 inimicitias
941 4742 1393 4806 contradixerint,
1413 4741 1653 4796 obtineat
1677 4745 1942 4799 sententia

346 4840 728 4908 plurimorum.

459 4929 571 4983 VII.
603 4929 682 4981 De
702 4929 938 4998 episcapo
965 4927 1128 4981 Elia:
1151 4927 1204 4980 id
1230 4938 1305 4981 est
1343 4926 1836 4999 Hierosolymitano.

420 5020 559 5088 Quia
601 5021 936 5074 consuetudo
984 5020 1214 5073 obtinuit
1259 5027 1314 5073 et
1358 5018 1474 5073 trad
1501 5019 1574 5073 tio
1620 5020 1855 5090 antiqua,
1890 5029 1948 5074 ut

351 5112 521 5169 Elim
550 5110 838 5180 cpiscopus
867 5108 1181 5177 honoietur,
1206 5108 1397 5164 habeat
1422 5110 1666 5165 ordinem
1700 5111 1944 5179 honoris,

342 5204 504 5264 salva
534 5201 669 5273 [U.,
696 5201 791 5266 6.,
814 5197 1054 5271 salvata]
1115 5208 1293 5256 tamen
1340 5202 1597 5272 dignitate
1639 5203 1950 5273 metropoli-

345 5295 471 5351 tani
499 5293 741 5364 ejusdem
777 5291 1085 5364 provincias.

428 5436 457 5464 ³
503 5426 560 5481 1η
588 5426 835 5497 reliquis,
859 5435 1057 5497 praeter
1099 5428 1200 5495 Α..
1240 5424 1317 5481 De
1353 5430 1788 5485 commanentibus
1834 5446 1950 5485 cum

347 5498 590 5553 mulieri’
608 5513 689 5550 us.
1800 5512 1803 5515 ·

432 5568 464 5607 δ
493 5569 549 5637 In
580 5566 799 5637 reliquis
827 5576 1024 5637 praeter
1046 5568 1136 5627 Δ..
1170 5568 1329 5622 thiam
1358 5578 1448 5622 aut
1475 5586 1562 5623 eas
1582 5570 1738 5624 solas.

432 5649 477 5711 ¢_
496 5636 571 5711 Es
594 5632 770 5692 EIIn
794 5632 884 5711 ΑΖ,
903 5638 962 5691 Β.
986 5636 1157 5711 R.,_E.
1172 5639 1226 5703 5,
1241 5641 1606 5709 spondentibus
1628 5641 1948 5711 prmeripta.

350 5709 510 5778 Tui,
537 5709 598 5772 2,
630 5719 721 5777 per
743 5708 1044 5775 scripturas.
1069 5709 1133 5764 Ο.
1156 5750 1171 5773 ,
1198 5708 1287 5776 per
1313 5713 1528 5778 scripta.

419 5776 449 5815 ἀ
495 5778 553 5834 In
583 5776 683 5834 hac
706 5791 837 5834 voce
866 5778 1041 5833 haberi
1086 5780 1223 5835 facta
1271 5776 1550 5852 perperam
1607 5782 1660 5837 iu
1707 5782 1953 5841 omnibus

2045 4566 2255 4622 duobus
2284 4580 2412 4620 vero
2464 4564 2623 4620 annis
2668 4565 2873 4634 absque
2917 4562 3191 4618 oblatione
3232 4558 3632 4614 communicent

2045 4657 2377 4713 orationibus
2416 4655 2620 4725 pepuli.

2046 4771 2160 4827 XII.
2204 4769 2282 4824 De
2306 4770 2383 4823 his
2407 4770 2492 4839 qui
2521 4769 3007 4850 abrenuntiaverunt
3032 4780 3078 4821 et
3105 4767 3290 4821 iterum
3311 4766 3379 4819 ad
3391 4768 3634 4821 amentium

2654 4851 2772 4894 sunt
2820 4856 3025 4894 reversa.

2118 4938 2433 5006 Quicunque
2470 4936 2642 4990 vocati
2682 4945 2808 4989 sunt
2835 4935 2901 4988 ad
2947 4934 3179 5004 gratiam
3229 4942 3285 4988 et
3343 4931 3633 5001 primordia

2048 5029 2473 5086 demonstrantes
2504 5027 2643 5083 bona
2673 5026 3044 5097 deposuerunt
3084 5024 3357 5094 cingulum
3410 5020 3633 5083 militiae,

2050 5132 2231 5191 postea
2262 5135 2391 5177 vero
2420 5119 2486 5175 ad
2509 5119 2785 5190 pr0prium
2813 5117 3072 5172 vomitum
3101 5114 3329 5170 revoluti
3370 5118 3517 5178 sunt,
3562 5109 3636 5165 ita

2049 5222 2107 5267 ut
2129 5212 2290 5282 aliqui
2314 5222 2367 5268 et
2400 5211 2680 5282 pecuniam
2707 5208 2985 5265 conferant
3012 5216 3067 5260 et
3088 5203 3365 5260 beneflciis
3388 5201 3637 5257 militiam

2050 5313 2316 5375 repetant,
2358 5304 2445 5358 isti
2472 5303 2658 5358 deceiu
2703 5312 2874 5354 annos
2895 5296 3246 5351 succumbant
3269 5304 3391 5365 post
3421 5292 3638 5350 triennii

2050 5435 2332 5493 Codicibus
2360 5434 2556 5489 divisio
2589 5433 2734 5488 velut
2755 5432 2995 5501 quintum
3038 5433 3176 5487 inter
3203 5440 3256 5485 ct
3298 5440 3505 5501 sextum
3538 5444 3637 5483 nu-

2052 5521 2280 5569 merum,
2305 5506 2496 5559 cutniu
2538 5512 2744 5559 textum
2776 5513 2899 5560 nota
2932 5503 3242 5574 marginalia
3294 5500 3372 5555 De
3420 5501 3637 5555 concilio

2052 5577 2349 5634 celebrando
2379 5576 2538 5630 fuerit
2567 5576 2888 5632 introducta.

2108 5658 2149 5730 ,ο
2193 5647 2280 5717 U.,
2323 5646 2414 5712 (3.,
2464 5644 2560 5701 hoc
2618 5664 2718 5702 non
2760 5646 3127 5718 praejudicante
3157 5660 3355 5700 canone
3399 5643 3638 5699 ecclesia-

2053 5728 2201 5773 ετιεο.
