4060 6184
432 286 538 344 223

435 506 646 566 sgutere
667 493 994 547 voluntatem
1027 503 1081 546 et
1102 489 1336 559 speciem
1364 486 1728 556 panitentiai;
1762 493 2026 554 quotquot

437 602 578 642 ennn
607 585 801 640 timore
839 593 894 637 et
935 581 1184 653 laetymis
1235 589 1291 635 et
1316 578 1716 648 perseverantia
1768 588 1826 633 et
1872 579 2026 633 bonis

440 678 696 747 operibus
725 674 1130 731 conversionem
1176 686 1345 740 opere
1395 686 1501 725 non
1543 670 1886 724 simulatione
1928 668 2027 724 de-

450 777 774 831 monstrant,
807 767 893 820 isti
924 765 1281 833 adirnplentes
1315 774 1519 831 tempus
1548 763 1894 816 constitutum
1935 776 2028 815 au-

445 858 660 914 ditionis
687 857 1016 912 oratiOnibus
1048 856 1240 910 merito
1256 854 1748 923 communicabunt,
1773 861 1828 909 et
1848 864 2030 923 postea

445 946 626 1000 licebit
652 947 907 1013 episcono
943 943 1230 998 humanius
1262 944 1330 998 de
1380 944 1461 998 his
1489 942 1690 1013 aliquid
1745 945 1981 1013 cogitare
2016 961 2029 996 ε

440 1035 731 1104 quiautem
763 1035 1052 1090 indiscrete
1085 1036 1324 1091 tulerunt
1352 1044 1408 1092 et
1447 1035 1747 1104 ingressum
1790 1035 2033 1089 ecclesias

444 1124 544 1178 sibi
579 1124 830 1179 sufﬁcere
867 1125 1109 1179 arbitrati
1163 1134 1290 1180 sunt
1318 1125 1382 1178 ad
1413 1125 1849 1192 conversionem,
1875 1139 2035 1181 omne

441 1216 747 1284 Compleant
780 1226 1011 1284 tempus.

523 1307 677 1378 173
721 1306 857 1360 XIII.
904 1306 983 1361 De
1031 1308 1110 1361 Itis
1150 1310 1246 1389 qui.
1278 1308 1330 1360 in
1359 1308 1511 1389 exitu
1559 1307 1966 1362 communionem

1101 1387 1383 1448 requirunt.

521 1465 597 1521 De
635 1468 952 1522 exeuntibus
999 1469 1068 1523 de
1109 1482 1336 1537 corpore
1366 1477 1521 1523 vetus
1568 1476 1621 1523 et
1661 1469 1916 1523 canonica
1957 1467 2040 1524 lex

449 1559 779 1614 custodiatur
807 1571 860 1615 et
895 1576 1056 1627 nunc,
1086 1569 1142 1615 ut
1173 1561 1209 1616 ii
1257 1562 1344 1630 qui
1390 1562 1526 1616 mori
1577 1568 1827 1626 parantur
1864 1562 2044 1616 novis-

451 1648 590 1701 sitno
623 1647 893 1718 juvamine
947 1666 1050 1705 non
1095 1651 1408 1720 priventur;
1460 1650 1543 1704 sin
1597 1664 1725 1704 vero
1775 1649 2044 1720 desperati

1109 285 1489 342 COLLECTIO
1528 284 1857 340 CANONUM
1900 285 1957 341 S.
2000 283 2272 339 ISIDORO
2315 281 2583 340 IIISF’AL.
2624 281 2981 339 ASCRIPTA.

435 400 722 459 auditionis
748 409 977 470 tempus.
1010 398 1065 454 In
1095 399 1346 454 omnibus
1371 405 1549 451 autem
1577 394 1660 449 Itis
1696 405 1907 465 oportet
1936 394 2017 448 di-
2045 399 2096 456 Α

3607 282 3718 337 εεη

2398 393 2583 448 XVIII.
2619 393 2696 446 De
2719 394 2994 463 privilegiis
3017 393 3445 463 presbyterorum.

2201 486 2452 542 Pervenit
2480 485 2544 541 ad
2575 495 2819 541 sanctum
2852 497 2905 540 et
2935 501 3183 556 magnum
3225 487 3538 554 concilium,
3579 489 3724 557 quod

2128 578 2179 633 in
2222 577 2539 646 quibusdam
2585 579 2718 633 locis
2762 587 2855 631 aut
2896 577 3198 632 civitatibus
3243 579 3574 650 presbyteris
3612 596 3730 650 gra-

2129 670 2254 723 tiam
2288 668 2400 741 [E.,
2425 668 2489 722 Τ.
2515 667 2570 734 2,
2594 669 2994 739 eucharistiam]
3023 668 3232 723 diaconi
3265 670 3564 740 porrigant,
3582 672 3726 741 quod

2130 773 2305 827 neque
2349 774 2519 812 canon
2566 774 2742 828 neque
2790 759 3125 815 consuetudo
3169 759 3404 824 tradidit,
3446 769 3502 814 ut
3546 761 3597 813 hi
3638 760 3731 830 qui

2131 859 2448 918 potestatem
2472 849 2731 905 oﬂerendi
2763 864 2867 904 non
2899 849 3096 905 habent
3126 849 3210 905 his
3233 850 3323 918 qui
3350 851 3580 906 oll’erunt
3607 867 3732 920 por-

2133 939 2310 1009 rigant
2337 955 2534 1009 corpus
2575 939 2776 995 Christi
2808 957 2825 995 :
2855 940 2952 995 sed
2993 941 3153 996 etiam
3188 941 3290 995 hoc
3326 956 3539 1011 quoque
3578 943 3733 996 inno-

2135 1032 2253 1098 tuit,
2284 1031 2425 1101 quod
2456 1031 2670 1101 quidam
2698 1030 2908 1086 diaconi
2939 1038 2995 1086 et
3040 1041 3168 1085 ante
3195 1029 3476 1100 episcOpos
3519 1033 3733 1086 contin-

2135 1131 2263 1192 gant
2288 1122 2694 1177 eucharistiam.
2727 1121 2916 1176 Omnia
2952 1122 3112 1192 igitur
3141 1122 3256 1176 haec
3287 1132 3648 1191 amputentur,
3677 1131 3732 1176 et

2138 1222 2388 1266 maneant
2432 1212 2648 1267 diaconi
2690 1213 2743 1267 in
2791 1213 3009 1282 proprio
3052 1211 3260 1279 ordine,
3306 1213 3540 1268 scientes
3587 1213 3731 1283 quod

2137 1301 2512 1371 episcOporum
2536 1301 2749 1370 quidem
2774 1302 3005 1358 ministri
3030 1312 3177 1368 sunt,
3205 1303 3530 1375 presbyteris
3550 1315 3732 1360 autem

2142 1391 2429 1449 inferiores
2469 1395 2741 1462 existunt;
2783 1395 3047 1464 accipiant
3091 1401 3270 1450 autem
3314 1411 3377 1449 es
3416 1397 3604 1452 ordine
3630 1411 3732 1452 eu-

2143 1484 2448 1538 charistiam
2475 1494 2597 1554 post
2623 1485 2983 1557 presbyteros,
3015 1485 3272 1554 episc0po
3317 1486 3395 1541 eis
3441 1486 3600 1542 dante
3640 1497 3738 1543 aut

2147 1577 2459 1642 presbytero
2486 1593 2500 1628 :
2529 1575 2623 1631 sed
2654 1591 2754 1632 nec
2782 1579 2976 1632 sedere
3005 1577 3083 1633 eis
3108 1577 3161 1631 in
3189 1576 3365 1631 medio
3385 1577 3735 1648 presbytero-

2147 1681 2265 1719 rum
2300 1665 2482 1732 liceat,
2511 1678 2706 1736 prreter
2727 1683 2988 1724 canonem
3013 1669 3156 1723 enim
3187 1679 3241 1724 et
3268 1678 3458 1736 praeter
3487 1668 3735 1724 ordinem

453 1739 827 1796 communione
882 1753 1092 1812 sumpta
1142 1754 1195 1798 et
1233 1744 1501 1798 oblatione
1547 1753 1795 1814 percepta
1848 1746 2042 1800 iterum

2150 1765 2234 1811 cst
2278 1757 2381 1812 hoc
2407 1758 2451 1812 si
2494 1759 2604 1812 ﬁat.
2637 1759 2694 1815 Si
2721 1761 2842 1830 quis
2889 1769 3063 1815 autem
3094 1759 3468 1829 obtemperare
3504 1760 3738 1816 noluerit

450 1832 850 1900 convalescant,
882 1835 987 1889 sint
1033 1836 1172 1890 inter
1197 1852 1290 1892 eos
1328 1839 1416 1906 qui
1466 1837 1799 1892 orationibus
1843 1847 2047 1892 tantum

453 1926 869 1980 communicant.
909 1927 1138 1981 Omnino
1168 1938 1344 1983 autem
1371 1928 1516 1981 omni
1556 1930 1817 1982 morituro
1843 1933 2046 1997 petenti

455 2014 553 2067 sibi
582 2015 695 2069 dari
716 2018 938 2086 gratiam
967 2021 1250 2089 episcOpus
1275 2019 1618 2089 probabiliter
1646 2021 1693 2074 ei
1721 2020 2047 2076 oblationem

453 2108 754 2165 contradat.

816 2200 955 2256 XIV.
1002 2201 1078 2255 De
1106 2202 1475 2256 catccltumenis
1515 2203 1689 2273 lapsis.

534 2290 741 2347 Placuit
781 2306 978 2350 sancire
1005 2304 1060 2350 et
1091 2310 1295 2363 magna:
1342 2294 1548 2365 synodo
1588 2304 1642 2347 ut
1691 2293 1923 2350 triennio
1951 2310 2048 2348 au-

460 2379 612 2434 diant
642 2390 868 2451 tantum,
897 2393 1018 2452 post
1041 2383 1154 2437 haec
1182 2392 1338 2438 orent
1363 2397 1483 2438 cum
1514 2382 1938 2438 catechumenis.

530 2471 647 2528 XV.
681 2474 756 2528 De
780 2474 978 2528 clericis
1001 2492 1062 2528 ne
1085 2475 1149 2528 de
1179 2476 1382 2528 civitate
1405 2475 1473 2527 ad
1508 2476 1666 2528 aliant
1695 2484 1975 2529 transeant.

530 2563 758 2631 Pr0pter
811 2563 1067 2632 grandem
1126 2564 1410 2617 tumultum
1469 2573 1523 2618 et
1570 2564 1862 2619 seditiones
1931 2580 2049 2634 qurc

459 2657 611 2711 tacta:
635 2664 758 2711 sunt
780 2656 979 2725 placuit
1009 2655 1358 2710 omnismodis
1381 2654 1581 2710 auferri
1609 2656 2048 2711 Consuetudinem

460 2764 577 2818 que
608 2756 691 2804 est
719 2756 902 2802 contra
942 2761 1203 2802 canonem
1237 2765 1250 2800 :
1283 2748 1328 2802 si
1377 2747 1578 2800 inventi
1621 2747 1818 2802 fuerint
1863 2749 1916 2802 in
1955 2749 2051 2803 ali-

459 2819 652 2906 quibus
684 2837 919 2907 partibus
948 2838 1014 2892 de
1043 2837 1257 2892 civitate
1303 2837 1368 2891 ad
1415 2836 1684 2891 civitatem
1734 2838 2046 2909 migrantes,

458 2942 556 2982 nec
581 2927 890 2996 episcopum
941 2942 1039 2982 nec
1082 2928 1449 2998 presbyterum
1481 2941 1579 2981 nec
1618 2927 1898 2982 diaconum
1929 2926 2046 2998 [U.,

459 3018 550 3086 6.,
577 3022 700 3075 add.
734 3019 877 3093 esse]
923 3021 1117 3081 liceat;
1165 3021 1210 3074 si
1258 3022 1379 3090 quis
1423 3030 1599 3074 autem
1632 3029 1751 3089 post
1795 3021 1965 3074 sancti
1995 3028 2051 3075 et

2150 1855 2271 1915 post
2303 1848 2439 1901 hanc
2467 1847 2857 1915 delinitionem,
2889 1857 3064 1906 cesset
3090 1865 3119 1902 a
3147 1849 3410 1904 diaconio.

2151 1935 2293 1991 XIX.
2323 1935 2402 1991 De
2420 1937 2497 1993 his
2524 1940 2610 2009 qui
2639 1957 2670 1992 a
2702 1940 2871 1993 Paulo
2892 1941 3235 2025 .Sanrosateno
3259 1941 3329 1994 ad
3358 1942 3618 1997 ecclesiam
3649 1958 3737 1996 re-

2851 2023 3015 2067 munt.

2225 2097 2298 2152 De
2321 2098 2662 2157 Paulianistis
2687 2103 3075 2174 refugientibus
3101 2107 3166 2161 ad
3197 2107 3492 2162 Ecclesiam
3513 2106 3740 2162 catholi-

2150 2204 2268 2244 cam
2297 2191 2536 2248 delinitio
2560 2197 2767 2263 prolata
2796 2205 2901 2261 est,
2923 2200 3244 2269 rcbaptizari
3280 2216 3373 2255 eos
3393 2202 3614 2255 omnino
3643 2219 3656 2253 :
3690 2201 3738 2255 si

2150 2282 2242 2347 qui
2277 2297 2403 2337 vero
2430 2297 2494 2337 ex
2541 2286 2620 2340 eis
2648 2289 2921 2355 prmterito
2951 2298 3194 2360 tempore
3233 2291 3444 2346 luerunt
3486 2293 3539 2345 in
3567 2292 3739 2357 clero,

2151 2373 2416 2466 siquidem
2447 2377 2566 2433 sine
2588 2381 2805 2448 querela
2839 2391 2894 2436 et
2921 2383 3341 2452 reprehensione
3371 2384 3587 2450 fuerint,
3621 2395 3742 2455 post

2152 2463 2472 2533 baptismum
2504 2468 2815 2525 ordinentur
2836 2472 2904 2525 ah
2923 2475 3174 2543 episcopo
3197 2475 3448 2530 Ecclesia:
3473 2493 3484 2526 :
3505 2476 3587 2531 sin
3612 2491 3744 2530 vero

2151 2555 2416 2613 discussio
2460 2575 2554 2614 eos
2604 2563 2780 2617 minus
2831 2563 3052 2619 idoneos
3097 2566 3384 2633 invenerit,
3414 2566 3606 2636 deponi
3645 2582 3743 2622 eos

2151 2650 2419 2703 convenit.
2475 2649 2735 2707 Similiter
2784 2662 2964 2709 autem
3015 2665 3069 2711 et
3095 2657 3164 2713 de
3200 2657 3510 2713 diaconibus
3540 2670 3591 2714 et
3621 2674 3742 2713 om-

2153 2741 2281 2794 nino
2312 2742 2381 2797 de
2413 2742 2494 2798 his
2523 2745 2612 2814 qui
2644 2745 2695 2799 in
2748 2746 2938 2802 eodem
2986 2763 3191 2804 canone
3233 2760 3617 2806 conversantur
3654 2767 3745 2806 ea-

2150 2832 2271 2888 dem
2307 2835 2473 2890 forma
2502 2836 2819 2892 servabitur.
2852 2838 3186 2895 Meminimus
3237 2851 3414 2895 autem
3445 2842 3513 2897 de
3559 2841 3742 2896 diaco-

2155 2926 2332 2996 nissis,
2366 2943 2484 2997 quae
2510 2928 2562 2982 in
2588 2929 2772 2984 eadem
2799 2932 2974 3000 specie
2997 2943 3121 2986 sunt
3149 2933 3270 3001 quia
3300 2947 3489 2988 manus
3531 2935 3743 3002 imposi-

2155 3018 2353 3071 tionem
2383 3019 2612 3086 aliquam
2645 3036 2752 3075 non
2796 3021 3014 3090 habent,
3048 3034 3103 3080 ut
3155 3026 3376 3079 omnino
3406 3026 3545 3082 inter
3581 3027 3744 3082 laicus

460 3114 634 3184 magni
666 3091 874 3168 concilii
920 3112 1285 3168 delinitionem
1334 3113 1439 3167 tale
1467 3112 1662 3183 aliquid
1703 3111 2049 3166 attentaverit
2077 3091 2122 3153 C
2156 3122 2552 3182 computentur.

461 3212 552 3258 aut
590 3217 710 3258 sese
739 3203 951 3258 dederit
992 3205 1228 3273 negotio,
1259 3203 1559 3258 cassahitur
1604 3202 1913 3258 omnimodo
1953 3202 2050 3256 liu-

456 3294 689 3363 jusmodi
739 3293 1086 3361 machinatio,
1117 3303 1174 3350 et
1223 3295 1532 3350 restituetur
1570 3294 1814 3348 ecclesia:
1859 3295 1909 3346 in
1946 3307 2050 3362 qua

459 3395 550 3440 ant
571 3386 854 3458 episcopus
882 3398 972 3443 aut
1001 3394 1281 3459 presbyter
1303 3394 1395 3441 aut
1421 3387 1681 3442 diaconus
1710 3386 1882 3440 fuerat
1907 3386 2052 3440 ordi-

456 3488 633 3535 natus.

458 3570 598 3626 XVI.
632 3571 710 3627 De
736 3573 817 3626 Itis
841 3574 929 3642 qui
955 3575 1008 3626 in
1031 3574 1250 3626 ecclesiis
1270 3571 1376 3625 suis
1403 3572 1453 3624 in
1479 3570 1656 3637 quibus
1688 3569 1905 3638 proniori
1935 3577 2052 3621 sunt

1059 3679 1158 3715 non
1184 3673 1465 3714 morantur.

534 3751 590 3806 Si
614 3752 702 3821 qui
735 3751 886 3806 lacile
908 3767 966 3807 se
989 3752 1236 3821 periculis
1261 3753 1583 3821 ingerentes,
1611 3764 1782 3818 neque
1805 3749 2049 3802 timorem

463 3843 557 3896 Dei
588 3852 711 3896 ante
755 3843 940 3897 oculos
989 3842 1270 3910 habentes,
1313 3857 1486 3911 neque
1513 3841 1930 3896 ecclesiasticum
1961 3854 2053 3893 ca-

461 3947 656 3986 nonem
686 3932 939 3998 scientes,
973 3935 1255 3989 discedunt
1284 3936 1351 3989 ab
1377 3937 1601 3991 ecclesia
1635 3936 1932 4008 presbyteri
1962 3946 2053 3992 aut

463 4023 673 4078 diaconi
704 4034 795 4080 aut
825 4027 1127 4096 quicunque
1152 4037 1274 4081 sunt
1314 4027 1366 4080 in
1398 4042 1604 4082 canone
1633 4030 1929 4095 constituti,
1966 4031 2050 4085 isti

465 4116 610 4170 nullo
639 4117 798 4172 modo
823 4119 1019 4187 suscipi
1045 4119 1274 4174 debeant
1294 4118 1361 4172 ab
1390 4119 1491 4173 alia
1522 4119 1748 4174 ecclesia
1776 4138 1790 4186 ;
1821 4120 1912 4174 sed
1937 4136 2052 4174 om-

462 4221 583 4262 nem
613 4209 691 4265 eis
720 4211 1094 4264 necessitatem
1131 4210 1328 4279 imponi
1370 4219 1584 4279 Oportet
1615 4219 1671 4262 ut
1710 4210 1774 4262 ad
1808 4211 2051 4278 proprias

458 4300 739 4368 parochias
771 4308 1110 4356 revertantur
1143 4318 1155 4354 :
1191 4300 1486 4369 pertinaces
1531 4307 1707 4353 autem
1735 4314 2050 4353 excommu-

459 4389 668 4442 nicatos
695 4402 816 4443 esse
842 4397 1075 4457 Oportet.
1103 4389 1158 4443 Si
1183 4398 1359 4442 autem
1383 4387 1574 4456 aliquis
1601 4403 1732 4442 ausu
1764 4387 2050 4443 temerario

2587 3204 2700 3259 XX.
2737 3205 2812 3260 De
2847 3207 3094 3274 ﬂectendo
3123 3225 3309 3279 genua.

2226 3299 2486 3365 Quoniam
2534 3310 2656 3354 sunt
2701 3301 2913 3370 quidam
2965 3303 3051 3368 qui
3093 3301 3180 3356 die
3211 3303 3481 3358 dominico
3525 3305 3744 3358 ﬂectunt

2153 3406 2326 3462 genua
2359 3401 2413 3448 et
2446 3393 2637 3448 diebus
2669 3391 3036 3463 Pentecostes,
3085 3396 3281 3463 placuit
3324 3395 3391 3452 de
3421 3397 3518 3450 hoc
3543 3409 3744 3452 sanctae

2153 3492 2209 3537 et
2239 3499 2442 3552 magna:
2487 3484 2693 3554 synodo
2737 3494 2958 3539 cunctos
3007 3487 3059 3539 in
3103 3486 3348 3540 omnibus
3390 3487 3521 3542 Io'cis
3548 3503 3744 3542 conso-

2155 3587 2345 3631 nanter
2370 3587 2421 3632 et
2452 3576 2852 3632 consentienter
2897 3588 3104 3634 stantes
3139 3579 3418 3634 Dominum
3448 3595 3603 3636 orare
3651 3581 3745 3635 de-

2154 3668 2301 3722 bere.

2230 3759 2528 3828 lixpliciunt
2551 3759 2763 3815 decreta
2787 3761 2998 3816 concilii
3027 3761 3248 3817 Nicteni.

2226 3849 2490 3905 Praeterea
2535 3851 2788 3906 statuitur
2831 3856 2883 3907 in
2914 3855 3013 3908 hoc
3052 3853 3296 3918 concilio,
3330 3861 3387 3906 ut
3425 3850 3743 3906 diaconissre

2153 3957 2272 4011 qua:
2298 3956 2488 3996 manus
2521 3944 2916 4012 impositionem
2966 3959 3071 3998 non
3115 3944 3381 4012 accipiunt
3411 3944 3552 3998 inter
3579 3943 3744 3997 laicas

2153 4033 2498 4102 deputentur.
2552 4036 2714 4105 Igitur
2778 4035 3021 4106 episcopi
3071 4050 3191 4090 cum
3242 4036 3310 4090 de
3362 4035 3446 4089 his
3493 4033 3746 4089 omnibus

2156 4133 2313 4192 prout
2358 4124 2658 4180 divinarum
2709 4127 2882 4197 legum
2938 4129 3240 4183 reverentia
3279 4135 3599 4196 paposcerat
3646 4126 3748 4181 tle-

2153 4218 2464 4280 crevissent,
2495 4219 2587 4273 sed
2619 4228 2674 4273 et
2701 4219 2766 4275 de
2795 4220 3171 4276 observatione
3211 4220 3423 4290 paschae
3465 4220 3746 4288 antiquum

2153 4321 2412 4361 canonem
2437 4323 2531 4378 per
2555 4324 2713 4378 quem
2746 4310 2887 4363 nulla
2919 4310 2989 4365 de
3030 4311 3233 4378 reliquo
3256 4311 3481 4365 varietas
3517 4311 3749 4365 oriretur

2152 4397 2396 4451 ecclesiis
2421 4410 2662 4452 sanctum
2692 4400 2975 4453 concilium
3010 4400 3336 4465 tradidisset,
3367 4398 3616 4453 omnibus
3647 4400 3749 4454 rite

458 4479 784 4548 subripuerit
834 4478 901 4533 ad
945 4479 1168 4533 alterum
1215 4479 1569 4547 pertinentem
1624 4487 1679 4534 et
1719 4479 2049 4533 ordinaverit
2080 4459 2129 4518 Ῐ)
2153 4488 2429 4556 dispositis
2491 4490 2850 4546 Ecclesiarum
2881 4509 2980 4561 pax
3008 4502 3062 4547 et
3092 4493 3222 4548 lides
3250 4494 3302 4548 in
3323 4459 3561 4548 Orientis
3585 4502 3748 4560 atque

452 4571 511 4626 in
561 4585 657 4625 sua
703 4570 947 4639 ecclesia,
995 4585 1100 4624 non
1149 4573 1518 4626 consentiente
1567 4571 1820 4639 episcopo
1864 4585 1892 4621 a
1942 4584 2048 4638 quo

458 4661 782 4716 discesserat
808 4661 1037 4717 clericus
1059 4663 1146 4731 qui
1179 4662 1230 4716 in
1258 4676 1466 4718 canone
1489 4662 1810 4728 continetur,
1838 4660 2047 4715 inﬁrma

458 4754 528 4807 sit
555 4753 855 4822 hujusmodi
881 4770 1067 4809 manus
1094 4753 1385 4822 impositio.

676 4842 835 4898 XVII.
873 4844 945 4898 De
985 4844 1183 4897 clericis
1209 4846 1296 4912 qui
1342 4861 1523 4898 usuras
1560 4847 1830 4914 accipiunt.

533 4934 794 5002 Quoniam
827 4934 1009 5002 plures
1053 4935 1106 4988 in
1148 4949 1355 4988 canone
1388 4935 1663 4988 constituti
1701 4932 2048 5002 cupiditatem

462 5035 518 5081 et
547 5026 696 5081 lucra
729 5025 899 5093 turpia
930 5032 1224 5086 sectantur,
1255 5024 1513 5094 oblitique
1536 5033 1735 5078 sancta:
1761 5022 2049 5091 Scriptura:

460 5118 732 5173 dicentis:
768 5117 867 5184 Qui
888 5116 1155 5186 pecuniam
1185 5132 1332 5169 suam
1373 5133 1476 5170 non
1522 5116 1661 5170 dedit
1705 5115 1773 5168 ad
1814 5131 2045 5181 usuram,

459 5223 582 5264 cum
628 5209 937 5266 fenerantur
963 5208 1083 5265 aliis
1128 5210 1452 5265 centesimas
1479 5208 1741 5277 exigunt;
1771 5206 1912 5276 juste
1949 5218 2050 5262 sta-

462 5303 562 5355 tuit
591 5311 831 5356 sanctum
859 5313 913 5356 et
943 5317 1193 5372 magnum
1219 5303 1529 5367 concilium,
1555 5309 1610 5355 ut
1636 5301 1680 5356 si
1709 5301 1827 5371 quis
1865 5299 2048 5355 inven-

462 5402 548 5446 tus
590 5391 751 5448 fuerit
797 5401 915 5462 post
964 5393 1100 5446 hanc
1147 5392 1512 5451 deﬁnitionem
1554 5407 1744 5448 usuras
1781 5393 2049 5460 accipiens

462 5489 521 5535 et
559 5489 584 5517 ι
627 5483 772 5538 aliud
801 5481 927 5552 quid
967 5482 1278 5550 escogitans
1308 5484 1476 5552 turpis
1505 5484 1635 5538 lucri
1674 5482 1831 5554 174
1860 5485 2046 5552 gratia,

459 5573 743 5642 ahjiciatur
764 5591 790 5628 a
817 5575 963 5630 clero
991 5582 1048 5630 et
1073 5575 1278 5629 alienus
1310 5590 1337 5627 a
1365 5590 1570 5631 canone
1596 5577 1684 5631 sit.

535 5740 558 5766 ³·
589 5731 704 5795 .45.,
735 5733 792 5786 Β.
827 5732 913 5798 IL,
945 5730 1004 5785 E.
1034 5731 1086 5796 3,
1119 5729 1206 5796 U.,
1237 5729 1324 5795 G.,
1355 5739 1455 5783 aut.

2148 4577 2456 4633 Occidentis
2492 4581 2732 4647 partibus
2766 4598 2865 4635 una
2903 4584 3198 4652 eademque
3244 4594 3452 4639 servata
3483 4592 3584 4639 est.
3618 4583 3747 4638 Ilrec

2147 4668 2216 4723 de
2257 4669 2623 4727 ecclesiastica
2670 4673 2895 4728 historia
2938 4677 3245 4730 necessario
3290 4675 3560 4731 credimus
3603 4674 3743 4730 inse-

2149 4763 2332 4817 renda.

2155 4857 2310 4926 175
2357 4856 2562 4925 Scripta
2604 4858 2837 4927 Afr'cani
2877 4860 3079 4913 concilii
3124 4861 3192 4913 ad
3228 4860 3552 4915 Caelestinum
3605 4860 3744 4914 urbis

2683 4927 2856 4983 Romw
2892 4932 3202 5000 episcopum.

2223 5016 2448 5072 Domino
2475 5016 2829 5073 dilectissimo
2857 5029 2909 5073 et
2940 5019 3239 5075 honorabili
3273 5021 3419 5076 lratri
3445 5020 3740 5077 Celestino

2149 5107 2419 5174 Aurelius,
2467 5107 2800 5174 Valentinus,
2844 5110 3136 5178 Antonius,
3170 5111 3359 5177 Tutus,
3390 5111 3592 5168 Servus
3621 5110 3736 5174 Dei,

2149 5199 2456 5264 Terentius,
2483 5198 2830 5264 Fortunatus,
2855 5200 3133 5270 Martinus,
3159 5202 3467 5267 Ianuarius,
3491 5205 3737 5271 Optatus,

2149 5292 2402 5347 Celticius
2433 5290 2517 5364 [T.
2551 5292 2600 5357 l,
2633 5291 2689 5357 2,
2730 5293 3091 5366 Celesticius],
3145 5295 3401 5362 Donatus,
3452 5295 3737 5359 Theasius,

2150 5380 2484 5448 Vincentius,
2534 5381 2948 5441 Fortunatianus
2991 5386 3136 5458 [.E.,
3171 5383 3515 5456 Fortunatus]
3553 5395 3607 5441 et
3633 5399 3740 5440 cae-

2149 5475 2250 5528 teri
2283 5475 2373 5544 qui
2409 5477 2459 5529 in
2511 5476 2802 5532 universali
2851 5476 3101 5534 Africano
3142 5480 3375 5535 concilio
3414 5476 3736 5546 Carthagine

2149 5564 2408 5622 adl'uitttus
2451 5582 2461 5618 :
