4056 6178
327 304 439 360 2ἳῦ

1219 289 1499 347 ΛΡΝοΞ
1539 291 1881 348 CONCILIA.
1923 321 1993 332 --
2019 291 2611 349 CARTIIAGINENSE
2655 291 2743 347 Vl.

3515 295 3625 350 226

397 418 726 484 Optaremus
775 409 821 464 si
849 405 1302 478 quemadmodum
1330 407 1588 460 sanctitas
1619 414 1707 460 tua
1740 407 1808 462 de
1840 408 1932 461 ad-
1964 414 2005 468 Α
2038 408 2184 463 ribus
2232 409 2443 464 clericis
2490 408 2574 463 vel
2625 409 2694 464 de
2744 388 2892 462 lai'cis
2939 406 3147 463 videtur
3192 407 3263 464 ibi
3311 417 3624 480 pracaveri,

323 515 488 561 ventu
518 500 723 572 Apiarii
755 499 964 554 latatos
993 511 1089 551 vos
1115 495 1282 552 fuisse
1313 497 1491 551 missis
1532 513 1626 566 per
1658 514 1937 569 compres-

322 599 574 669 byterum
610 601 851 647 nostrum
902 590 1137 643 Leonem
1185 587 1376 641 litteris
1406 587 1694 653 intimavit,
1739 589 1808 642 ita
1841 603 1937 644 nos

323 703 544 760 quoque
588 687 660 742 de
709 682 826 752 ejus
856 681 1175 750 purgatione
1203 678 1321 733 hac
1351 679 1548 746 scripta
1576 694 1698 732 cum
1753 679 1937 734 latitia

324 784 676 834 mitteremus
710 793 723 829 :
753 783 899 829 esset
929 772 1172 842 profecto
1197 780 1250 826 et
1282 782 1460 824 nostra
1493 781 1544 826 et
1573 781 1748 826 vestra
1778 773 1937 826 modo

324 871 582 924 alacritas
627 866 853 930 certior,
887 877 986 917 nec
1018 876 1362 931 prapropera
1393 860 1663 915 videretur
1689 877 1810 932 qua
1839 862 1934 916 ad-

330 963 437 1017 huc
460 962 526 1016 de
553 957 825 1014 audiendo
852 970 1011 1025 quam
1043 954 1113 1009 de
1150 953 1332 1007 auditu
1363 964 1734 1024 pra-cesserat.
1763 954 1938 1010 Adve-'

329 1055 516 1110 nieute
563 1066 694 1106 sane
744 1050 812 1103 ad
840 1063 937 1102 nos
966 1056 1153 1101 sancto
1181 1047 1345 1100 fratre
1373 1055 1427 1100 et
1464 1048 1720 1115 episcopo
1746 1059 1935 1101 nostro

329 1147 612 1208 Faustino,
640 1143 929 1198 concilium
957 1139 1401 1208 congregavimus
1431 1149 1483 1193 et
1509 1139 1781 1194 credimus
1815 1140 1936 1194 ideo

327 1252 455 1290 cum
500 1236 594 1289 illo
636 1233 881 1297 missum,
927 1232 1181 1300 quoniam
1231 1230 1370 1284 sicut
1419 1245 1513 1300 per
1553 1230 1669 1300 ejus
1715 1247 1934 1299 operam

327 1324 676 1396 presbyterio
705 1329 864 1376 antea
896 1322 1138 1375 redditus
1167 1321 1359 1386 fuerat,
1401 1322 1473 1375 ita
1502 1336 1643 1376 nunc
1675 1325 1841 1390 possit
1869 1323 1936 1376 de

326 1417 492 1471 tantis
523 1415 845 1469 criminibus
888 1429 916 1466 ο
947 1412 1282 1467 Tabracenis
1309 1412 1538 1480 objectis
1564 1429 1628 1468 eo
1660 1415 1936 1471 laborante

326 1510 574 1579 purgari;
611 1507 768 1576 cujus
796 1513 938 1559 tanta
966 1520 1028 1559 ac
1059 1515 1163 1557 tam
1209 1503 1461 1558 immania
1510 1505 1711 1572 flagitia
1735 1508 1934 1561 decur—

327 1615 448 1653 sum
481 1598 655 1652 nostri
680 1596 898 1652 concilii
936 1609 1160 1649 examen
1189 1595 1414 1656 invenit,
1447 1602 1503 1647 ut
1541 1598 1821 1650 memorati
1850 1612 1937 1666 pa-

329 1689 618 1743 trocinium
653 1687 834 1756 potius
862 1700 1020 1753 quam
1049 1683 1307 1752 judicium
1336 1698 1398 1737 ac
1438 1683 1739 1740 defensoris
1767 1687 1935 1757 magis

2040 513 2238 572 quanto
2269 503 2438 572 magis
2485 503 2587 557 boc
2615 501 2683 556 de
2710 501 2976 572 episc0pis
3023 502 3188 558 voluit
3231 503 3529 572 observari,
3559 523 3626 562 ne

2040 593 2093 648 in
2120 610 2216 648 sua
2249 594 2518 662 provincia
2549 607 2578 646 a
2607 593 2984 647 communione
3027 593 3272 662 suspensi
3318 609 3349 648 a
3389 604 3477 649 tua
3504 610 3626 650 san-

2039 681 2224 736 ctitate
2273 697 2613 752 prapropere
2660 681 2743 736 vel
2790 681 3024 737 indebite
3069 682 3349 738 videantur
3385 699 3624 741 commu-

2039 773 2182 827 nimii
2214 773 2456 828 restitui?
2487 774 2928 843 Presbyterorum
2956 790 3166 846 quoque
3193 785 3249 830 et
3289 791 3624 846 consequen-

2041 863 2172 916 tium
2206 865 2520 918 clericorum
2570 865 2809 933 improba
2854 865 3073 934 refugia,
3127 865 3264 920 sicut
3311 877 3362 922 te
3407 868 3624 936 dignum

2038 966 2142 1021 est,
2177 957 2405 1024 repellat
2452 958 2708 1010 sanctitas
2740 965 2849 1024 tua,
2882 958 3003 1027 quia
3031 966 3084 1012 et
3111 957 3255 1013 nulla
3297 968 3503 1027 patrum
3533 960 3625 1016 de-

2038 1044 2276 1103 finitione
2323 1048 2423 1102 hoc
2477 1048 2729 1102 Ecclesia
2759 1048 3076 1118 derogatum
3125 1059 3205 1104 est
3251 1049 3539 1117 Africana,
3570 1062 3627 1108 et

2037 1136 2251 1190 decreta
2294 1137 2507 1192 Nicana
2554 1139 2667 1193 sive
2699 1137 2967 1192 inferioris
3014 1139 3208 1208 gradus
3248 1141 3476 1196 clericos
3511 1143 3627 1199 sive

2037 1229 2182 1298 ipsos
2209 1229 2494 1297 episcopos
2521 1229 2631 1283 SUiS
2659 1229 3084 1297 metropolitanis
3112 1230 3443 1297 apertissime
3471 1246 3623 1294 com,-

2037 1318 2316 1372 miserunt.
2349 1317 2768 1373 Prudentissime
2795 1319 2937 1372 enim
2955 1319 3355 1389 justissimeque
3381 1322 3627 1378 viderunt

2037 1425 2366 1481 quacunque
2393 1411 2602 1480 negotia
2645 1412 2698 1465 in
2737 1413 2848 1466 suis
2878 1412 3006 1466 locis
3035 1411 3123 1465 ubi
3143 1420 3258 1465 orta
3285 1421 3409 1467 sunt
3433 1414 3627 1469 finien-

2036 1501 2122 1566 da,
2158 1517 2256 1556 nec
2288 1503 2574 1572 unicuique
2611 1501 2956 1570 providentia
2996 1502 3220 1573 gratiam
3251 1502 3417 1557 sancti
3455 1504 3625 1573 Spiri-

2038 1602 2120 1647 tus
2148 1594 2470 1660 defuturam,
2507 1609 2606 1664 qua
2639 1595 2864 1663 aquitas
2892 1609 2920 1648 a
2949 1592 3148 1648 Christi
3179 1595 3547 1651 sacerdotibus
3571 1605 3626 1652 et

2037 1691 2331 1760 prudenter
2353 1690 2593 1744 videatur
2612 1700 2665 1745 et
2687 1690 3120 1746 constantissime
3142 1698 3420 1757 teneatur;
3448 1690 3624 1745 maxi-

326 1797 544 1849 0peram
571 1796 735 1850 quam
761 1776 1141 1846 disceptatoris
1163 1774 1420 1845 justitiam
1441 1786 1776 1844 superarent.
1800 1776 1931 1832 Nam
1965 1766 2012 1825 Β
2040 1798 2126 1837 me
2153 1783 2274 1852 quia
2306 1783 2588 1852 unicuique
2609 1797 2923 1838 concessum
2964 1792 3066 1849 est,
3098 1784 3141 1838 si
3167 1783 3366 1852 judicio
3392 1783 3629 1838 offensus

327 1874 561 1942 ptimum
610 1881 878 1941 quantum
923 1869 1192 1923 obstiterit
1239 1868 1382 1921 omni
1415 1868 1811 1937 congregationi
1853 1869 1935 1924 di-

324 1981 512 2020 versas
560 1963 798 2033 injurias
844 1961 1162 2030 ingerendo,
1196 1960 1344 2026 quasi
1388 1959 1642 2014 Ecclesia
1679 1961 1934 2016 Romamn

325 2075 579 2116 asserens
610 2058 888 2128 privilegia
919 2067 974 2110 et
1002 2056 1188 2110 volens
1217 2069 1337 2109 eum
1363 2069 1392 2106 a
1429 2053 1585 2108 nobis
1613 2053 1666 2107 in
1693 2068 1935 2108 commu-

327 2153 546 2207 nionem
578 2151 805 2219 suscipi,
836 2162 998 2216 quem
1051 2157 1136 2199 tua
1182 2144 1435 2199 sanctitas
1482 2143 1709 2198 credens
1753 2145 1935 2214 appel-

329 2244 501 2308 lasse,
533 2241 680 2308 quod
713 2240 941 2309 probare
985 2253 1091 2292 non
1125 2235 1321 2306 potuit,
1357 2235 1720 2291 communioni
1751 2236 1933 2290 reddi-

331 2333 505 2398 derit,
539 2332 680 2401 quod
713 2331 929 2384 minime
961 2337 1138 2383 tamen
1171 2327 1344 2394 licuit,
1392 2326 1534 2396 quod
1563 2327 1721 2381 etiam
1753 2336 1931 2396 gesto-

327 2441 458 2479 rum
527 2424 717 2479 melius
770 2424 997 2478 lectione
1050 2435 1366 2490 c0gnosces.
1427 2420 1695 2474 Triduano
1753 2429 1932 2475 tamen

327 2515 756 2571 laboriosissimo
804 2515 1002 2584 agitato
1045 2514 1289 2584 judicio,
1341 2527 1461 2567 cum
1490 2512 1702 2568 diversa
1757 2512 1932 2566 eidem

328 2608 542 2676 objecta
595 2607 932 2660 afﬂictissimi
974 2617 1368 2675 quareretnus,
1395 2602 1480 2657 vel
1527 2617 1705 2657 moras
1753 2603 1935 2671 coepi-

327 2699 481 2766 scopi
514 2697 689 2752 nostri
715 2694 956 2751 Faustini
980 2695 1062 2749 vel
1091 2692 1563 2762 tergiversationes
1584 2691 1749 2761 ipsius
1774 2690 1935 2761 Apia-

327 2788 416 2854 rii,
443 2788 642 2856 quibus
669 2786 930 2842 nefandas
960 2782 1316 2853 turpitudines
1341 2782 1588 2837 occulere
1615 2780 1932 2849 conabatur,

326 2877 470 2931 Deus
495 2876 667 2946 judex
706 2876 907 2946 justus,
939 2874 1090 2930 fortis
1118 2882 1176 2929 et
1218 2871 1540 2942 longanimis
1568 2885 1760 2941 magno
1785 2885 1935 2925 com-

326 2967 527 3038 pendio
554 2967 843 3022 resecavit.
876 2965 1121 3020 Tetriore
1147 2963 1345 3035 quippe
1386 2977 1449 3016 ac
1479 2962 1742 3031 putidiore
1770 2960 1935 3016 obsti-
1985 2948 2000 2954 ”

327 3060 549 3114 natione
593 3071 928 3129 compressa,
972 3072 1092 3127 qua
1132 3065 1338 3111 tantum
1394 3053 1674 3108 libidinum
1717 3067 1931 3109 canum

328 3149 666 3220 impudentia
715 3117 1017 3218 negationis
1064 3146 1278 3201 volebat
1319 3145 1570 3214 obruere,
1602 3145 1711 3199 Deo
1749 3154 1934 3199 nostro
1963 3117 2008 3180 (ἶ

332 3243 444 3311 ejus
471 3243 866 3298 conscientiam
899 3249 1208 3296 coarctante
1238 3237 1356 3311 [U.,
1384 3236 1478 3305 0.,
1511 3234 1854 3308 coltortante]
1884 3245 1936 3291 et

334 3337 572 3403 occulta,
619 3351 741 3406 qua
793 3335 846 3389 in
894 3333 1040 3388 iliius
1085 3333 1247 3387 corde
1284 3344 1534 3400 tanquam
1578 3329 1629 3382 in
1660 3327 1936 3383 volutabro

335 3427 616 3482 criminum
660 3425 770 3494 jam
818 3423 1150 3488 damnabat,
1201 3422 1361 3476 etiam
1404 3418 1710 3474 hominibus
1764 3417 1936 3486 publi-

335 3528 513 3582 cante,
559 3524 785 3585 repente
815 3514 866 3568 in
913 3512 1306 3568 confessionem
1347 3517 1664 3564 cunctorum
1698 3507 1938 3577 objecto-

339 3625 452 3662 rutn
486 3608 878 3677 ﬂagitiosorum
910 3606 1129 3661 dolosus
1161 3611 1383 3675 negator
1413 3603 1612 3672 erupit,
1639 3611 1691 3656 et
1722 3606 1935 3657 tandem

338 3701 402 3754 de
449 3699 704 3753 omnibus
756 3697 1159 3752 incredibilibus
1206 3693 1511 3764 opprobriis
1557 3693 1833 3748 ultroneus
1879 3708 1938 3748 se

333 3789 452 3858 ipse
493 3789 764 3855 convicit,
813 3798 974 3857 atque
1020 3787 1194 3854 ipsam
1226 3799 1438 3854 quoque
1475 3791 1713 3838 nostram
1761 3797 1934 3853 spem,

335 3895 439 3950 qua
470 3895 596 3935 eum
630 3878 776 3952 {/E.,
802 3877 1056 3950 quacum]
1084 3887 1140 3933 et
1162 3879 1517 3933 credebamus
1540 3886 1594 3932 et
1623 3877 1940 3947 optabamus

338 3973 407 4027 de
435 3982 545 4027 tam
575 3970 840 4041 pudendis
873 3984 1029 4041 posse
1061 3969 1275 4040 purgari
1308 3967 1552 4034 maculis,
1585 3966 1849 4022 convertit
1887 3969 1937 4020 in

336 4064 595 4132 gemitus,
627 4063 730 4116 nisi
753 4063 1008 4131 quoniam
1034 4062 1193 4115 istam
1222 4066 1464 4114 nostram
1496 4058 1806 4114 mastitiam
1835 4069 1940 4111 uno

343 4156 504 4226 176
537 4163 749 4207 tantum
799 4152 994 4208 solatio
1043 4149 1332 4221 mitigavit,
1364 4149 1505 4220 quod
1544 4159 1598 4205 et
1625 4163 1724 4204 nos
1762 4148 1942 4204 labore

339 4245 698 4301 diuturnioris
738 4244 1052 4314 quastionis
1097 4242 1349 4309 absolvit,
1390 4252 1441 4298 et
1491 4243 1603 4296 suis
1631 4239 1942 4295 vulneribus

339 4336 771 4407 qualemcunque
824 4333 1109 4399 medelam,
1162 4333 1262 4388 etsi
1305 4333 1468 4386 invita
1519 4331 1620 4386 bac
1665 4345 1778 4386 sua
1816 4344 1943 4385 con-

2035 1873 2199 1928 fuerit
2237 1875 2598 1943 cognitorum,
2648 1875 2712 1928 ad
2764 1875 2990 1929 concilia
3043 1889 3154 1930 sua
3201 1876 3491 1945 provincia
3541 1877 3626 1930 vel

2035 1965 2196 2019 etiam
2227 1966 2530 2021 universale
2561 1978 2854 2032 provocare
2879 1980 2893 2030 ;
2927 1964 3028 2017 nisi
3059 1964 3192 2018 forte
3221 1965 3497 2034 quisquam
3544 1974 3628 2019 est

2035 2057 2124 2127 qui
2153 2057 2337 2112 credat
2361 2055 2674 2112 unicuilibet
2705 2071 2861 2125 posse
2901 2057 3064 2111 Deum
3094 2065 3334 2110 nostrum
3364 2057 3627 2112 examinis

2036 2148 2301 2216 inSpirare
2323 2148 2611 2218 justitiam,
2633 2157 2688 2202 et
2709 2147 3186 2202 innumerabilibus
3207 2147 3542 2216 congregatis
3571 2147 3624 2202 in

2035 2243 2316 2298 concilium
2339 2243 2704 2298 sacerdotibus
2719 2242 3006 2312 denegare.
3024 2243 3130 2295 Aut
3147 2241 3418 2309 quomodo
3441 2241 3617 2308 ipsum

2037 2335 2452 2390 transmarinum
2496 2335 2753 2404 judicium
2785 2342 2959 2388 ratum
2991 2333 3115 2398 erit,
3145 2332 3209 2386 ad
3241 2332 3380 2402 quod
3414 2333 3625 2387 testium

2036 2425 2356 2480 necessaria
2405 2439 2648 2493 persona
2697 2424 2782 2479 vel
2825 2431 3046 2492 propter
3082 2435 3242 2476 sexus
3285 2422 3367 2476 vel
3409 2435 3627 2492 propter

2035 2518 2328 2571 senectutis
2359 2515 2722 2570 infirmitatem
2750 2514 2833 2568 vel
2865 2512 3045 2567 multis
3073 2512 3196 2566 aliis
3221 2513 3625 2567 intercurrenti-

2038 2605 2139 2660 bus
2184 2604 2584 2674 impedimentis
2625 2603 2815 2658 adduci
2867 2617 2973 2657 non
3021 2609 3270 2672 poterunt
3298 2601 3365 2654 αἲ
3391 2601 3523 2656 Nam
3572 2612 3627 2659 ut

2037 2697 2198 2766 aliqui
2247 2706 2497 2765 tanquam
2546 2710 2575 2749 a
2627 2704 2730 2750 tua
2773 2695 3070 2750 sanctitatis
3117 2693 3284 2748 latere
3327 2694 3626 2764 mittantur,

2038 2788 2182 2843 nulla
2232 2788 2535 2843 invenimus
2586 2798 2790 2856 patrum
2838 2788 3047 2859 synodo
3094 2790 3460 2843 constitutum.
3492 2788 3627 2853 Quia

2040 2879 2170 2933 illud
2195 2881 2333 2950 quod
2357 2880 2558 2949 pridem
2580 2895 2673 2949 per
2696 2881 2946 2934 eumdem
2973 2879 3350 2949 coepiscopum
3381 2889 3623 2934 nostrum

2041 2968 2353 3024 Faustinum
2386 2978 2636 3039 tanquam
2667 2985 2731 3025 ex
2766 2981 2916 3039 parte
2956 2969 3159 3026 Nicani
3188 2970 3400 3025 concilii
3429 2970 3626 3025 exinde

2041 3059 2428 3126 transmisistis,
2458 3062 2510 3116 in
2541 3061 2782 3116 conciliis
2824 3061 3119 3116 verioribus
3147 3077 3266 3131 qua
3291 3062 3626 3129 accipiuntur

2037 3148 2238 3204 Nicani
2279 3165 2310 3203 a
2357 3161 2545 3206 sancto
2585 3151 2790 3222 Cyrillo
2815 3153 3134 3222 coepiscopo
3171 3161 3357 3208 nostro
3396 3152 3626 3208 Alexan-

2037 3239 2209 3295 drina
2232 3242 2478 3296 ecclesia
2509 3250 2563 3296 et
2590 3257 2619 3295 a
2652 3243 2941 3297 venerabili
2971 3245 3149 3297 Attico
3177 3241 3623 3313 Constantinopo-

2036 3330 2205 3387 litano
2229 3332 2472 3387 antistite
2498 3346 2563 3387 ex
2593 3332 2905 3387 autbentico
2932 3332 3131 3400 missis,
3161 3349 3279 3401 qua
3309 3333 3467 3387 etiam
3503 3343 3628 3388 ante

2038 3424 2141 3480 hoc
2173 3439 2268 3493 per
2299 3424 2663 3480 Innocentium
2694 3424 3062 3495 presbyterum
3086 3436 3137 3480 et
3163 3425 3469 3481 Marcellum
3496 3427 3627 3481 sub-

2038 3519 2341 3586 diaconum,
2377 3533 2472 3588 per
2501 3532 2635 3588 quos
2679 3518 2745 3572 ad
2793 3532 2890 3572 nos
2919 3517 2987 3572 ab
3029 3517 3107 3572 eis
3139 3517 3339 3572 directa
3370 3528 3514 3584 sunt,
3541 3534 3629 3573 ve-

2039 3611 2294 3665 nerabilis
2324 3608 2597 3664 memoria
2646 3608 2920 3664 Bonifacio
2946 3609 3198 3679 episcopo
3241 3608 3510 3664 decessori
3541 3626 3632 3666 ve-

2039 3713 2151 3758 stro
2181 3718 2211 3758 a
2241 3703 2394 3758 nobis
2425 3718 2519 3772 per
2545 3703 2765 3758 eosdem
2812 3703 3124 3757 transmissa
3174 3711 3321 3768 sunt,
3347 3701 3401 3756 in
3439 3703 3631 3770 quibus

2042 3796 2146 3849 tale
2172 3795 2372 3864 aliquid
2402 3810 2506 3849 non
2532 3796 2804 3861 potuimus
2825 3794 3084 3863 reperire.
3117 3794 3443 3850 Executores
3472 3795 3630 3848 etiam

2041 3886 2266 3941 clericos
2297 3894 2522 3952 vestros,
2554 3885 2823 3954 aliquibus
2854 3884 3180 3954 petentibus,
3213 3883 3375 3938 nolite
3400 3887 3632 3949 mittere,

2042 3982 2208 4037 nolite
2239 3981 2394 4051 177
2422 3978 2746 4043 concedere,
2790 3993 2858 4031 ne
2895 3976 3162 4032 fumosum
3194 3976 3412 4046 typhum
3451 3978 3632 4032 saculi

2042 4073 2096 4127 in
2127 4073 2422 4128 Ecclesiam
2448 4068 2667 4134 Christi,
2701 4085 2818 4139 qua
2843 4070 3017 4124 lucem
3053 4067 3413 4138 simplicitatis
3448 4076 3502 4121 et
3531 4067 3632 4121 ltu-

2041 4161 2281 4218 mililatis
2309 4159 2449 4217 diem
2479 4160 2691 4215 Domini
2725 4158 2908 4216 videre
2950 4157 3287 4227 cupientibus
3337 4156 3523 4225 refert,
3556 4159 3634 4212 vi-

2042 4255 2264 4310 deamus
2311 4252 2584 4308 inducere.
2629 4251 2760 4307 Nam
2815 4251 2884 4308 de
2923 4251 3085 4306 fratre
3131 4259 3315 4306 nostro
3355 4249 3630 4316 Faustino,

2044 4358 2225 4403 amoto
2262 4347 2374 4417 jam
2407 4346 2432 4385 δ
2464 4361 2559 4416 pro
2606 4346 2719 4401 suis
2764 4345 3010 4400 nefandis
3053 4344 3304 4415 nequitiis
3340 4343 3409 4400 de
3437 4342 3632 4399 Christi

340 4427 603 4527 scientia:
636 4425 938 4527 reluctante
983 4422 1368 4527 confessione:
1396 4419 1944 4527 prmi-dihmdflnliﬂe
1973 4467 2024 4527 Β
2049 4437 2286 4494 Ecclesia
2322 4436 2554 4491 dolendo
2597 4436 2757 4507 178
2793 4436 3044 4502 Apiaria,
3076 4435 3250 4490 securi
3281 4449 3463 4490 sumus
3491 4434 3634 4504 quod

342 4518 533 4572 frater.
563 4515 804 4570 Prafato
845 4514 1025 4584 itaque
1052 4512 1249 4568 debita
1277 4509 1609 4565 salutationis
1639 4507 1814 4564 ofﬁcio
1842 4510 1942 4564 im-

342 4608 662 4681 pendiosius
693 4607 1065 4676 deprecamur,
1098 4613 1154 4659 ut
1181 4602 1436 4670 deinceps
1462 4601 1528 4655 ad
1551 4610 1756 4656 vestras
1785 4615 1943 4656 aures

341 4697 468 4753 hinc
493 4698 780 4752 venientes
810 4710 916 4749 non
961 4693 1174 4749 facilius
1218 4690 1531 4756 admittatis,
1581 4704 1679 4745 nec
1722 4704 1752 4743 a
1791 4690 1944 4746 nobis

343 4789 845 4844 excommunicatos
872 4784 926 4839 in
951 4782 1387 4841 communionem
1420 4781 1556 4836 ultra
1587 4779 1763 4835 velitis
1791 4780 1945 4834 exci-

340 4895 498 4949 pere,
529 4881 659 4949 quia
706 4877 810 4933 boc
857 4879 1021 4932 etiam
1054 4875 1271 4930 Nicano
1299 4871 1526 4928 concilio
1554 4871 1828 4925 definitum
1868 4870 1948 4923 fa-

339 4973 451 5027 cile
475 4973 723 5028 advertat
754 4970 1128 5027 venerabilitas
1158 4977 1246 5022 tua
1281 4984 1294 5022 :
1328 4981 1450 5020 nam
1483 4964 1584 5020 etsi
1622 4963 1690 5019 de
1729 4962 1946 5018 inferio-

420 5139 446 5166 ι
482 5129 558 5184 Ex
589 5127 706 5193 15.,
727 5128 788 5184 Β.
812 5126 877 5180 R.
907 5125 962 5180 In
994 5125 1058 5179 Α.
1083 5133 1134 5180 et
1165 5123 1381 5194 reliquis
1413 5120 1699 5177 Codicibus
1727 5136 1740 5173 :
1771 5126 1941 5190 potueo

340 5212 540 5324 fur-in
570 5266 822 5323 omnibus
841 5265 1124 5320 Codicibus
1159 5283 1169 5318 :
1193 5267 1306 5335 jam
1335 5263 1456 5319 dclo
1482 5277 1502 5319 :
1533 5276 1652 5332 qua
1680 5269 1948 5333 postrema

343 5357 453 5398 vos
483 5353 542 5396 ut
573 5337 881 5397 redundans
909 5343 1176 5406 expuncta
1203 5344 1307 5393 est.

2049 4545 2170 4585 eum
2201 4529 2256 4584 in
2284 4528 2546 4600 pravitate
2579 4537 2627 4590 ο,
2658 4541 2722 4582 ac
2765 4525 3132 4580 moderatione
3174 4533 3278 4578 tua
3315 4522 3632 4588 sanctitatis,

2050 4621 2197 4676 salva
2230 4620 2462 4674 fraterna
2503 4617 2788 4682 cbaritate,
2822 4618 3044 4672 ulterius
3071 4614 3249 4671 Africa
3289 4615 3508 4670 minime
3536 4629 3634 4685 pa-

2052 4713 2233 4767 tiatur.
2267 4709 2336 4764 Et
2363 4710 2464 4764 alia
2502 4721 2664 4763 manu
2695 4725 2710 4762 :
2746 4708 3003 4763 Dominus
3037 4707 3179 4763 Deus
3219 4715 3402 4763 noster
3439 4706 3636 4760 sancti-

2053 4811 2214 4858 tatem
2245 4811 2478 4859 vestram
2499 4815 2615 4856 avo
2639 4800 2868 4872 longiori
2898 4809 3142 4856 orantem
3171 4814 3268 4870 pro
3288 4799 3443 4856 nobis
3458 4803 3636 4854 custo-

2051 4894 2184 4961 diat,
2213 4892 2426 4949 domine
2457 4892 2635 4948 frater.

2122 5127 2143 5154 ε
2173 5115 2370 5171 Omnes
2419 5112 2643 5169 Codices
2693 5129 2704 5164 :
2751 5110 2802 5164 in
2839 5112 3118 5177 pravitate;
3148 5106 3297 5177 deest
3335 5102 3634 5177 f'orte_rjtts,

2048 5195 2141 5240 aut
2167 5189 2221 5266 in
2262 5187 2510 5253 probitate
2537 5171 2850 5253 legendum,
2872 5190 2928 5234 ut
2949 5180 3002 5234 in
3035 5175 3249 5233 excusis
3277 5183 3332 5230 ct
3363 5172 3419 5228 in
3446 5171 3635 5230 Greca

2052 5271 2318 5314 VCI'SiODC.
