4056 6178
453 342 3728 408 Μ

1962 464 2246 538 XVIII

873 599 1538 683 CONCILIUM
1598 598 2591 686 CARTHAGINENSE
2658 606 3285 695 SEPTIMUM

451 755 664 797 DECEM
701 755 782 797 ET
812 753 974 797 OCTO
1009 754 1447 798 EPISCOPORUM
1475 756 1728 798 GESTUM
1762 756 1899 799 EBA
1945 754 2072 807 QUA
2125 756 2325 800 SUPRA
2356 784 2371 810 ,
2409 758 2515 801 CUI
2574 761 2774 806 ETIAM
2828 765 3177 810 INTERFUIT
3234 769 3570 819 PREDICTA
3608 776 3733 822 ικ-

528 832 720 876 CATIO
791 832 1070 876 ROMANI
1151 833 1467 877 BCCLESIE
1534 834 1689 875 Ροςτ
1748 835 2167 877 CONSULATUM
2244 836 2865 888 GLORIOSISSIMOBUII
2927 845 3393 894 IMPERATORI!!!
3466 854 3732 901 HONIIIIII

528 905 882 954 υυουιιςιιε
937 912 1018 953 ET
1072 912 1413 956 THEODOSII
1471 912 1692 956 O'C'I'IEB
1752 914 2023 957 AUGUSTC

2140 914 2181 957 Μ
2230 915 2291 959 ιν
2341 915 2674 963 κΔιΕιωΑε
2710 921 2951 966 ισιιη.

516 1056 839 1128 Carthagine
868 1057 921 1113 in
959 1060 1255 1115 secretario
1294 1060 1529 1116 basilica
1564 1060 1869 1125 Restituta,
1915 1059 2038 1117 huic
2066 1063 2116 1122 A
2144 1059 2244 1115 bus
2274 1062 2436 1117 multa
2466 1063 2692 1120 crimina
2734 1068 3078 1138 objiciuntur,
3127 1080 3184 1126 et
3210 1088 3373 1130 unum
3405 1092 3473 1133 ex
3499 1079 3629 1147 ipsis
3666 1085 3733 1143 de

444 1151 672 1206 concilio
703 1150 945 1207 interfuit
972 1152 1165 1222 legatio
1196 1153 1453 1209 Ecclesia
1483 1154 1759 1220 Romana,
1783 1171 1903 1212 cum
1930 1156 2039 1211 Au-

445 1243 610 1296 relius
638 1244 923 1311 episcopus
962 1259 1064 1299 una
1105 1259 1226 1299 cum
1274 1244 1531 1301 Faustino
1560 1247 1812 1303 Ecclesia
1841 1248 2037 1304 Poten-

444 1331 569 1386 tiua
600 1335 885 1400 provincia
928 1334 1091 1388 Italia
1130 1334 1308 1390 Piceni
1355 1337 1529 1407 legato
1571 1338 1826 1394 Romana
1857 1340 2037 1397 Eccle-

441 1426 555 1490 sia,
588 1426 869 1482 Vincentio
892 1427 1229 1493 Culusitano,
1256 1429 1637 1485 Fortunatiano
1659 1431 2033 1500 Neapolitano,

442 1514 716 1569 Mauriano
744 1513 1080 1584 Uziparensi,
1120 1516 1398 1571 Adeodato
1445 1518 1807 1582 Simidicensi.
1839 1521 2036 1576 Penta-

441 1609 532 1662 dio
558 1607 864 1674 Carpitano,
898 1607 1180 1663 Rufiniano
1205 1609 1466 1673 Muzensi,
1498 1609 1833 1666 Praetextato
1863 1612 2037 1667 Sicili-

439 1695 614 1763 bensi,
645 1696 1015 1763 Quodvultdeo
1062 1697 1283 1753 Ucrensi
1324 1706 1373 1767 ⁸,
1419 1697 1661 1754 Candido
1700 1701 2035 1769 Abbiritano,

442 1787 757 1843 Galloniauo
788 1787 1022 1843 Uticensi
1043 1786 1070 1824 ι)
1098 1789 1281 1858 legatis
1305 1789 1592 1858 provincia
1616 1794 2033 1861 proconsularis,

445 1876 624 1943 Alipio
677 1877 1032 1947 Tagastensi,
1096 1881 1395 1947 Augustino
1461 1878 1924 1951 Ilipponiregicnsi
1982 1892 2037 1938 et

441 1968 688 2023 Possidio
709 1969 1008 2027 Calameusi
1035 1968 1221 2039 legatis
1252 1970 1541 2038 provincia
1566 1971 1848 2037 Numidia,
1872 1972 2037 2028 Maxi-

442 2061 624 2114 miano
669 2058 1064 2129 Aquiregiensi,
1118 2059 1359 2114 Jucundo
1394 2060 1819 2131 Suphetulensi,
1866 2064 2035 2119 Maxi-

440 2151 619 2205 miano
664 2148 976 2219 Suphetano
1015 2161 1071 2205 et
1108 2151 1309 2206 llilario
1356 2153 1746 2209 Orreocellensi
1783 2167 1804 2195 ε
1846 2156 2033 2227 legatis

440 2245 731 2313 provincia
774 2246 1102 2317 Byzacena,
1158 2248 1362 2303 Novato
1408 2248 1702 2317 Sitiphensi
1752 2260 1806 2306 et
1853 2250 2033 2306 Leone

442 2336 662 2405 Optensi
707 2337 898 2409 legatis
948 2340 1235 2407 provincia
1285 2339 1612 2394 Mauritania
1668 2342 2024 2410 Sitiphensis,

437 2427 647 2483 Ninello
680 2429 1027 2484 Russurrensi
1052 2469 1068 2495 ,
1112 2429 1395 2487 Laurentio
1435 2431 1699 2487 Icositano
1738 2441 1793 2486 et
1834 2434 2029 2489 Nume-

438 2516 589 2571 riano
621 2517 1010 2588 Rusgunmensi
1041 2519 1226 2586 legatis
1248 2522 1544 2589 provincia
1567 2523 1893 2577 Mauritania
1915 2524 2034 2580 Ca-

439 2610 717 2672 saricnsis,
774 2611 841 2662 ab
888 2610 1174 2665 universali
1221 2612 1447 2666 concilio
1490 2611 1757 2683 iudicibus
1782 2616 2029 2685 deiectis,

437 2699 775 2754 adstantibus
824 2700 1161 2769 diae0nibus,
1210 2704 1566 2769 consedisset,
1618 2715 1671 2759 et
1710 2707 2029 2775 quibusdam

439 2792 669 2859 peractis
728 2792 876 2847 multi
933 2794 1170 2864 episcOpi
1226 2802 1540 2849 caterorum
1600 2798 2027 2867 peragendorum

439 2896 618 2937 moras
648 2898 705 2937 se
746 2898 1201 2952 conquererentur
1241 2888 1505 2941 sustinere
1535 2902 1639 2941 non
1681 2902 1857 2955 posse,
1887 2898 1941 2944 et
1961 2889 2028 2945 ad

435 2972 680 3041 proprias
708 2976 966 3027 ecclesias
994 2975 1344 3042 festinarent;
1372 2977 1568 3047 placuit
1590 2979 1876 3033 universali
1898 2994 2027 3034 con-

436 3062 561 3117 cilio
592 3074 641 3115 ιιι
671 3062 739 3118 ab
765 3064 1014 3118 omnibus
1039 3064 1364 3135 eligerentur
1387 3069 1456 3122 de
1480 3069 1701 3138 singulis
1730 3069 2026 3141 quibusque

436 3154 747 3223 provinciis,
776 3157 867 3224 qui
896 3166 1113 3224 propter
1141 3157 1246 3211 alia
1274 3159 1574 3229 peragenda
1605 3160 1902 3215 residerent
1929 3179 1943 3216 :
1971 3170 2027 3218 et

432 3241 629 3297 factum
660 3250 744 3298 est
770 3256 826 3298 ut
851 3244 902 3297 hi
933 3244 1187 3302 adessent
1214 3262 1440 3318 quorum
1467 3249 1889 3321 subscriptiones
1929 3265 2023 3307 eos

431 3332 668 3388 adfuisse
698 3343 977 3391 testantur.

436 3444 647 3517 1791.
673 3444 753 3500 De
771 3448 1214 3503 eacommzmicatis
1244 3459 1297 3503 ut
1324 3452 1393 3505 ad
1412 3452 1711 3510 clericorum
1734 3458 2021 3511 accusatio-

920 3535 1035 3572 nem
1059 3536 1159 3573 non
1180 3523 1537 3577 admittantur.

500 3604 706 3659 Placuit
736 3605 913 3673 itaque
936 3609 1205 3674 omnibus,
1228 3611 1477 3677 quoniam
1505 3612 1870 3681 superioribus
1888 3631 2018 3670 con-

426 3696 670 3751 ciliorum
701 3694 934 3751 decretis
959 3698 1026 3751 de
1066 3700 1309 3765 personis
1341 3717 1461 3769 qua
1501 3703 1846 3761 admittenda
1891 3717 2017 3762 sunt

2140 1168 2246 1224 quo
2276 1156 2421 1224 prius
2450 1159 2679 1226 egerint,
2710 1161 2938 1229 probare
2966 1176 3071 1217 non
3112 1164 3395 1230 valuerint,
3425 1168 3492 1223 ad
3537 1183 3728 1230 catera

2137 1244 2246 1314 jam
2283 1263 2387 1301 non
2418 1249 2793 1306 admittantur.

2141 1338 2229 1393 IV.
2262 1339 2338 1394 De
2366 1342 2594 1410 personis
2622 1359 2735 1409 qua:
2763 1344 3006 1399 adversus
3034 1346 3242 1402 clericos
3280 1352 3621 1409 testimonium
3651 1358 3731 1413 di-

2671 1429 2782 1466 cere
2826 1416 3174 1481 prohibentur.

2210 1486 2399 1543 Testes
2426 1498 2602 1544 autem
2630 1492 2697 1545 ad
2722 1494 3084 1549 testimonium
3107 1511 3211 1550 non
3235 1497 3615 1568 admittendos,
3640 1508 3727 1575 qui

2139 1594 2237 1634 nec
2267 1580 2332 1633 ad
2363 1583 2759 1638 accusationem
2788 1583 3001 1640 admitti
3035 1589 3281 1657 pracepti
3303 1605 3427 1646 sunt
3458 1596 3541 1648 vel
3571 1597 3726 1651 etiam

2137 1685 2274 1741 quos
2319 1671 2434 1740 ipse
2479 1684 2760 1729 accusator
2804 1676 2871 1729 de
2919 1693 3014 1732 sua
3066 1678 3228 1735 domo
3281 1686 3617 1751 produxerit;
3663 1690 3727 1745 ad

2140 1760 2503 1816 testimonium
2529 1774 2707 1819 autem
2740 1765 2877 1821 intra
2912 1782 3082 1824 annos
3121 1776 3525 1841 quatuordecim
3559 1782 3727 1836 atatis

2135 1866 2247 1905 sua
2276 1867 2381 1905 non
2412 1852 2780 1910 admittantur.
2862 1866 2869 1878 '

2142 1942 2299 2013 180
2328 1941 2389 1996 V.
2426 1942 2503 1997 De
2528 1962 2589 2027 eo
2614 1964 2760 2013 quem
2786 1948 2897 2001 solo
2920 1967 3011 2003 suo
3036 1952 3319 2029 testimonio
3348 1963 3728 2029 prasttmpserit

2506 2016 2774 2088 episcopus
2805 2016 3369 2080 eacommunicnndum.

2204 2105 2337 2161 Item
2372 2108 2594 2176 placuit,
2626 2116 2683 2162 ut
2711 2109 2754 2163 si
2781 2111 2996 2179 quando
3023 2112 3304 2183 episcopus
3331 2116 3461 2172 dicit
3498 2119 3726 2190 aliquem

2134 2196 2237 2252 sibi
2261 2198 2364 2253 soli
2398 2200 2671 2267 proprium
2700 2200 2905 2254 crimen
2937 2202 3097 2257 luisse
3124 2206 3423 2262 confessum
3454 2220 3613 2280 atque
3638 2214 3729 2267 ille

2132 2297 2311 2357 neget,
2344 2304 2451 2344 non
2494 2300 2647 2360 putet
2673 2291 2740 2347 ad
2771 2292 3019 2362 iniuriam
3061 2312 3214 2352 suam
3244 2301 3525 2370 episcopus
3563 2308 3728 2374 perti-

2060 2409 2109 2471 B
2137 2392 2265 2434 nere
2293 2381 2435 2450 quod
2473 2381 2545 2436 illi
2574 2383 2676 2438 soli
2706 2400 2813 2439 non
2836 2386 3111 2455 creditur;
3154 2399 3209 2444 et
3235 2392 3279 2445 si
3317 2393 3554 2463 scripulo
3592 2410 3720 2466 pro-

2135 2474 2265 2542 pria
2291 2477 2636 2531 conscientia
2660 2491 2721 2533 se
2744 2478 2872 2533 dicit
2901 2485 3111 2551 neganti
3143 2483 3289 2540 nolle
3305 2489 3720 2554 communicare,

2135 2566 2394 2634 quamdiu
2439 2570 2907 2626 excommunican
2959 2585 3062 2627 non
3114 2579 3624 2647 communicaverit,
3670 2582 3723 2637 ei

2130 2658 2383 2728 episcopo
2435 2660 2505 2714 ab
2544 2660 2665 2715 aliis
2713 2676 2819 2717 non
2869 2667 3293 2723 communicetur
3335 2671 3621 2741 episcopis,
3665 2681 3725 2728 ut

2130 2752 2304 2820 magis
2334 2762 2524 2808 caveat
2548 2755 2834 2825 episcOpus
2862 2773 2928 2813 ne
2953 2758 3180 2817 dicat-in
3224 2779 3542 2834 quemquam
3582 2768 3723 2837 quod

2129 2844 2248 2898 aliis
2293 2844 2629 2903 documentis
2672 2852 2991 2907 convincere
3037 2867 3141 2909 non
3169 2864 3365 2926 potest.
3394 2856 3463 2913 Et
3491 2858 3725 2915 substri-

2130 2944 2353 3002 pserunt
2383 2951 2397 2989 :

2202 3024 2450 3081 Aurelius
2472 3026 2757 3096 episcopus
2783 3030 3025 3086 ecclesia
3049 3030 3407 3105 Carthaginis.

2198 3115 2491 3172 Faustinus
2518 3118 2817 3174 Potentina
2846 3122 3132 3190 provincia
3161 3122 3364 3181 Piceni.

2197 3210 2406 3279 Alipius
2429 3212 2773 3281 Tagastensis
2803 3214 3008 3283 legatus
3048 3219 3334 3285 provincia
3363 3219 3648 3277 Numidia.

2199 3302 2527 3372 Augustinus
2584 3303 3084 3377 Hipponiregiensis
3150 3309 3353 3380 legatus
3429 3313 3719 3381 provincia

2122 3391 2405 3449 Numidia.

2194 3486 2467 3541 Possidius
2496 3487 2828 3544 Calamensis
2857 3491 3141 3562 episcopus
3182 3494 3384 3565 legatus
3422 3497 3717 3565 provincia

2119 3575 2401 3631 Numidia.

2190 3666 2426 3721 Novatus
2452 3667 2775 3738 Sitiphensis
2800 3671 3027 3741 legatus.

426 3787 493 3841 ad
523 3784 917 3841 accusationem
958 3757 1274 3843 clericorum
1302 3757 1412 3859 jam
1456 3794 1798 3849 constitutum
1828 3805 1929 3865 est,
1962 3808 2017 3852 et
2042 3757 2090 3820 Β
2122 3864 2125 3865 ν
2157 3800 2177 3865 _’
2191 3759 2306 3863 Leo,
2330 3759 2583 3830 Omen”
2611 3759 2637 3799 ὁ
2671 3764 2876 3834 legatus
2908 3781 3195 3834 pmvmcm
3221 3768 3553 3823 Maunmmm
3584 3769 3711 3824 sm.

426 3891 546 3947 qua
594 3892 837 3947 persona
884 3893 991 3933 non
1030 3879 1379 3935 admittantur
1422 3898 1526 3937 non
1553 3898 1864 3953 expressum
1895 3897 2011 3954 est;

426 3967 631 4022 idcirco
661 3967 944 4023 definimus
968 3984 1089 4024 eum
1123 3972 1225 4025 rite
1265 3972 1329 4025 ad
1361 3977 1756 4032 accusationem
1786 3993 1889 4033 non
1920 3980 2014 4033 ad-

423 4059 586 4123 mitti,
610 4061 696 4128 qui
722 4071 1065 4131 posteaquam
1082 4064 1575 4122 excommunicatus
1605 4068 1781 4134 fuerit,
1815 4071 1868 4125 in
1900 4072 2012 4141 ipsa

420 4150 596 4223 adhuc
615 4152 1170 4207 excommunicatione
1190 4156 1535 4225 constitutus,
1561 4158 1674 4214 sive
1696 4161 1765 4214 sit
1786 4162 2013 4219 clericus

420 4239 534 4295 sive
566 4242 750 4306 laicus,
783 4257 1035 4297 accusare
1063 4245 1308 4299 voluerit.

418 4347 483 4404 II.
514 4348 587 4403 De
608 4352 836 4418 personis
863 4352 1046 4416 quibus
1066 4352 1368 4409 clericorum
1390 4360 1645 4413 accusatio
1668 4362 2007 4422 interdicitur.

490 4447 625 4503 Item
654 4449 870 4517 placuit,
902 4460 960 4506 ut
1009 4466 1198 4510 omnes
1227 4457 1369 4511 servi
1399 4458 1480 4512 vel
1515 4462 1710 4528 proprii
1738 4462 1915 4520 liberti
1941 4468 2008 4522 ad

417 4541 813 4599 accusationem
860 4557 967 4597 non
1015 4544 1386 4613 admittantur,
1417 4550 1502 4606 vel
1539 4564 1727 4607 omnes
1769 4570 1906 4625 quos
1942 4559 2009 4613 ad

418 4631 718 4689 accusanda
752 4633 963 4701 publica
998 4638 1221 4696 crimina
1261 4638 1403 4709 leges
1435 4642 1659 4710 publica
1682 4661 1786 4701 non
1815 4648 2008 4705 admit-

416 4730 572 4785 tunt,
614 4736 801 4779 omnes
837 4726 999 4781 etiam
1043 4728 1276 4784 infamia
1326 4732 1529 4788 macula
1576 4738 1798 4805 aspersi,
1830 4738 1882 4793 id
1921 4749 2005 4796 est

419 4810 709 4869 histriones
736 4830 801 4870 ac
830 4818 1241 4885 turpitudinibus
1264 4820 1520 4891 subjecta
1548 4840 1809 4893 persona,
1835 4828 2005 4885 hare-

415 4901 503 4955 tici
531 4903 691 4958 etiam
719 4903 831 4959 sive
859 4906 1055 4976 Pagani
1088 4911 1203 4965 sive
1243 4910 1447 4980 Judai;
1484 4915 1580 4971 sed
1612 4925 1786 4973 tamen
1826 4922 2001 4976 omni-

411 4993 532 5061 bus,
561 4996 757 5065 quibus
789 5004 1060 5055 accusatio
1089 5003 1402 5072 denegatur,
1457 5007 1508 5061 in
1560 5011 1735 5066 causis
1773 5015 2001 5082 propriis

411 5086 695 5143 accusandi
727 5090 997 5147 licentiam
1029 5110 1135 5149 non
1161 5097 1476 5165 negantiam.

411 5196 498 5254 Ill.
532 5198 609 5255 De
630 5200 710 5254 Itis
727 5203 831 5285 ,ςιιὶ
878 5205 1096 5285 primum
1125 5209 1313 5263 crimen
1340 5210 1593 5285 objectutn
1620 5230 1722 5267 non
1752 5217 1996 5285 probave—

692 5272 795 5325 rittt
820 5272 965 5326 ut'ad
991 5286 1174 5331 catera
1214 5296 1315 5332 non
1357 5272 1712 5338 admittantur.

482 5356 612 5412 Item
646 5360 841 5428 placuit
870 5366 1291 5437 quotiescunque
1335 5370 1546 5425 clericis
1574 5376 1641 5427 ab
1671 5380 1995 5435 accusatori-

481 5496 507 5572 :
534 5488 610 5572 ἐκ
640 5490 753 5572 ίξξη
956 5494 1117 5572 |n_A._
1135 5499 1370 5572 (lg-ensi.
1397 5505 1456 5559 τ.
1488 5505 1545 5572 2,
1584 5506 1809 5566 Verensi.

480 5554 616 5643 {Eg
643 5554 758 5643 ag,
794 5563 854 5617 Β.
882 5565 969 5643 ιι,
998 5567 1062 5620 Ε.
1087 5567 1140 5633 s,
1162 5554 1227 5623 ti.
1248 5554 1324 5626 ἐἶ
1342 5554 1905 5643 ἁῖιᾱλξξιῇἓῖιῖηδε.
1933 5585 1990 5640 ιη

406 5624 470 5682 Τ.
503 5629 552 5694 I,
582 5630 636 5692 2,
669 5624 921 5686 Utinensi.

480 5709 502 5737 ο
532 5696 643 5765 ιιΕη
673 5701 733 5754 Β.
768 5701 856 5768 IL,
889 5703 949 5757 E.
978 5703 1033 5773 3,
1062 5706 1151 5775 U.,
1178 5709 1266 5778 G.,
1302 5710 1729 5773 Orreoceliorum.

2119 3852 2357 3918 phensis.

2189 3945 2495 4003 Maurianus
2527 3946 2867 4017 Uziparensis
2896 3957 2942 4002 σ.

2187 4030 2501 4089 Ruﬁnianus
2530 4037 2814 4092 Muzeusis.

2185 4123 2590 4190 Quodvultdeus
2619 4128 2893 4186 Ucrensis.

2184 4214 2455 4269 Candidus
2490 4218 2837 4276 Abbiritanus
2863 4220 3413 4279 Germanicianorum.

2182 4305 2527 4365 Gallonianus
2556 4310 2845 4367 Uticensis.

2183 4399 2539 4458 Maximianus
2559 4404 2960 4476 Aquiregiensis
2992 4407 3192 4479 legatus
3217 4411 3507 4479 provincia
3535 4410 3704 4483 Byzao

2109 4503 2280 4544 cena.

2178 4579 2452 4638 Jucundus
2482 4582 2897 4654 Supbetulensis
2945 4588 3153 4661 legatus
3203 4595 3493 4661 provincia
3534 4596 3700 4666 Byza-

2107 4686 2278 4729 cena.

2178 4766 2411 4824 Ililarius
2458 4771 2879 4830 Orreocellensis
2924 4775 3129 4845 legatus
3186 4780 3472 4847 prov'ncia
3532 4781 3700 4852 Byza-

2104 4870 2270 4912 cena.

2174 4949 2525 5007 Maximianus
2564 4952 2905 5023 Suphetanus
2950 4955 3155 5026 legatus
3193 4960 3478 5027 provincia
3527 4962 3696 5031 Byza-

2101 5053 2270 5094 CCIIII‘.

2021 5101 2076 5164 D
2176 5128 2415 5185 Ninellus
2450 5127 2470 5169 τ
2502 5130 2878 5190 Bussurrensis
2927 5136 3138 5207 legatus
3184 5140 3471 5210 provincia
3516 5144 3693 5201 Casa.-

2105 5218 2318 5274 riensis.

2173 5304 2491 5364 Laurentius
2553 5310 2847 5367 Icositanus
2901 5314 3105 5387 legatus
3160 5319 3447 5389 provincia
3513 5322 3690 5380 Casa-

2100 5410 2310 5451 I'IOIISIS.

2168 5522 2195 5561 ἀ
2226 5523 2339 5603 ιςσξη
2665 5530 2728 5603 Al,
2764 5530 3067 5603 Mop‘eusis.

2173 5604 2197 5670 ς
2226 5593 2430 5670 βηῇυ.
2468 5597 2553 5670 l_i_.,
2584 5593 2984 5670 Aziporitanus._

2173 5661 2191 5701 τ
2226 5664 2311 5731 υ.,
2346 5665 2432 5734 6.,
2464 5661 2738 5725 Nnttetlas.
2761 5679 2777 5711 ι’
