4056 6178
234 337 335 392 129
1215 316 1491 376 AFRICE
1531 317 1861 374 CONCILIA.

1944 345 1978 357 -
2017 313 2508 372 MILEVI'I'ANUM.
3414 314 3522 369 930

300 442 672 497 Numerianus
735 430 1159 504 Rusgunmensis
1214 437 1241 466 ι
1299 427 1504 496 legatus
1558 425 1843 496 provinciae
1872 427 1922 488 Α
2021 427 2290 496 ΡΙιίῗίρρυς
2319 427 2594 498 presbyter
2625 426 2827 496 legatus
2859 426 3111 482 Ecclesiae
3142 425 3415 482 Romamn.

230 530 610 591 Casariensis.
2018 519 2224 573 Asellus
2248 519 2523 588 presbyter
2551 517 2752 587 legatus
2786 516 3041 571 Ecclesiae
3073 517 3345 570 Romanae.

310 658 334 685 ⁸
366 647 434 702 Τ.
459 645 516 712 Ξ,
554 640 986 714 Rusugumensis.
1016 635 1107 703 ll.,
1139 635 1230 702 G.,
1263 632 1591 689 Gunmensis.

245 751 3528 822 ﬂ”

1808 879 2008 951 XIX

1122 1021 1793 1111 CONCILIUM
1867 1017 2712 1102 MILEVITANUM

238 1189 686 1239 DUCENTOBUM
731 1182 1234 1239 QUA'IUORDECIM
1283 1180 1717 1222 EPISCOPORUM
1763 1179 1902 1220 ΕΒΔ
1948 1144 2209 1218 CCCCXL.
2274 1173 2776 1216 θιοιιῖοςιςεηιιε
2824 1173 3343 1216 IMPERATOR'BI'S
3399 1174 3526 1214 AR-

304 1272 504 1318 CADIO
547 1266 890 1321 QUINQUIES
938 1264 1018 1305 ET
1061 1260 1346 1305 HONORIO
1390 1259 1678 1302 AUGUSTO
1723 1256 2064 1310 QUINQUIES
2111 1252 2519 1305 CONSULIBUS,
2570 1252 2630 1293 Vl
2677 1251 3010 1295 KALENDAS
3058 1252 3477 1297 δερτεκδειιε.

457 790 1088 802 ________,v
1111 790 1140 791 η

1936 1413 2223 1466 commissa
2258 1419 2410 1476 sunt,
2461 1425 2566 1464 non
2622 1409 2781 1464 etiam
2837 1409 2901 1463 ad
2952 1407 3272 1477 adiutorium
3323 1416 3379 1461 ut
3427 1423 3532 1461 non

310 1428 674 1501 ιρι-182
727 1423 780 1476 In
823 1419 1043 1476 civitate
1101 1415 1399 1472 Milevitana
1444 1413 1497 1468 in
1545 1411 1836 1467 secretario

1936 1504 2370 1567 eoinmittantur,
2407 1501 2694 1555 anathema
2725 1503 2812 1557 sit.

234 1520 474 1572 basilicae
537 1518 702 1583 ipsius
765 1528 884 1567 cum
942 1509 1190 1566 Aurelius
1240 1507 1523 1574 episcopus
1575 1503 1834 1558 Ecclesia:

232 1607 574 1676 Carthaginis
597 1606 651 1658 in
672 1603 903 1658 concilio
943 1597 1229 1654 universali
1265 1594 1628 1659 consedisset,
1654 1604 1834 1648 astan-

233 1700 377 1753 tibus
407 1697 752 1761 diaconibus,
785 1692 1028 1749 Aurelius
1056 1691 1337 1759 episcopus
1367 1687 1503 1742 dixit
1529 1705 1542 1739 :
1569 1686 1830 1752 Quoniam
1870 1717 1915 1776 Β

235 1789 497 1842 Eccles'm
570 1795 770 1840 sanctae
834 1799 996 1838 unum
1062 1793 1144 1837 εει
1203 1794 1432 1847 corpus,
1492 1778 1838 1846 omniumque

233 1880 603 1935 membrorum
666 1885 826 1945 caput
880 1882 963 1928 est
1011 1886 1205 1936 unum,
1254 1869 1451 1924 factum
1499 1877 1580 1922 est
1629 1868 1841 1922 volente

236 1971 468 2025 Domino
500 1977 559 2021 ut
583 1967 648 2020 ad
683 1967 823 2020 hanc
853 1963 1146 2018 Ecclesiam
1196 1961 1502 2016 veniremus
1540 1957 1840 2012 dilectionis

233 2073 284 2117 et
316 2061 664 2117 fraternitatis
684 2058 852 2128 gratia
877 2057 1081 2111 invitati
1104 2071 1120 2107 :
1145 2054 1284 2108 unde
1304 2067 1486 2122 quasso
1525 2051 1837 2106 charitatem

234 2163 471 2208 vestram
494 2197 508 2220 ,
534 2154 655 2221 quia
685 2151 756 2204 ita
777 2146 1099 2204 credendum
1123 2155 1202 2200 est
1226 2143 1366 2212 quod
1390 2151 1570 2197 noster
1588 2154 1840 2196 accessus

230 2244 300 2296 ad
331 2258 432 2298 vos
463 2256 562 2297 nec
594 2239 894 2311 superﬂuus
922 2251 1023 2293 nec
1048 2235 1284 2290 insuavis
1314 2243 1396 2288 cst
1425 2232 1653 2296 cunctis;
1688 2231 1834 2285 ideo-

227 2348 342 2401 que
416 2333 619 2399 pariter
673 2329 914 2401 quadam
961 2327 1031 2382 de
1082 2325 1263 2380 causis
1311 2322 1469 2390 ﬁdei,
1515 2322 1654 2376 unde
1698 2334 1838 2376 nunc

226 2423 474 2492 qrmstio
505 2422 898 2490 Pelagianorum
924 2417 1272 2480 imminet,.in
1295 2415 1398 2470 hoc
1424 2423 1568 2468 ctetu
1611 2411 1837 2467 sanctis-

231 2515 390 2569 simo
452 2513 705 2584 primitus
754 2517 1073 2574 tractentur,
1127 2507 1320 2562 deinde
1365 2507 1756 2574 subsequantur
1783 2514 1840 2560 et

230 2606 419 2673 aliqua
447 2619 567 2674 qua:
596 2602 890 2671 disciplina
937 2598 1315 2656 ecclesiasticae
1346 2593 1653 2651 necessaria
1693 2593 1835 2648 exis-

306 2783 353 2838 Ι.
378 2782 571 2839 Contra
599 2781 913 2853 Pelagianos
949 2781 1040 2853 qui
1059 2781 1234 2853 dicunt
1273 2777 1427 2830 etiam
1471 2777 1580 2831 sine
1629 2782 1833 2847 peccato

755 2855 880 2905 mori
902 2851 1122 2922 potuisse
1147 2849 1332 2900 Adam.

311 2947 520 3003 Placuit
553 2947 714 3017 igitur
745 2945 995 3000 omnibus
1037 2941 1330 3011 episcopis,
1383 2938 1475 3009 qui
1524 2939 1737 2994 luerunt
1779 2939 1829 2993 in

2009 1593 2094 1647 IV.
2129 1594 2278 1660 Quod
2296 1610 2383 1660 per
2404 1594 2619 1662 gratiam
2643 1594 2739 1667 Dei
2763 1595 2981 1648 sciamus
3000 1597 3126 1665 quid
3153 1600 3318 1667 facere
3345 1601 3532 1654 debea-

2325 1681 2435 1716 mus
2461 1675 2510 1717 et
2561 1666 2773 1737 diligere
2803 1677 2856 1718 ut
2886 1670 3154 1736 faciamus.

2015 1757 2141 1810 ltem
2168 1757 2410 1827 quisquis
2457 1757 2651 1811 dixerit
2692 1759 2937 1814 eamdem
2973 1763 3193 1829 gratiam
3237 1764 3326 1821 Dei
3378 1767 3535 1837 183

1943 1866 2036 1919 per
2063 1851 2246 1906 Jesum
2278 1851 2549 1905 Christum
2589 1853 2867 1906 Dominum
2901 1862 3138 1906 nostrum
3176 1867 3393 1924 prepter
3437 1859 3536 1914 huc

1943 1950 2147 1995 tantum
2193 1957 2292 1996 nos
2333 1941 2587 2012 adjuvare
2628 1943 2693 1997 ad
2733 1960 2836 1998 non
2883 1949 3240 2015 peccandum,
3283 1949 3405 2018 quia
3444 1966 3536 2017 per

1939 2039 2107 2109 ipsam
2141 2039 2293 2094 nobis
2325 2041 2591 2094 revelatur
2620 2049 2675 2095 et
2721 2041 2957 2109 aperitur
2993 2043 3335 2113 intelligentia
3380 2061 3534 2100 man-

1938 2131 2218 2195 datorum,
2271 2143 2329 2187 ut
2381 2136 2612 2186 sciamus
2662 2132 2790 2201 quid
2843 2143 3125 2202 appetere,
3187 2137 3313 2205 quid
3369 2139 3534 2193 vitare

1935 2221 2248 2288 debeamus,
2293 2237 2398 2276 non
2439 2238 2532 2291 per
2580 2223 2725 2276 illam
2771 2232 2946 2277 autem
2990 2225 3143 2280 nobis
3191 2229 3429 2295 prtestari
3479 2238 3535 2284 ut

1935 2313 2075 2383 quod
2103 2314 2398 2368 faciendum
2422 2315 2830 2381 cognoverimus
2849 2315 3008 2369 etiam
3043 2315 3217 2371 facere
3241 2316 3533 2372 debeamus

1934 2416 2092 2473 atque
2115 2403 2407 2470 valeamus,
2437 2403 2720 2458 anathema
2746 2405 2831 2458 sit.
2863 2402 2994 2459 Cum
3021 2407 3162 2460 enim
3189 2407 3334 2462 dicat
3363 2410 3539 2477 Apos-

1934 2496 2111 2550 tolus:
2167 2494 2399 2550 Scientia
2445 2495 2618 2564 inflat,
2663 2495 2884 2548 cltaritas
2925 2512 3041 2550 vero
3085 2500 3328 2564 aedificat,
3377 2501 3533 2555 valde

1933 2587 2151 2658 impium
2184 2597 2266 2642 est
2286 2597 2342 2641 ut
2367 2588 2647 2643 credamus
2677 2589 2740 2641 ad
2761 2603 2881 2643 eam
2904 2605 3023 2658 qua:
3047 2592 3195 2646 inﬂat
3214 2608 3310 2649 nos
3333 2593 3531 2649 habere

1933 2679 2157 2749 gratiam
2189 2679 2384 2734 Christi
2409 2689 2463 2734 et
2511 2681 2576 2733 ad
2614 2695 2732 2734 eam
2761 2696 2879 2749 quae
2906 2681 3132 2736 aediﬁcat
3160 2698 3266 2738 non
3313 2684 3531 2750 habere,

1932 2785 2053 2826 cum
2097 2773 2165 2825 sit
2215 2782 2500 2840 utrumque
2528 2771 2726 2826 donum
2761 2770 2854 2826 Dei
2898 2780 2954 2828 et
2999 2774 3139 2828 scire
3181 2774 3305 2843 quid
3357 2774 3533 2832 facere

1931 2864 2222 2920 debeamus
2250 2872 2304 2918 et
2331 2863 2555 2933 diligere
2585 2875 2642 2919 ut
2671 2862 2952 2930 faciamus,
2980 2875 3041 2921 ut
3067 2867 3362 2923 azdiﬁcante
3402 2871 3532 2924 cha-

1931 2957 2086 3012 ritate
2112 2957 2333 3014 scientia
2362 2972 2468 3012 non
2496 2957 2664 3026 possit
2690 2956 2896 3015 innare.
2931 2959 3079 3014 Sicut
3121 2973 3297 3015 autem
3326 2963 3393 3016 de
3421 2962 3529 3017 Deo

232 3040 336 3092 hac
360 3047 550 3129 δέδηείὲ
576 3035 815 3129 θνηράον
842 3035 1168 3089 consumere
1199 3031 1314 3129 _|"‘"°
1343 3045 1460 3099 qua
1576 3029 1830 3129 Prafsf’mi
1863 3064 1910 3129 ο
1941 3049 2200 3116 scriptum
2253 3057 2340 3103 est
2372 3066 2386 3105 :
2445 3049 2545 3116 Qui
2602 3051 2746 3104 docet
2803 3036 3059 3105 hominem
3115 3054 3402 3121 scientiam,
3462 3054 3532 3108 ita

233 3129 464 3186 :oncilio
525 3127 743 3183 deﬁnita
806 3134 966 3190 sunt;
1019 3132 1078 3178 ut
1125 3120 1427 3191 quicunque
1487 3119 1615 3174 dicit
1660 3119 1831 3173 Adam

236 3221 469 3292 primum
502 3218 776 3274 hominem
800 3215 1076 3270 mortalem
1106 3211 1305 3267 factum
1325 3250 1340 3276 ,
1371 3210 1442 3264 ita
1481 3219 1537 3263 ut
1561 3211 1673 3263 sive
1703 3223 1832 3278 pec-

237 3325 384 3370 caret
408 3315 524 3369 sive
549 3329 656 3368 non
682 3318 925 3380 peccaret
949 3307 1311 3364 morereturin
1340 3319 1583 3372 corpore,
1618 3303 1719 3358 hoc
1751 3311 1835 3358 est

238 3407 305 3462 de
345 3421 574 3476 corpore
606 3405 781 3460 exiret
819 3418 923 3460 non
953 3400 1154 3472 peccati
1179 3398 1370 3454 merito
1389 3396 1483 3450 sed
1513 3395 1834 3451 necessitate

237 3507 470 3561 naturae.
497 3497 781 3549 anathema
804 3495 892 3548 sit.

237 3588 301 3642 ll.
334 3588 488 3652 Quod
522 3589 677 3656 juxta
706 3584 936 3653 Apostoli
968 3581 1305 3656 testimonium
1333 3578 1484 3633 etiam
1515 3577 1714 3656 parvuli
1744 3578 1832 3645 qui

309 3651 443 3710 nihil
481 3651 676 3724 péccati
705 3651 874 3708 adhuc
912 3653 1271 3724 commiserunt
1311 3666 1481 3704 omnes
1508 3651 1561 3703 in
1603 3658 1829 3717 peccato-

309 3745 424 3780 sum
447 3721 796 3780 remissionem
823 3725 1062 3777 veraciter
1085 3721 1421 3789 baptisentur.

313 3818 443 3872 Item
479 3817 710 3887 placuit.
759 3823 817 3869 ut
861 3815 1160 3882 quicunque
1207 3811 1452 3880 parvulos
1501 3819 1743 3864 recentes
1767 3807 1832 3863 ab

240 3910 406 3965 uteris
435 3919 669 3962 matrum
698 3904 1044 3976 baptizandus
1062 3913 1323 3974 negataut
1344 3902 1535 3956 dicitin
1559 3901 1832 3956 remissio-

239 4017 357 4055 nem
403 4000 626 4067 quidem
673 4007 1009 4067 peccatorum
1055 4010 1150 4052 eos
1194 3994 1488 4064 baptizari,
1538 3994 1632 4048 sed
1701 3993 1832 4048 nihil

241 4107 303 4146 ex
347 4093 524 4146 Adam
582 4091 796 4146 trahere
847 4089 1115 4160 originalis
1169 4088 1369 4156 peccati
1424 4085 1566 4155 quod
1623 4085 1833 4139 lavat-ro

240 4184 669 4255 regenerationis
708 4183 975 4252 expietur,
1023 4181 1164 4236 unde
1207 4182 1265 4234 iit
1302 4192 1637 4248 consequens
1683 4185 1739 4231 ut
1777 4177 1831 4231 in

238 4277 314 4330 eis
338 4276 512 4330 forma
541 4275 873 4344 baptismatis
900 4275 951 4327 in
981 4272 1347 4328 remissionem
1391 4270 1605 4340 quidem
1645 4283 1833 4337 pecca-

243 4374 411 4418 torum
429 4379 540 4416 non
555 4377 682 4417 vera
700 4363 790 4417 sed
809 4362 939 4415 falsa
975 4360 1316 4430 intelligatur,
1367 4360 1523 4429 182
1553 4357 1832 4411 anathema

239 4454 326 4505 sit.
340 4453 608 4519 Quoniam
626 4467 729 4505 non
746 4452 896 4506 aliter
915 4451 1310 4520 intelligendum
1326 4449 1567 4518 estquod
1583 4449 1656 4501 ait
1671 4450 1832 4516 Apos-

239 4542 406 4596 tolus:
443 4541 547 4595 Per
564 4560 719 4595 unum
742 4542 994 4595 hominem
1017 4552 1276 4608 peccatum
1299 4542 1499 4593 intravit
1522 4540 1573 4592 in
1596 4539 1840 4592 mundum

241 4643 287 4685 et
317 4649 406 4701 per
435 4645 699 4698 peccatum
747 4647 905 4694 mors,
952 4642 1000 4687 et
1023 4633 1096 4684 ita
1127 4633 1177 4683 in
1220 4647 1394 4684 omnes
1433 4630 1662 4682 homines
1706 4645 1841 4681 mors

239 4726 535 4793 pertransiit
563 4725 616 4777 in
640 4741 739 4792 quo
758 4740 927 4777 omnes
964 4731 1328 4792 peccaverunt:
1357 4721 1458 4775 nisi
1495 4720 1843 4789 quemadmo-

242 4814 372 4868 dum
403 4814 644 4868 Ecclesia
669 4814 930 4868 catholica
960 4812 1154 4882 ubique
1175 4812 1364 4866 diﬂ‘usa
1394 4825 1603 4876 semper
1627 4809 1843 4864 intelle-

239 4906 340 4958 xit.
377 4905 604 4971 Pr0pter
631 4905 768 4960 hanc
809 4907 947 4960 enim
977 4906 1212 4975 regulam
1239 4904 1361 4958 lidei
1402 4905 1562 4958 etiam
1608 4902 1839 4974 parvuli,

235 4995 332 5063 qui
363 4995 498 5049 nihil
522 5006 859 5065 peccatorum
891 4996 942 5049 in
970 4994 1272 5064 semetipsis
1295 4994 1468 5050 adhuc
1507 4996 1844 5050 committere

233 5097 573 5157 potuerunt,
619 5086 740 5142 ideo
783 5089 835 5141 in
873 5099 1210 5157 peccatorum
1256 5086 1624 5142 remissionem
1673 5087 1845 5153 bapti-

232 5186 466 5239 zantur,
500 5184 560 5244 pt
587 5177 637 5230 in
662 5177 742 5232 eis
769 5179 1169 5248 regeneratiene
1192 5176 1481 5232 mundetur
1509 5177 1648 5248 quod
1676 5191 1845 5247 gene-

230 5271 455 5327 ratione
480 5279 778 5326 traxerunt.

316 5369 408 5425 lll.
444 5370 599 5437 Quod
618 5373 783 5442 gratia
817 5370 912 5425 Dei
931 5386 1030 5424 non
1063 5372 1226 5426 solum
1255 5380 1460 5440 peccata
1481 5371 1725 5432 dimittat.
1755 5371 1844 5426 sed

612 5443 762 5496 etiam
783 5442 986 5512 adjuvet
1014 5459 1074 5496 ne
1100 5446 1494 5496 committantur.

317 5531 451 5587 Item
476 5532 705 5602 placuit,
742 5542 799 5587 ut
824 5533 1122 5602 quicunque
1144 5533 1336 5587 dixerit
1362 5533 1582 5601 gratiam
1623 5531 1714 5585 Dei
1743 5545 1846 5601 qua

219 5622 604 5693 justiticamur
645 5638 737 5692 per
762 5623 943 5678 lesum
981 5623 1250 5678 Christum
1280 5623 1562 5679 Dominum
1607 5631 1845 5678 nostrum

225 5712 315 5767 ad
345 5714 519 5769 solam
558 5713 932 5771 remissionem
981 5724 1319 5785 peccatorum
1364 5715 1542 5770 valere
1579 5729 1696 5785 qua
1743 5717 1850 5784 jam

1866 4412 1919 4471 D

1935 3143 2095 3197 etiam
2122 3141 2377 3209 scriptum
2404 3149 2521 3195 est:
2555 3139 2790 3194 Charitas
2815 3158 2878 3196 ea:
2910 3143 3012 3195 Deo
3040 3151 3129 3195 est.

1941 3251 2001 3308 V.
2034 3252 2184 3323 Quod
2214 3252 2378 3322 gratia
2411 3250 2503 3323 Dei
2532 3261 2728 3319 pra’stet
2757 3264 2810 3305 ut
2836 3255 2919 3307 lea:
2940 3254 3244 3323 impleatur,
3272 3271 3371 3308 non
3403 3256 3533 3308 sicut

2005 3323 2076 3376 ait
2123 3321 2364 3394 Pelagius
2392 3322 2544 3390 facile
2565 3363 2578 3388 ,
2624 3326 2772 3390 quasi
2800 3326 2909 3376 sine
2945 3321 3113 3394 gratia
3143 3326 3240 3378 Dei
3265 3325 3533 3393 difﬁcilius

2004 3393 2162 3461 possit
2190 3393 2411 3458 impleri.

2007 3483 2135 3537 Item
2164 3484 2381 3551 placuit,
2407 3490 2464 3536 ut
2494 3482 2797 3553 quicunque
2826 3482 3018 3537 dixerit
3048 3484 3166 3539 ideo
3205 3486 3359 3540 nobis
3411 3501 3534 3557 gra-

1936 3577 2060 3631 tiam
2083 3577 2478 3645 justilicationis
2524 3574 2662 3641 dari,
2710 3585 2769 3629 ut
2809 3577 2948 3646 quod
2976 3577 3146 3632 facere
3169 3594 3263 3648 per
3308 3579 3532 3633 liberum

1930 3671 2178 3740 iubemur
2245 3669 2520 3723 arbitrium
2590 3668 2797 3723 facilius
2855 3671 3123 3738 possimus
3174 3673 3391 3742 implere
3439 3689 3534 3742 per

1932 3764 2177 3831 gratiam,
2201 3771 2472 3827 tanquam,
2496 3761 2594 3815 etsi
2613 3763 2781 3830 gratia
2806 3777 2907 3816 non
2934 3764 3169 3830 daretur,
3193 3781 3296 3819 non
3314 3766 3529 3836 quidem

1933 3853 2112 3918 facile,
2149 3853 2241 3906 sed
2272 3860 2444 3906 tamen
2474 3867 2755 3920 possemus
2799 3856 2958 3907 etiam
3010 3856 3124 3909 sine
3173 3855 3259 3909 illa
3311 3857 3535 3922 implere

1933 3945 2112 3999 divina
2145 3943 2416 4007 mandata,
2467 3944 2746 3996 anathema
2797 3947 2887 3999 sit.
2944 3947 3020 4000 De
3075 3945 3336 4003 fructibus
3390 3952 3531 4005 cnim

1933 4035 2302 4090 mandatorum
2332 4032 2586 4087 Dominus
2618 4033 2932 4103 loquebatur
2963 4037 3048 4090 ubi
3076 4053 3180 4090 non
3231 4042 3342 4094 ait:
3402 4040 3530 4094 Sine

1934 4143 2019 4183 me
2053 4125 2322 4179 diilicilius
2347 4124 2565 4195 potestis
2597 4123 2792 4191 facere,
2824 4125 2916 4181 sed
2955 4125 3067 4182 ait:
3110 4125 3236 4181 Sine
3275 4144 3354 4180 me
3403 4129 3533 4182 nihil

1933 4220 2138 4291 potestis
2168 4222 2355 4288 facere.

2011 4332 2094 4386 Vl.
2131 4331 2280 4398 Quod
2295 4333 2447 4401 juxta
2478 4328 2773 4383 sententiam
2793 4326 3012 4382 Joannis
3041 4331 3358 4397 evangelista:
3377 4344 3523 4381 nemo

2293 4400 2358 4455 sit
2385 4401 2471 4470 qui
2497 4417 2602 4454 esse
2631 4400 2788 4468 possit
2823 4401 2932 4454 sine
2954 4411 3182 4469 peccato.

2013 4513 2142 4568 Item
2171 4512 2385 4582 placuit,
2433 4520 2487 4566 ut
2516 4512 2652 4580 quod
2681 4511 2752 4566 ait
2792 4520 3006 4567 sanctus
3036 4510 3268 4567 Joannes
3315 4519 3532 4579 aposto-

1945 4603 2152 4658 lus:Si
2197 4604 2476 4656 dixerimus
2520 4603 2640 4671 quia
2683 4611 2943 4670 peccatum
2982 4619 3082 4656 non
3131 4602 3392 4667 habemus,
3441 4617 3532 4656 nos

1943 4698 2079 4764 ipsos
2102 4697 2380 4764 decipimus
2411 4695 2617 4767 [U.,G.,
2645 4694 2954 4767 seducimus]
3001 4706 3046 4748 et
3073 4698 3252 4749 veritas
3290 4697 3342 4749 in
3391 4694 3534 4748 nobis

1945 4805 2043 4842 non
2068 4798 2162 4852 est,
2194 4787 2433 4858 quisquis
2480 4787 2559 4842 sic
2580 4787 2926 4857 accipiendun
2961 4786 3245 4856 putaverit,
3279 4795 3336 4839 ut
3389 4785 3534 4838 dicat

1945 4890 2160 4949 propter
2188 4878 2538 4932 humilitatem
2565 4894 2668 4931 non
2692 4889 2937 4948 Oportere
2958 4878 3060 4932 dici
3087 4893 3182 4930 nos
3203 4892 3306 4930 non
3333 4875 3532 4930 habere

1947 4979 2239 5042 peccatum,
2273 4985 2376 5024 non
2405 4969 2523 5040 quia
2555 4971 2751 5024 veritas
2781 4979 2884 5035 est,
2913 4969 3190 5023 anathema
3223 4969 3309 5023 sit.
3343 4967 3533 5035 Sequi-

1947 5075 2032 5119 tur
2061 5066 2201 5120 enim
2235 5063 2520 5134 Apostolus
2559 5072 2611 5117 et
2665 5063 2943 5132 adjungit:
3004 5061 3066 5116 Si
3109 5070 3275 5114 autem
3317 5056 3534 5126 confessi

1945 5158 2189 5226 fuerimus
2217 5167 2422 5226 peccata
2448 5164 2640 5220 nostra,
2660 5155 2827 5224 ﬁdelis
2845 5162 2916 5207 est
2939 5163 2984 5206 et
3006 5153 3180 5222 justus
3201 5150 3287 5220 qui
3308 5149 3533 5202 remittat

1945 5250 2086 5304 nobis
2116 5258 2320 5319 peccata
2346 5257 2391 5301 et
2420 5247 2625 5300 mundet
2656 5263 2746 5298 nos
2802 5245 2864 5297 ab
2893 5243 3031 5296 omni
3084 5242 3388 5309 iniquitate:
3440 5238 3530 5292 ubi

1945 5344 2074 5398 satis
2097 5350 2316 5410 apparet
2372 5343 2472 5393 hoc
2501 5355 2604 5393 non
2650 5344 2851 5391 tantum
2907 5335 3177 5389 humiliter
3223 5333 3319 5388 sed
3371 5331 3530 5385 etiam

1947 5435 2209 5491 veraciter
2253 5432 2378 5488 dici.
2423 5431 2638 5486 Poterat
2690 5428 2830 5482 enim
2887 5427 3161 5495 apostolus
3208 5425 3425 5479 dicere:
3476 5419 3531 5474 Si

1945 5525 2235 5581 dixcrimus
2264 5525 2383 5594 quia
2415 5537 2518 5576 non
2565 5520 2855 5574 habeamus
2894 5529 3194 5590 peccatum,
3245 5527 3343 5568 nos
3387 5512 3532 5581 ipsos

1945 5617 2246 5673 extollimus
2285 5625 2337 5669 et
2369 5613 2638 5667 humilitas
2681 5613 2732 5666 in
2764 5613 2918 5666 nobis
2965 5625 3071 5663 non
3118 5616 3242 5672 est;
3275 5602 3369 5660 sed
3409 5617 3530 5657 cum

1945 5712 2056 5767 ait:
2090 5707 2201 5764 Nos
2228 5710 2367 5777 ipsos
2408 5707 2686 5777 decipimus
2714 5718 2758 5759 et
2797 5705 2979 5758 veritas
3017 5703 3068 5755 in
3109 5701 3253 5754 nobis
3295 5713 3396 5751 non
3436 5703 3528 5761 est,
