4060 6184
512 291 611 350 131

1204 289 1585 347 (ZOLLECTIO
1623 289 1944 345 CANONUM
1985 288 2043 344 S.
2087 284 2360 345 lSIDORO
2398 290 2660 346 lliSPAL.
2710 294 3066 350 ASCRIPTA.

3679 306 3788 362 93?.

508 408 637 464 “iis
665 404 898 460 ostendit
933 419 1055 460 eum
1084 405 1170 475 qui
1205 405 1398 459 dixerit
1426 420 1486 459 se
1515 421 1619 459 non
1671 406 1869 462 habere
1910 401 2178 482 pecua-ﬁ
2206 404 2288 458 vel
2329 419 2514 460 eorum
2559 409 2970 477 superstitiones
2998 410 3157 480 legati
3205 414 3351 467 missi
3393 415 3460 470 de
3490 416 3590 473 hoc
3616 433 3643 472 a
3676 421 3790 492 glo—

506 508 616 553 tum
648 512 753 551 non
787 511 972 551 verum
996 495 1136 565 loqui
1164 495 1256 548 sed
1289 495 1494 548 falsum.

510 605 670 678 184
703 605 813 689 Ἦιῖ
849 606 998 672 Quod
1030 605 1299 689 unicuique
1332 606 1482 656 etiam
1503 606 1652 689 justo
1686 624 1787 689 non
1813 608 1976 689 solum
2007 625 2099 689 pro

573 676 692 730 aliis
715 676 802 730 sed
829 693 921 742 pro
947 677 1210 744 semetipso
1237 676 1402 729 dicere
1422 686 1648 745 Oporteat
1669 718 1681 731 .
1713 678 1924 732 Ditnitte
1945 676 2096 734 nubis

574 748 752 800 debita
776 755 978 800 nostra.

573 838 700 892 item
744 838 957 906 placuit,
993 845 1050 890 ut
1078 835 1376 907 quicunque
1405 838 1629 894 dixerit:
1662 840 1712 894 in
1741 839 1980 896 oratione
2003 842 2098 897 do-

504 927 697 980 minica
721 926 839 979 ideo
854 926 1030 979 dicere
1052 935 1266 979 sanctos
1308 926 1518 980 Dimitte
1547 929 1689 982 nobis
1711 930 1877 983 debita
1901 943 2094 997 nostra,

503 1026 558 1069 ut
588 1031 690 1068 non
715 1031 812 1085 pro
844 1030 902 1069 se
930 1016 1056 1084 ipsis
1086 1016 1186 1070 hoc
1229 1017 1427 1085 dicant,
1461 1020 1584 1088 quia
1618 1035 1722 1074 nou
1756 1023 1835 1076 eis
1861 1024 1970 1090 jam
2004 1040 2096 1079 ne-

500 1110 731 1164 cessaria
764 1109 861 1164 ista
913 1109 1122 1179 petitio,
1167 1110 1258 1164 sed
1294 1126 1388 1180 pro
1431 1111 1549 1165 aliis
1598 1115 1683 1182 qui
1736 1125 1858 1169 sunt
1899 1117 1948 1170 in
1997 1131 2096 1171 suo

503 1203 697 1270 populo
723 1211 1058 1278 peccatores,
1087 1213 1140 1257 et
1171 1203 1291 1257 ideo
1324 1219 1428 1257 non
1451 1204 1631 1259 dicere
1664 1222 2094 1278 unumquemque

502 1271 853 1350 sanctorum:
903 1294 1109 1348 dimitte
1152 1296 1282 1348 mihi
1329 1295 1506 1349 debita
1557 1312 1694 1360 mea,
1758 1298 1852 1353 sed
1895 1300 2094 1353 dimitte

500 1385 641 1439 nobis
673 1385 838 1437 debita
871 1394 1064 1449 nostra,
1109 1395 1166 1437 ut
1205 1385 1308 1438 hoc
1332 1400 1422 1453 pro
1450 1385 1565 1439 aliis
1599 1388 1771 1454 potius
1797 1403 1955 1457 quam
1999 1404 2095 1457 pro

499 1490 557 1529 se
600 1476 774 1544 justus
802 1485 981 1542 petere
1028 1474 1373 1543 intelligatur,
1421 1477 1700 1530 anathema
1731 1479 1820 1531 sit.
1869 1479 2097 1536 Sanctus

498 1569 640 1622 enim
671 1577 724 1621 et
748 1567 922 1637 justus
966 1578 1081 1621 erat
1109 1570 1382 1636 apostolus
1412 1569 1498 1638 qui
1530 1569 1777 1623 dicebat:
1811 1569 1875 1623 In
1921 1572 2093 1625 multis

499 1661 630 1713 enim
653 1660 960 1728 o/fendimus
989 1677 1160 1714 omnes
1185 1676 1203 1714 :
1226 1676 1346 1714 nam
1369 1677 1532 1731 quare
1549 1663 1783 1717 additum
1805 1673 2090 1734 estomnes,

506 1753 608 1806 nisi
641 1753 808 1806 utista
832 1754 1093 1808 sententia
1118 1755 1427 1808 conveniret
1452 1764 1504 1809 et
1529 1757 1732 1823 psalmo
1747 1756 1832 1810 ubi
1858 1756 2082 1826 legitur:
2119 1753 2166 1813 B

502 1842 623 1896 Non
641 1845 796 1897 intres
809 1845 858 1897 in
866 1847 894 1915 j
902 1845 1123 1898 udicium
1140 1861 1254 1897 cum
1271 1862 1410 1898 servo
1425 1857 1534 1910 tuo,
1548 1848 1790 1916 quoniam
1815 1864 1915 1901 non
1931 1850 2091 1917 justi-

497 1936 732 2004 ﬁcabitur
748 1937 801 1988 in
819 1949 1087 2005 conspectu
1105 1947 1189 1990 tuo
1205 1939 1367 1992 omnis
1393 1940 1556 1993 vivens
1575 1953 1593 1993 .'
1611 1950 1663 1994 et
1691 1940 1741 1994 in
1761 1941 2000 1995 oratione
2016 1957 2095 1994 sa-

499 2030 810 2098 pientissimi
831 2031 1161 2085 Salomonis:
1181 2030 1299 2084 Non
1317 2043 1389 2084 est
1407 2033 1553 2085 homo
1570 2034 1656 2102 qui
1673 2049 1772 2085 non
1789 2044 1954 2103 peccet
1971 2034 2060 2086 tibi
2073 2051 2091 2087 :

497 2132 550 2174 et
589 2121 641 2174 in
671 2120 806 2174 libro
833 2123 1001 2176 sancti
1030 2120 1130 2175 Job
1155 2140 1168 2173 :
1192 2121 1258 2174 In
1284 2138 1436 2174 ntanu
1468 2123 1629 2176 omnis
1659 2124 1874 2177 hominis
1902 2126 2088 2195 signat,

496 2221 552 2264 ut
598 2213 724 2264 sciat
775 2212 938 2264 omnis
993 2212 1144 2264 homo
1183 2213 1529 2280 inﬁrmitatem
1559 2214 1908 2269 suam:unde
1928 2217 2090 2269 etiam

497 2303 678 2357 Daniel
693 2314 910 2357 sanctus
921 2304 1155 2372 etjustus
1170 2319 1287 2357 cum
1307 2303 1358 2357 in
1375 2305 1617 2359 oratione
1631 2313 1652 2338 δ
1672 2306 1945 2374 pluraliter
1961 2307 2094 2361 dice-

497 2403 604 2447 ret:
629 2392 979 2460 Peccavimus,
1011 2395 1328 2464 iniquitatem
1348 2396 1580 2463 fecimus,
1606 2406 1658 2451 et
1675 2407 1866 2453 cmtera
1889 2400 2089 2466 quaeibi

499 2482 757 2535 veraciter
786 2489 842 2535 et
869 2483 1136 2538 humiliter
1166 2483 1473 2552 conlitetur,
1492 2502 1560 2540 ne
1587 2496 1877 2554 putaretur,
1898 2505 2088 2558 quem-

497 2570 782 2623 admodum
842 2572 1058 2641 quidam
1105 2573 1365 2639 sentiunt,
1397 2575 1499 2627 hoc
1529 2589 1633 2628 non
1673 2575 1738 2629 de
1767 2578 1876 2629 suis
1898 2578 1990 2630 sed
2023 2582 2089 2632 ire

501 2660 686 2728 populi
715 2661 794 2714 sui
824 2662 998 2729 potius
1027 2661 1227 2716 dixisse
1256 2662 1511 2731 peccatis,
1547 2671 1890 2732 posteaquam
1914 2666 2044 2720 dixit
2071 2683 2083 2719 :

497 2768 612 2804 cum
637 2768 836 2805 orarem
863 2763 908 2805 et
932 2754 1203 2821 conﬁterer
1228 2764 1437 2823 peccata
1461 2772 1572 2809 mea
1602 2765 1647 2809 et
1672 2767 1882 2823 peccata
1907 2758 2087 2828 populi

496 2844 596 2897 mei
617 2845 822 2897 domino
852 2844 962 2897 Deo
997 2862 1129 2911 meo,
1164 2846 1335 2900 noluit
1387 2847 1567 2903 dicere
1619 2859 1834 2918 peccata
1877 2862 2082 2916 nostra,

495 2935 590 2990 sed
621 2943 674 2990 et
701 2936 875 3005 p0puli
903 2938 983 2992 sui
1013 2938 1144 2992 dixit
1169 2949 1223 2994 et
1267 2955 1387 3007 sua,
1440 2942 1689 3012 quoniam
1722 2943 1927 2999 futuros
1954 2945 2085 3000 istos

495 3026 584 3097 qui
611 3039 716 3083 tam
732 3029 869 3086 male
891 3029 1252 3103 intelligerent
1276 3041 1524 3103 tanquam
1542 3035 1795 3104 pr0pheta
1818 3037 2080 3105 praevidit.

498 3136 628 3192 Vlll.
683 3138 833 3205 Quod
855 3157 885 3193 a
913 3143 1101 3194 sanctis
1131 3142 1367 3194 veraciter
1398 3141 1603 3196 dicatur
1635 3160 1648 3196 :
1682 3144 1899 3201 Dimitte
1923 3147 2079 3203 nobis

1062 3210 1242 3267 debita
1274 3222 1479 3268 nostra.

562 3317 695 3376 Item
729 3320 946 3392 placuit,
981 3331 1038 3377 ut
1079 3322 1382 3394 quicunque
1428 3326 1589 3381 verba
1637 3327 1748 3398 ipsa
1796 3329 2079 3385 dominica:

493 3412 750 3465 orationis
783 3412 871 3466 ubi
914 3413 1183 3469 dicimus:
1237 3414 1447 3470 Dimitte
1492 3419 1644 3472 nobis
1683 3419 1849 3474 debita
1884 3433 2076 3490 nostra,

496 3499 567 3553 ita
596 3501 784 3557 volunt
825 3516 856 3555 a
881 3506 1079 3558 sanctis
1103 3504 1206 3559 dici
1259 3515 1316 3560 ut
1354 3509 1625 3563 humiliter
1667 3525 1772 3564 non
1821 3512 2081 3568 veraciter

496 3591 599 3646 hoc
628 3594 855 3659 dicatur,
880 3597 1163 3649 anathema
1194 3597 1284 3649 sit.
1316 3596 1444 3661 Quis
1473 3601 1620 3652 enim
1654 3599 1789 3653 ferat
1810 3611 2077 3671 orantem,

492 3691 548 3734 et
577 3697 681 3736 non
713 3682 1018 3738 hominibus
1065 3683 1160 3737 sed
1192 3685 1294 3752 ipsi
1326 3686 1553 3742 Domino
1583 3689 1954 3756 mentientem,
1987 3694 2078 3763 qui

496 3771 647 3825 labiis
668 3770 767 3826 sibi
795 3770 882 3842 [Τ.
920 3770 1031 3836 1,2,
1061 3771 1192 3843 suis|
1235 3773 1364 3828 dicit
1391 3775 1584 3831 dimitti
1627 3779 1784 3846 velle,
1835 3791 1887 3834 et
1917 3783 2080 3837 corde

496 3863 626 3917 dicit
652 3877 770 3931 quae
797 3861 901 3916 sibi
929 3862 1265 3919 dimittantur
1293 3881 1351 3921 se
1377 3867 1559 3922 debita
1589 3885 1693 3925 non
1723 3870 1960 3928 habere?

566 3953 850 4022 Hucusque
875 3952 944 4009 de
973 3954 1077 4008 fide
1099 3956 1328 4023 capitula
1353 3967 1539 4014 contra
1564 3958 1896 4032 Pelagianos.
1929 3964 2079 4020 Nunc

492 4043 691 4114 regula:
719 4052 1014 4100 tractantur
1042 4048 1434 4104 ecclesiastica.

494 4135 585 4189 ΙΧ.
624 4135 689 4190 Ut
712 4139 764 4191 in
786 4153 1072 4213 communes
1093 4157 1273 4213 causas
1292 4140 1535 4197 Ecclesia:
1554 4147 1786 4213 generale
1803 4149 2078 4203 concilium

561 4211 862 4277 congregari
888 4219 1165 4287 oporteat:
1195 4211 1246 4287 in
1276 4214 1482 4278 privatis
1512 4211 1629 4267 vero
1658 4217 1828 4271 causis
1856 4221 2078 4287 speciale

562 4279 958 4348 uniuscujusque
986 4282 1279 4349 provinciae.

564 4367 694 4420 item
729 4369 970 4437 primitus
1015 4370 1235 4438 placuit,
1261 4380 1317 4425 ut
1347 4388 1451 4426 non
1500 4375 1569 4429 sit
1618 4377 1753 4431 ultra
1791 4379 2075 4450 fatigandis

2203 497 2347 548 rioso
2371 498 2621 565 concilio,
2649 497 2905 569 quidquid
2935 501 3062 556 utile
3103 504 3466 573 praeviderint,
3495 507 3564 564 de
3588 511 3787 580 glorio-

2200 586 2438 640 sissintis
2469 589 2801 657 principibus
2835 590 3140 660 impetrent.

2204 676 2315 730 XII.
2362 677 2430 732 Ut
2461 683 3014 764 precesytlcrationfs
3059 689 3390 764 compositat,‘
3420 694 3522 745 nisi
3563 697 3790 764 probata:

2517 752 2707 819 fuerint
2735 755 2786 804 in
2813 755 3051 821 concilio,
3082 752 3183 810 non
3206 752 3462 817 dicantur.

2273 843 2479 897 Placuit
2509 846 2671 898 etiam
2695 855 2747 899 et
2769 846 2919 911 illud,
2947 859 3003 901 ut
3037 865 3224 918 preces
3251 853 3336 907 vel
3363 857 3655 921 orationes,
3688 873 3784 914 seu

2200 936 2379 988 missae
2406 951 2525 1005 quae
2557 938 2794 1006 probatae
2817 940 3011 995 fuerint
3040 941 3092 995 iu
3132 947 3381 1014 concilio,
3426 965 3520 1004 seu
3547 952 3786 1008 traditio-

2200 1041 2294 1080 nes
2321 1026 2464 1097 [ΛΞ.³
2497 1026 2564 1085 Β.
2594 1029 2687 1096 R.,
2719 1030 2810 1096 U.,
2833 1029 2923 1098 G.,
2949 1033 3313 1106 praefationes]
3357 1039 3469 1094 sive
3513 1055 3786 1099 commen-

2199 1118 2440 1173 dationes
2479 1136 2574 1175 seu
2618 1137 2805 1176 manus
2836 1125 3199 1193 itnpositiones
3248 1130 3317 1183 ab
3364 1133 3616 1188 omnibus
3645 1139 3784 1194 cele-

2201 1209 2424 1264 brentur
2453 1227 2465 1262 :
2512 1225 2612 1265 nec
2637 1212 2814 1280 aliqua
2839 1229 2902 1267 et
2939 1214 3022 1268 his
3063 1217 3284 1271 omnino
3333 1219 3580 1277 dicantur
3609 1224 3660 1278 in
3693 1227 3788 1280 Ec-

2197 1299 2382 1365 clesia,
2408 1299 2511 1355 nisi
2543 1316 2709 1371 qurea
2741 1303 3178 1370 prudentioribus
3216 1318 3436 1366 tractata
3463 1312 3607 1383 [ίΕη
3628 1315 3786 1389 facta]

2195 1401 2250 1444 et
2280 1394 2625 1460 comprobata
2673 1395 2723 1448 in
2769 1395 2974 1464 synodo
3016 1394 3239 1464 iuerint,
3293 1418 3359 1455 ne
3402 1404 3538 1460 forte
3584 1409 3784 1476 aliquid

2196 1495 2380 1537 contra
2404 1485 2562 1539 fidem
2603 1487 2683 1541 vel
2715 1502 2808 1557 per
2860 1486 3212 1559 ignorantiam
3271 1493 3353 1548 vel
3405 1511 3501 1565 per
3541 1502 3780 1556 studium

2195 1575 2268 1626 sit
2297 1578 2675 1644 compositum.

2197 1664 2338 1720 Xlll.
2385 1668 2453 1748 Ut
2497 1672 2814 1755 posteriores.
2850 1675 3189 1755 anteriortbus
3234 1679 3487 1755 episcopis
3530 1685 3784 1755 deferant,

2264 1754 2357 1791 nec
2391 1740 2690 1796 inconsultis
2735 1745 3037 1814 printatibus
3083 1749 3189 1802 suis
3237 1740 3436 1820 aliquid
3462 1740 3612 1824 agere
3651 1740 3785 1827 prce:

2263 1819 2487 1863 sumant.

2269 1898 2578 1956 Valentinus
2609 1904 2894 1973 episcopus
2924 1907 3059 1963 dixit
3091 1927 3103 1961 :
3160 1910 3216 1966 Si
3269 1917 3534 1982 permittit
3580 1918 3782 1976 bonum

2197 1992 2466 2059 patientia:
2489 2004 2703 2062 veSIrze,
2739 2012 3031 2069 prosequor
3071 2017 3135 2057 ea
3161 2019 3279 2071 quae
3311 2013 3616 2067 necessaria
3656 2027 3783 2070 sunt

2195 2083 2578 2140 ecclesiastica:
2603 2088 2921 2156 disciplinae.
2949 2091 3159 2148 Scimus
3182 2098 3322 2150 enim
3346 2099 3396 2153 in
3431 2101 3526 2156 hac
3544 2102 3782 2161 Ecclesia

2193 2173 2608 2245 Carthaginiensi
2651 2181 2906 2238 inviolate
2937 2198 3149 2255 semper
3199 2195 3557 2256 permansisse
3596 2201 3782 2254 eccle-

2192 2264 2462 2321 siasticam
2494 2269 2852 2341 disciplinam,
2888 2274 2960 2329 ita
2993 2285 3051 2331 ιιι
3100 2279 3278 2335 nullus
3315 2280 3539 2340 fratrum
3582 2290 3779 2357 priori-

2191 2356 2294 2412 bus
2315 2360 2425 2414 suis
2465 2375 2524 2416 se
2552 2363 2841 2433 aliquando
2870 2368 3092 2424 auderet
3135 2380 3487 2442 anteponere,
3536 2356 3632 2434 sed
3659 2380 3782 2434 offi-

2190 2449 2291 2504 ciis
2336 2450 2588 2521 legitimis
2652 2455 2707 2510 id
2755 2471 2968 2528 semper
3011 2462 3306 2520 exhibitum
3355 2476 3439 2522 est
3483 2472 3776 2541 prioribus,

2190 2541 2335 2609 quod
2367 2543 2435 2599 ab
2465 2545 2871 2616 insequentibus
2900 2554 3288 2612 rationabiliter
3325 2573 3538 2629 semper
3564 2566 3782 2634 accipe-

2192 2645 2339 2687 retur
2368 2653 2379 2686 :
2413 2635 2552 2691 hunc
2583 2638 2824 2695 ordinem
2850 2643 3041 2711 jubeat
3086 2650 3348 2704 sanctitas
3380 2662 3554 2707 vestra
3585 2657 3781 2713 melius

2190 2724 2387 2778 vestris
2425 2724 2929 2788 interlocutionibus
2959 2736 3225 2792 roborari.
3269 2741 3516 2798 Aurelius
3563 2747 3778 2816 episco-

2190 2827 2289 2881 pus
2314 2813 2456 2869 dixit
2490 2835 2501 2869 :
2549 2816 2667 2873 Non
2698 2820 2953 2878 decuerat
2990 2827 3204 2895 quidem
3237 2839 3292 2884 ut
3344 2833 3457 2888 haec
3504 2813 3778 2906 repetere-

2189 2919 2331 2970 mus,
2404 2908 2504 2964 nisi
2564 2909 2700 2967 forte
2751 2915 3046 2972 existerent
3102 2919 3510 2980 inconsideratae
3567 2941 3777 2985 mentes

2187 2997 2541 3062 quorumdam
2571 3014 2692 3069 quae
2727 3003 2794 3057 ad
2836 3003 2951 3060 hare
2978 3010 3259 3065 statuenda
3292 3024 3502 3069 nostros
3523 3030 3780 3075 acuerent

2109 3096 2159 3163 α
2188 3099 2411 3148 sensus:
2443 3091 2536 3145 sed
2568 3095 2870 3150 communis
2895 3097 3009 3152 haec
3048 3114 3207 3155 causa
3249 3113 3331 3158 est
3353 3121 3510 3174 quam
3543 3109 3779 3163 insinua-

2185 3179 2258 3233 vit
2288 3179 2454 3236 trater
2480 3192 2537 3238 et
2577 3185 2927 3258 coepiscopus
2957 3189 3099 3262 [/E.,
3136 3193 3198 3249 Β.
3226 3195 3316 3264 li.,
3352 3197 3442 3265 U.,
3496 3216 3778 3260 consacer-

2183 3272 2304 3345 dos]
2337 3287 2542 3344 noster,
2586 3289 2644 3332 ut
2685 3286 3051 3355 unusquisque
3082 3300 3324 3346 nostrum
3357 3295 3458 3349 sibi
3489 3295 3769 3354 decretum

2184 3364 2318 3421 adeo
2347 3376 2658 3437 cognoscat,
2687 3381 2744 3424 ut
2773 3376 3099 3441 posteriores
3125 3382 3487 3439 anterioribus
3530 3385 3777 3442 deferant

2183 3471 2283 3512 nec
2307 3459 2617 3514 inconsultis
2658 3462 2971 3530 primatibus
3005 3468 3202 3538 aliquid
3233 3485 3392 3540 agere
3425 3487 3776 3542 praesumant.

2182 3550 2297 3614 Qua
2323 3550 2390 3605 de
2438 3567 2497 3607 re
2524 3563 2737 3623 oportet
2773 3559 2933 3630 186
2959 3574 3053 3616 eos
3084 3564 3173 3631 qui
3231 3568 3530 3632 putaverint
3581 3571 3781 3638 spretis

2193 3645 2485 3711 majoribus
2514 3649 2716 3718 aliquid
2757 3656 3206 3724 prmsumendum,
3257 3671 3626 3730 competenter
3658 3679 3781 3720 esse

2181 3736 2249 3788 ab
2281 3737 2424 3789 omni
2447 3739 2679 3794 concilio
2710 3745 3060 3800 coercendos.
3080 3747 3326 3805 Universi
3357 3752 3594 3822 episcoiii
3615 3753 3777 3808 dixe-

2181 3836 2308 3880 runt
2344 3845 2355 3878 :
2400 3828 2498 3883 Hic
2529 3831 2663 3886 ordo
2702 3843 2751 3887 et
2783 3850 2812 3889 a
2843 3838 3081 3904 patribus
3108 3848 3163 3895 et
3190 3857 3219 3896 a
3270 3844 3561 3911 majoribus
3591 3861 3777 3900 serva-

2183 3928 2266 3972 tus
2294 3929 2399 3984 est,
2435 3930 2488 3976 et
2508 3937 2536 3975 a
2567 3923 2721 3978 nobis
2745 3925 2855 3982 Deo
2879 3931 3108 3999 propitio
3131 3935 3451 3989 servabitur.

2180 4008 2321 4065 XIV.
2366 4011 2434 4066 Ut
2461 4015 2685 4084 episcopi
2714 4033 2808 4090 pro
2854 4027 3076 4090 tempore
3114 4026 3508 4079 consecrationis
3545 4041 3655 4078 sua?
3695 4029 3776 4080 lit-

2506 4095 2640 4139 teras
2687 4089 2750 4139 ab
2793 4089 3174 4146 ordinatoribus
3215 4095 3447 4148 habeant.

2253 4172 2458 4228 Deinde
2485 4177 2704 4244 placuit,
2739 4189 2796 4233 ut
2825 4181 3132 4252 quicunque
3160 4185 3412 4256 deinceps
3452 4189 3774 4247 ordinantur

2179 4263 2388 4320 litteras
2417 4267 2683 4336 accipiant
2709 4271 2775 4324 ab
2804 4272 3202 4332 ordinatoribus
3233 4280 3347 4333 suis
3387 4295 3548 4335 manu
3583 4299 3770 4340 eorum

2178 4356 2530 4426 subscriptas,
2563 4361 2900 4418 continentes
2929 4367 3204 4422 consulem
3233 4378 3286 4424 et
3313 4371 3475 4438 diem,
3526 4383 3584 4426 ut
3621 4378 3765 4430 nulla

492 4456 745 4512 fratribus
769 4458 1128 4515 anniversaria
1151 4463 1466 4527 necessitas,
1491 4464 1584 4519 sed
1608 4468 1817 4535 quoue,
1839 4446 2020 4538 ex'ege,
2037 4469 2075 4524 ει
2102 4449 2156 4509 Ι)
2181 4446 2459 4502 altercatio
2485 4449 2552 4504 de
2595 4453 2983 4519 posterioribus
3011 4456 3094 4511 vel
3133 4459 3492 4517 anterioribus
3540 4465 3763 4521 oriatur.

492 4564 651 4603 causa
672 4551 995 4617 communis,
1028 4551 1082 4605 id
1112 4563 1193 4607 est
1243 4555 1399 4626 185
1446 4556 1606 4612 totitts
1649 4560 1863 4625 Africae,
1909 4562 2075 4617 unde-

497 4655 708 4709 cunque
755 4640 821 4695 ad
854 4640 991 4696 hanc
1040 4643 1224 4698 sedem
1274 4660 1368 4713 pro
1415 4648 1640 4702 concilio
1692 4650 1831 4705 data:
1883 4653 2076 4708 litterze

496 4729 715 4796 iuerint,
759 4734 1189 4803 congregandam
1221 4749 1340 4791 esse
1381 4738 1645 4807 synodum
1679 4740 1729 4794 in
1761 4757 1821 4796 ea
1854 4743 2075 4810 provin-

491 4819 573 4874 cia
616 4821 701 4876 ubi
733 4826 1104 4892 opportunitas
1135 4831 1457 4894 persuaserit
1484 4847 1496 4881 :
1528 4845 1702 4887 causa:
1751 4845 1925 4889 autem
1957 4850 2077 4904 qua:

491 4924 808 4967 communes
831 4927 936 4969 non
969 4924 1094 4969 sunt
1121 4917 1172 4969 in
1197 4919 1311 4970 suis
1342 4920 1630 4987 provinciis
1653 4922 1978 4990 iudicentur.

489 5000 556 5056 Χ.
603 5001 669 5056 Ut
697 5003 936 5072 epistolas
974 5005 1043 5057 ad
1073 5006 1342 5084 concilium
1387 5011 1735 5084 devocandum
1778 5017 2074 5084 metropoli-

880 5085 1029 5128 tanus
1076 5076 1355 5129 subscribat
1385 5089 1431 5131 et
1469 5081 1679 5149 dirigat.

563 5163 762 5219 l’lacuit
789 5165 948 5221 etiam
974 5167 1140 5237 petitu
1164 5171 1400 5224 omnium
1445 5171 1840 5242 episc0porum,
1874 5188 1928 5231 ut
1957 5181 2070 5247 epi-

489 5254 642 5310 stolis
670 5259 918 5315 omnibus
948 5260 1014 5315 de
1049 5261 1277 5317 concilio
1307 5261 1498 5318 dandis
1541 5267 1795 5320 sanctitas
1829 5277 1916 5323 tua
1957 5272 2069 5324 sola

495 5345 818 5401 subscribat.

494 5433 585 5490 ΧΙ.
633 5438 698 5492 Ut
723 5441 786 5492 de
810 5439 1060 5523 licereticis
1089 5445 1164 5498 vel
1197 5448 1487 5523 inﬁdelibus
1512 5452 1757 5520 quidquid
1784 5453 1833 5504 in
1858 5454 2072 5508 concilio

776 5520 1101 5565 constituitur
1140 5531 1170 5566 a
1201 5520 1426 5587 principe
1471 5522 1785 5588 impetretur.

563 5595 785 5665 Placuit,
818 5610 874 5655 ut
911 5613 962 5656 et
989 5603 1116 5657 illud
1143 5603 1398 5660 adversus
1433 5609 1706 5665 luereticos
1752 5622 1806 5666 et
1835 5613 2071 5683 Paganos

2255 4556 2369 4611 XV.
2417 4558 2483 4613 Ut
2525 4560 2612 4614 ubi
2649 4563 2763 4630 quis
2805 4565 3023 4688 pritluurn
3061 4568 3261 4640 legerit,
3310 4572 3378 4625 ibi
3407 4584 3700 4642 permaneat

2864 4652 3100 4688 certcus.

2864 4652 3079 4691 clericus
3086 4676 3100 4692 ο

2253 4718 2381 4774 ltem
2421 4720 2638 4791 placuit,
2673 4733 2731 4778 ut
2754 4725 3057 4794 quicunque
3087 4727 3139 4781 in
3166 4729 3393 4784 ecclesia
3425 4732 3655 4800 primum
3685 4733 3766 4784 vel

2183 4811 2347 4865 semel
2400 4812 2588 4881 legerit
2640 4817 2708 4869 ab
2748 4815 2851 4869 alia
2907 4816 3132 4872 ecclesia
3179 4820 3246 4873 ad
3302 4821 3611 4885 clericatum
3663 4839 3767 4877 non

2183 4909 2446 4954 teneatur.

2178 4990 2316 5047 XVI.
2362 4992 2429 5047 Ut
2457 5012 2552 5062 pro
2577 4996 2742 5050 causis
2773 5000 3104 5054 ecclesiarum
3135 5012 3449 5057 exsecutores
3491 5007 3574 5056 vel
3603 5006 3762 5058 ada-

2579 5068 2678 5119 cati
2710 5085 2740 5120 a
2767 5073 2996 5140 principe
3036 5073 3373 5142 postulentur.

2251 5157 2458 5211 Placuit
2485 5169 2768 5227 praeterea,
2799 5169 2857 5213 ut
2882 5173 3226 5218 exsecutores
3265 5165 3318 5218 in
3353 5165 3603 5219 omnibus
3624 5167 3764 5220 desi-

2177 5247 2337 5302 deriis
2368 5263 2484 5314 qua:
2508 5249 2669 5305 habet
2691 5251 2922 5305 ecclesia
2952 5253 3017 5306 ab
3050 5253 3370 5324 imperatore
3401 5258 3759 5326 postulentur,

2177 5339 2266 5407 qui
2291 5339 2513 5409 singulis
2542 5326 2784 5395 ecclesiis
2815 5342 3207 5412 impertiantur.
3245 5347 3447 5402 Placuit
3487 5348 3672 5413 etiam,
3707 5359 3760 5400 ut

2179 5441 2387 5498 petatur
2415 5447 2444 5486 a
2473 5433 2866 5502 gloriosissimis
2893 5437 3302 5504 imperatoribus
3331 5449 3389 5492 ut
3416 5438 3639 5508 jubeant
3667 5443 3762 5509 ju-

2177 5522 2382 5579 dicibus
2414 5525 2540 5578 dare
2572 5526 2766 5593 petitos
2796 5527 2896 5580 sibi
2923 5529 3233 5584 defensores
3263 5530 3639 5599 scholasticos,
3671 5536 3760 5602 qui

2178 5614 2230 5667 in
2262 5631 2382 5667 actu
2418 5617 2521 5669 sint
2545 5615 2630 5672 vel
2661 5617 2712 5671 in
2744 5616 2920 5674 officio
2958 5618 3328 5676 defensionum
3360 5635 3641 5677 causarum
3669 5637 3766 5674 oc-

567 5737 591 5765 ι
626 5728 708 5783 Ex
737 5732 941 5801 reliquis
962 5735 1217 5790 codicibus
1230 5749 1409 5806 prccter
1428 5741 1469 5793 A
1510 5741 1669 5809 inquo
1685 5743 1864 5797 desunt
1889 5760 2071 5806 turba:
2111 5757 2162 5807 in
2193 5753 2436 5808 oralione-
