4060 6184
269 290 374 348 933

1248 264 1529 328 ΑΠΗοῶ
1569 258 1903 320 CONCILIA.
1946 282 2016 297 --
2055 250 2552 310 MILEVITANUM.

3463 247 3566 305 εει

267 396 692 458 tlesiasticarum
713 432 730 458 ,
765 399 821 445 ιιι
851 400 1002 444 more
1031 385 1367 442 sacerdotum
1410 384 1699 453 provinciae
1731 381 1872 434 idem
1903 421 1910 433 ι

2020 389 2085 437 η’,
2115 373 2231 426 sive
2273 386 2409 442 quos
2456 370 2534 425 eis
2580 366 2839 437 primatus
2866 363 3100 431 dederit,
3143 362 3263 418 sive
3293 376 3428 434 quos
3459 366 3560 433 ipsi

266 495 371 564 ipsi
414 492 504 563 qui
559 485 932 543 defensionem
991 480 1343 535 ecclesiarum
1391 474 1731 543 susceperint
1780 472 1874 525 Ita-

267 589 434 645 beaut
484 580 794 636 facultatem
837 590 933 644 pro
988 570 1216 640 negotiis
1257 567 1631 627 ecclesiarum,
1662 564 1874 633 quoties

270 675 570 734 necessitas
600 668 918 739 llagitaverit
949 664 1030 719 vel
1063 663 1129 717 ad
1167 658 1537 714 obsistendum
1568 654 1877 724 obrepenti-

273 776 397 835 bus,
424 769 511 822 vel
544 766 610 819 ad
642 760 946 818 necessaria
977 753 1337 826 suggerenda,
1386 748 1593 820 ingredi
1634 748 1875 817 iudicum

272 862 601 920 secretaria.

279 977 448 1035 XVII.
496 975 563 1031 Ut
588 986 747 1041 neque
775 968 1012 1022 dimissus
1041 978 1202 1087 usque
1230 959 1443 1014 dimissa
1465 956 1622 1012 alteri
1664 954 1881 1021 coniun-

978 1052 1079 1087 aan
1105 1050 1188 1087 ur.

978 1050 1188 1105 ganmr.

360 1139 570 1195 Placuit
597 1149 810 1207 quoque
852 1129 1148 1187 secundum
1190 1122 1553 1194 evangelicam
1585 1130 1641 1175 ct
1667 1129 1883 1189 aposto-

284 1234 445 1289 licam
488 1227 847 1298 disciplinam,
894 1230 955 1277 ut
990 1233 1164 1288 neque
1184 1217 1441 1271 dimissus
1468 1214 1538 1268 ab
1564 1226 1754 1278 uxore,
1787 1226 1882 1265 ne-

286 1344 393 1400 que
407 1327 632 1383 dimissa
658 1338 684 1374 a
714 1321 929 1385 marito,
960 1316 1116 1371 alteri
1142 1310 1516 1386 ccttjungatur,
1544 1311 1637 1364 sed
1668 1308 1742 1362 ita
1772 1322 1884 1360 ma-

287 1433 473 1488 neant,
510 1426 601 1472 aut
621 1416 841 1471 sibimet
869 1410 1307 1466 reconcilientur.
1354 1402 1507 1471 Quod
1551 1402 1595 1455 si
1644 1411 1888 1455 contem-

292 1515 521 1586 pserint,
544 1510 609 1564 ad
650 1504 1018 1578 penitentiam
1078 1500 1408 1569 redigantur,
1459 1497 1513 1549 in
1564 1507 1668 1562 qua
1726 1505 1889 1545 causa

293 1608 469 1676 legem
501 1600 841 1672 imperialem
871 1595 1156 1667 petendam
1181 1588 1533 1661 promulgari.

291 1717 483 1774 XVIII.
523 1714 603 1770 De
632 1714 711 1767 liis
737 1711 825 1782 qui
852 1711 1032 1791 innsua
1071 1702 1334 1786 provincia
1364 1716 1465 1753 non
1513 1698 1891 1751 communicant
1920 1732 1968 1791 Β

759 1793 803 1836 et
849 1780 974 1833 alibi
1027 1775 1427 1831 communicant.

368 1884 596 1945 Placuit,
627 1888 686 1933 ut
727 1878 1032 1948 quicunque
1062 1886 1169 1928 non
1212 1864 1618 1925 communicans
1669 1862 1720 1915 in
1763 1874 1892 1929 pro-

293 1975 411 2043 pria
439 1971 711 2041 provincia
747 1971 799 2021 in
825 1966 945 2021 aliis
976 1961 1265 2033 provinciis
1294 1960 1377 2014 vel
1419 1958 1472 2011 in
1515 1952 1892 2009 transmarinis

294 2064 537 2134 partibus
579 2061 645 2115 ad
696 2054 1209 2114 communicandum
1257 2050 1582 2119 obrepserit,
1628 2047 1892 2117 jacturam

293 2152 691 2209 communionis
714 2150 796 2205 vel
828 2148 1113 2205 clericatus
1142 2141 1395 2211 excipiat.

294 2244 444 2300 XIX.
491 2241 754 2316 187_De
794 2238 993 2293 clericis
1026 2234 1282 2316 quiapnd
1325 2232 1625 2316 principem
1650 2230 1899 2283 swculnre

552 2303 810 2385 Fu-dicium
848 2320 936 2364 aut
966 2303 1221 2379 synodale
1242 2303 1646 2374 imploraverint.

379 2407 616 2469 Placuit,
656 2414 715 2459 ut
747 2406 1048 2474 quicunque
1076 2402 1145 2454 ab
1186 2399 1516 2467 imperatore
1538 2392 1898 2463 cognitionem

296 2499 645 2569 publicorum
687 2495 1008 2565 jndiciornm
1056 2490 1270 2562 petierit
1312 2488 1515 2542 honore
1548 2485 1762 2554 proprio
1791 2486 1900 2554 pri-

298 2600 459 2643 vetur
488 2604 500 2640 :
534 2587 782 2641 siautem
810 2584 1116 2654 episcopale
1145 2579 1407 2646 judicium
1458 2577 1527 2632 ab
1579 2575 1903 2645 imperatore

302 2680 679 2751 postulaverit,
715 2678 849 2731 nihil
893 2675 942 2729 ci
972 2674 1113 2729 obsit
1146 2671 1266 2744 [U.,
1298 2666 1512 2740 prosit].

304 2796 424 2852 XX.
470 2794 537 2849 Ut
585 2795 695 2846 sine
726 2789 958 2861 formatis
989 2786 1228 2861 nemoad
1269 2784 1567 2861 comitatum
1597 2777 1904 2849 proﬁcisca-

659 2855 763 2925 tur,
809 2870 855 2913 et
878 2860 1101 2929 qualiter
1130 2857 1257 2924 [iant
1290 2855 1540 2924 formatw.

372 2956 598 3020 Placuit,
629 2965 684 3007 ιιι
707 2954 1011 3023 quicunque
1053 2947 1282 3003 clericus
1331 2952 1549 3013 propter
1600 2940 1901 2995 necessita-

306 3060 414 3105 tem
445 3064 600 3104 suam
630 3046 824 3100 alicubi
857 3044 921 3097 atl
955 3042 1268 3097 comitatum
1312 3037 1392 3091 ire
1423 3035 1672 3100 voluerit,
1702 3030 1903 3085 forma-

308 3155 416 3197 tam
454 3142 522 3196 ab
551 3143 807 3213 episcopo
846 3150 945 3189 suo
980 3132 1207 3203 accipiat
1237 3150 1249 3185 :
1281 3129 1369 3200 qui
1400 3130 1516 3182 sine
1552 3126 1779 3181 lotmata
1809 3139 1899 3178 vo-

311 3236 468 3289 luerit
495 3248 738 3303 pergere,
771 3245 799 3283 a
827 3226 1208 3282 communione
1251 3225 1618 3275 removeatur.
1669 3214 1823 3283 Quod
1855 3214 1898 3268 si

311 3326 505 3380 alicubi
537 3327 584 3379 ei
619 3321 895 3392 repentina
930 3314 1226 3372 necessitas
1256 3322 1369 3367 orta
1397 3309 1558 3363 fuerit
1587 3307 1653 3361 ad
1681 3306 1906 3361 comita-

314 3427 431 3471 tum
486 3413 758 3485 pergendi,
810 3411 1002 3479 alleget
1058 3402 1197 3475 apud
1250 3403 1562 3472 episcopum
1632 3396 1733 3450 loci
1794 3396 1911 3463 ejus

314 3508 489 3576 ipsam
539 3505 947 3563 necessitatem,
997 3506 1053 3553 et
1102 3497 1171 3551 de
1218 3493 1321 3548 hoc
1366 3489 1627 3558 rescripta
1671 3486 1909 3557 ejusdem

318 3601 550 3672 episcOpi
582 3598 833 3669 perierat.
880 3595 1147 3649 Furmataa
1180 3598 1358 3644 autem
1391 3600 1509 3657 qua:
1540 3598 1568 3638 a
1600 3581 1913 3653 primatibus

318 3695 399 3750 vel
439 3709 466 3746 τι
509 3692 805 3764 quibusque
835 3685 1103 3757 episcopis
1141 3680 1373 3752 propriis
1421 3678 1620 3733 dantur
1677 3673 1911 3729 habeant

320 3786 461 3840 diem
496 3782 738 3854 paschte;
790 3778 929 3849 quod
960 3776 1006 3833 si
1037 3773 1213 3830 adhuc
1238 3770 1479 3842 ejusdem
1528 3767 1653 3822 anui
1704 3765 1914 3835 pascha:

320 3876 439 3931 dies
492 3875 733 3929 incertus
780 3882 884 3934 est,
939 3868 1031 3923 ille
1063 3863 1375 3933 praecedens
1403 3860 1746 3932 adiungatur,
1777 3871 1912 3926 quo-

321 3970 482 4025 modo
544 3968 683 4023 solet
747 3973 868 4035 post
942 3962 1282 4018 consulatum
1350 3957 1404 4011 in
1468 3951 1695 4025 publicis
1750 3950 1916 4019 gestis

323 4061 541 4119 ascribi.

325 4177 465 4233 XXI.
513 4176 590 4231 De
612 4175 863 4244 episcopis
892 4171 979 4241 qui
1025 4171 1077 4224 id
1098 4166 1234 4244 quod
1255 4173 1476 4244 repetere
1523 4164 1755 4233 poterant
1794 4172 1921 4225 pra:-

736 4237 969 4298 tcrmissa
990 4237 1189 4311 synodo
1216 4237 1508 4291 invaserint.

395 4341 530 4395 Item
575 4338 797 4408 placuit,
858 4347 914 4389 ut
966 4332 1205 4403 episc0pi
1260 4340 1604 4398 quascunque
1659 4320 1919 4379 ecclesias

1978 465 2181 518 vicinos
2204 480 2324 517 cum
2350 462 2595 517 consultu
2624 459 2864 528 primatis
2896 457 3211 527 delegerint.

1981 558 2141 613 XXII.
2190 559 2263 612 De
2306 558 2503 611 clericis
2547 556 2633 623 qui
2654 556 2717 608 de
2755 553 2973 627 judiciis
3040 552 3399 619 episcoporum
3447 568 3570 607 suo-

2500 644 2560 679 ru
2569 643 2614 678 m
2647 633 3051 693 conquerantur.

2054 720 2184 775 Item
2218 718 2434 788 placuit,
2470 726 2529 772 ut
2568 714 2886 787 presbyteti,
2918 713 3130 767 diaconi
3164 713 3244 767 vel
3281 714 3462 769 cteteri
3494 715 3573 769 iu-

1982 812 2209 866 l‘eriorcs
2229 810 2432 875 clerici,
2458 810 2510 863 in
2539 807 2715 863 causis
2742 820 2880 875 quas
2915 804 3221 869 habuerint,
3250 804 3294 857 si
3332 805 3397 857 de
3420 804 3571 873 judi-

1982 905 2080 959 ciis
2111 904 2487 973 episcoporum
2539 914 2758 954 suorum
2789 896 2963 967 questi
3012 896 3228 961 fuerint,
3264 895 3424 949 vicini
3456 897 3573 965 epi-

1982 999 2130 1066 scopi
2155 1012 2251 1053 eos
2279 997 2523 1059 audiant,
2555 1003 2610 1048 et
2638 993 2777 1047 inter
2823 1005 2917 1046 cos
2945 989 3203 1059 quidquid
3259 999 3345 1045 est
3393 989 3581 1045 ﬁniant

1984 1094 2211 1149 adhibiti
2261 1094 2329 1149 ab
2368 1093 2448 1148 eis
2487 1108 2551 1147 ex
2602 1102 2867 1145 consensu
2917 1085 3292 1156 episcoporum
3324 1098 3576 1148 suorum;

1985 1188 2126 1257 quod
2154 1186 2201 1241 si
2232 1197 2285 1240 et
2313 1186 2475 1257 188
2495 1184 2563 1237 ab
2588 1184 2669 1239 eis
2692 1178 3092 1249 provocandutn
3118 1176 3442 1247 putaverint,
3472 1190 3578 1229 non

1989 1286 2284 1347 provocent
2313 1278 2413 1331 nisi
2443 1276 2508 1330 ad
2542 1274 2795 1330 Africana
2839 1270 3067 1326 concilia
3108 1269 3193 1324 vel
3226 1268 3292 1324 ad
3322 1268 3583 1338 primatus

1992 1370 2391 1437 provinciarum
2442 1381 2706 1421 suarum:
2758 1364 2823 1417 ad
2874 1361 3224 1417 transmarina
3270 1371 3449 1417 autem
3492 1362 3584 1431 qui

1991 1463 2294 1533 putaverint
2322 1458 2723 1530 appellandum,
2769 1471 2797 1509 a
2832 1455 2980 1509 nullo
3038 1454 3174 1508 intra
3229 1452 3460 1507 Africam
3514 1452 3583 1506 ad

1992 1552 2425 1608 communionem
2476 1548 2863 1618 suscipiantur.

1997 1663 2187 1718 XXIII.
2232 1662 2309 1716 De
2336 1663 2415 1715 Itis
2457 1661 2548 1731 qui
2586 1657 3026 1731 apudlugreticos
3071 1654 3417 1731 palpitantium
3446 1670 3587 1708 accc.

2177 1743 2360 1804 perunt
2402 1727 2656 1801 quomodo
2691 1730 2756 1783 ab
2802 1727 3033 1782 Ecclesia
3070 1728 3405 1796 recipiantur.

2065 1822 2294 1894 Placuit,
2328 1832 2383 1877 ut
2426 1822 2731 1892 quicunque
2760 1833 3056 1874 conversus
3086 1818 3154 1872 ab
3206 1817 3474 1871 luereticis
3502 1816 3588 1869 di-

1994 1919 2133 1973 xerit
2162 1933 2221 1972 se
2259 1916 2399 1987 apud
2428 1930 2522 1971 eos
2554 1912 2923 1985 paenitentiam
2968 1911 3263 1980 accepisse,
3295 1910 3585 1981 unusquis-

1995 2023 2099 2078 que
2141 2006 2439 2062 catholicus
2491 2006 2777 2075 episcopus
2820 2003 3058 2072 requirat
3107 2002 3194 2055 ubi
3236 2014 3289 2056 et
3316 2001 3385 2055 ob
3431 2017 3589 2070 quam

1996 2112 2213 2152 causam
2239 2095 2377 2165 apud
2410 2095 2628 2152 eosdem
2672 2092 2958 2147 hazreticos
2987 2090 3357 2159 pmnitentiam
3406 2104 3593 2143 susce-

2001 2188 2159 2258 perit,
2187 2196 2243 2240 ιιι
2272 2201 2392 2240 cum
2425 2183 2586 2239 certis
2624 2181 2963 2236 documentis
2994 2181 3097 2233 hoc
3134 2178 3306 2247 ipsum
3350 2177 3450 2232 sibi
3494 2192 3591 2246 ap-

2000 2277 2326 2349 probaverit,
2354 2293 2449 2346 pro
2480 2274 2738 2345 qualiznte
2768 2269 2996 2338 peccati,
3050 2269 3191 2323 sicut
3248 2268 3426 2322 eidem
3479 2270 3595 2337 epi-

2000 2383 2166 2437 scopo
2194 2365 2459 2422 catholico
2491 2364 2664 2418 visum
2695 2362 2877 2427 fuerit,
2910 2370 3120 2429 tempus
3148 2357 3479 2427 pmuitentia:
3510 2357 3596 2411 vel

2004 2455 2461 2516 reconciliationis
2498 2456 2773 2510 decernat.

2044 2568 2229 2624 XXIV.
2260 2566 2338 2620 De
2357 2565 2610 2635 episcOpis
2638 2559 3010 2633 negligentibus
3040 2557 3281 2611 adversus
3313 2556 3594 2610 Itwreticos.

2076 2680 2206 2736 Item
2239 2678 2458 2749 placuit,
2486 2686 2543 2732 ιιι
2569 2676 2874 2744 quicunque
2911 2672 3182 2742 negligunt
3211 2671 3325 2725 loca
3349 2668 3416 2723 ad
3446 2682 3596 2723 suam

2004 2775 2317 2831 cathedram
2370 2771 2689 2843 pertinentia
2741 2768 2794 2822 in
2847 2765 3166 2823 catholicam
3215 2764 3472 2818 unitatem
3521 2760 3603 2816 Iu-

2006 2871 2170 2937 crari,
2206 2868 2594 2923 conveni-antur
2622 2879 2650 2917 a
2698 2860 3047 2932 diligentibus
3098 2856 3287 2912 vicinis
3333 2854 3604 2925 episcopis

2009 2972 2067 3018 ut
2097 2962 2149 3018 id
2176 2975 2333 3031 agere
2366 2974 2470 3013 non
2498 2966 2812 3019 morentur;
2844 2951 2987 3024 quod
3010 2952 3054 3005 si
3086 2952 3223 3005 intra
3255 2964 3346 3004 sex
3388 2962 3604 3004 menses

2010 3075 2037 3113 a
2068 3060 2157 3115 die
2196 3053 2570 3113 conventionis
2619 3068 2724 3105 non
2783 3048 3083 3113 ell‘eccrint,
3118 3046 3207 3115 qui
3267 3044 3501 3107 potuerit
3529 3041 3607 3097 Iu-

2008 3152 2149 3207 crari
2180 3165 2242 3207 ea
2280 3150 2345 3203 ad
2377 3150 2551 3217 ipsum
2584 3142 2918 3214 pertineant;
2950 3141 3022 3193 ita
3047 3152 3201 3203 sane,
3232 3144 3289 3189 nt
3315 3136 3361 3190 si
3395 3135 3506 3199 ille,
3536 3135 3605 3190 ad

2008 3257 2167 3314 quem
2209 3240 2532 3311 pertinuisse
2561 3236 2901 3299 videbantur,
2935 3230 3167 3302 probare
3210 3228 3442 3296 pctuerit
3488 3242 3604 3282 ma-

2009 3333 2256 3403 gisillius
2291 3330 2515 3385 electam
2547 3323 2927 3395 negligentiam
2971 3321 3038 3375 ab
3097 3320 3366 3375 hareticis
3404 3327 3462 3372 ut
3508 3318 3609 3371 im-

2014 3438 2155 3493 pune
2185 3421 2258 3476 ibi
2288 3422 2416 3483 sint,
2447 3429 2498 3474 ct
2527 3432 2677 3472 suam
2709 3412 3039 3484 diligentiam
3086 3410 3251 3465 fuisse
3283 3418 3608 3480 prazveutam

2015 3527 2073 3570 ut
2112 3531 2178 3570 eo
2225 3514 2383 3567 modo
2408 3511 2525 3582 ejus
2555 3525 2682 3564 cura
2715 3506 2995 3563 sollicitior
3044 3504 3321 3568 vitaretur,
3352 3518 3473 3557 cum
3509 3501 3612 3556 hoc

2011 3608 2217 3681 judices
2266 3606 2504 3677 epi.copi
2561 3599 2933 3673 cognoverint,
2994 3613 3105 3655 sua:
3165 3596 3436 3652 cathedra:
3492 3595 3610 3651 luet

2018 3707 2323 3761 restituant.
2358 3704 2501 3758 Sme
2544 3705 2587 3755 si
2620 3697 2859 3769 episcopi
2890 3696 3030 3750 inter
3061 3709 3196 3761 quos
3239 3706 3398 3747 causa
3429 3705 3609 3746 versa-

2019 3808 2105 3854 tur
2132 3799 2466 3854 diversarum
2497 3805 2620 3850 sunt
2663 3792 3080 3862 provinciarum,
3112 3787 3198 3841 ille
3229 3786 3490 3858 ptitnatus
3517 3784 3611 3840 det

2014 3890 2221 3961 judices
2254 3888 2374 3960 [U.,
2404 3886 2490 3949 Β..
2522 3881 2832 3953 dejudicet],
2858 3884 2908 3935 in
2939 3880 3092 3950 cujus
3132 3876 3403 3947 provincia
3432 3888 3515 3931 est
3532 3877 3611 3929 lo-

2018 3997 2114 4037 cus
2139 3981 2206 4035 de
2221 3994 2326 4049 qun
2346 3977 2721 4031 contenditur:
2751 3974 2796 4025 si
2823 3981 2999 4025 autent
3029 3986 3092 4023 ex
3122 3968 3392 4023 communi
3411 3966 3614 4038 placito

2019 4074 2224 4128 vicinos
2243 4069 2452 4141 judices
2483 4064 2768 4136 elegerint,
2790 4073 2879 4116 aut
2907 4075 3044 4115 unus
3074 4060 3299 4127 eligatur
3335 4068 3428 4112 aut
3474 4070 3610 4123 tres.

2022 4175 2079 4222 ut
2101 4166 2147 4222 si
2172 4176 2282 4219 ttes
2303 4159 2565 4229 elegerint
2588 4167 2679 4211 aut
2694 4155 2932 4212 omnium
2964 4152 3284 4208 sententiam
3314 4159 3339 4186 ι
3361 4162 3617 4219 sequatur

2023 4270 2114 4316 aut
2165 4260 2426 4322 duorum;
2484 4269 2511 4307 a
2560 4249 2831 4323 judicibus
2890 4255 3069 4301 autem
3126 4257 3262 4313 quos
3317 4243 3617 4297 communis

2023 4363 2320 4408 consensus
2346 4344 2575 4417 elegerit
2603 4358 2708 4397 non
2734 4343 2891 4396 liceat
2938 4350 3228 4409 provocare
3255 4352 3267 4387 :
3297 4342 3353 4391 et
3381 4333 3620 4405 quisquis

328 4432 407 4487 ’(⁵1
441 4431 630 4502 p‘ebes
654 4443 787 4499 (³⁸³³³
818 4427 880 4480 ad
914 4440 1067 4518 mam
1117 4420 1430 4477 calhedrum
1469 4416 1776 4518 uisum“?!
1801 4427 1923 4514 pm:-
1953 4446 2003 4505 D
2029 4447 2288 4518 probatus
2335 4441 2496 4495 luerit
2524 4453 2619 4508 per
2656 4432 3046 4492 contumaciam
3080 4429 3224 4485 nolle
3254 4428 3624 4495 obtemperare

330 4525 503 4579 tinere
536 4539 641 4575 non
684 4521 755 4574 ita
789 4516 1127 4586 repetierint,
1180 4523 1235 4565 ut
1284 4524 1474 4565 causas
1500 4522 1625 4562 suas
1654 4503 1922 4575 episcopis

330 4615 692 4687 jndicantibus
724 4617 904 4681 agant,
936 4606 1029 4662 sed
1057 4604 1162 4659 alio
1194 4602 1462 4657 retinente
1493 4595 1767 4660 irruerint,
1809 4592 1923 4648 sive

334 4707 640 4760 nolentibus
662 4704 774 4757 sive
805 4698 1109 4754 volentibus
1140 4694 1411 4765 plebibus,
1463 4705 1638 4745 causa
1679 4703 1790 4741 sum
1834 4687 1927 4741 de-

335 4801 646 4854 trimentum
681 4794 998 4864 patiantur:
1034 4798 1088 4845 et
1132 4788 1437 4858 quicunque
1484 4782 1587 4837 hoc
1626 4780 1736 4851 jam
1788 4779 1928 4834 fece-

336 4902 478 4955 runt,
506 4891 550 4944 si
582 4888 820 4943 nonduin
851 4896 933 4941 est
956 4885 1097 4939 inter
1126 4882 1409 4951 episcOpos
1442 4875 1590 4929 llnita
1624 4872 1925 4937 contentio,

337 4982 426 5035 Sed
460 4981 639 5035 adhuc
672 4980 795 5032 inde
816 4973 1173 5037 contendunt,
1203 4970 1293 5025 ille
1321 4967 1447 5023 inde
1479 4964 1724 5021 discedat
1768 4976 1925 5033 quem
1988 5008 1989 5015 η

336 5072 637 5127 constiterit
692 5067 1070 5139 prmtermissis
1113 5061 1381 5134 iudicibus
1429 5055 1812 5113 ecclesiasticis
1859 5053 1933 5106 ir-

336 5166 509 5219 ruisse
542 5183 555 5216 :
601 5178 698 5217 nec
750 5163 849 5216 sibi
879 5161 1106 5229 quisque
1134 5154 1458 5217 blandiatur,
1491 5152 1587 5206 sia
1620 5150 1849 5218 primatu
1875 5157 1933 5200 ut

335 5259 570 5313 retineat
600 5254 811 5307 litteras
850 5247 1187 5318 impetrarit;
1216 5244 1307 5300 sed
1333 5243 1446 5298 sive
1481 5242 1675 5295 habeat
1701 5238 1931 5301 litteras,

338 5362 455 5401 sive
491 5363 597 5400 non
632 5344 848 5411 habeat,
883 5338 1168 5398 conveniat
1212 5352 1334 5392 eum
1382 5335 1471 5404 qui
1524 5342 1668 5388 tenet
1712 5341 1765 5386 et
1816 5330 1935 5399 ejus

343 5440 552 5493 litteras
583 5438 831 5507 accipiat,
874 5444 934 5488 ut
959 5438 1212 5501 appareat
1242 5426 1465 5495 paciﬁca
1497 5427 1734 5480 tenuisse
1762 5424 1937 5478 eccle-

341 5534 479 5587 siam
509 5533 574 5587 ad
607 5547 665 5586 se
693 5528 1074 5600 pertinentem.
1119 5522 1174 5577 Si
1201 5529 1377 5574 autem
1411 5518 1502 5572 ille
1536 5517 1765 5585 aliquam
1793 5527 1937 5582 quae-

344 5625 581 5676 stionem
610 5621 871 5687 retulerit,
902 5632 998 5687 per
1040 5615 1319 5683 episcopos
1346 5609 1556 5679 judices
1594 5621 1754 5662 causa
1788 5604 1940 5658 ﬁnia-

2022 4538 2316 4611 judicibus,
2344 4549 2465 4589 cum
2498 4532 2599 4584 hoc
2625 4528 2809 4597 primae
2838 4524 2983 4581 sedis
3011 4523 3268 4593 episcopo
3307 4519 3466 4572 fuerit
3498 4531 3623 4584 pro-

2029 4634 2217 4697 latum,
2260 4628 2354 4682 det
2402 4626 2610 4680 litteras
2642 4631 2700 4675 ιιι
2729 4620 2903 4674 nu'lus
2943 4618 2991 4673 ei
3023 4611 3384 4670 communicet
3410 4611 3624 4681 episco-

2034 4739 2220 4797 porum
2250 4722 2425 4776 donec
2446 4718 2806 4784 ‘obteutperet.

2459 4831 2629 4887 XXV.
2673 4829 2747 4883 De
2792 4826 2976 4895 quibus
3021 4840 3194 4895 supra.

2103 4952 2157 5009 Si
2188 4953 2239 5005 in
2276 4947 2584 5005 matricibus
2613 4940 2880 4998 cathedris
2906 4934 3483 5008 cpiscopztsucgligens
3511 4930 3625 4983 fue-

2034 5050 2103 5104 rit
2132 5048 2389 5102 adversus
2430 5040 2733 5100 haereticos,
2763 5035 3113 5091 conveniatur
3142 5046 3170 5083 a
3199 5026 3388 5083 vicinis
3414 5022 3623 5090 ορίδεοο

2037 5144 2119 5213 pis
2171 5134 2537 5209 diligentibus,
2571 5141 2627 5186 et
2673 5129 2721 5183 ei
2750 5142 2845 5181 sua
2885 5122 3200 5194 negligentia
3229 5119 3629 5170 demonstretur

2038 5242 2097 5286 ut
2128 5245 2186 5284 se
2215 5239 2478 5282 excusare
2516 5239 2620 5277 non
2665 5218 2870 5287 possit;
2902 5216 3042 5280 quod
3069 5209 3114 5264 si
3146 5222 3209 5261 ex
3240 5204 3327 5259 die
3354 5217 3463 5272 quo
3491 5214 3626 5254 con-

2041 5324 2250 5378 venitur
2275 5322 2411 5374 intra
2439 5331 2529 5369 sex
2562 5324 2774 5366 menses
2819 5309 2871 5360 in
2898 5305 3015 5374 ejus
3045 5300 3316 5373 provincia
3347 5293 3629 5353 exsecutio

2040 5416 2218 5481 fuerit,
2254 5422 2309 5466 et
2348 5424 2452 5463 non
2483 5420 2577 5460 eos
2624 5403 2689 5456 ad
2734 5399 2992 5455 unitatem
3039 5395 3353 5453 catholicam
3401 5400 3631 5445 conver-

2043 5507 2231 5563 tendos
2259 5501 2548 5562 curaverit,
2582 5509 2690 5549 non
2736 5492 2786 5547 ei
2837 5489 3266 5547 communicatur
3304 5486 3478 5540 donec
3522 5477 3630 5532 im-

2045 5602 2181 5669 pleat
2215 5614 2227 5648 :
2263 5595 2304 5649 si
2334 5603 2510 5646 autem
2566 5586 2843 5658 probatum
2896 5582 3054 5639 fuerit
3106 5594 3225 5634 cum
3272 5578 3341 5632 de
3385 5584 3632 5629 comma-

427 5767 451 5795 ⁸
494 5758 569 5814 Ex
602 5755 716 5823 ΑΕ..
749 5756 810 5809 Β.
846 5753 936 5820 R.,
978 5753 1039 5809 ε.
1069 5753 1124 5815 5,
1153 5749 1219 5805 Τ.
1256 5749 1305 5803 I.
1337 5746 1393 5802 lu
1429 5748 1516 5813 A.,
1559 5744 1624 5800 Τ.
1657 5741 1714 5809 Ξ,
1760 5738 1849 5808 U.,
1879 5736 1910 5793 Ε

2013 5734 2280 5790 sentcn'ia.

720 5851 997 5911 Parnm.
1045 5840 1399 5907 LXXXIV.

3125 5804 3165 5863 8
