4060 6184
431 235 536 291 27)ἒὶ

1142 232 1517 288 COLI.ECT|0
1555 230 1881 287 CANUNUM
1922 232 1979 288 S.
2021 232 2290 289 lSlDORO
2330 232 2599 289 HISPAL.
2643 232 3004 289 ASCRIPTA.

3601 232 3710 287 236

428 332 589 406 nione
617 349 824 404 illorum
859 348 1020 404 fuisse
1064 352 1365 413 mentitum,
1397 349 1626 404 dicendo
1652 363 1746 402 eos
1776 362 2018 403 commu-
2050 356 2280 412 Averso
2308 346 2766 418 conciliojndices
2811 355 2994 401 ternos
3034 342 3103 399 de
3152 341 3378 414 singulis
3416 343 3715 411 provinciis

426 440 639 497 uicasse
660 456 795 513 quos
838 455 905 496 eo
958 443 1161 497 sciente
1220 442 1380 513 189
1433 456 1536 495 non
1590 441 2053 521 communicasse

428 530 752 595 constiterit,
784 530 944 585 etiam
976 530 1343 600 episcopatum
1376 531 1604 584 amittat.

502 620 693 677 XXVI.
736 622 812 677 De
853 622 1134 693 virginibus
1162 639 1277 693 quae
1306 623 1444 692 infra
1476 622 1655 689 viginti
1680 623 1901 692 quinque
1928 638 2020 674 au-

749 709 842 747 nos
871 694 1166 746 necessitate
1192 704 1401 763 cogente
1447 693 1698 745 velantur.

499 784 628 838 Item
658 783 877 852 placuit,
903 793 959 837 ut
982 784 1281 852 quicunque
1297 784 1673 851 episcoporum
1696 782 2020 837 necessitate

433 876 788 942 periclitantis
822 876 1085 945 pudicitia:
1114 875 1409 947 vi'ginalis,
1433 890 1552 929 cum
1587 876 1667 929 vel
1707 876 1900 944 petitor
1929 890 2024 945 po-

433 975 553 1023 tens
575 965 657 1021 vel
683 975 862 1036 raptor
890 965 1082 1035 aliquis
1112 966 1443 1031 formidatur,
1467 966 1558 1021 vel
1593 967 1637 1019 si
1661 968 1821 1020 etiam
1847 966 2024 1032 aliquo

436 1061 486 1112 in
514 1056 701 1115 mortis
756 1058 992 1127 periculo
1012 1058 1254 1127 seripulo
1272 1068 1592 1127 compuncta
1618 1057 1795 1121 fuerit,
1822 1072 1889 1113 ne
1920 1074 2022 1112 non

434 1153 625 1207 velata
649 1151 927 1219 moriatur,
956 1160 1048 1205 aut
1086 1151 1781 1222 exigentibus-parentibus,
1805 1162 1897 1204 aut
1945 1151 2024 1203 liis

433 1245 500 1299 ad
530 1260 758 1315 quorum
790 1258 970 1299 curam
1028 1244 1286 1314 pertinet,
1320 1244 1574 1299 velaverit
1605 1242 1863 1312 virginem
1889 1242 2024 1295 intra

440 1335 639 1405 vigenti
670 1336 905 1406 quinque
934 1349 1103 1389 annos
1132 1335 1327 1403 anatis,
1361 1348 1465 1390 non
1496 1334 1545 1388 ei
1571 1333 1714 1389 obsit
1739 1333 2024 1388 concilium

437 1427 585 1494 quod
600 1428 667 1482 de
698 1428 803 1483 isto
827 1442 1051 1483 numero
1080 1442 1349 1483 annorum
1367 1426 1717 1482 constitutum
1747 1434 1847 1482 est.

509 1524 725 1596 XXVII.
768 1540 845 1613 De
885 1541 1137 1611 episcopis
1184 1544 1269 1610 qui
1314 1550 1427 1613 post
1475 1551 1589 1595 acta
1636 1539 2028 1613 Carthaginensi

609 1612 804 1682 synodo
841 1613 1020 1667 retenti
1045 1622 1163 1667 sunt
1184 1613 1253 1666 ad
1296 1614 1492 1682 reliqua
1535 1612 1846 1684 peragenda.

2122 440 2243 509 eligi
2272 458 2285 494 :
2310 450 2368 495 et
2391 439 2545 495 electi
2571 448 2691 493 sunt
2721 437 2787 492 de
2827 435 3094 505 provincia
3117 432 3537 503 Carthaginensi
3582 433 3717 489 Vin-

2123 532 2355 597 centius,
2390 529 2804 585 Fortunatianus
2826 537 2877 582 et
2900 524 3130 581 Clarus:
3176 526 3243 579 de
3278 523 3550 594 provincia
3592 523 3709 579 Nu-

2125 621 2303 675 midiae
2325 620 2559 691 Alipius,
2588 619 2914 687 Augustinus
2942 626 2996 672 et
3026 616 3322 672 Restitutus
3351 631 3365 669 :
3397 615 3466 672 de
3497 617 3715 686 provin-

2124 709 2206 764 cia
2256 710 2529 780 Byzacena
2582 724 2701 764 cum
2746 717 2935 762 sancto
2980 721 3111 762 sene
3150 706 3448 761 Donatiano
3486 708 3717 775 primatu

2125 804 2465 871 Cresconius,
2517 802 2790 860 iucundus
2832 812 2886 857 et
2928 801 3252 856 IEmilianus
3305 818 3321 856 :
3368 801 3435 856 de
3468 802 3721 858 Maurita-

2127 898 2210 951 nia
2239 897 2534 965 Sitipltensi
2575 896 2897 953 Severianus
2934 894 3019 967 [Τ.
3074 896 3125 963 l,
3158 893 3251 960 6.,
3288 895 3719 967 Severinianus],

2125 986 2444 1043 Casiatticus
2498 995 2554 1042 et
2602 987 2836 1041 Donatus
2882 1004 2895 1038 :
2939 984 3009 1041 de
3062 986 3339 1055 provincia
3389 985 3721 1056 Tripolitaua

2132 1078 2391 1145 l‘lautius,
2438 1078 2527 1148 qui
2580 1092 2648 1133 ex
2689 1091 2840 1132 more
2886 1079 3091 1146 legatus
3148 1091 3289 1130 unus
3331 1086 3414 1131 est
3470 1078 3669 1131 missus
3706 1095 3718 1129 :

2127 1172 2216 1241 qui
2247 1183 2435 1225 omnes
2488 1184 2610 1224 cum
2662 1176 2850 1225 sancto
2907 1182 3037 1222 sene
3089 1166 3309 1222 Aurelio
3350 1167 3723 1222 universam-

2128 1271 2403 1335 gnoscant,
2436 1277 2466 1316 a
2487 1276 2593 1333 quo
2613 1261 2763 1332 petiit
2778 1260 3096 1316 universum
3116 1258 3400 1316 concilium
3431 1269 3486 1314 ut
3507 1264 3719 1316 cunctis

2128 1356 2241 1409 sive
2264 1354 2430 1425 gestis
2466 1368 2587 1423 quis
2613 1351 2857 1408 confecta
2881 1352 2991 1424 jam
3028 1361 3152 1407 sunt
3190 1366 3288 1408 seu
3333 1351 3574 1421 epistolis
3608 1354 3724 1421 quae

2128 1443 2450 1500 subscribat.

2198 1534 2453 1592 Aurelius
2473 1534 2757 1607 episcopus
2798 1532 3041 1590 ecclesia:
3093 1531 3534 1604 Carthaginiensis
3586 1533 3721 1587 sub-

2129 1626 2366 1698 scripsit.

509 1720 638 1774 ltem
670 1720 891 1790 placuit,
943 1735 1011 1777 ue
1055 1721 1255 1778 diutius
1298 1721 1533 1778 universi
1580 1720 1815 1791 episcopi
1869 1720 2027 1791 190
2063 1710 2110 1770 Β
2210 1716 2539 1773 Donatianus
2563 1715 2896 1788 Teleptensis
2924 1716 3113 1786 prima:
3137 1715 3285 1771 sedis
3310 1714 3646 1785 subscripsit.

434 1812 521 1879 qui
546 1813 612 1867 ad
643 1813 927 1870 concilium
952 1814 1261 1885 congregati
1292 1823 1417 1870 sunt
1440 1821 1774 1879 tenerentur,
1798 1813 1866 1867 ab
1899 1815 2024 1866 uui-

2205 1809 2540 1865 Similiteret
2567 1822 2757 1865 omnes
2785 1808 3024 1880 episcOpi
3046 1808 3507 1877 subscripserunt.

436 1924 3713 1959 Μ

1283 2165 1957 2256 CONCILIUM
1998 2041 2717 2245 )fyfl‘ELEPTEN
2733 2162 2868 2244 SE

619 2371 775 2415 ros'r
818 2352 844 2390 ι’
890 2368 1303 2413 οοηεοιλτωι
1351 2362 1807 2411 oLomostssuu
1854 2362 2052 2405 nonor

2169 2361 2246 2402 ET
2289 2359 2664 2402 CONSTANTII
2710 2359 2998 2403 SECUNDO
3045 2360 3157 2402 νιιι
3193 2359 3532 2403 -ιΑιιΝωε

1944 2437 2243 2486 ΜΔἮῘΊΔΕ.

506 2598 844 2668 Congregeto
869 2592 1103 2647 concilio
1136 2594 1187 2646 in
1228 2592 1454 2647 ecclesia
1487 2592 1866 2662 Apostolorum
1907 2590 2011 2659 ple-

443 2687 526 2741 bis
552 2682 883 2753 Telepteusis
915 2683 1101 2737 beatus
1148 2682 1304 2738 Pater
1334 2685 1520 2752 prima:
1568 2680 1712 2738 sedis
1741 2680 2022 2752 episcopus

442 2779 766 2833 Donetianus
818 2774 1050 2831 civitatis
1102 2774 1441 2845 Teleptensis
1496 2789 1619 2829 cum
1686 2772 2017 2837 resedisset,

439 2867 851 2924 consedentibns
882 2881 1062 2920 secum
1092 2864 1367 2931 Januario,
1399 2865 1599 2931 Felice,
1622 2863 1893 2927 Secundo,
1922 2859 2024 2933 Cy-

437 2959 540 3029 rio,
581 2959 834 3025 Victorio,
868 2958 1226 3025 Secundiano,
1283 2958 1413 3014 Geta
1459 2957 1575 3031 [D.,
1630 2955 1798 3029 Zeta],
1852 2957 2029 3011 Euno-

439 3050 942 3121 mio,Meximiauo,
989 3050 1212 3115 Donato,
1240 3047 1552 3116 Cresconio,
1610 3048 1873 3111 iucundo,
1930 3047 2026 3105 So.

444 3153 619 3211 patro,
644 3140 938 3206 Restituto,
972 3140 1205 3205 Juliano,
1255 3139 1595 3207 Maximiano,
1629 3137 1891 3203 Tertiolo,
1934 3137 2032 3192 Mi-

441 3232 568 3303 lico,
603 3232 856 3302 Maximo,
885 3232 1204 3301 Donatiano,
1237 3231 1456 3302 Basilio,
1483 3230 1798 3300 Papiniano,
1830 3228 2031 3284 Janua-

2129 2603 2249 2657 qu.e
2277 2587 2327 2640 in
2361 2586 2649 2656 aliqutntis
2674 2602 2779 2641 non
2807 2596 2961 2642 erant
3012 2602 3187 2642 causa:
3228 2590 3320 2641 sed
3364 2582 3607 2651 crimina,
3661 2597 3721 2642 ut

2130 2677 2197 2732 de
2227 2688 2424 2733 ca=tero
2454 2675 2760 2749 sollicitudo
2790 2688 2935 2734 esset
2957 2680 3241 2749 unicuique
3274 2682 3321 2731 in
3351 2679 3585 2734 Ecclesia
3620 2694 3718 2734 cu-

2134 2786 2245 2825 ram
2325 2770 2630 2841 ltujusmodi
2686 2772 2907 2837 habt-re,
2953 2772 3093 2826 sicut
3146 2772 3419 2841 apostolus
3472 2770 3725 2840 praedicat

2136 2861 2332 2918 Paulus
2363 2880 2376 2917 :
2409 2861 2588 2917 Talem
2620 2862 2729 2917 Deo
2758 2861 3042 2918 Ecclesium
3088 2864 3447 2933 exhibendam,
3481 2881 3585 2918 non
3632 2865 3724 2918 ita-

2138 2952 2335 3008 bentem
2358 2956 2612 3009 maculam
2635 2963 2725 3008 aut
2745 2970 2948 3026 rugam,
2971 2971 3036 3008 ne
3067 2968 3162 3024 per
3181 2954 3202 2989 ί¹
3221 2954 3446 3025 alicujus
3467 2955 3725 3009 morbida!

2135 3045 2249 3099 ovis
2278 3046 2515 3099 afﬂatum
2540 3044 2861 3099 conscientia
2890 3056 3071 3099 nostra
3114 3045 3473 3100 contaminata
3515 3045 3725 3101 videre.

2137 3143 2243 3202 tur,
2276 3151 2379 3206 qua
2403 3138 2469 3189 de
2498 3152 2556 3191 re
2588 3137 2792 3190 meliori
2841 3136 3069 3190 consilio
3096 3136 3151 3190 id
3177 3137 3314 3191 sedit
3357 3148 3576 3207 promer
3630 3152 3728 3192 eos

2137 3230 2389 3295 maxime,
2413 3224 2504 3299 qui
2533 3231 2582 3283 in
2614 3229 2860 3299 prtesenti
2892 3229 3199 3285 valetudine
3222 3231 3467 3298 corporis
3495 3240 3587 3285 aut
3614 3230 3724 3285 fes—

442 3329 545 3394 rio,
593 3325 916 3397 Porpltyrio,
961 3324 1089 3380 item
1142 3323 1458 3395 Porplt‘yrio,
1501 3322 1707 3378 Donato
1731 3362 1747 3388 ,
1795 3319 2027 3383 Iuliano,
2059 3309 2103 3371 C
2135 3335 2209 3377 sm
2238 3322 2412 3377 astatis
2433 3335 2591 3377 causa
2617 3321 2807 3376 adesse
2854 3321 3074 3376 minimc
3108 3331 3420 3390 potuerunt,
3452 3337 3556 3391 quo
3600 3336 3726 3392 per-

442 3417 602 3483 'l‘uto,
634 3417 913 3483 Fortunio,‘
941 3415 1252 3483 Quintiano,
1305 3415 1544 3484 Capione
1590 3422 1646 3469 et
1672 3414 1883 3468 caneris
1913 3412 2031 3479 epi-

444 3511 647 3581 scOpis,
676 3525 885 3565 necnon
937 3508 1102 3563 etiam
1134 3507 1415 3563 Vincentio
1445 3516 1500 3562 et
1540 3505 1922 3561 Fortunatiano
1953 3504 2032 3557 le-

442 3603 583 3670 gatis
623 3601 912 3669 provinciae
969 3598 1366 3667 proconsularis
1417 3596 1484 3652 ad
1532 3596 1866 3667 Byzacenum
1916 3593 2029 3666 [D.,

446 3687 785 3762 Byzantium]
811 3689 1094 3742 concilium
1126 3687 1346 3743 directis
1399 3697 1452 3743 et
1507 3686 1760 3757 reliquis;
1805 3686 2030 3740 Vincen-

448 3784 555 3838 tius
580 3790 638 3838 et
690 3779 1108 3835 Fortunatianus
1153 3778 1443 3835 dixerunt:
1490 3779 1667 3835 Etiam
1716 3793 1836 3835 cum
1861 3776 2033 3833 Thus-

448 3873 606 3927 drum
655 3870 940 3926 fuissemus
967 3916 981 3940 ,
1026 3872 1163 3926 sicut
1210 3886 1420 3927 mecum
1475 3872 1664 3928 recolit
1710 3871 2037 3928 memorialis

449 3961 653 4017 auditio
681 3972 877 4029 vestra,
911 3970 965 4017 et
1015 3960 1270 4032 epistulas
1300 3972 1497 4018 sancta:
1548 3964 1819 4019 memoriae
1861 3964 2035 4019 Siricii

449 4054 594 4111 sedis
620 4054 929 4125 apostolica:
966 4053 1204 4125 episcopi
1252 4053 1573 4109 dederemus
1602 4055 1924 4122 recitandas,
1970 4070 2037 4108 ex

450 4149 644 4219 quibus
665 4162 788 4205 eum
818 4163 975 4202 unam
1005 4148 1208 4219 legeret
1229 4147 1639 4202 sanctimoniam
1670 4147 1848 4201 fratris
1870 4147 2036 4200 nostri

449 4241 688 4311 episcopi
720 4240 953 4305 Latonii,
985 4251 1239 4308 utrasque
1278 4253 1377 4293 nos
1422 4251 1564 4292 nunc
1607 4237 1811 4292 referre
1839 4250 2035 4307 sugge-

451 4333 559 4387 stio
586 4331 788 4386 indicat
813 4347 826 4383 :
852 4330 950 4384 has
982 4330 1195 4384 recitari
1224 4328 1438 4383 donate.
1468 4327 1718 4397 Episcopi
1739 4327 1989 4382 dixerunt
2020 4343 2035 4379 :

454 4423 771 4479 llecitentur
790 4420 1029 4490 epistolae
1060 4420 1379 4476 venerabilis
1426 4418 1699 4475 memoriae
1734 4420 1884 4490 191
1917 4435 2038 4473 san-

452 4518 523 4572 cti
550 4515 751 4583 Siricii,
782 4524 836 4568 ut
863 4515 1164 4569 noverimus
1186 4513 1309 4583 quid
1339 4528 1521 4567 earum
1548 4521 1721 4567 textus
1748 4514 2037 4567 contineat.

452 4607 586 4663 Cum
643 4606 1006 4670 traderentur,
1050 4605 1291 4660 Privatus
1334 4604 1571 4659 notarius
1625 4602 1797 4658 dixit:
1845 4604 2039 4660 Exem-

457 4699 601 4766 plum
630 4700 950 4751 tractatoriac
976 4695 1215 4766 episcopi
1247 4695 1394 4751 urbis
1416 4696 1631 4750 Romae:
1667 4689 2038 4751 Dilectissimis

454 4788 711 4845 fratribus
740 4798 794 4844 et
837 4789 1169 4859 coepiscopis
1223 4804 1318 4858 per
1365 4787 1601 4843 Africam
1648 4786 1889 4842 Sititius.
1956 4788 2043 4841 Di-

452 4893 606 4934 versa
639 4880 660 4907 ε
688 4881 952 4948 quamvis,
975 4894 1094 4933 cum
1117 4879 1169 4931 in
1194 4893 1354 4932 unum
1378 4877 1569 4932 fratres
1595 4877 2043 4932 convenissemus

452 4968 520 5023 ad
549 4968 723 5023 sancti
746 4967 970 5037 apostoli
1003 4969 1142 5023 Petri
1172 4969 1449 5036 reliquias,
1482 4984 1577 5037 per
1615 4983 1772 5037 quem
1806 4976 1861 5023 et
1909 4982 2040 5037 apo-

455 5061 686 5116 stolatus
725 5069 781 5115 et
826 5060 1165 5130 episcopatus
1196 5059 1248 5114 in
1285 5057 1500 5115 Christo
1537 5060 1700 5128 cmpit
1743 5059 2042 5130 exordium,

455 5153 819 5224 placueritquc
847 5163 1064 5225 propter
1117 5162 1453 5223 emergentes
1501 5151 1763 5222 plurimas
1818 5166 2031 5218 causas,

523 5334 548 5361 ⁸
590 5327 939 5398 Desumptum
969 5340 1055 5384 est
1099 5331 1200 5385 hoc
1246 5330 1528 5385 εοιιοίιῑιιηι
1581 5344 1643 5384 ex
1686 5328 1885 5384 Codice
1914 5327 2027 5392 Al,

448 5411 571 5469 cum
602 5400 742 5453 desit
769 5400 819 5452 in
854 5402 918 5453 Δ.
948 5412 999 5469 et
1023 5402 1259 5469 reliquis.
1292 5401 1555 5455 Collatum
1586 5408 1668 5455 est
1714 5402 1873 5454 etiam
1905 5414 2028 5453 cum

451 5467 667 5534 optima:
699 5478 839 5540 nota:
862 5467 1058 5524 Codice
1077 5467 1179 5540 qui
1212 5472 1264 5523 in
1301 5472 1624 5527 Bibliotheca
1652 5470 1818 5540 Regia
1842 5484 2026 5524 asser-

450 5540 737 5609 vatursub
768 5539 869 5594 hoc
898 5540 1088 5609 titulo:
1144 5538 1409 5609 Opuscula
1452 5543 1621 5596 sancti
1652 5538 1874 5594 Martini
1924 5540 2032 5592 Du-

448 5606 686 5731 ziiensis;
712 5609 862 5679 cujus
887 5620 941 5665 et
966 5606 1234 5665 variantes
1258 5609 1514 5669 lectiones
1569 5610 1744 5667 littera
1778 5610 1843 5667 D.
1874 5621 2029 5666 ηοω-

487 5691 645 5731 unus.

487 5691 557 5729 ιιη
564 5691 645 5731 08.

2139 3423 2295 3482 petua
2328 3411 2625 3467 istiusmodi
2659 3412 2831 3467 forma
2868 3420 3115 3468 servetur
3168 3412 3375 3468 litteras
3427 3413 3556 3467 tales
3607 3411 3724 3468 dari

2139 3505 2355 3573 placuit,
2383 3520 2486 3559 non
2509 3519 2627 3574 quae
2659 3520 2796 3559 nova
2828 3504 3117 3574 praeferant
3158 3504 3284 3577 {D.,
3331 3503 3722 3576 prmseferant],

2137 3597 2231 3652 sed
2262 3598 2385 3666 quia
2408 3612 2527 3668 quae
2551 3597 2850 3668 aliquorum
2876 3598 3085 3670 ignavia
3121 3599 3360 3669 neglecta
3392 3606 3518 3653 sunt
3546 3598 3726 3652 obser-

2140 3687 2251 3741 vari
2296 3690 2613 3759 cup'amus,
2670 3704 2789 3758 qua:
2850 3700 3026 3744 tamen
3054 3690 3376 3763 "apostolica
3417 3699 3472 3744 et
3520 3697 3726 3759 patrum

2139 3779 2522 3833 constitutione
2577 3787 2703 3833 sunt
2754 3781 3065 3847 constituta,
3118 3782 3255 3835 sient
3296 3778 3551 3849 scriptum
3600 3789 3725 3833 est:

2141 3873 2307 3942 State,
2325 3882 2371 3925 et
2395 3880 2555 3928 tenete
2577 3873 2872 3928 traditiones
2894 3884 3117 3937 nostras,
3143 3866 3245 3927 sive
3265 3890 3353 3942 per
3374 3874 3605 3938 verbum,
3626 3873 3728 3926 sive

2142 3982 2229 4034 per
2266 3967 2556 4034 epistolam.
2598 3965 2731 4021 Illud
2780 3975 2925 4022 certe
2969 3978 3202 4021 vestram
3258 3967 3418 4021 debet
3468 3975 3725 4030 mentem,

2141 4059 2472 4114 di!ectissinti
2529 4059 2753 4125 fratres,
2800 4061 3168 4115 vehementius
3219 4061 3458 4115 excitare
3488 4101 3502 4123 ,
3558 4068 3615 4113 ut
3663 4058 3729 4111 ab

2140 4151 2285 4203 omni
2314 4150 2434 4205 labe
2455 4150 2635 4205 saeculi
2661 4150 2815 4206 istius
2840 4152 3107 4205 immunes
3157 4150 3223 4205 ad
3256 4150 3349 4205 Dei
3379 4157 3727 4216 conspectum

2141 4243 2423 4309 securique
2458 4243 2770 4308 veniamus;
2806 4257 2910 4297 non
2942 4245 3084 4298 enim
3107 4246 3306 4297 erimus
3349 4244 3614 4295 immunes
3638 4242 3727 4310 qui

2144 4332 2263 4405 [D.,
2296 4328 2442 4402 quia]
2490 4347 2787 4400 praesumus
2842 4332 3109 4401 plebibus,
3140 4349 3261 4388 cum
3306 4334 3562 4401 scriptum
3610 4332 3725 4386 sit:

2141 4426 2236 4480 Cui
2259 4425 2472 4478 multum
2503 4424 2746 4478 creditum
2779 4426 2955 4495 fuerit,
2982 4424 3097 4495 plus
3130 4429 3191 4478 ab
3219 4426 3395 4479 eodem
3424 4424 3725 4493 requiratur.

2146 4519 2286 4589 Ergo
2312 4517 2562 4587 quoniam
2595 4532 2697 4570 non
2733 4534 2827 4586 pro
2857 4518 3010 4571 nobis
3039 4528 3243 4571 tantum
3271 4518 3363 4571 sed
3400 4530 3499 4586 pro
3531 4516 3727 4584 pOpuio

2143 4610 2345 4664 credito
2376 4609 2674 4681 cogitamus
2703 4621 2957 4679 pra-stare
2978 4609 3259 4673 rationem,
3292 4609 3542 4680 populum
3568 4608 3729 4662 disci-

2145 4700 2281 4770 plina
2300 4700 2487 4753 dt-ifica
2519 4701 2771 4755 humilem
2797 4702 3011 4756 erudire
3061 4701 3345 4759 debemus.
3396 4700 3733 4753 Exstiterunt

2142 4792 2284 4846 enim
2329 4792 2588 4856 nonnulli,
2618 4792 2710 4860 qui
2752 4802 2948 4846 statuta
3004 4792 3267 4862 majorum
3318 4807 3423 4846 non
3482 4801 3731 4845 tenentes

2142 4887 2440 4938 castitatem
2472 4884 2726 4938 Ecclesia:
2757 4889 3171 4955 praesumptione
3200 4885 3499 4954 violarunt,
3531 4886 3728 4939 volun-

2145 4981 2303 5027 tatem
2338 4975 2515 5042 populi
2545 4984 2851 5042 sequentes,
2882 4976 2972 5031 Dei
2999 4976 3257 5045 judicium
3316 4991 3423 5031 non
3453 4979 3728 5031 timentes.

2144 5066 2281 5133 Ergo
2309 5083 2373 5118 ne
2406 5067 2521 5134 pari
2545 5080 2693 5121 more
2724 5067 2938 5122 silentio
2965 5070 3253 5123 connivere
3280 5078 3439 5138 atque
3470 5069 3733 5123 adbibere

2139 5170 2457 5210 consensum
2491 5155 2682 5211 talibus
2714 5156 3012 5224 vidcantur,
3071 5158 3213 5214 unde
3241 5158 3502 5229 gehennae
3541 5173 3733 5229 poenas

2207 5329 2235 5369 ι)
2277 5330 2339 5404 D.
2371 5332 2751 5402 proconsulibus
2781 5334 3161 5404 gloriosissimie
3212 5333 3451 5391 Honorio
3498 5342 3547 5389 et
3588 5332 3732 5389 Con-

2134 5403 2321 5456 stantio
2344 5405 2582 5457 secundo.

2209 5483 2231 5511 ο
2263 5475 2339 5528 Ex
2363 5475 2423 5528 D.
2451 5474 2505 5529 in
2534 5472 2620 5528 ΑΞ.
2639 5512 2653 5537 ,
2687 5472 2906 5529 Diversi.

2213 5543 2237 5582 ἀ
2273 5544 2362 5611 D.,
2390 5560 2483 5615 pro
2513 5545 2732 5617 alicujus
2754 5547 2998 5600 mobidte
3027 5547 3132 5602 ovis
3161 5546 3361 5618 afﬂatu.

3308 5805 3337 5812 ,ο-
