4060 6184
444 309 543 363 239

1138 302 1523 361 COLLEC'I'IO
1562 301 1891 359 CANONUM
1935 303 1990 359 S.
2038 301 2317 359 ISIDOlIO
2361 302 2627 359 IlISPAL.
2673 303 3032 361 ASCRIPTA.

3635 311 3750 369 240

476 427 562 480 Ill.
594 423 659 479 lit
684 425 769 495 qui
796 424 847 476 in
871 437 992 493 pace
1025 434 1169 474 arma
1198 417 1479 489 projit‘iunt
1505 418 2026 471 excommunicentur.
2064 421 2108 480 Α
2140 414 2289 470 Ιιεηςῑ
2320 423 2373 469 et
2430 415 2496 470 de
2545 414 2627 470 his
2683 430 2818 485 quos
2858 416 3244 473 ordinaverunt
3295 418 3428 475 ratio
3479 421 3749 483 subsistit.

515 522 588 575 De
620 519 701 573 his
730 517 819 586 qui
850 532 995 571 arma
1024 512 1307 582 projiciunt
1358 510 1408 564 in
1459 524 1611 579 pace,
1647 509 1840 577 placuit
1869 509 2034 565 absti-

443 616 555 670 neri
591 629 683 667 eos
713 627 741 664 a
766 610 1167 667 communione.

586 705 673 759 IV.
698 704 763 759 Ut
784 705 981 773 aur’grc
1002 702 1127 753 dum
1151 698 1343 768 agitant
1375 693 1893 749 excommunicentur.

522 799 596 853 Ile
626 794 967 866 agitatoribus
995 791 1080 859 qui
1114 789 1296 843 lideles
1325 796 1471 850 sunt,
1526 784 1721 852 placuit
1744 798 1837 838 θος
1866 796 2036 851 quan-

449 893 537 944 tliu
559 888 781 958 agitant,
803 900 836 938 a
862 881 1242 938 communione
1272 878 1527 950 separari.
1900 870 1915 877 ’

518 979 582 1033 ν.
612 979 679 1033 Ut
700 978 786 1049 qui
811 994 861 1031 tn
887 974 1101 1032 theatris
1124 973 1428 1026 conveniunt
1445 968 1963 1024 excommunicentur.

521 1072 597 1127 De
622 1070 917 1135 tlieazricis,
971 1077 1025 1121 et
1076 1067 1219 1133 ipsos
1269 1063 1468 1133 placuit
1521 1060 1756 1132 quandiu
1787 1070 1970 1130 agunt,
2012 1073 2041 1111 a

449 1165 828 1220 communione
857 1160 1116 1230 separari.

524 1259 607 1313 VI.
634 1258 696 1312 In
725 1251 1272 1333 inﬁrmitaterconversi
1311 1265 1489 1303 manus
1517 1244 1889 1316 impositioneut
1910 1241 2042 1295 acci-

1170 1332 1332 1393 piant.

524 1423 598 1475 De
641 1421 722 1475 his
749 1418 835 1488 qui
872 1419 923 1471 in
981 1414 1291 1469 inﬁrmitate
1341 1408 1562 1463 credere
1591 1406 1791 1468 volunt,
1840 1402 2037 1471 placuit

452 1514 649 1568 debere
676 1512 758 1567 his
780 1523 993 1565 manum
1018 1504 1245 1574 imponi.

523 1607 628 1660 VII.
661 1605 734 1658 De
782 1601 1081 1672 prtesitlibus
1108 1608 1299 1675 utcunt
1327 1592 1633 1646 conscien'ia
1686 1588 1916 1657 episcOpi
1965 1586 2047 1640 sui

1041 1673 1430 1722 communiunt.

526 1770 599 1823 De
631 1765 944 1838 praesidibus
981 1762 1068 1831 qui
1097 1760 1278 1814 ﬁdeles
1299 1757 1361 1812 ad
1394 1755 1730 1850 praesidatum
1766 1749 2048 1850 prosiliunt
2083 1790 2126 1850 Β

450 1865 520 1918 ita
553 1862 769 1932 placuit,
800 1866 858 1912 ut
886 1871 1004 1911 cum
1035 1852 1262 1923 promoti
1313 1850 1508 1904 fuerint
1553 1847 1757 1900 litteras
1786 1842 2048 1911 accipiant

453 1950 846 2009 ceclcsiasticas
873 1940 1399 2004 communicatorias,
1456 1939 1525 1991 iza
1558 1945 1733 1991 tamen
1765 1944 1822 1987 ut
1846 1931 1900 1986 in
1931 1932 2051 2002 quia

462 2052 771 2114 buscunquc
801 2043 934 2097 locis
963 2040 1248 2112 gesserint,
1271 2036 1340 2092 ab
1395 2033 1649 2103 episcopo
1676 2030 1917 2101 ejusdem
1950 2027 2052 2084 Ioci

456 2155 581 2196 cura
607 2138 708 2192 illis
737 2144 947 2205 agatur,
982 2140 1037 2184 ut
1065 2145 1184 2184 cum
1214 2127 1477 2196 cmperint
1502 2132 1687 2180 contra
1718 2120 2053 2188 disciplinam

456 2233 716 2303 publicam
741 2240 921 2299 agere,
961 2235 1069 2277 tum
1101 2222 1318 2276 demum
1363 2234 1391 2271 a
1450 2215 1825 2272 communione
1869 2210 2055 2266 eclu-

454 2328 643 2381 duntur
676 2341 689 2376 :
720 2321 961 2375 similiter
983 2328 1030 2371 et
1062 2315 1127 2370 de
1149 2314 1229 2369 his
1256 2312 1343 2382 qui
1369 2308 1746 2378 rempublicam
1784 2317 1942 2374 agere
1962 2316 2055 2355 vo-

495 2510 623 2564 \'lIi.
671 2508 818 2562 Utex
844 2508 1035 2557 htcrese
1072 2498 1296 2553 conrersi
1336 2497 1378 2550 si
1416 2497 1469 2549 in
1502 2493 1752 2547 Trinitate
1782 2487 2023 2557 baptizali

708 2584 846 2641 sunt,
891 2587 1069 2625 manus
1100 2568 1474 2637 impositionem
1509 2564 1785 2629 accipiant.

540 2696 617 2750 De
642 2693 851 2748 Arianis
879 2689 967 2761 qui
998 2685 1209 2759 propria
1260 2684 1375 2753 lege
1400 2697 1494 2738 sua
1544 2690 1763 2734 utuntur
1818 2687 1876 2732 ut
1903 2681 2059 2733 reba-

465 2788 751 2857 ptizentur,
783 2779 1037 2851 placuitsi
1066 2776 1130 2832 ad
1146 2774 1423 2831 ecclesiam
1456 2771 1616 2840 aliqui
1643 2770 1709 2825 de
1733 2768 1832 2824 hac
1854 2770 2061 2824 hmrese

459 2876 723 2939 venerint,
756 2875 1088 2941 interrogent
1144 2883 1237 2922 eos
1277 2865 1600 2938 symbo'um,
1626 2873 1685 2939 .et
1719 2863 1763 2919 si
1813 2862 2058 2931 pervide-

457 2972 563 3027 rint
602 2983 696 3025 eos
743 2966 797 3022 in
837 2964 993 3020 Patre
1020 2970 1073 3018 et
1097 2960 1231 3016 Filio
1259 2958 1390 3014 etin
1442 2956 1639 3026 Spiritu
1699 2963 1885 3010 sancto
1942 2968 2061 3009 csse

459 3062 775 3133 baptizatos,
808 3071 999 3113 manus
1035 3054 1113 3111 eis
1138 3060 1342 3107 tantum
1377 3052 1680 3119 imponatur
1715 3055 1771 3100 ut
1800 3048 2066 3115 accipiant

2142 520 2246 559 non
2278 505 2379 560 illis
2407 505 2631 561 obsistat
2662 506 2951 562 ordinatio.
2983 508 3242 577 Quoniam
3290 512 3441 565 multi
3498 523 3629 569 sunt
3658 522 3753 584 qui

2141 607 2329 653 contra
2384 597 2682 653 Ecclesiam
2738 616 3035 671 repugnare
3066 602 3317 658 videntur
3372 614 3426 659 et
3457 620 3552 674 per
3589 616 3759 666 testes

2143 688 2452 758 redemptos
2511 700 2694 758 putant
2749 707 2809 746 sc
2862 693 3207 749 excusatione
3262 695 3472 751 admitti
3525 699 3759 765 debere,

2145 783 2365 838 omnino
2385 799 2487 838 non
2514 785 2890 854 permittantur
2917 786 3039 853 nisi,
3069 795 3126 841 ut
3146 803 3304 857 supra
3331 789 3589 857 diximus,
3616 793 3757 849 actis

2146 876 2369 945 publicis
2398 878 2700 931 docuerint.

2145 969 2283 1022 XIV.
2344 967 2409 1023 Ut
2456 970 2576 1039 falsi
2614 980 2931 1053 accusatores
2969 976 3203 1053 fratrum
3246 989 3404 1044 usque
3440 974 3513 1029 ad
3562 975 3759 1031 exitum

2658 1052 3179 1097 excommunicentur.

2220 1130 2294 1185 De
2320 1132 2402 1185 his
2439 1132 2528 1201 qtti
2562 1130 2692 1187 falso
2722 1141 2981 1187 accusant
3022 1133 3212 1190 fratres
3251 1149 3399 1205 suos,
3434 1138 3633 1208 placuit
3660 1153 3760 1197 eos

2147 1224 2401 1294 usquead
2436 1222 2636 1279 exitum
2697 1238 2801 1279 non
2850 1226 3269 1294 communicare,
3299 1228 3393 1284 sed
3435 1229 3626 1287 falsum
3678 1242 3760 1288 te-

2146 1314 2449 1383 stemjuxta
2487 1315 2815 1384 Scripturam
2848 1315 3162 1384 impunitum
3192 1334 3298 1373 non
3331 1321 3489 1376 licere
3516 1337 3657 1378 esse.

2542 1406 2655 1460 XV.
2693 1405 2762 1462 Ut
2787 1408 2947 1462 levita:
2976 1424 3079 1464 non
3106 1408 3352 1476 oﬂ‘erant.

2222 1498 2296 1553 De
2318 1497 2652 1564 diaconibus,
2683 1514 2815 1569 quos
2849 1502 3200 1570 cognovimus
3238 1504 3419 1559 multis
3440 1504 3571 1561 locis
3597 1503 3763 1561 oder-

2152 1602 2233 1655 re,
2264 1589 2461 1657 placuit
2495 1589 2712 1643 minime
2741 1588 2858 1644 ﬁeri
2882 1592 3105 1647 debere.

2151 1679 2286 1736 XVI.
2322 1679 2395 1739 Ut
2424 1682 2719 1753 parnitentes
2756 1683 2843 1736 ubi
2871 1686 3158 1766 acceperint
3203 1686 3485 1743 orationem
3532 1689 3601 1745 ibi
3624 1705 3763 1744 corn-

2864 1768 3147 1811 ntuntcent.

2222 1844 2298 1898 De
2321 1843 2404 1897 his
2425 1844 2513 1914 qui
2539 1858 2633 1913 pro
2654 1843 2848 1900 delicto
2886 1860 2984 1901 suo
3010 1860 3040 1900 a
3089 1849 3466 1906 communione
3511 1865 3766 1923 separan-

2158 1945 2240 1991 tur
2254 1947 2277 1974 ⁸
2305 1938 2375 1991 ita
2391 1938 2609 2007 placuit,
2634 1945 2694 1992 ut
2714 1938 2765 1992 in
2779 1939 3181 2010 quibuscunque
3200 1941 3330 1996 locis
3355 1942 3765 2001 luorantcxclu-

2155 2026 2224 2096 si,
2266 2030 2453 2082 eodem
2485 2029 2601 2082 loco
2629 2029 3059 2084 communionem
3092 2041 3509 2101 consequantur.

2163 2141 2315 2213 197
2348 2140 2513 2197 ΧἫΙ·
2553 2140 2810 2195 Πιηιιιίυδ
2853 2143 3120 2209 ερὶσεοραε
3161 2143 3322 2199 alium
3360 2146 3618 2201 conculcet
3653 2148 3767 2217 epi-

2854 2229 3087 2282 scopum.

2233 2304 2301 2360 Ut
2329 2304 2508 2359 nullus
2532 2305 2818 2374 episcopus
2853 2306 3014 2359 alium
3045 2306 3359 2376 episcopum
3388 2308 3691 2366 conculcet.

2233 2396 2417 2451 XVIII.
2454 2395 2518 2450 Ut
2543 2397 2787 2450 diaconus
2825 2395 2955 2450 nihil
2984 2397 3092 2450 sine
3114 2397 3403 2468 presbytero
3430 2398 3613 2467 oﬁ'erat
3643 2398 3691 2452 ιι.

2232 2488 2306 2542 De
2336 2487 2645 2543 diacnnibus
2695 2487 2891 2542 urbicis
2928 2497 2985 2542 ut
3032 2503 3139 2543 non
3172 2497 3373 2544 tantum
3422 2492 3526 2546 sibi
3555 2506 3763 2561 priests-

2162 2592 2342 2645 tntnt,
2384 2579 2476 2633 sed
2513 2578 2770 2634 honorem
2818 2580 3147 2651 presbyteris
3203 2592 3520 2650 reservent,
3551 2592 3607 2639 ut
3651 2585 3771 2642 sine

2163 2673 2491 2730 c0nscientia
2520 2674 2754 2742 ipsorum
2790 2674 2917 2727 nihil
2951 2673 3058 2729 tale
3084 2673 3300 2729 iaciant.

2201 2765 2343 2820 XIX.
2371 2763 2441 2820 Ut
2464 2765 2733 2837 peregrino
2761 2765 2997 2837 episcopo
3029 2766 3170 2821 locus
3196 2767 3527 2836 sacrificandi
3554 2767 3727 2823 detur.

2241 2860 2313 2914 De
2344 2858 2637 2930 peregrinis
2663 2858 2930 2929 episcopis
2958 2859 3051 2929 qui
3081 2858 3135 2915 in
3166 2861 3356 2916 urbem
3388 2861 3567 2919 solent
3597 2862 3752 2917 veni-

2168 2965 2245 3017 re,
2281 2951 2480 3019 placuit
2509 2951 2611 3004 illis
2636 2950 2808 3005 locum
2831 2950 2946 3007 dari
2977 2960 3034 3006 ut
3056 2950 3307 3008 oﬁ'erant.

2170 3041 2285 3096 XX.
2315 3041 2382 3096 Ut
2403 3043 2508 3096 sine
2528 3043 2687 3097 tribus
2720 3043 2967 3115 episcopis
2997 3043 3170 3098 nullus
3193 3039 3767 3114 episcopus'ordinetstr.

458 3154 715 3222 Spiritum
771 3156 1015 3205 sanctum
1053 3163 1066 3213 ;
1100 3142 1241 3216 quod
1265 3143 1307 3198 si
1341 3140 1650 3209 interrogati
1685 3154 1787 3193 non
1841 3154 2061 3209 respon-
2092 3143 2135 3205 ί]
2242 3136 2316 3191 De
2348 3135 2428 3189 his
2474 3136 2563 3205 qui
2610 3144 2874 3204 usurpant
2918 3134 3019 3191 sibi
3073 3135 3173 3192 soli
3212 3137 3410 3194 debere
3460 3139 3769 3209 episcopum

460 3244 637 3300 derint
666 3242 803 3295 hanc
841 3238 1179 3302 Trinitatem,
1213 3232 1565 3305 baptizentur.

460 3358 551 3414 IX.
588 3357 654 3414 Ut
680 3358 768 3429 qui
796 3356 1143 3427 confessorum
1164 3351 1359 3406 litteras
1389 3356 1592 3421 portant
1620 3348 1752 3402 alias
1790 3348 2059 3417 recipiant.

468 3516 481 3529 .
530 3472 605 3528 De
624 3471 705 3526 his
725 3469 844 3540 quis
869 3466 1237 3523 confessorum
1267 3464 1474 3518 litteras
1491 3462 1739 3524 alierum,
1762 3460 1956 3529 placuit
1984 3467 2057 3524 ut,

462 3562 685 3617 sublatis
711 3560 788 3613 eis
818 3558 1032 3624 litteris,
1061 3556 1197 3610 alias
1236 3554 1503 3624 accipiant
1536 3551 2056 3607 communicatorias.

468 3671 703 3743 196x.
728 3670 793 3724 Ut
804 3670 848 3722 si
864 3670 1010 3739 cujus
1023 3681 1153 3721 uxor
1165 3666 1529 3720 adulteraverit
1538 3663 1693 3718 aliam
1709 3680 1808 3717 non
1820 3662 2056 3733 accipiat.

533 3781 609 3835 De
634 3779 715 3833 his
731 3777 821 3848 qui
841 3777 1097 3847 conjuges
1123 3788 1248 3830 suas
1272 3773 1323 3829 in
1346 3774 1605 3830 adulterio
1626 3774 2056 3844 deprehendunt,

463 3885 512 3933 et
544 3877 683 3932 idem
713 3883 838 3930 sunt
875 3874 1241 3929 adolescentes
1282 3870 1467 3927 ﬁdeles
1494 3878 1549 3926 et
1583 3869 1931 3941 prohibentur
1964 3885 2063 3924 nu-

464 3971 608 4037 bere,
637 3970 836 4039 placuit
886 3976 1139 4039 quantum
1173 3965 1339 4035 possit
1367 3964 1648 4020 consilium
1680 3963 1757 4019 eis
1794 3963 1966 4029 detur,
1996 3978 2061 4018 ne

463 4063 760 4119 viventibus
784 4062 944 4118 etiam
971 4060 1224 4115 uxoribus
1260 4057 1393 4125 suis,
1416 4057 1548 4145 licet
1568 4057 1822 4112 adultera:
1845 4058 1973 4118 sint,
2005 4066 2061 4110 ut

462 4170 566 4211 non
597 4155 730 4210 alias
761 4154 1045 4223 accipiant.

495 4247 587 4304 XI.
634 4249 703 4305 Ut
752 4247 960 4317 {carinae
1006 4243 1183 4310 fideles
1226 4241 1656 4323 quwﬁentilibus
1685 4256 1736 4293 se
1758 4242 2026 4311 junxerint

1044 4323 1562 4368 excomnmutcentur.

536 4415 610 4470 De
639 4410 832 4481 puellis
860 4406 1103 4463 ﬁdelibus
1131 4417 1249 4475 quae
1279 4403 1578 4459 Gentilibus
1607 4401 1925 4473 junguntur,
1949 4405 2060 4474 pla-

2164 3225 2453 3291 Ordinare,
2486 3226 2686 3294 placuit
2728 3235 2786 3281 ut
2813 3227 2990 3282 nullus
3030 3226 3133 3282 hoc
3185 3229 3286 3283 sibi
3327 3237 3631 3299 praesumat,
3663 3229 3769 3285 nisi

2164 3317 2451 3386 assumptis
2481 3316 2583 3371 sibi
2616 3317 2736 3373 aliis
2767 3328 2973 3387 septem
3020 3316 3319 3389 episcopis;
3371 3320 3415 3375 si
3451 3331 3627 3375 tamen
3657 3333 3767 3374 non

2166 3412 2368 3479 poterit
2396 3419 2603 3479 septem
2625 3450 2640 3477 ,
2674 3409 2812 3465 infra
2843 3422 2951 3467 tres
2975 3425 3081 3464 non
3105 3412 3302 3466 audeat
3322 3411 3593 3467 ordinare.

2238 3498 2379 3552 XXI.
2408 3498 2475 3554 Ut
2494 3500 2711 3554 clericus
2747 3500 2870 3553 alibi
2900 3499 3153 3554 transiens
3180 3502 3666 3555 excommunicetur.

2237 3594 2309 3647 De
2340 3592 2667 3664 presbyteris
2689 3600 2780 3646 aut
2806 3591 3125 3648 diaconibus
3152 3593 3245 3663 qui
3276 3594 3453 3649 Solent
3490 3594 3768 3651 dimittere

2166 3690 2281 3745 loca
2311 3706 2406 3745 sua
2444 3690 2497 3744 in
2527 3689 2719 3760 quibus
2747 3689 2978 3745 ordinati
3006 3699 3134 3746 sunt
3154 3699 3208 3746 et
3227 3690 3291 3745 ad
3315 3690 3417 3744 alia
3442 3690 3555 3746 loca
3588 3701 3765 3745 trans-

2168 3783 2401 3839 tulerunt
2433 3799 2512 3847 se,
2547 3782 2741 3852 placuit
2766 3790 2822 3837 ut
2846 3781 2928 3837 his
2951 3782 3083 3838 locis
3111 3782 3417 3837 ministrent
3447 3792 3503 3836 ut
3537 3781 3606 3848 si,
3643 3782 3769 3838 reli-

2165 3881 2264 3932 ctis
2284 3877 2413 3931 locis
2435 3876 2569 3944 suis,
2591 3875 2659 3929 ad
2686 3874 2853 3929 alium
2886 3875 3060 3930 locum
3091 3888 3149 3930 se
3180 3872 3471 3930 transferre
3501 3874 3769 3930 voluerint

2170 3974 2526 4043 deponantur.

2165 4066 2329 4120 XXII.
2358 4064 2426 4120 Ut
2455 4073 2704 4136 apostatw
2727 4064 2811 4147 qui
2841 4063 3042 4147 tardius
3080 4070 3396 4147 revertuntur
3423 4063 3521 4117 nisi
3563 4079 3657 4135 per
3684 4063 3769 4118 di.

2447 4152 2599 4207 gnam
2614 4143 2959 4204 paenitentiam
2985 4150 3087 4187 non
3118 4143 3449 4203 recipiantur.

2237 4230 2311 4286 De
2333 4229 2414 4286 bis
2440 4230 2527 4300 qui
2575 4237 2881 4298 apostatant
2905 4236 2958 4283 et
2980 4241 3254 4296 nunquam
3285 4241 3344 4281 se
3371 4225 3439 4280 ad
3467 4225 3765 4282 ecclesiam

2165 4329 2569 4393 repraesentant,
2586 4336 2684 4376 nec
2701 4319 2916 4391 quidem
2934 4319 3302 4389 paenitentiam
3325 4334 3481 4388 agere
3494 4328 3768 4387 quaerunt,

2165 4426 2219 4470 et
2266 4422 2451 4485 postea
2498 4414 2806 4468 inﬁrmitate
2831 4412 3032 4481 arrepti
3079 4419 3268 4482 petunt
3294 4410 3759 4478 communionem,

462 4508 573 4565 cuit
604 4515 658 4560 ut
683 4504 954 4573 aliquanto
1000 4506 1238 4566 tempore
1260 4511 1289 4550 ³
1320 4495 1694 4551 conminuit)"e
1720 4506 2055 4565 separe-"UL
2097 4508 2142 4565 D
2170 4507 2366 4575 placuit
2392 4505 2473 4561 eis
2504 4520 2610 4560 non
2640 4505 2870 4559 dandam
2903 4504 3338 4560 communionem
3377 4503 3478 4558 nisi
3510 4504 3765 4559 revalue-

606 4618 721 4673 XII.
759 4615 825 4671 Ut
858 4612 1028 4667 clerici
1062 4613 1375 4681 feneratores
1398 4608 1916 4663 excommuniceutur.

542 4711 618 4765 De
650 4709 909 4763 ministris
951 4706 1041 4774 qui
1090 4701 1353 4767 lauerant,
1397 4701 1596 4771 placuit
1626 4715 1721 4755 eos
1772 4700 1918 4770 juxta
1952 4700 2056 4753 την.

466 4816 606 4858 mam
628 4799 879 4854 divinitus
910 4797 1086 4850 datam
1117 4811 1145 4847 a
1178 4791 1556 4849 communione
1601 4792 1879 4846 abstineri.

466 4913 605 4971 XIII.
641 4910 708 4966 Ut
728 4910 1012 4981 proditores
1043 4905 1282 4975 fratrum,
1299 4904 1643 4981 uelpasorum
1667 4917 1949 4966 sacrarunt,
1973 4918 2060 4955 seu

644 4975 1054 5050 Scripturarum,
1081 4992 1193 5028 cum
1213 4975 1498 5029 verberibus
1520 4975 1864 5043 deponantur.

536 5078 612 5134 De
658 5073 741 5129 his
789 5071 878 5142 qui
929 5068 1228 5137 Scripturas
1257 5073 1281 5098 ⁸
1334 5064 1617 5118 tradidisse
1666 5063 1932 5124 dicuntur,
1980 5063 2059 5117 vel

466 5187 589 5227 vasa
618 5166 903 5233 dominica,
938 5161 1019 5218 vel
1069 5159 1279 5214 nomina
1312 5158 1532 5211 fratrum
1565 5171 1808 5218 suorum,
1867 5155 2062 5224 placuit

467 5265 623 5319 nobis
651 5271 706 5317 ut
751 5259 1053 5328 quicunque
1102 5270 1285 5310 eorum
1332 5251 1385 5306 in
1441 5250 1575 5305 actis
1626 5249 1854 5319 publ'cis
1906 5249 2062 5303 fuerit

467 5358 730 5421 detectus,
764 5366 867 5406 non
918 5348 1093 5403 verbis
1120 5346 1297 5412 nudis,
1328 5344 1392 5399 ab
1422 5341 1611 5397 ordine
1661 5341 1787 5394 cleri
1818 5354 2059 5394 amores-

471 5458 591 5501 tur:
641 5460 763 5501 nam
793 5444 834 5497 si
887 5442 1025 5495 idem
1071 5439 1277 5508 aliquos
1319 5436 1597 5492 ordinasse
1647 5432 1841 5488 fuerint
1873 5434 2060 5501 deprc-

546 5613 570 5640 ⁸
604 5602 717 5669 18.,
743 5600 803 5653 Β.
833 5599 922 5663 8.,
956 5596 1021 5660 E,
1043 5597 1099 5669 ζ),
1133 5593 1194 5646 τ.
1225 5594 1276 5658 Ι,
1303 5591 1357 5657 9.,
1393 5592 1483 5659 υ..
1507 5592 1806 5660 Scripturas
1833 5596 2053 5643 sanctas.

544 5673 573 5709 δ
609 5672 671 5725 Τ.
706 5666 731 5734 ’,
761 5669 907 5733 «μυ.
946 5672 995 5733 1,
1032 5666 1120 5728 Ο..
1150 5673 1290 5732 agat.

548 5756 567 5781 ε
623 5728 734 5796 Sub
761 5728 965 5793 initium
984 5728 1320 5790 Arelatensis
1373 5731 1592 5786 secundi
1632 5731 1973 5784 inveniuntur
2007 5728 2057 5781 in

474 5813 723 5869 omnibus
768 5809 1053 5863 Ωυςιὶιειὺυε
1102 5808 1313 5861 nomine
1368 5801 1741 5870 episcoporum
1784 5803 1873 5867 qui
1933 5799 2059 5856 huic

2166 4601 2268 4654 rint
2301 4598 2421 4670 [U.,
2467 4596 2561 4665 G.,
2594 4595 2995 4670 praevaltierint“
3016 4608 3068 4654 et
3095 4597 3305 4670 egerint
3332 4597 3523 4666 dignos
3554 4598 3765 4652 [ructus

2165 4691 2510 4764 paenitentia.

2237 4787 2309 4840 Ex
2331 4787 2509 4842 Sicilia
2526 4795 2547 4823 ο
2578 4786 3037 4855 Syracusanorum
3060 4780 3245 4837 Sixtus
3262 4781 3546 4851 episcopus
3568 4780 3766 4836 etFlo-

2166 4878 2631 4941 rnsdiaconm;ex
2653 4875 2922 4945 provincia
2935 4873 3242 4944 Campaniae
3254 4872 3483 4927 civitatis
3511 4870 3763 4928 Protinus

2164 4969 2449 5038 cpiscopus
2466 4975 2520 5029 et
2538 4966 2775 5034 Agrippa
2788 4965 3075 5035 Tutilaque
3089 4965 3347 5018 diaconos
3365 4979 3378 5015 :
3395 4977 3460 5017 ex
3483 4962 3762 5033 provincia

2165 5061 2371 5130 Apulize
2404 5059 2603 5113 Pardus
2645 5058 2932 5128 episcopus
2980 5067 3030 5111 et
3071 5053 3338 5111 Crescens
3362 5054 3649 5121 diaconus;
3694 5069 3761 5110 ex

2165 5155 2437 5227 provincia
2464 5153 2748 5208 Dalmacim
2766 5150 3083 5206 Theodorus
3113 5148 3398 5218 episcopus
3430 5156 3485 5204 et
3510 5145 3762 5218 Agathon

2164 5248 2457 5303 diaconus:
2490 5261 2552 5299 ex
2581 5243 2715 5299 urbe
2758 5243 2927 5299 Roma
2983 5255 3118 5311 quos
3158 5240 3432 5312 Sylvester
3460 5240 3767 5309 episcopos

2170 5340 2330 5411 193
2360 5338 2503 5392 misit
2522 5336 2844 5391 Claudianus
2865 5342 2921 5390 et
2951 5332 3136 5388 Avitus
3177 5331 3545 5402 presbyteres,
3576 5330 3765 5398 Euge-

2167 5429 2621 5500 niusetCyrisrus
2641 5427 2891 5482 diaconos
2925 5444 2937 5480 :
2962 5441 3030 5483 ex
3060 5420 3331 5496 provincia
3357 5419 3762 5477 ItalizeOrosins

2164 5586 2459 5639 Arelatensi
2487 5583 2670 5653 prima:
2696 5581 2901 5654 synodo
2930 5577 3317 5654 interfuerunt;
3343 5574 3397 5630 in
3429 5572 3572 5626 hunc
3594 5568 3767 5654 igitur

2164 5658 2337 5710 locum
2364 5650 2634 5709 transferri
2658 5650 2855 5709 debere
2872 5694 2887 5718 ,
2914 5663 2967 5707 et
2995 5651 3373 5720 episcoporum
3422 5655 3681 5698 numerus
3705 5650 3765 5694 et

2163 5730 2435 5808 sequentis
2464 5728 2673 5783 Cttllt'llli
2700 5742 2870 5782 canon
2902 5723 3138 5781 decimus
3165 5728 3388 5775 octavus
3412 5721 3597 5787 aperte
3621 5721 3766 5766 cou-

2166 5808 2400 5853 γιιιςυιιι.
