4060 6184
188 320 290 376 ευ

1165 310 1448 367 ϐΛῙᾸιΙΑΞ
1490 309 1829 367 CONCILIA.
1874 341 1942 351 -—
1981 312 2438 369 AilEL.\'!'E.\'SE
2481 313 2545 369 II.

3384 319 3490 374 ΞΒ

190 437 523 504 episcopus,
595 428 869 484 Nazareus
928 426 1097 482 lector
1134 442 1150 481 :
1196 441 1259 482 ex
1307 426 1580 497 provincia
1632 426 1793 481 Vien-
1824 436 1871 494 Α
1900 442 1965 480 cx
2016 428 2230 483 civitate
2263 429 2695 501 Lugdunensium
2728 427 3027 484 Restitutus
3072 428 3355 498 episcopus
3387 446 3495 485 τρι

192 527 442 583 nensium
489 518 724 576 civitatis
757 518 991 573 Arelata:
1037 517 1271 573 Marinus
1296 518 1613 588 episcopus,
1644 519 1799 574 Sala-

192 633 312 675 mas
357 614 662 686 presbyter,
716 610 975 678 Nicatius,
1028 609 1178 674 Afer,
1235 608 1459 665 Ursinus
1513 618 1569 665 et
1613 610 1801 665 Petrus

192 711 459 766 discernes
509 722 526 762 :
582 719 645 760 ex
695 701 970 773 provincia
1015 715 1118 770 qua
1190 715 1351 769 supra
1418 700 1800 755 Viennensium

196 798 373 854 Verus
425 795 713 866 cpiscOpus
746 833 761 859 ,
825 790 1015 846 Beclas
1074 791 1343 845 exorcista
1394 808 1408 843 :
1467 806 1530 844 ex
1588 791 1803 845 civitate

196 888 431 945 Vasione
486 886 717 940 Damnas
768 882 1051 951 episcopus
1108 888 1161 934 ct
1220 878 1401 933 Victor
1458 881 1722 934 exorcista
1788 898 1797 932 :

198 995 266 1035 ex
283 981 496 1036 civitate
512 975 890 1032 Arausicorum
924 970 1207 1043 Laustiuous
1227 969 1538 1041 presbyter:
1556 984 1618 1025 ex
1646 970 1801 1025 Porta

200 1070 547 1128 Innocentius
574 1068 860 1135 diaconus,
893 1066 1126 1135 Agapius
1146 1066 1415 1121 exorcista
1449 1082 1462 1118 :
1490 1080 1553 1120 ex
1587 1064 1803 1135 provin-

200 1164 286 1218 cia
318 1162 502 1217 Gallia:
526 1158 759 1215 civitatis
791 1158 1123 1215 themorum
1155 1157 1551 1214 ltnbethausius
1584 1157 1673 1230 [Β.
1710 1158 1800 1224 IL,

203 1248 877 1322 Betbausius1episcopus,
913 1247 1273 1319 Primigenius
1304 1248 1562 1303 diaconus
1592 1264 1606 1300 :
1634 1262 1695 1301 ex
1726 1249 1803 1301 ci-

202 1349 369 1405 vitate
387 1345 899 1417 Rotbomagensium
930 1344 1225 1399 Avidianus
1249 1346 1554 1413 episc0pus,
1572 1343 1805 1398 Nicetius

205 1442 505 1497 diaconus:
545 1455 611 1494 es
645 1437 860 1492 civitate
884 1436 1253 1505 Augustoduui
1289 1436 1468 1491 Petius
1499 1435 1804 1506 episcopus,

208 1532 484 1587 Amandus
518 1528 822 1599 presbyter,
855 1526 1207 1582 Philomatius
1247 1527 1552 1582 diaconus:
1579 1540 1645 1581 ex
1673 1525 1803 1579 civi-

213 1630 321 1675 tate
351 1619 605 1675 Leudona
639 1617 828 1672 Votius
850 1628 876 1654 ⁸
904 1617 1211 1685 episcopus,
1238 1616 1477 1671 Pctulius
1500 1615 1763 1671 exorcista
1788 1632 1803 1670 :

210 1726 277 1767 ex
315 1711 537 1766 civitate
576 1709 867 1777 Agrippina
910 1706 1179 1761 Maternus
1220 1706 1522 1775 episcOpus,
1577 1705 1807 1759 Marinus

1903 521 2115 573 civitate
2138 521 2324 575 C'unia
2359 520 2630 591 Adelphus
2648 521 2955 589 episcopus,
2988 519 3147 575 Sotcr
3177 519 3491 589 presbyter:

1902 627 1967 667 ev
2004 614 2213 668 civitate
2249 613 2575 669 Rbcmorutn
2627 613 2871 669 Liberius
2911 613 3192 681 episcopus
3220 656 3233 678 ,
3271 611 3496 665 Floren-

1905 709 2007 760 tius
2029 708 2287 761 diaconus
2322 725 2333 759 :
2365 720 2431 761 ex
2463 706 2675 761 civitate
2706 706 2901 760 Bmtica
2931 703 3161 759 Sabinus
3177 704 3455 774 presbyter
3482 722 3495 757 :

1903 814 1965 851 ex
1993 798 2208 853 civitate
2233 799 2599 854 Ursulentium
2630 798 2833 852 Natalis
2868 797 3173 867 presbyter,
3212 795 3499 865 Cytltcritts

1904 890 2160 946 diaconus
2192 906 2206 945 :
2231 907 2292 947 es
2320 892 2533 945 civitate
2560 889 2862 944 Tarracona
2893 887 3171 943 Probatius
3196 887 3498 956 presbyter,

1903 980 2180 1037 Castorius
2210 982 2466 1037 diaconus
2501 1000 2511 1034 :
2548 998 2613 1036 ex
2662 980 2879 1035 civitate
2930 978 3322 1047 Cesaraugusta
3374 977 3498 1032 Cle-

1907 1075 2137 1129 meu'ius
2193 1076 2494 1143 presbyter,
2531 1072 2757 1125 Ruﬁnus
2796 1070 3064 1125 exorcista
3118 1085 3233 1125 :ex
3281 1068 3499 1124 civitate

1909 1165 2289 1235 Bastigentium
2315 1163 2625 1220 Territat-ius
2654 1162 2954 1233 presbyter,
2985 1160 3167 1215 Victor
3197 1161 3367 1215 lector
3393 1178 3407 1212 :
3433 1175 3499 1215 ex

1909 1258 2181 1326 provincia
2202 1258 2529 1311 illattritanite
2551 1254 2898 1311 Ctesar'ensis
2944 1253 3261 1308 Fortunatus
3291 1255 3499 1323 episco-

1908 1364 2024 1417 pus,
2045 1348 2327 1403 Deutcrius
2351 1348 2609 1403 diaconus
2629 1367 2639 1399 :
2658 1362 2725 1401 ex
2743 1345 3010 1413 provincia
3043 1343 3305 1399 Sardinia:
3334 1344 3497 1411 Quin-

1908 1447 1987 1491 ius
2012 1436 2097 1510 [Τ.
2124 1440 2181 1506 ‘3,
2206 1439 2513 1509 Quintinusj
2531 1438 2837 1506 epi~copus,
2863 1435 3157 1490 Aumonius
3180 1434 3458 1505 presbyter
3483 1452 3497 1489 :

1906 1544 1969 1583 ex
1993 1529 2261 1597 provincia
2294 1528 2491 1584 Africa)
2527 1527 2844 1582 Creeilianus
2865 1524 3503 1597 cpiscopus,Sperantius

1908 1620 2281 1675 diaconusmx
2298 1622 2514 1676 civitate
2529 1622 2700 1677 Ouina
2720 1619 3040 1689 Lampadius
3070 1622 3354 1689 episcopus
3388 1637 3401 1671 :
3431 1634 3501 1675 ex

1908 1710 2119 1765 civitate
2136 1710 2280 1765 Utica
2300 1710 2481 1766 Victor
2498 1712 2779 1781 episcOpus
2798 1729 2811 1766 :
2832 1728 2897 1768 ex
2913 1709 3131 1766 civitate
3144 1710 3505 1767 Beueventina

210 1802 471 1859 diaconus
503 1820 518 1857 :
546 1817 611 1856 ex
638 1800 911 1871 provincia
940 1800 1255 1869 Aquitanica
1285 1800 1515 1854 civitatis
1550 1799 1798 1869 Vagalum
1831 1792 1879 1853 Β
1911 1802 2223 1857 Anastasius
2248 1804 2527 1872 episc0pus
2554 1822 2565 1858 :
2592 1820 2656 1860 ex
2686 1804 2898 1859 civitate
2923 1803 3257 1859 Turbustana
3278 1802 3507 1857 Faustus

214 1893 450 1952 Geaialis
490 1895 775 1966 cpiscopus
809 1912 820 1946 :
851 1910 915 1949 ex
937 1894 1154 1949 civitate
1187 1893 1478 1964 Burdegala
1519 1893 1806 1949 Orientalis

212 1988 521 2059 episcopus,
555 1985 769 2041 Flavius
799 1986 1054 2040 diaconus
1080 2003 1092 2039 :
1124 2000 1191 2040 ex
1214 1985 1433 2040 civitate
1464 1983 1805 2039 Trevirorum

213 2079 335 2155 [U.,
367 2075 751 2148 Treverorum]
787 2077 1028 2147 Agricius
1076 2076 1385 2145 episcopus,
1417 2074 1567 2130 Felix
1598 2076 1807 2129 exorci-

212 2180 295 2229 sta
329 2185 432 2226 εει
453 2169 669 2225 civitate
699 2168 894 2223 'I'olosa
914 2166 1172 2222 Martinus
1202 2168 1507 2235 episcopus,
1549 2163 1807 2220 Leoncius

211 2262 472 2319 diaconus
494 2279 511 2317 :
533 2276 601 2318 ex
631 2260 899 2330 provincia
917 2259 1201 2313 Britanniae
1225 2258 1459 2323 Eburius
1482 2256 1699 2325 episcop
1726 2270 1765 2309 -s
1793 2276 1804 2308 :

286 2386 316 2416 ⁸
347 2377 467 2444 Δὶ,
494 2375 701 2432 Notius.
731 2374 861 2442 83.,
895 2374 983 2439 U.,
1018 2373 1107 2440 G.,
1136 2372 1409 2428 Nuvotius.

1913 1898 2196 1965 ep'scopus
2214 1912 2229 1951 :
2250 1913 2313 1951 ex
2328 1897 2542 1953 civitate
2560 1898 2846 1952 Cocofeltis
2861 1896 3175 1965 Surgentius
3191 1894 3502 1965 episc0pus:

1916 2002 1982 2042 ex
2012 1989 2279 2055 provincia
2309 1989 2570 2045 Numidiae
2592 1990 2768 2044 Victor
2784 1990 3090 2057 episcOpus;
3105 2003 3169 2042 ex
3188 1984 3403 2041 civitate
3421 1986 3507 2046 Vi-

1916 2080 2149 2133 reusium
2171 2079 2355 2135 Vitalis
2373 2081 2655 2151 episcopus
2680 2098 2696 2135 :
2722 2095 2785 2135 cx
2812 2089 2965 2147 porto
2992 2079 3135 2132 urbis
3162 2076 3345 2130 Romae
3374 2076 3507 2130 Gre-

1916 2172 2096 2239 gorius
2108 2172 2390 2243 episcopus
2410 2189 2501 2228 :ex
2515 2170 2892 2228 Centutncellis
2908 2169 3178 2238 Epictetus
3191 2170 3472 2236 episcopus
3490 2183 3523 2229 εν

1918 2274 1980 2313 ex
2011 2260 2226 2317 civitate
2253 2264 2483 2319 Ostiensi
2506 2264 2760 2320 Leontius
2777 2272 2829 2318 et
2856 2260 3118 2317 Macarius
3148 2260 3508 2329 presbyteres.

223 2473 3508 2527 ΨΜ

1747 2603 1978 2675 XXII

732 2776 1405 2862 CONCILIUM
1482 2768 2099 2856 ARELATEN
2114 2767 2245 2849 SE
2320 2762 3025 2848 SECUNDUM.

395 2942 553 3016 199
580 2940 619 2995 I.
654 2938 731 2995 De
750 2939 1015 3010 neapltytis
1044 2938 1216 2993 clerici
1245 2953 1308 2990 ne
1338 2934 1662 2989 ordinentur.

219 3032 475 3092 Ordinari
497 3032 561 3087 ad
584 3030 898 3087 diaconatus
922 3043 984 3082 ac
1012 3024 1298 3083 sacerdotii
1324 3023 1562 3079 ofﬁcium
1586 3022 1825 3092 ncepliy-

225 3136 345 3182 tum
378 3140 487 3181 non
513 3124 729 3180 debere.

265 3220 332 3278 II.
359 3219 595 3287 Qualiter
631 3214 896 3286 conjugati
925 3212 993 3266 ad
1034 3210 1375 3267 sacerdotium
1406 3216 1787 3278 promovantur.

303 3307 521 3365 Assumi
549 3306 779 3375 aliquem
805 3304 871 3359 ad
905 3300 1264 3358 sacerdotium
1294 3314 1399 3354 non
1426 3312 1585 3367 posse
1608 3299 1663 3352 in
1694 3310 1822 3351 con-

222 3401 367 3476 iugii
398 3399 617 3455 vinculo
639 3396 988 3455 constitutum
1008 3436 1024 3462 ,
1073 3392 1178 3447 nisi
1209 3391 1368 3448 luerit
1394 3388 1666 3461 praemissa
1699 3401 1827 3443 con-

228 3491 444 3549 versio.

228 3584 320 3647 III.
357 3582 431 3642 Ut
474 3582 643 3637 nullus
673 3581 885 3635 clericus
936 3585 1025 3631 aut
1055 3579 1298 3631 diaconus
1322 3574 1374 3627 in
1396 3572 1583 3625 solatio
1614 3584 1706 3625 suo
1736 3583 1827 3622 ea:-

658 3662 890 3705 traneam
918 3650 1099 3703 habent
1132 3647 1416 3699 mulierem.

306 3747 366 3803 Si
388 3745 513 3816 quis
540 3744 770 3800 clericus
799 3758 828 3797 a
872 3742 1040 3813 gradu
1091 3740 1404 3795 diaconatus
1431 3737 1483 3789 in
1515 3733 1707 3790 solatio
1735 3746 1831 3786 suo

236 3840 523 3894 mulierem
557 3846 754 3907 praeter
792 3834 990 3899 aviam,
1020 3840 1246 3888 matrem
1278 3872 1293 3897 ,
1331 3841 1569 3883 sororem
1599 3869 1613 3893 ,
1644 3824 1828 3889 tiliam,

235 3938 456 4000 neptem
484 3928 573 3983 vel
605 3939 918 3983 conversam
961 3938 1143 3980 secum
1186 3933 1431 3983 uxorem,
1466 3917 1663 3972 habere
1695 3929 1833 3983 pra:-

235 4021 553 4091 sutnpserit,
575 4034 605 4072 a
631 4016 1007 4075 communione
1032 4016 1238 4069 alienus
1260 4011 1520 4067 habeatur
1544 4028 1556 4065 :
1589 4023 1683 4077 par
1705 4021 1837 4077 quo-

234 4127 345 4185 que
363 4119 420 4168 et
441 4110 743 4175 mulierem,
771 4108 814 4164 si
845 4122 904 4164 se
927 4119 1177 4177 separare
1216 4102 1470 4167 noluerit,
1521 4112 1675 4168 pcena
1708 4112 1829 4167 per-

235 4200 423 4257 cellat.

236 4292 332 4350 IV.
356 4291 425 4349 Ut
446 4292 618 4347 nullus
644 4290 858 4346 clericus
888 4290 940 4343 in
969 4286 1177 4343 cellario
1206 4287 1283 4340 vei
1308 4291 1501 4340 secreto
1528 4280 1833 4336 intromittat
1861 4299 1912 4357 υ

952 4359 1162 4412 uellant.

1038 4376 1051 4411 ι
1094 4376 1162 4410 ηε.

314 4456 501 4513 Nullus
539 4454 820 4517 diaconus,
848 4376 1264 4519 velplpie‘s'byter,
1296 4444 1381 4500 vel
1432 4444 1718 4512 episcopus
1768 4437 1836 4493 ad

232 4546 444 4605 cellarii
486 4554 760 4603 secretum
792 4541 1108 4598 intromittat
1143 4538 1393 4607 puellam,
1416 4534 1499 4591 vel
1530 4535 1835 4604 ingenuam,

233 4643 330 4700 vel
352 4641 628 4698 ancillam.

235 4736 308 4791 ν.
346 4734 415 4791 Ut
440 4733 836 4803 episcowscstm
857 4727 1147 4803 ordinatur,
1181 4741 1294 4778 cum
1323 4736 1567 4803 consensu
1584 4725 1838 4785 metropo-

566 4790 719 4856 tz'iaui
754 4811 851 4855 tres
875 4814 989 4853 eum
1018 4795 1250 4851 ordinent
1279 4790 1521 4861 episc0pi.

314 4896 390 4954 Ut
414 4896 725 4967 episcopum
749 4893 864 4947 sine
904 4888 1338 4959 metrOpolitano,
1368 4884 1453 4941 vel
1476 4879 1699 4954 epistola
1732 4894 1841 4935 me-

230 4989 586 5059 tropolitani,
609 4986 695 5041 vel
736 4984 904 5040 tribus
948 4979 1488 5051 comprovincialibus
1540 4989 1645 5029 non
1688 4971 1843 5027 liceat

224 5080 513 5148 ordinari,
542 5079 615 5133 ita
662 5086 722 5132 ut
743 5077 831 5132 alii
862 5073 1345 5145 comprovinciales
1387 5070 1632 5142 epistolis
1662 5070 1841 5124 admo-

224 5182 506 5237 neamur,
528 5181 587 5225 ut
616 5183 676 5225 se
697 5183 795 5225 suo
834 5182 1096 5237 responso
1118 5166 1464 5221 consensisse
1501 5161 1804 5232 signiﬁcent
1829 5176 1841 5223 ;

220 5264 391 5338 quod
422 5262 465 5317 si
500 5263 642 5317 inter
662 5268 843 5331 partes
864 5258 1042 5329 aliqua
1070 5266 1189 5312 nata
1220 5255 1378 5311 luerit
1408 5253 1670 5309 dubitatio
1697 5290 1714 5317 ,
1738 5267 1847 5304 mu-

217 5357 341 5430 jori
378 5368 612 5410 numero
641 5350 1084 5421 metropolitanus
1116 5349 1169 5404 in
1198 5346 1462 5403 electione
1489 5343 1807 5399 consentiat.

308 5446 417 5504 Vl.
452 5446 532 5502 De
564 5446 803 5515 episcopo
845 5445 931 5509 qui
957 5444 1069 5498 site
1117 5440 1427 5495 conscientia
1474 5434 1848 5499 metropolitani

829 5515 981 5585 fuerit
992 5514 1277 5569 ordinatus.
1356 5566 1359 5569 ,

302 5609 465 5670 Illud
489 5616 671 5665 autem
694 5617 819 5664 ante
840 5606 1017 5664 omnia
1055 5607 1273 5668 clareat,
1308 5616 1429 5658 eum
1453 5600 1538 5669 qui
1556 5597 1670 5652 sine
1728 5608 1851 5649 con-

1851 2942 1897 3004 c
1929 2931 2151 2986 scientia
2170 2928 2564 2998 metropolitani
2588 2927 2908 2982 conStitutus
2922 2924 3081 2981 luerit
3100 2926 3510 2999 episcopusjux-

1931 3030 1980 3075 ta
2006 3035 2254 3091 magnam
2285 3019 2548 3089 synodum
2578 3032 2697 3073 esse
2719 3018 3034 3088 episcopum
3059 3032 3165 3072 non
3189 3016 3406 3074 debere.

2143 3111 2305 3182 200
2342 3110 2450 3164 VII.
2478 3108 2553 3163 De
2578 3109 2657 3163 Itis
2693 3109 2781 3178 qui
2807 3108 3001 3176 seipsos
3024 3107 3311 3163 abscidunt.

2004 3204 2113 3259 llos
2142 3206 2229 3271 qui
2257 3218 2316 3256 se
2345 3200 2544 3255 carnali
2576 3199 2704 3254 vitio
2724 3212 3021 3268 repugnare
3075 3198 3377 3255 nescientes
3422 3200 3520 3253 ab-

1930 3294 2244 3358 scidunt,ad
2272 3292 2584 3346 clericatum
2616 3290 2897 3357 pervenire
2918 3303 3022 3343 non
3058 3302 3234 3357 posse.

1972 3383 2104 3437 Vlll.
2135 3382 2213 3436 De
2239 3382 2317 3435 Itis
2339 3382 2426 3449 qui
2455 3378 2916 3433 excommunicatos
2937 3375 3146 3430 alterius
3170 3378 3479 3446 suscipiunt.

2003 3473 2061 3530 Si
2091 3474 2210 3542 quis
2240 3470 2762 3527 excommunicatum
2815 3468 3056 3534 alterius,
3098 3465 3214 3521 sive
3241 3467 3520 3533 clericum,

1933 3570 2051 3622 sive
2081 3565 2414 3626 saecularem,
2448 3561 2688 3630 recipere
2730 3567 2849 3629 post
2878 3560 3224 3617 interdictum
3264 3572 3524 3628 praesum-

1936 3657 2120 3728 pserit,
2180 3655 2388 3711 noverit
2426 3668 2485 3709 se
2514 3668 2663 3709 reum
2701 3650 3051 3707 fraternitatis
3080 3650 3276 3708 factum
3309 3664 3524 3705 causam

1936 3752 1987 3806 iu
2012 3749 2240 3805 concilio
2270 3748 2623 3804 redditurum.

1982 3863 2072 3918 IX.
2107 3861 2176 3916 Ut
2201 3860 2480 3914 Novatiani
2509 3860 2561 3911 in
2591 3860 2998 3912 communionem
3029 3873 3130 3911 non
3155 3856 3488 3926 recipiantur.

2008 3976 2354 4031 Novatianum
2382 3975 2433 4027 in
2484 3973 2912 4026 communionem
2957 3970 3123 4039 recipi
3162 3985 3266 4025 non
3302 3970 3523 4036 debere,

1940 4071 2037 4123 uisi
2066 4078 2311 4135 suscepta
2336 4066 2663 4137 poenitentiae
2688 4063 3004 4119 credulitate
3024 4062 3354 4130 przeteritum
3376 4063 3530 4116 dam-

1940 4168 2027 4216 net
2056 4172 2316 4215 errorem.

2048 4250 2115 4307 Χ.
2147 4249 2222 4304 De
2248 4249 2325 4303 his
2352 4249 2439 4317 qui
2469 4248 2521 4301 in
2551 4244 2897 4315 persecutione
2927 4243 3249 4313 pratvaricati
3280 4252 3418 4298 sunt.

2015 4347 2092 4401 De
2113 4345 2194 4399 bis
2221 4344 2309 4414 qui
2343 4343 2393 4396 in
2435 4338 2805 4411 persecutione
2828 4337 3156 4407 praevaricati
3180 4345 3302 4392 sunt
3321 4378 3337 4404 ,
3361 4337 3406 4392 si
3429 4350 3525 4392 vo-

1943 4439 2170 4493 luntarie
2201 4435 2361 4490 tidem
2394 4440 2745 4505 negaverunt,
2787 4429 2889 4484 hoc
2909 4428 2977 4484 de
3003 4429 3082 4483 eis
3120 4428 3334 4482 Nicaena
3362 4442 3529 4499 syno-

1942 4536 2041 4589 dus
2089 4532 2298 4599 statuit,
2360 4538 2418 4583 ut
2470 4528 2701 4599 quinque
2730 4525 2887 4579 anuis
2928 4525 3066 4579 inter
3117 4522 3532 4578 catechumenos

1944 4635 2157 4690 «xeaut,
2184 4635 2238 4677 et
2265 4622 2472 4676 duobus
2505 4621 2642 4675 inter
2668 4618 3147 4679 communicantes,
3180 4614 3250 4668 ita
3280 4624 3338 4668 ut
3381 4627 3531 4667 com-

1946 4718 2281 4779 munionem,
2336 4717 2473 4769 inter
2514 4711 2837 4783 ptenitentes
2887 4723 2991 4762 non
3044 4714 3403 4775 praesumant;
3464 4706 3522 4760 in

1947 4822 2208 4883 potestate
2240 4819 2417 4863 tamen
2471 4807 2552 4861 vel
2583 4805 2804 4860 arbitrio
2830 4803 2901 4857 sit
2953 4799 3213 4870 episcopi,
3268 4798 3389 4853 utsi
3437 4812 3533 4854 eos

1946 4922 2011 4960 cx
2046 4905 2224 4959 animo
2253 4915 2487 4959 errorem
2513 4899 2710 4954 deﬂere
2732 4906 2785 4952 et
2812 4910 2971 4965 agere
2999 4891 3365 4964 pmttitentiam
3384 4892 3536 4948 vide-

1950 4999 2119 5065 rit,ad
2169 4994 2597 5051 εοτιιιηυηίοηθιη
2640 5004 2741 5061 pro
2790 4988 3154 5045 ecclesiastica
3206 4986 3535 5041 humanitate

1950 5091 2224 5159 suscipiat.

1990 5201 2075 5255 XI.
2111 5198 2185 5252 De
2204 5200 2285 5252 Itis
2309 5198 2395 5265 qui
2415 5197 2575 5266 poenis
2602 5196 2719 5248 v’cti
2747 5193 3042 5260 sacriﬁcare
3072 5190 3325 5257 compulsi
3355 5198 3496 5242 sunt.

2028 5316 2080 5368 Si
2116 5312 2205 5381 qui
2236 5326 2366 5366 vero
2414 5311 2599 5365 dolore
2641 5306 2764 5361 victi
2796 5316 2850 5359 et
2878 5302 3115 5372 pondere
3145 5302 3536 5371 persecutionis

1956 5419 2151 5477 negare
2201 5403 2283 5458 vel
2312 5401 2611 5457 sacrificare
2655 5394 2915 5464 compulsi
2944 5400 3087 5459 sunt,
3133 5390 3342 5447 duobus
3385 5392 3540 5447 annis

1956 5498 2096 5552 inter
2124 5493 2557 5556 catechumenos,
2581 5500 2630 5544 et
2657 5484 2888 5543 triennio
2919 5487 3059 5543 inter
3090 5486 3411 5555 pmuitentes
3440 5483 3533 5547 ha:

1957 5589 2182 5644 lteantur
2208 5600 2235 5639 a
2267 5582 2640 5640 communione
2668 5577 2931 5649 suspensi.

306 5788 331 5813 "
378 5773 511 5844 ΔΕ..
541 5782 743 5830 centum
771 5766 1153 5838 quatuorrleciut
1176 5764 1550 5834 episcoporum.
1582 5760 1639 5812 B.
1674 5756 1763 5822 ιι,
1794 5753 1855 5807 Τ.
1895 5750 1939 5816 1,
1974 5760 2170 5805 centum
2198 5748 2440 5803 tredecim
2471 5748 2861 5817 episcoporum,
