4060 6184
495 255 598 312 265

1190 254 1572 312 COLLECTIO
1607 254 1936 312 CANONUM
1979 256 2032 312 S.
2075 256 2347 312 ISIDORO
2384 256 2650 314 IIISPAL.
2694 258 3054 318 ASCRIPTA.

3674 260 3782 318 ΞΗ

536 366 646 426 XII.
679 370 754 425 De
780 371 860 425 Itis
884 369 970 439 qui
999 370 1049 422 in
1083 369 1373 440 panitentia
1397 368 1548 440 positi
1579 368 1679 421 vita
1708 376 2051 423 excesserunt.
2111 374 2156 429 Α
2189 366 2456 422 firmitatis
2483 384 2641 422 causa
2673 371 2925 434 defuerit,
2961 383 3242 439 personam
3284 365 3376 425 sua
3422 356 3541 426 vice.
3565 373 3779 444 dirigit.

573 464 648 518 De
697 463 779 517 his
806 461 894 533 qui
947 461 998 515 in
1049 459 1358 530 pteriitentia
1393 460 1548 528 positi
1581 460 1686 514 vita
1716 470 2084 524 exce-serunt,

495 554 702 623 placuit
747 554 949 608 nullum
983 550 1361 607 communione
1390 565 1614 605 vacuum
1641 550 1839 604 debere
1868 549 2084 611 dimitti,

500 646 594 701 sed
623 661 719 714 pro
747 660 812 700 eo
841 643 982 715 quod
1015 643 1290 697 honoravit
1323 643 1690 711 paenitentiam
1721 642 1920 697 oblatio
1953 643 2090 696 illius

501 734 809 798 recipiatur.

501 827 657 898 201
679 825 812 881 XIII.
832 825 900 881 Ut
921 840 982 879 ne
1000 827 1114 896 quis
1129 823 1348 948 qgalilbet
1367 826 1656 878 necessitate
1671 841 1813 878 suam
1836 826 2089 894 relinquat

1137 923 1148 934 ⁸
1195 913 1250 948 σε
1275 913 1450 948 astam.

1137 913 1450 949 tcetessam.

570 988 757 1043 Nullus
805 988 1065 1058 cujusque
1119 988 1321 1043 ordinis
1370 988 1616 1056 clericus,
1651 1003 1757 1042 non
1806 989 2088 1050 diaconus,

501 1098 606 1136 non
663 1082 964 1154 presbyter,
1000 1097 1104 1135 non
1144 1082 1422 1151 episcopus
1452 1097 1768 1151 quacunque
1813 1083 2092 1136 occa~ioue

502 1174 730 1229 faciente
756 1174 1023 1244 protiriam
1048 1175 1315 1247 relinquat
1341 1174 1654 1237 Ecclesium,
1682 1173 1775 1227 sed
1800 1175 2092 1228 omnismo-

503 1267 584 1320 dis
616 1271 705 1320 atit
734 1269 1226 1323 excommunicetur
1255 1277 1341 1321 aut
1385 1268 1560 1322 redire
1591 1279 1811 1338 cogatur
1835 1287 1848 1322 :
1872 1270 2011 1336 quod
2046 1270 2088 1322 si

502 1357 682 1426 aliquo
710 1358 1153 1412 commorationis
1200 1369 1460 1424 tempore,
1495 1358 1658 1411 invito
1690 1360 1941 1427 episcopo
1972 1375 2090 1423 suo,-

505 1450 557 1500 in
591 1447 762 1501 aliena
799 1447 1026 1502 ecclesia
1075 1449 1317 1502 habitans
1355 1449 1420 1501 ab
1460 1451 1710 1517 episcopo
1744 1450 1842 1502 loci
1866 1450 2093 1504 clericus

506 1539 663 1592 fuerit
686 1539 986 1604 ordinatus,
1016 1539 1319 1608 hujnsmodi
1343 1541 1605 1594 ordinatio
1635 1542 1780 1594 irrita
1811 1543 2088 1598 habeatur.

806 1628 943 1682 XIV.
990 1630 1071 1684 Ne
1102 1633 1314 1684 clericus
1344 1648 1524 1684 usuras
1551 1635 1787 1701 accipiat.

2267 456 2404 510 XIX.
2451 456 2518 512 Ut
2547 461 2675 511 nulli
2705 461 2939 530 episcopo
2967 459 3117 514 liceat
3142 479 3173 513 a
3200 462 3395 531 synodo
3427 463 3702 517 discedare.

2262 547 2318 603 Si
2351 551 2470 616 quis
2493 561 2672 606 autem
2703 553 2893 606 adesse
2925 552 3240 621 neglexerit,
3272 563 3361 606 aut
3390 562 3587 608 cretum
3619 557 3778 628 202

2193 637 2412 692 fratrttm
2455 651 2738 709 antequam
2789 644 3077 697 Concilium
3119 644 3443 699 dissolvatur
3486 648 3780 703 crediderit

2191 727 2580 793 deserendum,
2613 735 2898 787 alienarum
2942 750 2998 787 se
3045 749 3074 788 a
3121 734 3346 789 fratrum
3399 740 3781 795 comrnunimie

2191 833 2476 890 ctignoscat
2499 863 2513 887 ,
2547 838 2643 876 nec
2669 839 2788 877 eum
2831 824 2992 893 recipi
3019 825 3176 880 liceat
3201 826 3299 880 nisi
3334 826 3386 880 in
3417 829 3660 898 sequenti
3689 846 3781 901 sy-

2192 914 2298 966 nod
2323 938 2333 961 ι
2365 912 2524 967 fuerit
2553 916 2848 970 absolutus.

2431 1007 2549 1061 XX.
2587 1006 2663 1062 De
2687 1010 2880 1079 aurigis
2917 1019 2968 1063 et
3004 1011 3259 1065 theatricis
3287 1011 3540 1080 ﬁdelibus.

2268 1099 2340 1152 De
2361 1100 2710 1169 agitatoribns
2737 1103 2847 1154 sive
2877 1101 3149 1156 theatricis
3177 1105 3262 1170 qui
3292 1104 3473 1156 fideles
3496 1114 3639 1165 sunt,
3670 1105 3782 1174 pla-

2193 1195 2301 1246 cuit
2328 1207 2422 1246 eos
2449 1196 2679 1261 quandiu
2703 1205 2885 1262 agunt,
2918 1211 2944 1248 a
2973 1196 3349 1250 communione
3377 1201 3631 1265 separari.

2267 1286 2405 1339 X-Xl.
2432 1287 2491 1341 Si
2514 1298 2625 1355 post
2655 1296 2915 1354 acceptam
2947 1289 3292 1357 penitentiam
3319 1292 3429 1358 quis
3458 1294 3705 1361 nupserit.

2264 1375 2622 1445 Pmnitentes,
2656 1395 2773 1449 quae
2813 1379 3062 1434 defuncto
3095 1381 3208 1435 viro
3237 1383 3352 1436 aliis
3392 1386 3592 1437 nubere
3638 1401 3778 1452 pra:-

2193 1471 2550 1537 sumpserint,
2585 1471 2664 1524 vel
2696 1481 2941 1540 suspecta
2975 1472 3056 1526 vel
3107 1472 3388 1526 interdicta
3421 1475 3784 1530 familiaritate

2194 1575 2313 1614 cum
2340 1573 2595 1618 extraneo
2626 1565 2876 1630 vixerint,
2905 1578 3024 1619 cum
3047 1565 3236 1620 eodem
3265 1570 3331 1618 ab
3358 1567 3612 1622 Ecclesiae
3642 1570 3780 1622 limi-

2195 1652 2350 1705 nibus
2381 1662 2664 1708 arceantur
2696 1671 2709 1708 :
2745 1654 2845 1709 hoc
2872 1656 3035 1710 etiam
3067 1665 3120 1711 et
3150 1656 3216 1710 de
3244 1657 3356 1710 viro
3387 1657 3437 1711 in
3471 1659 3785 1727 paenitentia

576 1721 632 1777 Si
664 1723 781 1792 quis
820 1721 1047 1777 clericus
1078 1726 1354 1790 pecuniam
1385 1726 1592 1779 dederit
1631 1727 1696 1779 ad
1729 1742 1965 1791 usuram,
1998 1739 2088 1782 aut
2124 1725 2169 1783 B
2197 1746 2370 1814 ροείιο
2406 1746 2602 1813 placui;
2631 1748 2931 1802 observari.

509 1813 804 1867 conductor
831 1813 1021 1868 aliena:
1070 1816 1144 1869 rei
1178 1814 1403 1870 voluerit
1433 1830 1584 1883 esse,
1617 1826 1706 1869 aut
1742 1819 1913 1886 turpis
1959 1818 2090 1871 lucri

506 1907 672 1976 gratia
702 1922 870 1978 genus
909 1907 1121 1977 aliquod
1168 1910 1547 1979 negotiationis
1576 1912 1899 1977 exercuerit,
1931 1911 2094 1979 depo-

505 2001 641 2053 situs
671 2016 698 2054 a
730 2003 876 2056 clero
906 2015 935 2054 a
963 2003 1340 2057 communione
1367 2003 1572 2057 alienus
1606 2005 1712 2057 fiat.

509 2094 624 2149 XV.
670 2094 751 2150 Ne
781 2096 1023 2150 diaconus
1062 2113 1230 2149 coram
1269 2099 1556 2166 preslvy'ero
1599 2097 1766 2151 sedeat
1806 2096 1883 2150 vel
1912 2097 2094 2152 eucha-

1089 2168 1287 2220 ristiam
1316 2170 1506 2220 tradat.

581 2258 633 2313 In
665 2260 956 2313 secretario
986 2258 1211 2313 diacono
1241 2259 1380 2314 inter
1409 2259 1747 2332 presbyteres
1776 2260 1964 2314 sedere
1988 2275 2091 2314 non

507 2353 820 2430 liceat,'vel
864 2366 1058 2421 corpus
1088 2349 1286 2406 Christi
1332 2361 1597 2419 praesente
1639 2351 1952 2421 presbytero
1983 2361 2091 2405 tra-

505 2447 634 2497 dere
662 2459 767 2499 non
798 2455 1118 2514 praesumat;
1143 2442 1283 2513 quod
1314 2443 1356 2496 si
1384 2442 1589 2509 fecerit,
1613 2441 1680 2496 ab
1708 2442 1888 2497 officio
1916 2443 2095 2497 diaco-

507 2544 660 2588 natus
690 2535 962 2588 abscedat.

607 2627 644 2678 Χ
665 2625 741 2679 VI.
789 2624 855 2680 Ut
886 2623 1186 2678 Photiniani
1211 2634 1257 2677 et
1294 2623 1632 2679 Paulianistce
1658 2626 1996 2693 baptisentur.

581 2715 926 2769 Photinianos
957 2730 1086 2767 vero
1130 2715 1244 2768 sive
1277 2713 1627 2768 Paulianistas
1665 2714 1958 2769 secundum
1995 2715 2091 2768 Pa-

508 2817 644 2860 trum
677 2813 872 2860 statuta
899 2805 1156 2874 baptizari
1187 2816 1457 2874 oportere.

857 2899 1020 2954 XVII.
1062 2898 1140 2952 De
1163 2900 1412 2952 Itwreticis
1441 2899 1730 2966 baptizatis.

581 2992 882 3046 Bonitiacos
911 2998 1086 3046 autem
1117 3007 1177 3044 ex
1208 2990 1396 3044 eodem
1423 3004 1608 3044 errore
1639 2988 1930 3053 venientes,
1961 3004 2093 3059 quos

2269 1838 2432 1892 XXII.
2464 1839 2530 1892 Ut
2563 1841 2854 1907 prenitentia
2878 1842 3168 1912 conjugatis
3191 1857 3252 1894 ex.
3273 1857 3518 1894 consensu
3542 1840 3707 1894 detur.

2196 1999 2227 2053 ὁ
2269 1930 2640 2054 Paenitentiam
2698 1932 2998 2002 conjugatis
3058 1948 3162 1986 non
3231 1933 3330 1986 nisi
3387 1949 3452 1987 ex
3518 1949 3784 1987 consensu

2233 2018 2296 2053 ίιη
2339 2016 2448 2054 am.
3693 2046 3701 2050 ‘

2233 2016 2448 2056 anaam.

2199 2092 2385 2147 XXIII.
2430 2092 2504 2146 De
2524 2093 2866 2148 sacerdotibus
2889 2095 2975 2160 qui
2998 2093 3340 2146 idololatriam
3367 2110 3467 2146 non
3496 2094 3784 2147 everterint.

2268 2184 2323 2239 Si
2366 2184 2419 2238 in
2469 2186 2694 2253 alicujus
2743 2186 3038 2256 presbyteri
3080 2187 3350 2240 territorio
3399 2185 3639 2239 infideles
3685 2196 3783 2239 aut

2199 2278 2416 2348 faculas,
2444 2278 2743 2332 accendunt
2765 2289 2855 2332 aut
2885 2278 3124 2343 arbores,
3161 2277 3332 2332 fontes
3357 2278 3437 2331 vel
3456 2292 3582 2330 saxa
3615 2291 3783 2332 vene-

2198 2379 2414 2433 rantur,
2449 2371 2492 2423 si
2543 2368 2642 2424 hoc
2689 2385 2878 2425 eruere
2924 2367 3011 2442 [Τ.
3049 2367 3106 2434 2,
3146 2365 3412 2438 evertere]
3465 2369 3780 2435 neglexerit,

2196 2459 2459 2528 sacrilegii
2490 2476 2639 2515 reum
2672 2475 2729 2515 .«e
2758 2475 2880 2516 esse
2911 2471 3201 2531 cognoscat
3231 2477 3244 2513 :
3273 2459 3521 2514 dominus
3561 2471 3650 2512 aut
3689 2474 3782 2512 or-

2196 2549 2408 2604 dinator
2445 2551 2520 2604 rei
2563 2549 2729 2619 ipsius
2756 2592 2769 2616 ,
2801 2551 2846 2604 si
2885 2549 3192 2605 admonitus
3220 2550 3501 2605 emendare
3531 2547 3783 2616 noluerit,

2195 2643 2571 2698 communione
2601 2646 2861 2713 privetur.

2499 2735 2689 2793 XXIV.
2733 2737 2809 2791 De
2838 2738 3217 2792 accusatoribus
3249 2741 3492 2806 fratrum.

2269 2826 2376 2880 Eos
2400 2830 2486 2897 qui
2520 2828 2651 2883 falso
2679 2830 2933 2884 fratribus
2960 2832 3071 2885 suis
3093 2831 3340 2901 capitalia
3369 2827 3631 2898 objecisse
3655 2841 3784 2882 con-

2195 2917 2318 2971 victi
2353 2918 2550 2972 fueriut
2581 2929 2625 2984 η,
2661 2921 2859 2988 placuit
2890 2937 3057 2989 usque
3086 2920 3150 2975 ad
3179 2921 3378 2974 exitum
3411 2933 3514 2972 non
3545 2932 3782 2972 commuo

2198 3009 2395 3075 nicare,
2429 3011 2566 3064 sicut
2597 3027 2783 3082 magna
2826 3014 3061 3082 synodus
3092 3024 3214 3068 ante
3243 3011 3538 3079 constituit,
3572 3010 3670 3064 nisi
3699 3010 3782 3064 (Ii-

503 3093 644 3141 sicut
685 3086 913 3142 Asianos
947 3086 1202 3157 baptizari
1238 3087 1287 3139 in
1317 3085 1575 3139 Triuitate
1619 3082 1956 3139 rnanifesrum
1989 3095 2088 3148 est,
2119 3083 2164 3142 C
2197 3116 2297 3170 gna
2339 3103 2699 3158 satigfaclione
2729 3104 3091 3172 ρωηίιυρτίηι,

501 3181 628 3234 dum
670 3178 980 3247 interrogati
1026 3178 1181 3231 fidem
1229 3184 1464 3230 nostram
1512 3192 1575 3228 ex
1619 3184 1730 3230 toto
1765 3176 1927 3230 corde
1967 3190 2092 3230 ron-

504 3270 625 3324 tessi
659 3271 880 3337 fuerint,
911 3285 1031 3325 cum
1061 3271 1347 3324 chrismate
1372 3279 1422 3322 et
1454 3283 1641 3322 manus
1673 3269 2008 3337 impositione
2039 3266 2089 3321 in

504 3365 518 3412 l
547 3362 742 3417 celesia
777 3362 942 3430 recipi
970 3359 1187 3415 sufficit.

504 3454 685 3513 XVIiI.
733 3453 800 3509 Ut
829 3456 1207 3523 metropolitani
1236 3457 1445 3510 arbitrio
1479 3456 1708 3525 synodus
1736 3462 2088 3526 congregetur.

575 3545 652 3598 Ad
686 3547 1012 3601 Arelatensis
1039 3547 1273 3615 episcopi
1297 3547 1574 3599 arbitrium
1602 3545 1838 3614 synodus
1867 3560 2088 3613 congre-

498 3635 670 3699 ganda
694 3677 708 3699 ,
737 3636 806 3688 ad
850 3652 1008 3704 quam
1050 3637 1238 3691 urbem
1269 3653 1329 3691 ex
1364 3637 1610 3691 omnibus
1641 3637 1822 3689 mundi
1855 3637 2090 3704 partibus

500 3729 598 3778 sub
628 3728 797 3781 sancti
832 3728 1016 3780 Marini
1047 3737 1288 3795 tempore
1320 3729 1540 3796 legimus
1570 3727 1895 3780 celebratum
1928 3725 2092 3780 fuisse

500 3816 783 3872 concilium
812 3829 970 3887 atque
997 3827 1318 3873 conventum
1352 3835 1366 3872 :
1402 3818 1443 3872 si
1488 3820 1604 3886 quis
1627 3818 1982 3872 commonitus
2012 3818 2087 3870 iu-

575 3961 601 3990 ⁸
629 3951 716 4015 U..
746 3953 990 4020 capitalia
1019 3953 1259 4025 objecisse
1286 3955 1503 4008 crimina
1532 3955 1745 4008 convicti
1776 3955 1986 4025 fuerint.

503 4093 1354 4119 m-

2419 3195 2586 3250 XXV.
2629 3195 2708 3250 De
2747 3199 2993 3264 apostatis
3023 3199 3066 3251 si
3096 3214 3195 3250 non
3227 3202 3560 3250 revertantur.

2272 3286 2332 3339 Ili
2364 3287 2454 3356 qui
2488 3294 2607 3354 post.
2637 3297 2874 3341 sanctam
2909 3287 3183 3357 religionis
3215 3283 3597 3356 professionem
3653 3295 3785 3349 apo-

2197 3385 2397 3431 statant
2425 3389 2477 3431 et
2502 3377 2567 3431 ad
2598 3379 2851 3433 smculum
2885 3379 3126 3444 redeunt,
3147 3388 3202 3432 et
3243 3375 3576 3446 postmodum
3607 3373 3786 3442 paeni-

2200 3466 2376 3520 tentia:
2410 3467 2642 3522 remedia
2673 3483 2775 3522 non
2808 3471 3107 3538 requirunt,
3149 3469 3265 3522 sine
3293 3464 3601 3536 pmnitentia
3631 3477 3781 3516 com-

2198 3557 2505 3612 munionern
2529 3559 2739 3628 penitus
2761 3575 2864 3613 non
2889 3561 3150 3628 accipiant
3168 3577 3179 3611 :
3195 3573 3330 3629 quos
3351 3559 3508 3611 etiam
3529 3555 3786 3623 jubemus

2196 3647 2261 3698 ad
2293 3647 2527 3702 officiunt
2558 3650 2842 3706 clericatus
2872 3668 2976 3707 non
3009 3653 3238 3717 admitti,
3267 3661 3320 3705 et
3359 3649 3660 3718 quicunque
3691 3645 3786 3698 ille

2199 3749 2310 3804 post
2338 3739 2704 3806 ptenitentiam
2735 3742 2971 3797 habitum
2998 3743 3307 3796 smcularetn
3331 3755 3434 3793 non
3461 3743 3784 3807 praesumat;

2199 3827 2338 3892 quod
2371 3828 2414 3881 si
2449 3832 2868 3898 prmsnmpserit,
2903 3832 2968 3885 ab
3003 3832 3236 3887 Ecclesia
3265 3832 3470 3884 alienus
3501 3829 3785 3882 habeatur.

2159 4099 2224 4106 -9--
2231 4099 3732 4114 —-—————~——————————_—_————-—
3749 4103 3784 4113 .-

2011 4213 2290 4286 XXIII

1059 4381 1724 4466 CONCILIUM
1801 4382 2568 4467 ARELAT‘ENSE
2646 4383 3200 4471 TERTIUM

506 4557 834 4602 nuouecm
884 4548 905 4576 ³³
956 4554 1390 4598 EPISCOPORUM
1421 4581 1435 4605 ,
1483 4555 1772 4598 HABITUM
1822 4557 1959 4598 mu
2010 4557 2299 4610 CCCCLXI,
2351 4560 2678 4603 unouno
2724 4563 3012 4607 AUGUSTO
3057 4566 3436 4623 nuonaare,
3484 4567 3784 4609 OPilJOS-B

1327 4635 1406 4676 ΒΤ
1454 4633 1903 4680 VIVCOMALONE
1951 4637 2364 4692 CONSULIBUS,
2418 4638 2534 4680 VIII
2579 4641 2723 4686 IDUS
2768 4643 3017 4686 JULIAS.

569 4765 923 4850 203-294
961 4764 1094 4821 Cum
1138 4765 1190 4819 in
1233 4766 1505 4820 voluntate
1548 4764 1640 4818 Dei
1688 4762 1752 4818 ad
1795 4762 2087 4818 dedicatio-
2118 4767 2167 4828 ι)
2193 4772 2386 4818 statuta
2437 4781 2540 4820 non
2581 4765 2646 4820 ad
2696 4767 2996 4837 integrum,
3038 4767 3176 4821 sicut
3222 4769 3466 4836 expedit,
3502 4770 3782 4824 observata

500 4879 619 4921 netu
675 4862 907 4916 basilica:
956 4870 1158 4914 sanctae
1207 4859 1384 4913 Mariae
1434 4859 1486 4912 in
1529 4860 1825 4913 Arelatensi
1874 4858 2089 4910 civitate

498 4955 807 5011 sacerdotes
849 4951 1055 5005 Domini
1108 4951 1516 5014 convenissent,
1561 4964 1854 5018 congruum
1903 4948 1980 5002 eis
2033 4956 2088 5000 ct

502 5044 818 5100 rationabile
875 5041 1046 5094 visum
1090 5049 1170 5095 est
1233 5049 1290 5094 ut
1343 5039 1571 5107 primum
1620 5038 1687 5091 de
1733 5036 2086 5092 observandis

447 5115 794 5194 {canonibus
844 5130 1197 5186 attentissima
1250 5128 1610 5183 sollicitudine
1669 5136 2082 5194 pertractantcs,

497 5229 724 5297 qualiter
762 5227 829 5280 ab
879 5223 1006 5292 ipsis
1048 5221 1425 5276 cetlesiastica:
1473 5220 1670 5290 regulae
1720 5232 2082 5285 servarentur,

500 5317 694 5372 ~:;Iultri
727 5317 952 5370 consilio
983 5315 1285 5369 delinirent.

568 5411 604 5464 I.
652 5406 720 5462 Ut
747 5407 994 5458 diaconus
1031 5420 1148 5457 aure
1177 5406 1352 5474 viginti
1382 5405 1600 5473 quinque
1626 5420 1806 5469 annos,
1838 5413 1882 5454 et
1914 5418 2079 5455 sacer-

735 5478 823 5528 dos
846 5485 964 5528 ante
995 5475 1204 5543 triginta
1235 5492 1394 5527 annos
1425 5492 1524 5527 non
1557 5476 1836 5528 ordinetur.

576 5568 637 5621 Iit
675 5569 795 5633 quia
833 5568 883 5620 in
915 5564 1224 5618 ordinandis
1252 5564 1460 5618 clericis
1493 5566 1828 5636 antiquorum
1865 5565 2078 5619 I'atrum

571 5707 595 5734 ⁸
637 5701 689 5758 In
717 5700 935 5770 reliquis
968 5708 1158 5768 praeter
1192 5699 1250 5752 Δ.
1286 5697 1684 5766 quatuordecim.

2195 4870 2314 4909 esse
2343 4859 2705 4925 cognoscitur,
2747 4873 2812 4912 ne
2852 4858 2990 4914 forte
3035 4869 3475 4927 rjuorutncnnque
3525 4861 3784 4928 importu-

2194 4942 2276 4997 nis
2321 4953 2374 4998 et
2415 4946 2731 5000 inordinatis
2769 4947 3016 5016 precibus
3058 4950 3367 5004 sacerdotes
3417 4950 3624 5003 Domini
3667 4952 3714 5002 la
3745 4953 3784 5003 i-

2190 5055 2401 5112 gentnr,
2433 5054 2488 5099 et
2530 5063 2589 5100 ea
2630 5063 2748 5116 quae
2793 5047 2911 5122 [U.,
2955 5063 3074 5115 quae
3119 5048 3406 5102 constituta
3449 5047 3595 5120 sunt]
3627 5051 3784 5103 toties

2189 5158 2313 5199 sunt
2357 5161 2620 5218 pra-cepta
2655 5149 2950 5218 transgredi
2982 5149 3393 5218 compellantur,
3429 5149 3528 5204 hoc
3561 5153 3698 5205 inter
3728 5170 3783 5207 se

2191 5256 2582 5311 observandum
2617 5272 2736 5312 esse
2775 5256 3037 5312 definiunt
3067 5273 3080 5309 :
3113 5267 3169 5310 ut
3200 5257 3373 5309 nullus
3401 5257 3782 5322 episcotmrtttn

2191 5359 2495 5423 diaconem,
2538 5369 2822 5428 antequam
2865 5361 3048 5428 viginti
3091 5370 3146 5415 et
3186 5363 3421 5430 quinque
3464 5372 3633 5412 annos
3679 5361 3782 5412 im-

2192 5463 2352 5529 pleat,
2383 5461 2633 5515 ordinare
2664 5471 2990 5530 praesumat:
3019 5462 3360 5531 episcopatus
3388 5475 3515 5513 vero
3547 5459 3628 5514 vel
3660 5475 3782 5527 pre-

2191 5569 2493 5647 sbyteratus
2543 5569 2800 5624 honorent
2848 5568 3024 5623 nullus
3065 5569 3233 5624 laicus
3277 5577 3402 5622 ante
3443 5566 3786 5634 przemissam
