4060 6184
227 317 325 377 2ι5

222 533 349 578 ante
380 521 595 591 triginta
626 518 801 574 atatis
829 531 1003 572 annos
1038 517 1285 586 accipiat.

226 612 289 671 11.
337 610 405 669 Ut
435 611 596 665 laicus
626 617 746 663 ante
785 624 976 662 anitum
1017 609 1371 664 conversionis
1397 625 1498 662 non
1528 609 1814 663 ordinetur.

298 704 373 760 Et
395 704 522 758 licet
547 701 615 757 de
638 699 788 756 laicis
818 699 1110 770 prolixiora
1146 710 1385 769 tempora
1417 700 1621 770 antiqui
1646 708 1823 768 patres

227 792 601 851 ordinaverint
653 790 1027 857 observanda,
1085 801 1260 846 tamen
1310 793 1431 862 quia
1484 799 1825 848 accrescente

224 886 577 943 ecclesiarum
597 897 827 939 numero
852 897 1074 939 necesse
1099 894 1187 939 est
1211 883 1365 939 nobis
1392 884 1825 952 pluresclericus

232 977 511 1041 ordinare,
556 976 657 1031 hoc
708 975 849 1032 inter
894 990 993 1031 nos
1039 976 1155 1031 sine
1200 975 1512 1046 praeiudicio
1566 976 1825 1030 duntaxat

232 1085 499 1125 canonum
529 1068 768 1125 constitit
805 1067 1143 1137 antiquorum
1163 1108 1177 1131 ,
1206 1076 1263 1120 ut
1302 1067 1477 1121 nullus
1507 1066 1823 1136 metropoli-

236 1171 483 1216 uiuorum
512 1159 813 1228 cuicunque
846 1158 983 1213 laico
1007 1157 1319 1226 dignitatem
1351 1157 1692 1226 episcopatus
1726 1158 1824 1211 tri-

234 1253 359 1308 buat
380 1293 397 1319 ,
428 1252 521 1308 sed
556 1266 655 1307 nec
682 1251 874 1320 reliqui
922 1250 1205 1320 pontifices
1241 1249 1559 1320 presbyterii
1593 1249 1675 1306 vel
1704 1250 1825 1304 dia-

232 1353 459 1399 conatus
489 1343 747 1399 honorem
774 1341 1026 1398 cenferre
1057 1350 1405 1409 prmsmnant,
1438 1340 1542 1396 nisi
1572 1355 1716 1396 anno
1748 1343 1827 1395 in-

234 1446 384 1505 tegro
413 1433 576 1491 fuerit
607 1435 883 1501 pra-missa
914 1435 1215 1488 conversio.

233 1526 313 1583 Ill.
360 1524 428 1584 Ut
456 1528 653 1598 dignati
682 1528 759 1582 vel
796 1527 1087 1598 panilentes
1125 1524 1204 1580 uel
1239 1525 1628 1593 repudiaturum
1657 1525 1831 1579 mariti

533 1599 604 1651 ad
630 1598 976 1651 sacerdotium
1005 1613 1108 1650 non
1135 1606 1545 1666 promoveantur.

310 1688 499 1744 Nullus
551 1689 930 1758 pcenitentem,
988 1687 1168 1743 nullus
1212 1688 1484 1759 digamum
1532 1687 1615 1757 vel
1667 1686 1831 1741 inter-

1218 308 1495 366 ῦΑιιιΑΞ
1539 308 1874 365 CONCILM.
1920 338 1987 349 —
2030 306 2504 364 VALENTINUM.

222 428 635 490 conversionem
678 427 827 502 [5w
870 425 1010 492 ΒΗ..
1056 424 1150 493 Π..
1183 421 1679 495 conversationem]
1731 424 1816 479 vel
1848 428 1898 487 Α

3405 306 3511 364 ﬂe

2003 423 2088 478 tv.
2134 422 2217 477 De
2244 424 2441 477 clericis
2470 421 2651 476 alienis
2672 406 2776 490 ’συί
2813 428 2943 475 sunt
2967 421 3033 474 alr
3072 420 3190 475 aliis
3223 421 3443 491 defensi.

1999 517 2061 571 Et
2090 515 2134 571 si
2167 516 2301 570 forte
2339 514 2530 584 aliquis
2575 512 2894 569 clericorum
2942 513 3181 583 regulam
3218 513 3519 583 disciplinae

1924 606 2084 679 205
2100 606 2478 662 ecclesiasticae
2498 604 2895 675 subterfugiens
2919 605 3075 660 fuerit
3099 614 3374 675 evagatus,
3402 610 3522 677 qni-

1925 712 2133 767 cunque
2176 712 2297 753 eum
2338 697 2666 766 susceperit,
2699 706 2753 751 ct
2783 712 2887 750 non
2927 695 3100 750 solum
3151 697 3390 764 pontifici
3424 712 3524 750 suo

1927 804 2030 843 non
2050 789 2493 854 reconciliaverit,
2521 788 2613 843 sed
2657 786 3131 857 magisdefen-are
3164 802 3527 859 praesumpse-

1926 882 2013 949 rit,
2046 884 2111 937 ab
2139 880 2388 937 Ecclesia:
2416 884 2792 938 communione
2826 884 3083 950 privetur.

1995 975 2259 1030 Caesarius
2303 978 2353 1029 in
2384 976 2581 1031 Christi
2608 977 2819 1029 nomine
2841 976 3123 1045 episcopus
3149 973 3521 1031 definitionem

1929 1068 2063 1123 hanc
2086 1080 2388 1124 sanctorum
2423 1069 2643 1124 fratrum
2678 1085 2916 1125 meorum
2951 1070 3033 1126 vel
3079 1084 3251 1126 meam
3282 1071 3443 1141 relegi
3468 1081 3522 1125 et

1927 1162 2239 1233 subscripsi.

1997 1254 2425 1309 Contumeliosus
2478 1255 2759 1325 episcopus
2805 1255 3057 1310 consensi
3099 1263 3151 1310 et
3209 1253 3530 1324 subscripsi.

2000 1347 2293 1403 Philacrius
2323 1358 2347 1385 ἰ
2371 1349 2654 1416 episcopus
2671 1349 2984 1419 subscripsi.
3024 1356 3033 1395 l

2002 1441 2346 1496 Prostexmtus
2373 1446 2657 1512 episcopus
2701 1446 2990 1512 subscripsi

2002 1526 2265 1580 Maximus
2292 1528 2578 1596 episcopus
2608 1528 2923 1599 subscripsi.

2001 1617 2240 1672 Julianus
2268 1620 2553 1690 episcopus
2582 1619 2895 1691 subscripsi.

2006 1707 2305 1764 Fluentius
2360 1709 2450 1784 [Ε.
2508 1710 2579 1778 5,
2649 1709 3029 1784 Florentium}
3068 1713 3352 1784 episcopus
3404 1717 3527 1774 sub.-

235 1790 525 1851 nuptarum
555 1782 777 1837 maritos
804 1780 857 1835 in
900 1781 1169 1851 praedictis
1200 1781 1498 1836 honoribus
1526 1780 1719 1836 audeat
1747 1795 1835 1834 or-
1868 1792 1913 1852 Β
1939 1799 2153 1869 scripsi.

235 1871 447 1927 dinare.
474 1871 539 1927 Et
570 1872 693 1928 licet
718 1873 833 1928 haec
850 1872 960 1943 jam
989 1887 1158 1944 prape
1179 1875 1416 1928 omnium
1447 1872 1531 1945 [Τ.
1559 1874 1608 1938 1,
1630 1871 1829 1944 omnia]

233 1978 500 2017 canonum
543 1962 785 2019 instituta
831 1965 1160 2025 contineant,
1191 1974 1369 2019 tamen
1424 1980 1491 2020 ne
1533 1962 1831 2036 cuicunque

234 2056 579 2111 sacerdotum
606 2056 1023 2127 supplicantum,
1048 2059 1185 2114 sicut
1206 2059 1315 2129 jam
1344 2060 1596 2127 diximus,
1627 2061 1829 2129 impor-

236 2149 437 2200 tunitas
459 2147 542 2203 vel
566 2150 837 2219 suggestio
861 2150 1036 2219 iniqua
1061 2148 1180 2225 [VU.,
1205 2150 1295 2217 (3.,
1319 2150 1520 2223 aliqua]
1547 2152 1837 2222 subripiat,

237 2252 463 2294 necesse
509 2237 607 2293 fuit
648 2250 702 2295 ut
734 2255 875 2297 nunc
910 2242 1235 2297 severiorem
1266 2242 1507 2312 regulam
1537 2242 1636 2297 sibi
1668 2243 1831 2297 velint

238 2329 454 2385 Domini
502 2334 808 2389 sacerdotes
840 2335 1117 2404 imponere
1150 2353 1164 2388 :
1198 2346 1252 2391 et
1282 2334 1403 2391 idco
1429 2335 1734 2405 quicunque
1764 2336 1830 2392 ab

239 2423 341 2477 hac
373 2422 467 2477 die
510 2433 697 2479 contra
742 2441 801 2481 ea
840 2442 957 2497 quae
987 2426 1233 2497 superius
1278 2438 1401 2483 sunt
1441 2428 1828 2498 comprehensa

237 2513 502 2568 clericum
531 2514 777 2570 ordinare
806 2519 1226 2587 praesumpserit,
1259 2518 1326 2573 ab
1354 2534 1415 2575 ea
1457 2517 1545 2574 die
1586 2534 1687 2589 qua
1731 2520 1832 2576 hoc

240 2605 287 2658 ei
351 2604 589 2673 potuerit
638 2608 922 2676 approbari
969 2624 1111 2663 anno
1158 2611 1366 2680 integro
1417 2611 1609 2666 missas
1654 2610 1832 2667 facere

238 2693 323 2765 [τ’.
360 2694 416 2759 2,
449 2694 644 2767 agerel’
677 2712 780 2752 non
823 2708 1109 2768 praasnmat
1142 2718 1155 2757 :
1183 2716 1342 2772 quam
1372 2717 1486 2755 rem
1518 2703 1560 2757 si
1591 2703 1709 2771 quis
1738 2702 1830 2757 ob-

237 2800 458 2841 servare
490 2788 752 2853 noluerit,
783 2802 837 2846 ct
876 2803 1061 2847 contra
1111 2808 1433 2848 consenSnm
1484 2780 1703 2848 friatrum
1750 2793 1828 2848 fa-

238 2882 421 2945 ciens,
455 2879 645 2936 missas
697 2883 975 2939 celebrare
1019 2886 1445 2953 prmsumpserit,
1478 2885 1546 2938 ah
1593 2886 1830 2941 omnium

238 2967 466 3024 fratrum
493 2973 755 3028 oharitate
804 2976 1017 3029 noverit
1054 2991 1115 3030 se
1154 2976 1417 3041 alienum;
1449 2976 1570 3045 quia
1615 2976 1831 3047 dignum

2002 1893 2302 1965 Cyprianus
2331 1895 2616 1967 episcopus
2638 1895 2955 1966 subscripsi.

2003 1985 2164 2057 206
2203 1985 2479 2040 Montanus
2531 1987 2818 2057 episcopus
2891 1986 3207 2058 subscripsi.

2004 2075 2356 2142 Florentius",
2384 2078 2664 2149 episcopus
2694 2078 3011 2147 subscripsi.

2002 2168 2298 2239 Cyprianus
2325 2170 2609 2240 episcopus
2633 2169 2950 2239 subscripsi.

2002 2260 2323 2317 Coelestinus
2362 2259 2483 2335 [45.
2529 2259 2665 2328 88.,
2717 2260 3023 2332 Caelestius]
3067 2261 3353 2333 episcopus
3405 2262 3531 2319 sub~

1932 2364 2146 2422 scrrpsr.

2002 2440 2294 2499 Porcianus
2323 2442 2606 2514 episcopus
2634 2443 2946 2513 subscripsi.

2006 2531 2302 2588 Eucherius
2330 2533 2617 2604 episcopus
2654 2534 2975 2604 subscripsi.

2003 2624 2393 2695 (,Iataphronins
2451 2626 2727 2696 presbyter
2783 2625 3020 2681 directus
3052 2639 3079 2680 a
3110 2625 3344 2683 dominis
3392 2630 3528 2684 meis

1931 2712 2145 2784 Agricio
2166 2724 2220 2769 et
2249 2715 2450 2771 Severo
2480 2718 2748 2787 episcopis
2793 2718 3043 2774 consensi
3100 2727 3156 2774 et
3217 2719 3526 2791 subscripsi.

2003 2804 2117 2875 Ego
2143 2804 2449 2861 Desiderins
2478 2807 2760 2878 presbyter
2798 2808 3034 2863 directus
3063 2824 3091 2863 a
3143 2809 3364 2866 domino
3413 2824 3536 2865 meo

1932 2894 2141 2951 Joanne
2169 2897 2420 2967 episc0po
2447 2900 2693 2953 consensi
2725 2908 2778 2953 et
2808 2900 3119 2969 subscripsi.

2004 2987 2261 3043 Leontius
2302 2988 2582 3060 presbyter
2610 2989 2846 3046 direcms
2885 3006 2913 3046 a
2948 2991 3169 3046 domino
3220 3006 3341 3047 meo
3391 2990 3531 3046 Con-

235 3073 319 3116 est
369 3073 427 3118 ut
472 3068 816 3123 severitatem
869 3067 1252 3124 ecclesiasticae
1295 3067 1592 3137 disciplinae
1640 3070 1835 3125 sentiat
1870 3142 1909 3153 _
1937 3077 2170 3134 stantino
2200 3078 2317 3151 [ΑΕ.
2353 3080 2413 3135 Τ.
2446 3080 2494 3146 l,
2519 3079 2856 3153 Constantio]
2883 3082 3131 3153 episcopo
3152 3081 3461 3153 subscripsi.

235 3153 326 3221 qui
367 3154 656 3214 salubriter
685 3174 713 3212 a
742 3159 948 3215 sanctis
1001 3160 1238 3231 patribus
1277 3159 1520 3215 instituta
1550 3161 1838 3217 observare
1862 3142 1912 3207 (ἶ
2014 3167 2126 3237 Ego
2155 3142 2747 3226 Henneteriusdirectus
2789 3186 2818 3226 a
2837 3142 3212 3230 ‘do'minu'men
3242 3142 3537 3230 Galliciano

238 3249 562 3304 contemnit.

317 3373 342 3440 ξ
369 3365 461 3440 έΕ.
498 3366 725 3440 Filarius
756 3368 818 3426 Β.
848 3368 914 3426 Β.
947 3368 1104 3435 Ε.,5.
1123 3370 1187 3427 ll.
1212 3368 1500 3440 Filagn'us.

312 3434 342 3472 ι)
374 3435 564 3511 Repeti
592 3439 842 3511 videntur
898 3434 1113 3495 nomina
1162 3434 1414 3511 Florentii
1444 3450 1500 3495 et
1523 3438 1825 3511 Cypriani:

238 3508 591 3575 quamobrem
619 3509 900 3566 duodecim
923 3511 1205 3582 episcopos
1230 3511 1352 3567 huic
1372 3508 1679 3567 interfuisse
1698 3525 1829 3567 con-

1943 3256 2198 3329 episcOpo
2227 3259 2478 3314 consensi
2507 3270 2558 3313 et
2588 3259 2903 3332 subscripsi.

1938 3372 2060 3449 cilia
2089 3389 2161 3431 ex
2190 3374 2656 3449 A_._Codice_recte
2693 3373 2944 3449 diximus,
2976 3380 3243 3449 quamvis
3281 3362 3533 3449 quatuOr-

1940 3444 2113 3500 decim
2144 3444 2376 3501 adiuisse
2402 3445 2715 3515 scripserint
2742 3446 2935 3516 reliqui
2964 3444 3217 3503 codices.

255 3642 3519 3693 Μ

1744 3758 2039 3830 XXIV

1105 3924 1772 4016 CONCILIUM
1850 3925 2639 4011 VALENTINUM

244 4106 494 4150 [IGINTI
546 4103 984 4149 EPISCOPORCM
1016 4130 1033 4161 ,
1081 4103 1373 4146 HABITUM
1420 4102 1557 4144 EBA
1606 4102 1857 4146 CCCCXII

1966 4102 2281 4145 GRATIANO
2324 4102 2403 4144 ΕΤ
2470 4101 2965 4146 νΑιεΝτιΝιΔκο.
2999 4104 3537 4161 lﬂPBlATORlBUS.

405 4185 524 4227 suo
568 4185 673 4227 ore
718 4184 781 4226 tv
826 4181 968 4227 Inus
1014 4182 1253 4239 muas,
1297 4181 1618 4225 ensrtmo
1660 4182 1896 4225 rsnrro
1945 4182 2024 4223 ur
2071 4182 2331 4234 EQUITIO
2374 4163 2514 4240 [E.,
2547 4164 2612 4239 3,
2642 4168 2929 4242 onmno]
2971 4183 3377 4230 consumens.

318 4285 691 4343 Dilectissimis
721 4285 975 4341 fratribus
1009 4301 1104 4357 per
1136 4286 1337 4343 Gallias
1357 4294 1413 4342 et
1441 4287 1677 4357 quinque
1710 4302 1827 4356 pro-
1866 4293 1913 4353 ι)
1938 4296 2085 4342 certe
2110 4300 2213 4342 non
2236 4288 2354 4343 sine
2382 4287 2696 4342 verecundia
2746 4301 2932 4343 eorum
2992 4304 3128 4360 quos
3153 4305 3313 4348 causa
3363 4259 3541 4348 conti-

242 4378 449 4432 vincias
475 4376 784 4433 constitutis
834 4376 1101 4448 episcopis
1146 4377 1427 4450 Fiegadius
1455 4386 1480 4414 δ
1540 4378 1841 4443 Eumerius,

244 4468 575 4534 Florentius,
624 4470 915 4538 Artemius,
948 4468 1094 4542 [Α.
1131 4468 1469 4541 Anthemius]
1500 4468 1842 4537 Emilianus,

242 4562 441 4626 Britto,
469 4561 676 4629 Justus,
711 4561 1023 4633 Euphodius
1053 4561 1200 4633 [A3,
1234 4561 1593 4633 Euphrodius.
1644 4559 1710 4627 υ,
1741 4560 1847 4615 Ευ-

244 4651 468 4723 fomius]
503 4653 862 4723 Rhodamius,
915 4655 1164 4721 Eortius,
1223 4654 1437 4719 Cretus,
1488 4651 1844 4719 Concordiae,

242 4744 620 4812 Constantius,
677 4748 891 4813 l’aulus.
939 4747 1264 4815 Antherius,
1317 4747 1497 4813 Felix,
1541 4745 1844 4813 Neoterius,

248 4839 524 4904 l'rbanus,
546 4839 850 4909 Simplicius
880 4851 933 4896 et
959 4839 1269 4909 Vincentius
1296 4838 1537 4911 episc0pi
1564 4839 1615 4894 in
1667 4836 1848 4894 Domi-

249 4948 322 4985 no
353 4930 610 4988 salutem.
645 4933 950 4989 Transactis
980 4914 1278 4993 Valentiam
1299 4934 1550 4989 omnibus
1580 4942 1635 4989 et
1674 4932 1727 4988 in
1752 4933 1847 4988 Dei

255 5019 475 5073 nomine
539 5019 590 5072 in
643 5026 783 5074 statu
834 5020 1043 5077 meliori
1097 5020 1413 5093 compositis
1467 5035 1587 5089 quae
1642 5019 1853 5074 fuerant

250 5122 433 5181 empta
454 5126 614 5166 causa
662 5111 1273 5182 discidii,quorumtlam
1316 5113 1416 5170 fuit
1442 5122 1650 5183 patrum
1705 5113 1853 5168 utilis

249 5216 307 5258 et
328 5203 577 5274 religiosa
599 5206 892 5277 suggestio,
918 5208 1315 5267 retractandum
1343 5209 1504 5264 etiam
1534 5210 1601 5264 de
1632 5208 1714 5263 his
1736 5224 1853 5277 que

251 5311 359 5353 nec
390 5295 632 5364 recipere
662 5312 946 5368 possumus
974 5299 1043 5355 ob
1073 5298 1326 5354 Ecclesire
1368 5299 1725 5362 sanctitatem,
1758 5312 1856 5351 nec.

255 5394 441 5440 tamen
497 5395 762 5457 usurpatae
821 5388 1225 5445 consuetudinis
1267 5403 1423 5444 causa
1451 5389 1726 5443 damnare.
1783 5387 1854 5440 Ita

251 5475 403 5534 enim
435 5491 527 5545 per
550 5492 740 5537 omnes
772 5480 1038 5537 Ecclesias
1069 5480 1332 5551 ejusmodi
1357 5481 1607 5535 vitiorum
1637 5494 1855 5548 germen

254 5567 584 5638 'molevit,ut
603 5570 670 5627 ad
717 5572 871 5643 plena
900 5573 1136 5630 remedia
1163 5589 1267 5629 non
1293 5573 1462 5630 facilis
1487 5574 1556 5629 sit
1585 5586 1855 5636 recursus,

1945 4380 2022 4449 git
2054 4398 2065 4431 :
2091 4379 2344 4449 quocirca
2374 4377 2565 4435 fratres
2592 4379 2784 4435 librato
2808 4380 2899 4435 diu
2936 4381 3318 4455 moderatoque
3360 4385 3545 4440 consi~

1948 4470 2019 4526 lio
2060 4486 2122 4527 ea
2171 4472 2391 4527 cautela:
2423 4471 2562 4528 ratio
2608 4482 2815 4529 servata
2864 4481 2970 4541 est,
3023 4491 3145 4547 quia
3190 4487 3243 4532 et
3296 4478 3544 4533 scandala

1948 4564 2288 4622 submoveret
2314 4573 2369 4621 et
2393 4567 2730 4623 sanctitatem
2765 4566 3021 4624 Ecclesia:
3049 4570 3364 4628 custodiret.

2194 4680 2354 4751 207
2387 4679 2427 4737 l.
2456 4679 2532 4734 De
2560 4681 2775 4751 digamis
2803 4697 2866 4735 ne
2899 4692 3274 4737 consecrentur.

2022 4770 2174 4827 Sedit
2202 4770 2381 4840 igitur,
2433 4770 2697 4827 neminem
2732 4782 2855 4841 post
2900 4774 3036 4829 hanc
3093 4773 3377 4844 synodum,
3437 4789 3544 4844 qua

1952 4860 2211 4928 ejusmodi
2259 4859 2465 4915 illicitis
2506 4861 2588 4915 vel
2619 4874 2741 4915 sero
2791 4861 3141 4927 succurritur,
3190 4860 3433 4933 digamos
3462 4875 3553 4916 ant

1954 4951 2374 5021 internuptarum
2418 4952 2639 5007 maritos
2679 4951 2919 5006 ordinari
2963 4954 3187 5009 clericos
3234 4968 3420 5022 posse;
3454 4968 3552 5003 nec

1955 5044 2330 5113 requirendum
2377 5055 2627 5099 utrumne
2687 5044 2881 5099 initiati
2924 5043 3274 5099 sacramentis
3324 5042 3552 5106 divinis,

1953 5150 2090 5189 anne
2112 5135 2354 5191 Gentiles
2384 5134 2484 5191 hac
2507 5150 2567 5192 se
2596 5134 2790 5189 infelici
2834 5145 2980 5190 sorte
3024 5131 3342 5188 necessitate
3370 5144 3550 5184 macu-

1958 5226 2135 5279 larint.

1957 5317 2017 5370 ll.
2055 5316 2123 5371 Ut
2150 5316 2257 5370 Deo
2275 5324 2389 5371 vota
2417 5315 2556 5387 [Ᾰξη
2583 5314 2785 5386 devota]
2810 5316 2853 5367 si
2864 5313 3191 5387 rmaritaverit
3219 5315 3294 5368 vel
3331 5314 3553 5368 macha-

2337 5386 2483 5455 νει-ιι,
2507 5386 2810 5455 paenitentia:
2837 5386 3123 5455 deputetur.

2034 5478 2106 5532 De
2141 5478 2328 5548 puellis
2358 5493 2484 5533 vero
2528 5494 2647 5546 qute
2687 5493 2745 5533 se
2788 5479 3057 5544 voverint,
3114 5478 3160 5533 si
3189 5477 3256 5534 ad
3313 5486 3581 5535 terrenas.»

1961 5572 2171 5641 nuptias
2199 5580 2387 5639 sponte
2417 5570 2746 5637 transierint,
2780 5571 2831 5628 id
2860 5570 3265 5629 custodiendum
3312 5585 3437 5629 esse
3465 5569 3589 5630 dtt~~

331 5758 355 5789 ι
388 5748 470 5802 Ex
500 5746 615 5817 ΑΕ..
641 5748 697 5805 Β.
727 5751 815 5821 IL,
844 5753 905 5808 Ε.
937 5752 1015 5819 3.,
1050 5753 1113 5809 Τ.
1144 5754 1191 5817 l,
1225 5751 1287 5808 υ.
1339 5751 1395 5808 In
1417 5750 1482 5807 Α.
1512 5759 1566 5807 et
1594 5749 1853 5822 reliquis:

1968 5751 2137 5805 adius.
2167 5750 2218 5804 In
2256 5751 2312 5807 Τ.
2345 5752 2398 5819 2,
2434 5751 2691 5825 Frgntius.
