4060 6184
467 327 572 386 sn

1170 307 1549 368 COLLECTIU
1589 300 1920 359 CANONUM
1963 299 2022 355 S.
2067 293 2343 351 ISIDORO
2384 289 2649 347 HISPAL.
2693 284 3053 346 ASCRIPTA.

3668 274 3773 330 248

469 446 758 508 crevimus,
782 446 839 491 ut
861 429 1173 505 pteuitentia
1202 428 1284 482 his
1314 439 1414 479 nec
1452 422 1632 477 statim
1658 418 1830 478 detur.
1865 425 1920 471 et
1948 430 2067 469 cum
2104 420 2147 476 Α
2176 411 2277 467 sibi
2309 408 2469 463 fuerit
2504 406 2691 462 mortis
2714 420 2873 459 causa
2923 402 3095 472 major
3138 395 3403 453 homicida
3446 392 3535 449 sit.
3588 392 3775 448 Divina

2205 505 2215 508 -
2513 500 2525 508 .
2647 507 2651 508 ,
2982 504 2992 508 -
3054 492 3142 508 ιο-.
3207 484 3532 508 Δει-...ε,--ῑ....2
3564 487 3750 508 ’.ειμι-ΛΔ

472 539 595 596 data
635 532 814 599 fuerit,
848 530 949 584 nisi
982 527 1136 596 plene
1180 516 1539 576 satisfecerint
1570 515 1698 580 Deo,
1723 514 1774 565 in
1808 518 2063 575 quantum

472 627 607 683 ratio
630 594 935 694 poposcerit
969 594 1152 671 earum
1208 608 1355 683 [1E.,
1389 605 1527 673 BIL,
1561 603 1627 660 Ε.
1650 606 1705 669 ’5,
1728 594 2065 667 earumdem]

390 758 393 759 ν
469 716 778 776 communio
801 711 1099 768 diﬂ'eratur.

473 814 562 869 lli.
592 810 659 868 Ut
681 808 769 880 qui
786 802 1027 873 baptizati
1043 798 1185 854 idola
1208 796 1381 880 colunt
1404 792 1480 880 uel
1505 793 1695 846 incesto
1723 786 1909 859 polluti
1925 792 2068 851 sunt,

993 880 1146 941 agant
1193 876 1553 936 paenitentiam.

545 975 701 1030 Circa
739 983 922 1027 eorum
954 979 1082 1020 vero
1128 974 1403 1031 personas,
1434 957 1521 1025 qui
1553 970 1612 1009 se
1666 961 1781 1021 post
1827 964 1989 1004 unum
2021 955 2074 1001 et

476 1077 718 1124 sanctum
746 1063 1013 1117 lavacrum
1046 1055 1131 1110 vel
1164 1051 1399 1123 profanis
1442 1043 1720 1103 Sacrificiis
1768 1042 2073 1095 dtemnnutn

478 1162 561 1215 vel
588 1159 787 1213 incesta
836 1151 1101 1207 lavatione
1128 1143 1432 1213 pollueriut,
1509 1153 1627 1194 eam
1685 1148 1928 1189 censurae
1961 1130 2077 1182 lor-

480 1266 622 1306 mam
649 1248 901 1303 duximus
926 1251 1046 1297 esse
1075 1235 1415 1299 servandam,
1448 1241 1504 1286 ut
1529 1230 1609 1283 his
1635 1229 1786 1297 juxta
1814 1222 2078 1295 synodum

480 1343 749 1401 Nicenam
801 1332 1181 1395 satisfa'ctionis
1235 1329 1448 1400 quidem
1479 1322 1652 1377 aditus
1684 1335 1788 1375 non
1834 1324 2078 1385 negetur,

482 1451 581 1492 nec
612 1431 911 1489 infelicibus
937 1425 1188 1494 lacrymis
1218 1420 1299 1474 vel
1326 1416 1497 1472 solatii
1541 1413 1706 1483 janua
1750 1405 2081 1477 desperatio-

485 1543 554 1584 ne
607 1524 927 1585 claudatur,
978 1514 1149 1570 acturi
1196 1506 1565 1581 pmniteutiam
1617 1514 1788 1570 usque
1841 1497 1894 1550 in
1941 1494 2084 1549 diem

486 1618 694 1683 mortis,
722 1630 825 1669 non
848 1612 966 1666 sine
992 1624 1087 1677 spe
1128 1616 1304 1658 tamen
1338 1594 1686 1659 remissionis,
1715 1605 1874 1662 quam
1928 1588 1995 1641 ab
2023 1600 2087 1639 eo

489 1712 648 1780 plene
673 1678 892 1775 sperare
918 1698 1190 1753 debebunt
1238 1694 1328 1763 qui
1351 1690 1440 1761 jus
1466 1689 1582 1756 ejus
1612 1695 1665 1741 et
1696 1684 1844 1738 solus
1885 1678 2091 1735 obtinet

2170 505 2340 573 pietas
2371 514 2465 554 vos
2513 500 2563 553 in
2591 507 2851 553 aeternum
2879 492 3169 556 custodiat,
3198 484 3536 544 dilectissimi
3564 487 3776 538 fratres.

2452 590 2585 645 Item
2606 590 2710 644 alia
2736 588 3034 643 earumdem
3055 598 3273 654 quorum
3299 590 3485 646 supra.

2242 685 2612 742 Dilectissimis
2643 683 2894 736 fratribus
2945 679 3091 734 clero
3120 684 3177 732 et
3224 673 3361 742 plebi
3391 668 3640 725 ecclesia:
3673 667 3777 720 Fo-

2173 776 2477 849 rojuliensis
2526 773 2828 844 Faegadius,
2884 767 3186 831 Eumerius,
3239 760 3566 825 Florentius,
3623 758 3782 811 Arte-

2175 873 2333 935 mius,
2367 866 2710 931 £milianus,
2742 864 2931 928 Britto,
2964 861 3172 924 Justus,
3200 853 3530 922 Eupltodius,
3560 848 3775 903 Rhoda-

2176 963 2337 1026 mins,
2372 960 2608 1021 Eortius,
2645 956 3013 1015 Constantius,
3047 949 3259 1010 Paulus,
3287 945 3511 1007 Cretus,
3544 941 3785 996 Concor-

2176 1058 2318 1120 dius,
2349 1053 2655 1116 Antltcrius,
2680 1049 2980 1111 N-oterins,
3009 1045 3261 1106 Nicetius,
3307 1042 3573 1103 Urbanus,
3610 1033 3784 1096 Felix,

2180 1148 2486 1219 Simplicius
2515 1156 2571 1201 et
2601 1142 2908 1199 Vincentius
2933 1138 3170 1209 episcopi
3202 1137 3254 1191 in
3286 1133 3511 1188 Domino
3533 1129 3784 1185 salutem.

2252 1259 2508 1329 Quamvis
2531 1274 2592 1311 ea
2617 1255 2935 1311 Benedictus
2957 1250 3121 1306 frater
3141 1250 3209 1303 de
3222 1243 3545 1302 sanctissimi
3567 1238 3789 1305 Acccpti

2185 1365 2410 1424 persona
2441 1347 2764 1420 suggesserit
2791 1358 2909 1416 qua)
2940 1340 3187 1413 prudenti
3237 1347 3291 1393 et
3332 1335 3640 1391 Christiano
3672 1332 3786 1383 viro

2185 1422 2341 1516 digna
2373 1444 2505 1509 sint,
2534 1455 2763 1510 cumque
2807 1453 2913 1509 quo
2963 1433 3143 1492 studio
3181 1432 3420 1486 omnium
3459 1437 3691 1481 vestrum
3721 1422 3790 1475 ad

2190 1539 2450 1593 honorem
2476 1533 2763 1589 sacerdotii
2798 1537 3049 1601 poscatur
3086 1524 3355 1589 edixerit;
3387 1530 3559 1575 tamen
3584 1519 3709 1587 quia
3735 1516 3791 1568 in

2188 1628 2397 1700 synodo
2434 1626 2543 1697 jam
2576 1624 2792 1680 sederat
2820 1620 3184 1676 ordinationes
3228 1612 3530 1685 ltujusmodi
3578 1610 3801 1664 submo-

2193 1718 2395 1774 vendas
2422 1732 2541 1787 qua:
2570 1716 2686 1770 sine
2717 1712 2971 1769 seandalo
3020 1724 3142 1766 esse
3172 1723 3276 1762 non
3306 1705 3532 1776 possint,
3564 1716 3669 1755 non
3700 1716 3801 1768 po-

488 1812 545 1859 e"
574 1810 678 1856 um
725 1797 880 1852 dives
931 1788 1335 1877 misericordiae,
1366 1793 1448 1838 es"
1494 1788 1549 1877 Ψ
1602 1792 1761 1875 nemo.
1810 1776 2089 1877 “Sp???”
2123 1795 2170 1854 Β
2203 1812 2399 1866 tuimus
2430 1776 2799 1877 prmstare.uni
2831 1803 2973 1874 quod
3015 1802 3225 1856 caeteris
3257 1797 3579 1868 negabatur.
3644 1792 3707 1847 Et
3739 1790 3806 1844 li-

494 1894 632 1948 Deus
656 1890 795 1944 enim
840 1892 1063 1939 mortem
1112 1894 1217 1933 non
1242 1876 1365 1931 fecit
1388 1887 1489 1928 nec
1510 1870 1719 1924 Iactatur
1749 1865 1800 1919 in
1833 1861 2091 1933 perditio-

495 2002 560 2037 ne
591 1981 853 2037 vivorum.

497 2073 582 2130 IV.
617 2072 681 2128 Ut
705 2068 941 2126 sacerdos
970 2066 1045 2120 vel
1076 2064 1242 2125 levita,
1265 2061 1308 2114 si
1330 2059 1392 2112 de
1418 2073 1471 2111 se
1500 2054 1689 2108 crimen
1732 2049 1939 2121 aliquod
1969 2061 2093 2099 con-

1049 2136 1240 2204 ﬁtetur,
1272 2132 1578 2198 deponatur.

568 2236 674 2290 Nec
720 2233 872 2296 illud,
919 2228 1131 2288 fratres,
1181 2221 1417 2276 srribere
1467 2217 1699 2270 alienum
1732 2210 1798 2264 ab
1831 2206 2086 2264 Ecclesia:

498 2326 724 2382 utilitate
750 2321 1077 2385 censuimus,
1112 2324 1169 2369 ut
1191 2311 1420 2377 sciretis,
1471 2307 1772 2377 quicunque
1802 2298 1959 2370 208
1990 2296 2091 2349 sub

501 2416 840 2472 ordinatione
862 2412 943 2467 vel
965 2410 1304 2469 diaconatus,
1330 2401 1412 2454 vel
1433 2392 1771 2469 presbyterii,
1788 2393 1869 2444 vel
1888 2387 2093 2457 episco-

505 2520 679 2579 patus,
725 2505 937 2561 mortali
967 2501 1192 2556 crimine
1220 2495 1457 2551 dixerint
1506 2506 1566 2544 sc
1612 2501 1734 2542 esse
1785 2482 2037 2551 pollutos,
2067 2495 2096 2531 a

504 2598 824 2668 supradictis
852 2590 1276 2650 ordinationibus
1300 2580 1721 2642 submovendos,
1772 2588 1893 2629 reos
1948 2572 2098 2625 scili-

504 2702 591 2748 θυι
619 2692 699 2744 vel
722 2691 831 2745 veri
863 2685 1200 2742 confessione
1228 2679 1307 2733 vel
1339 2673 1616 2732 mendacio
1666 2667 1914 2724 falsitatis
1948 2682 1962 2721 :
2011 2680 2107 2720 ne-

507 2803 609 2858 que
637 2786 778 2841 enim
808 2782 1010 2838 absolvi
1038 2787 1211 2849 potest
1237 2775 1287 2831 in
1322 2774 1425 2837 bis,
1460 2769 1558 2824 nisi
1590 2770 1643 2824 in
1690 2781 1747 2821 se
1788 2765 1934 2833 ipsos
1963 2762 2111 2816 dixe-

510 2878 639 2940 rint,
670 2891 773 2947 quo
802 2871 1004 2927 dictum
1037 2871 1088 2923 in
1120 2869 1254 2921 alios
1294 2862 1594 2934 puniretur,
1625 2870 1745 2910 cum
1800 2851 1975 2905 onmis
2021 2848 2109 2916 qui

2195 1912 2280 1957 cet
2293 1916 2397 1955 non
2411 1902 2780 1969 ignoraremus
2794 1895 2992 1949 multos
3008 1891 3326 1947 verecundia
3343 1898 3396 1943 et
3410 1883 3690 1955 nonnullos
3705 1896 3806 1936 su-

2195 1992 2453 2063 scipiendi
2480 1987 2766 2046 sacerdotii
2794 1997 2936 2041 metu
2971 1984 3228 2054 trepidos,
3274 1995 3394 2052 quae
3440 1979 3623 2047 utique
3645 1976 3807 2043 signa

2200 2093 2322 2139 sunt
2350 2082 2668 2148 sanctitatis,
2720 2079 2845 2134 falsa
2878 2077 2932 2131 in
2972 2091 3032 2131 se
3078 2072 3355 2143 rejieiendi
3402 2070 3619 2124 honoris
3642 2081 3813 2121 causa

2188 2177 2430 2232 d'xisse:
2487 2183 2662 2228 tamen
2712 2171 2831 2241 quia
2859 2167 3097 2224 omnium
3138 2166 3247 2219 fere
3294 2165 3358 2215 ad
3416 2174 3482 2215 ea
3525 2174 3644 2227 qua:
3679 2160 3813 2208 sunt

2196 2269 2374 2339 pejora
2403 2265 2637 2335 proclive
2677 2263 2937 2333 judicium
2965 2268 3067 2323 est,
3113 2264 3168 2311 et
3198 2252 3450 2308 materies
3480 2246 3815 2316 disputatio-

2199 2379 2326 2417 num
2352 2358 2745 2415 obtrectatione
2773 2354 3113 2409 sacerdotum
3150 2348 3240 2402 Dei
3263 2342 3546 2415 quaeritur,
3578 2338 3717 2393 sedit
3755 2338 3818 2393 in

2199 2452 2425 2525 synodo,
2453 2463 2509 2503 ut
2539 2450 2776 2521 quisquis
2802 2446 2870 2502 de
2899 2460 2957 2499 se
2983 2442 3064 2498 vel
3094 2454 3218 2495 vera
3256 2437 3340 2492 vel
3389 2434 3517 2489 falsa
3560 2431 3815 2491 dixisset,

2206 2546 2341 2600 tides
2368 2543 2417 2597 ei
2459 2556 2616 2612 quam
2663 2538 2887 2593 suismet
2924 2529 3246 2590 teStimoniis
3270 2526 3613 2584 confirmaret
3642 2519 3819 2573 habe-

2211 2652 2378 2702 retur,
2419 2634 2816 2693 submovendus
2872 2630 3116 2700 protinus
3144 2627 3210 2680 ab
3233 2639 3298 2679 eo
3352 2619 3516 2691 gradu
3561 2630 3717 2686 quem
3750 2614 3821 2667 ab

2211 2731 2355 2784 οηιηὶ
2380 2727 2634 2783 scandan
2674 2725 2896 2778 liberum
2929 2736 3048 2778 esse
3074 2718 3217 2774 licet.
3244 2715 3431 2770 Divina
3449 2724 3544 2765 vos
3566 2709 3739 2777 pietas
3769 2707 3822 2759 in

2216 2830 2476 2876 mternum
2514 2824 2777 2888 protegat.

2049 3092 2276 3173 XXV

1351 3246 2021 3343 CONCILIUM
2095 3239 2343 3324 TAU
2362 3230 2929 3319 RI'I‘ANUM.

599 3414 875 3471 Fratribus
904 3400 1269 3464 dilectissimis
1297 3412 1389 3468 per
1419 3393 1623 3451 Gallias
1651 3399 1706 3445 et
1736 3386 1970 3457 quinque
2002 3394 2125 3449 pro-
2153 3381 2200 3436 (ς
2234 3376 2379 3428 tione
2431 3371 2576 3441 pacis
2626 3379 2786 3438 atque
2826 3368 3152 3430 concordim,
3199 3375 3253 3418 ut
3302 3379 3408 3419 non
3464 3374 3572 3418 tam
3615 3362 3827 3418 civitati

522 3509 727 3563 vincias
775 3499 1079 3557 constitutis
1126 3500 1308 3547 sancta
1341 3485 1575 3560 synodus
1629 3495 1748 3549 quae
1792 3473 2037 3531 convenit
2071 3471 2123 3523 in

532 3601 664 3657 urbe
694 3590 1127 3651 Tant-inantinm.

597 3685 959 3763 209-210
983 3682 1113 3736 Cum
1156 3676 1221 3730 ad
1265 3670 1676 3743 postulat'onem
1727 3656 2122 3730 provinciarum

537 3785 722 3841 Gallia!
765 3779 1077 3834 sacerdotes
1120 3765 1563 3825 convenissemus
1606 3756 1671 3811 ad
1718 3749 2126 3809 Taurinantinm

535 3877 805 3933 civitatem
851 3877 1008 3937 atque
1043 3865 1096 3919 in
1145 3858 1386 3930 ejusdem
1435 3851 1584 3907 urbis
1636 3844 1863 3901 ecclesia
1906 3850 2128 3894 auctore

535 3969 620 4026 vel
648 3965 823 4022 medio
865 3960 1092 4017 Domino
1122 3955 1458 4012 sederemus,
1494 3943 1691 3999 auditis
1717 3933 2130 4007 allegationibus

539 4061 940 4129 episcoporum,
988 4062 1175 4106 eorum
1214 4039 1462 4099 videlicet
1492 4036 1579 4105 qui
1632 4032 1699 4086 ad
1726 4029 1989 4099 judicium
2035 4036 2129 4075 no-

551 4165 719 4209 strurn
765 4148 977 4203 fuerant
1020 4135 1352 4209 congregati,
1384 4133 1452 4186 de
1493 4126 1716 4198 singulis
1756 4119 1986 4190 negotiis
2018 4121 2133 4168 hzec

550 4241 835 4301 sententia
878 4238 1049 4291 forma
1076 4227 1337 4300 processit
1360 4223 1411 4289 δ,
1441 4223 1514 4276 ita
1558 4228 1616 4272 ut
1658 4213 1803 4285 pacis
1842 4215 1981 4267 bono
2026 4217 2135 4262 sta-

555 4423 714 4483 nibus
733 4418 1081 4477 adhiberetur
1107 4412 1255 4466 utilis
1286 4405 1572 4463 medicina.

550 4537 592 4594 Ι.
649 4535 717 4592 Ut
770 4532 859 4603 qui
909 4523 1267 4603 approbaverit
1310 4534 1475 4600 suam.
1510 4516 1764 4569 civitatem
1817 4505 2138 4574 metrojzolim

999 4599 1178 4669 fuisse,
1202 4600 1367 4649 teneat
1395 4589 1694 4659 primatum.

623 4698 754 4751 Nam
796 4711 917 4751 cum
966 4690 1139 4763 primo
1183 4685 1422 4742 omnium
1478 4681 1559 4734 vir
1602 4686 1824 4733 sanctus
1880 4670 2139 4727 Proculus

559 4786 910 4845 Massiliensis
938 4784 1225 4851 episcopus
1253 4774 1483 4831 civitatis
1503 4786 1564 4828 se
1591 4779 1842 4838 tanquam
1870 4774 2135 4829 metropo-

554 4880 780 4937 litanum
813 4875 1079 4936 ecclesiis,
1122 4886 1240 4937 qua:
1278 4867 1331 4922 in
1377 4863 1609 4920 secunda
1636 4857 1905 4928 provincia
1940 4853 2143 4908 Narbo-

557 4966 711 5032 nensi
737 4964 921 5037 posita:
966 4954 1307 5020 v'debantur,
1334 4955 1541 5009 diceret
1568 4961 1800 5017 praeesse
1828 4944 2027 4997 debere
2057 4951 2138 4992 at-

558 5072 663 5130 que
688 5074 781 5129 per
812 5070 871 5110 se
900 5052 1265 5107 ordinationes
1294 5049 1346 5101 in
1378 5052 1669 5100 memorata
1703 5034 1972 5106 provincia
1996 5048 2143 5085 siun-

564 5168 770 5210 morum
805 5148 918 5204 lleri
949 5143 1314 5204 sacerdotum,
1345 5135 1612 5206 siquidem
1633 5136 1900 5185 assereret
1926 5124 2143 5180 easdem

562 5247 830 5300 ecclesias
868 5242 953 5298 vel
1003 5254 1130 5295 snas
1169 5233 1449 5307 parochias
1479 5229 1671 5290 fuisse,
1703 5224 1785 5278 vel
1819 5222 2101 5291 episcopos
2124 5234 2150 5267 a

572 5353 635 5392 se
664 5338 715 5389 in
759 5335 948 5389 iisdem
980 5331 1223 5388 ecclesiis
1253 5328 1557 5387 ordinatos;
1588 5340 1617 5375 e
1663 5318 1881 5373 diverso
1910 5314 2151 5379 eiusdem

569 5431 798 5501 regionis
841 5428 1078 5498 apisc0pi
1122 5423 1267 5479 aliud
1308 5420 1654 5475 defensarent
1704 5427 1767 5467 ac
1802 5410 1902 5464 sibi
1933 5406 2156 5460 alterius

572 5524 857 5592 provincite
883 5518 1220 5575 sacerdotem
1246 5529 1479 5583 prmesse
1506 5526 1609 5563 non
1640 5506 1839 5561 debere
1862 5498 2151 5556 contende-

575 5622 695 5668 tent
719 5632 732 5667 :
760 5615 811 5669 id
838 5610 1133 5681 iudicatum
1163 5616 1246 5660 est
1284 5621 1313 5657 a
1343 5617 1524 5658 sancta
1572 5600 1780 5670 synodo
1826 5592 2153 5657 centempla-

2228 3465 2365 3533 ejus,
2401 3478 2520 3532 (lita:
2549 3462 2599 3513 in
2644 3461 2815 3513 altera
2846 3455 3115 3526 provincia
3162 3454 3265 3509 sita
3304 3463 3389 3509 est
3417 3451 3571 3521 cuius
3608 3449 3824 3519 magni-

2231 3556 2467 3608 tudinem
2499 3550 2711 3620 penitus
2740 3550 3090 3615 nesciremus,
3129 3560 3288 3616 quant
3328 3544 3427 3614 ipsi
3477 3541 3827 3611 potissimum

2229 3645 2553 3707 deferretur,
2597 3650 2654 3695 ut
2686 3648 2934 3708 tanquam
2967 3648 3116 3705 pater
3149 3635 3271 3690 filiis
3316 3634 3519 3687 honore
3562 3632 3830 3700 primatus

2230 3738 2526 3791 assisteret.
2570 3733 2795 3802 Dignum
2825 3731 2966 3784 enim
3002 3729 3171 3782 visum
3213 3735 3295 3782 est
3343 3735 3399 3781 ut
3435 3724 3680 3794 quamvis
3708 3724 3831 3777 uni-

2233 3838 2340 3883 tate
2371 3825 2659 3895 provincize
2698 3823 2922 3877 minime
2953 3831 3285 3885 tenerentur,
3320 3818 3830 3885 constringerentur

2236 3927 2411 3972 tamen
2444 3914 2655 3985 pietatis
2684 3911 2900 3967 ali’ectu.
2938 3910 3063 3965 lltec
3097 3910 3196 3979 ipsi
3239 3916 3442 3962 tantum
3477 3907 3529 3960 in
3568 3905 3712 3959 diem
3743 3904 3833 3956 vi-

2238 4023 2302 4065 tae
2332 4010 2446 4077 ejus
2477 4008 2645 4062 forma
2688 4005 3013 4067 Servabitur,
3060 4012 3115 4056 ut
3144 4001 3195 4054 in
3242 3999 3487 4054 ecclesiis
3526 3995 3829 4066 provinciae

2235 4100 2484 4158 secundm
2529 4095 2909 4161 Narbonensis,
2941 4110 3073 4164 quas
3116 4093 3197 4147 vel
3227 4106 3352 4147 suas
3392 4088 3695 4159 parochias,
3745 4085 3837 4139 vel

2236 4209 2363 4251 Suos
2395 4191 2684 4259 discipulos
2728 4188 2892 4243 fuisse
2937 4184 3242 4241 constiterit
3292 4182 3592 4247 ordinatos,
3630 4179 3839 4247 prima-

2240 4305 2324 4347 tus
2348 4290 2542 4345 habeat
2569 4286 2904 4357 dignitatem.
2938 4281 3069 4336 Illud
3102 4297 3129 4334 a
3162 4279 3398 4349 partibus
3429 4274 3839 4331 observandum

2238 4386 2381 4455 quod
2426 4385 2551 4437 licet
2600 4395 2668 4435 ex
2702 4376 2972 4445 superﬂuo
3004 4388 3109 4428 non
3157 4383 3333 4425 tamen
3385 4367 3649 4423 inutiliter
3679 4379 3844 4419 como

2243 4488 2515 4541 monetur,
2564 4482 2619 4526 ut
2666 4473 2781 4540 ipse
2827 4476 3044 4523 sanctus
3093 4464 3176 4518 Pri
3201 4464 3355 4517 culus
3405 4470 3659 4529 tanquam
3713 4457 3846 4524 pius

2244 4582 2395 4642 pater
2433 4567 2851 4624 consacerdotes
2900 4574 3028 4615 suos
3066 4559 3295 4611 honoret
3340 4564 3398 4608 ut
3427 4552 3584 4615 filios,
3612 4560 3665 4602 et
3714 4564 3841 4602 me-

2246 4670 2466 4718 moratw
2521 4657 2811 4728 provinciae
2877 4652 3188 4705 sacerdotes
3247 4656 3499 4713 tanquam
3556 4642 3680 4695 boni
3742 4638 3853 4692 filii

2166 4730 2219 4792 Β
2246 4756 2495 4813 eumdem
2528 4751 2761 4806 habeant
2792 4754 2853 4802 ut
2883 4753 3177 4806 parentem,
3208 4748 3263 4793 et
3291 4738 3516 4791 invicem
3542 4734 3643 4789 sibi
3676 4731 3853 4785 exhi-

2248 4853 2413 4905 beant
2459 4842 2739 4900 charitatis
2789 4837 3069 4893 allectum.
3124 4831 3344 4898 impleto
3399 4828 3501 4880 hoc
3560 4822 3705 4893 quod
3772 4822 3861 4875 ait

2250 4943 2436 4996 beatus
2486 4933 2771 5004 Apostolus
2801 4945 2816 4983 :
2848 4927 3057 4981 Honore
3106 4933 3285 4976 mutuo
3316 4922 3696 4989 pra'venientes,
3743 4930 3863 4966 non

2248 5032 2356 5088 alta
2419 5027 2698 5093 sapientes,
2739 5021 2828 5075 sed
2908 5016 3188 5071 humilibus
3252 5009 3635 5064 consentientes.
3712 5005 3864 5058 lllu.l

2249 5119 2448 5175 deinde
2477 5117 2617 5169 inter
2646 5110 2927 5177 episcopos
2978 5105 3188 5159 urbium
3228 5097 3559 5155 Arelafensis
3599 5105 3652 5147 ct
3685 5093 3873 5148 Vien-

2264 5214 2465 5270 nensis.
2497 5208 2585 5278 qui
2614 5206 2681 5259 de
2711 5204 2969 5273 primatus
2992 5198 3197 5252 honore
3237 5192 3373 5261 apud
3405 5206 3500 5244 nos
3543 5185 3873 5249 certabant,

2263 5324 2291 5361 a
2324 5311 2507 5360 sancta
2541 5298 2749 5370 synodo
2779 5292 3057 5349 definitum
3099 5296 3200 5352 est,
3234 5297 3288 5341 ut
3321 5286 3407 5354 qui
3444 5298 3506 5337 ex
3539 5280 3619 5333 his
3652 5292 3879 5347 appro-

2264 5398 2473 5453 baverit
2519 5406 2668 5447 etiam
2703 5388 2981 5442 civitatem
3014 5396 3134 5437 esse
3181 5375 3542 5442 metropolim,
3596 5369 3641 5422 is
3685 5368 3882 5422 tutius

2266 5486 2557 5562 provinciae
2594 5472 2847 5536 honorem
2881 5476 3142 5547 primatus
3172 5471 3431 5528 obtineat,
3477 5474 3528 5520 et
3558 5463 3675 5532 ipse
3701 5460 3883 5529 juxta

2266 5560 2530 5640 canonum
2561 5584 2884 5647 prreceptunt
2932 5566 3334 5624 ordinationem
3385 5560 3579 5616 habeat
3609 5563 3886 5628 potesta-

644 5736 669 5763 ⁸
703 5726 788 5788 U.,
816 5725 1151 5777 Tauritanum
1201 5718 1456 5780 octoginta
1504 5716 1874 5788 episcoporum.
1917 5706 2005 5771 (3.,
2030 5703 2367 5771 Tatttitanunt
2408 5693 2727 5765 septuaginta
2762 5686 3137 5758 episcoporum.

636 5808 670 5834 "’
696 5784 785 5864 U.,
815 5792 1186 5865 hwcvsententia
1216 5796 1388 5841 nostra
1416 5784 1674 5854 processit.
