4060 6184
384 303 494 360 249

1417 288 1694 346 GALLI/IS
1735 285 2070 342 CONCILIA.
2116 317 2184 325 —
2227 282 2587 340 II-ECIENSE.

3566 267 3666 338 πα

392 436 521 478 tem.
564 417 724 472 Certe
763 412 830 468 a‘d
883 411 1030 481 pacis
1084 407 1355 464 vinculum
1404 409 1830 462 conservandum
1880 409 1980 460 hoc
2012 412 2055 464 Α
2089 405 2174 457 IV.
2205 405 2278 458 De
2303 405 2495 458 clericis
2526 402 2611 472 qui
2638 418 2722 466 per
2754 399 2960 481 culpam
2990 400 3052 452 ab
3076 400 3313 470 episwpo
3337 418 3432 455 suo
3465 420 3639 457 ρει-σπι

391 511 618 571 consilio
639 507 853 562 utiliore
881 504 1160 558 decretum
1198 509 1301 560 est.
1337 509 1395 553 ut
1432 501 1475 554 si
1511 501 1684 567 placet
1714 515 1982 553 memora-

394 617 564 660 tarum
593 598 813 654 urbium
855 594 1126 664 epiSCOpis
1165 605 1497 660 unaquaque
1528 590 1595 644 de
1647 590 1729 644 his
1759 590 1982 642 vicinio-

394 711 483 752 res
522 693 624 749 sibi
671 693 809 745 intra
861 685 1194 756 provinciam
1228 682 1458 737 vindicet
1501 683 1770 746 civitates,
1819 689 1981 748 atque

392 805 485 846 eas
512 785 776 844 ecclesias
826 779 1105 838 vindicet'
1131 792 1263 847 quas
1309 776 1520 845 oppidis
1571 775 1684 828 suis
1717 773 1982 841 proximas

394 879 562 951 magis
590 890 710 932 esse
739 870 1060 932 constiterit,
1095 870 1165 922 ita
1207 877 1282 930 ut,
1311 881 1581 920 memores
1611 863 1984 920 unanimitatis

393 983 552 1041 atque
571 966 900 1028 concordiae,
923 979 1027 1017 non
1050 963 1187 1016 alter
1214 960 1438 1014 alterum
1465 959 1674 1028 longius
1703 959 1804 1013 sibi
1829 973 1983 1012 usur-

395 1064 568 1136 pando
595 1060 738 1132 quod
769 1067 854 1112 est
875 1057 964 1111 alii
995 1058 1270 1126 proprium
1301 1054 1583 1122 inquietet.

467 1177 531 1233 II.
577 1174 643 1230 Ut
674 1169 901 1244 episcopi
939 1167 1027 1240 qui
1057 1175 1235 1249 contra
1275 1173 1466 1220 statuta
1493 1165 1686 1236 faciunt
1718 1165 1907 1216 honore

1049 1247 1325 1309 priventur.

467 1337 752 1395 Gestorum
787 1347 999 1400 quoque
1041 1331 1183 1384 serie
1229 1328 1492 1385 conscribi
1525 1329 1722 1397 placuit
1768 1327 1832 1382 ad
1867 1342 1984 1396 per-

397 1443 571 1499 petem
604 1427 945 1496 disciplinam
984 1422 1125 1491 quod
1155 1424 1297 1477 circa
1329 1421 1629 1484 Ortavium,
1674 1419 1981 1484 Ursionem,

402 1523 697 1590 Remigium
755 1533 818 1572 ac
859 1515 1158 1586 Tryferium
1195 1517 1474 1585 epi~copos
1520 1513 1758 1586 synodus
1801 1522 1984 1567 sancta

399 1615 652 1678 decrevit,
704 1613 792 1678 qui
826 1611 877 1662 in
919 1608 1284 1674 usurpationis
1325 1607 1609 1676 quamdam
1655 1606 1722 1660 de
1765 1605 1986 1659 ordina-

402 1710 544 1761 tione
580 1703 919 1758 sacerdotum
952 1699 1206 1754 invidiam
1237 1700 1585 1762 vocabantur,
1620 1698 1762 1768 quod
1807 1697 1987 1752 hacte-

401 1817 498 1857 nus
527 1800 614 1873 [Τ.
652 1801 703 1862 l,
747 1798 805 1860 ‘2,
856 1795 1101 1868 eatenus]
1154 1795 1239 1851 his
1271 1795 1479 1848 videtur
1509 1794 1792 1860 indultum,
1828 1803 1885 1848 ut
1919 1791 1985 1846 de
2022 1789 2064 1848 Β

402 1905 597 1950 caetero
656 1892 756 1946 hac
804 1889 1124 1945 auctoritate
1171 1887 1485 1943 commoniti
1545 1887 1675 1942 nihil
1729 1902 1989 1954 usurpare

405 1993 687 2047 conentur,
743 1981 1006 2051 siquidem
1038 1997 1097 2036 ea
1128 1997 1186 2035 se
1214 1981 1281 2034 ab
1328 1982 1425 2034 hac
1456 1995 1613 2034 causa
1647 1979 1991 2034 excusatione

405 2074 744 2132 defenderint
771 2087 873 2141 qua
904 2073 1146 2127 dicerent
1187 2071 1335 2139 prius
1367 2086 1424 2125 se
1468 2087 1571 2124 non
1601 2084 1722 2126 esse
1759 2085 1992 2124 conven-

409 2180 509 2222 tos.
545 2165 781 2220 Proinde
806 2164 1065 2234 judicavit
1093 2164 1350 2233 synodus.
1386 2173 1444 2217 ut
1473 2164 1515 2215 si
1547 2163 1665 2232 quis
1685 2177 1750 2217 ex
1784 2163 1884 2216 hoc
1917 2161 1984 2215 fe-

411 2260 546 2312 c-‘rit
576 2269 762 2312 contra
794 2263 995 2310 statuta
1029 2254 1316 2324 majorum.
1349 2254 1484 2308 sciat
1524 2255 1565 2306 is
1598 2254 1685 2323 qui
1717 2253 1992 2307 ordinatus

409 2347 566 2403 fuerit
618 2345 899 2402 sacerdotii
944 2360 1002 2400 se
1034 2344 1237 2399 honore
1281 2344 1620 2412 privandum,
1662 2351 1715 2398 et
1767 2345 1852 2398 ille
1903 2342 1992 2412 qui

415 2437 746 2492 ordinaverit
783 2438 1152 2493 auctoritatem
1186 2452 1246 2490 se
1289 2437 1340 2490 in
1373 2435 1800 2489 ordinationibus
1833 2435 1910 2488 vel
1939 2434 1992 2488 in

409 2525 654 2584 conciliis
679 2529 890 2582 minime
914 2536 1268 2582 retenturum.
1301 2525 1414 2580 Non
1438 2527 1610 2579 solum
1641 2535 1819 2579 autem
1850 2526 1992 2579 circa

408 2629 738 2675 memoratos
777 2619 1058 2688 episcopos
1089 2619 1202 2674 lucc
1232 2620 1495 2673 sententia
1530 2619 1857 2686 praevalebit,
1900 2619 1992 2673 sed

410 2720 460 2762 et
488 2710 630 2763 circa
658 2723 847 2764 ouines
875 2709 964 2778 qui
987 2709 1149 2764 simili
1181 2725 1366 2764 errore
1392 2709 1599 2778 decepti
1629 2710 1995 2766 ordinationes

408 2801 713 2872 huiusmodi
745 2803 1127 2872 perpetrarint.

505 2914 597 2970 III.
643 2913 720 2969 De
751 2916 897 2969 laicis
934 2917 1024 2985 qui
1054 2918 1104 2969 in
1136 2917 1344 2970 clericos
1369 2917 1560 2968 crimen
1592 2915 1887 2970 intendunt.

480 3027 553 3082 De
594 3027 837 3082 Palladio
882 3037 1060 3081 autem
1109 3028 1270 3094 laico,
1322 3029 1408 3098 qui
1453 3028 1631 3097 Spano
1683 3028 1997 3100 presbytero

407 3135 512 3174 non
557 3121 674 3176 leve
716 3121 919 3176 crimen
977 3121 1306 3188 intenderat,
1363 3123 1503 3176 inter
1534 3136 1668 3190 quos
1714 3123 1998 3190 episcopus
2029 3150 2074 3211 Ο

407 3213 683 3286 Tryferius
720 3215 961 3284 ejusdem
1011 3215 1253 3270 criminis
1294 3230 1482 3268 causas
1522 3231 1580 3269 se
1624 3215 1998 3285 recogitetis-se

411 3315 637 3361 testatus
663 3315 768 3374 est,
804 3306 853 3361 id
883 3307 1096 3362 concilii
1143 3307 1385 3361 decrevit
1414 3306 1725 3370 auctoritas,
1753 3315 1810 3359 ut
1857 3306 1996 3359 idem

414 3396 682 3452 l'alladius
704 3397 756 3452 in
777 3397 964 3452 eadem
986 3397 1249 3452 sententia
1274 3405 1536 3461 maneret,
1560 3411 1661 3464 qua
1685 3396 2000 3464 cognitionis

411 3495 651 3556 tempore
701 3503 730 3542 a
776 3487 1026 3558 Tryferio
1075 3489 1247 3542 fuerat
1275 3487 1557 3541 sacerdote
1609 3486 1912 3554 mulctatus,
1949 3487 1998 3539 in

412 3577 512 3633 hoc
543 3580 592 3632 ei
624 3578 964 3635 humanitate
994 3587 1204 3635 servata
1232 3579 1464 3642 concilii,
1503 3586 1558 3633 ut
1590 3577 1702 3649 ipse
1733 3578 2001 3650 'I‘ryferius

417 3670 467 3722 in
500 3678 761 3737 potestate
794 3670 990 3726 habeat
1019 3672 1231 3741 quando
1257 3671 1484 3726 voluerit
1515 3672 1562 3726 ci
1608 3671 1868 3726 relaxare.

493 3789 515 3815 ⁸
537 3781 604 3834 AS
637 3822 653 3846 ,
685 3783 743 3835 Β.
773 3783 864 3846 IL,
897 3783 986 3843 U..
1020 3785 1202 3838 visitet.

2664 472 3002 523 municantur.

2156 569 2351 622 Statuit
2391 581 2602 633 quoque
2634 564 2698 616 de
2733 563 3087 630 lixuperautio
3129 561 3444 630 presbytero
3485 573 3669 615 sant-ta

2087 657 2341 728 synodus,
2376 655 2463 725 qui
2497 654 2546 708 in
2581 651 2827 722 iujuriam
2858 651 3025 704 sancti
3057 649 3292 718 episcopi
3326 654 3408 703 sui
3442 649 3672 720 'I‘iyferit

2086 749 2263 818 gravia
2316 758 2367 802 et
2417 746 2582 799 multa
2639 750 2981 812 congesserat
3032 751 3084 796 et
3144 741 3510 808 frequentibus
3551 758 3670 794 cum

2086 837 2424 892 contumeliis
2457 843 2794 904 provocarat,
2828 834 2897 886 ita
2941 840 2998 885 ut
3041 832 3292 886 nonnulla
3327 831 3511 886 fecerit
3543 849 3673 886 con-

2088 941 2165 984 tra
2189 929 2612 986 ecclesiasticum
2637 927 2998 995 disciplinam,
3029 936 3245 993 propter
3275 941 3430 991 quam
3455 942 3670 979 causam

2087 1023 2152 1077 ab
2189 1038 2254 1076 eo
2295 1022 2463 1074 fuerat
2492 1019 2757 1073 dominica
2800 1016 3178 1070 communione
3226 1017 3482 1083 privatus,
3529 1027 3584 1069 ut
3620 1018 3672 1070 in

2087 1112 2204 1180 ejus
2235 1112 2302 1164 sit
2340 1111 2564 1164 arbitrio
2616 1107 2878 1164 restitutio
2924 1105 3089 1176 ipsius
3121 1107 3172 1159 in
3216 1107 3366 1171 cujus
3411 1115 3678 1174 potesmte

2087 1201 2185 1255 fuit
2214 1201 2330 1269 ejus
2357 1199 2587 1269 abjectio
2616 1217 2630 1264 ;
2660 1201 2759 1253 hoc
2784 1206 2887 1262 est,
2923 1205 2979 1250 ut
3004 1195 3219 1266 quando
3251 1198 3333 1250 vel
3365 1197 3505 1251 idem
3539 1198 3679 1250 Esu-

2087 1294 2365 1362 perantius
2413 1291 2759 1354 satisfecerit,
2810 1290 2895 1342 vel
2927 1289 3178 1356 epiScopo
3230 1287 3476 1357 Tryferio
3506 1288 3677 1344 visum

2088 1385 2267 1449 fuerit,
2303 1394 2411 1436 tttm
2443 1383 2666 1452 gratiam
2700 1379 3094 1435 communionis
3139 1380 3388 1448 accipiat.

2088 1478 2246 1546 211
2293 1475 2355 1528 γ.
2399 1473 2491 1546 De
2526 1491 2580 1546 eo
2609 1474 2695 1546 qui
2723 1490 2779 1546 ise
2807 1473 3150 1546 ab_lta_:_reticis
3189 1489 3428 1546 separare
3464 1472 3681 1526 voluerit

2360 1555 2414 1597 ut
2443 1545 2504 1597 ab
2539 1543 2764 1596 Ecclesia
2796 1543 3048 1596 catholica
3077 1544 3412 1611 suscipiatur.

2169 1638 2297 1692 Illud
2348 1645 2604 1706 prasterea
2649 1635 2891 1689 decrevit
2932 1645 3118 1688 sancta
3148 1634 3408 1705 synodus,
3445 1645 3502 1688 ut
3545 1650 3676 1704 quoe

2090 1729 2232 1782 niam
2264 1729 2464 1797 legatos
2488 1726 2725 1796 episcopi
2758 1724 3074 1792 Galliarum,
3112 1725 3208 1794 qui
3240 1725 3401 1779 Felici
3435 1741 3609 1779 comm
3625 1741 3683 1778 u-

2093 1822 2295 1888 nicant,
2330 1821 2684 1885 destinarunt,
2729 1828 2786 1873 ut
2815 1819 2858 1871 si
2882 1819 3001 1887 quis
3045 1819 3111 1873 ab
3161 1818 3278 1886 ejus
3309 1819 3686 1873 communione

2092 1924 2150 1965 se
2193 1911 2418 1965 voluerit
2471 1919 2835 1976 sequestrare,
2890 1910 2942 1962 in
2998 1920 3195 1963 nostra:
3227 1911 3373 1978 pacis
3414 1911 3685 1964 consortio

2092 2003 2416 2071 suscipiatur
2445 2002 2596 2072 justa
2644 2000 2849 2055 litteras
2879 1999 3197 2055 venerabilis
3242 2000 3516 2054 memoria:
3558 1999 3680 2051 Ain-

2093 2093 2260 2147 brosii
2298 2091 2534 2160 episcopi
2569 2092 2650 2145 vel
2683 2092 2943 2144 Romanae
2981 2089 3234 2145 Ecclesia:
3266 2089 3561 2143 sacerdotis
3588 2087 3686 2141 du-

2093 2189 2218 2241 dum
2251 2188 2409 2251 latas,
2441 2203 2560 2256 qua:
2596 2187 2646 2240 in
2678 2185 2906 2240 concilio
2939 2184 3127 2253 legatis
3163 2183 3513 2252 prmsentibus
3542 2182 3684 2235 reci-

2097 2289 2217 2334 tatae
2248 2289 2391 2335 sunt.

2137 2371 2218 2425 VI.
2266 2370 2333 2424 Ut
2374 2370 2585 2423 alterius
2623 2369 2864 2422 clericum
2896 2383 2995 2418 non
3035 2373 3321 2431 promoveat
3360 2363 3510 2428 alter,
3560 2378 3650 2416 nec

2630 2441 2692 2492 ab
2691 2441 2881 2509 jectum
2917 2437 3148 2506 recipiat.

2170 2533 2276 2588 Nec
2305 2531 2431 2585 illud
2462 2527 2976 2600 prtetermittendum
3007 2526 3105 2580 fuit
3132 2524 3272 2594 quod
3305 2523 3493 2594 synodi
3524 2525 3685 2592 212

2095 2627 2361 2682 sententia
2393 2623 2673 2678 definitum
2707 2630 2810 2686 est,
2852 2631 2907 2674 ut
2936 2619 3193 2675 clericum
3235 2617 3452 2670 alterius
3498 2629 3691 2669 secun-

2097 2719 2222 2771 dum
2261 2727 2458 2771 statuta
2512 2730 2780 2769 canonum
2829 2727 2989 2766 nemo
3029 2710 3310 2778 suscipiat,
3362 2721 3538 2776 neque
3580 2720 3691 2760 suze

2099 2808 2344 2861 ecclesia:
2370 2807 2422 2860 in
2461 2805 2568 2859 alio
2596 2805 2763 2872 gradu
2795 2803 2990 2856 audeat
3024 2799 3304 2864 ordinare,
3337 2811 3510 2867 neque
3535 2795 3688 2866 abje-

2098 2909 2240 2953 ctum
2267 2900 2492 2964 recipiat
2523 2899 2575 2951 in
2605 2897 3003 2952 communione.

2102 3011 2209 3065 VII.
2255 3008 2330 3064 De
2360 3010 2438 3063 his
2469 3010 2554 3078 qui
2597 3019 2774 3062 contra
2820 3006 3148 3059 interdictum
3191 3011 3310 3056 sunt
3351 3001 3575 3054 ordinati
3615 2999 3691 3052 uel

2504 3081 2557 3132 in
2593 3084 2784 3132 [tonare
2809 3078 2945 3145 ﬁlios
2975 3082 3280 3146 genuerunt.

2181 3191 2291 3247 llib
2317 3203 2495 3248 autem
2533 3194 2622 3262 qui
2671 3200 2853 3246 contra
2899 3189 3240 3244 interdictum
3285 3195 3409 3243 sunt
3439 3184 3691 3246 ordinat',

2109 3286 2192 3340 vel
2233 3284 2286 3338 in
2321 3285 2618 3338 ministerio
2670 3284 2808 3336 filios
2857 3290 3174 3349 genuerunt,
3223 3295 3291 3333 ne
3346 3278 3412 3332 ad
3457 3276 3689 3346 majores

2108 3377 2307 3446 gradus
2338 3375 2583 3429 ordinum
2612 3376 2990 3444 permittantur
3026 3371 3216 3441 synodi
3244 3369 3480 3424 decrevit
3511 3379 3695 3422 aucto-

2111 3469 2262 3520 ritas.

2184 3565 2482 3618 Incolumes
2534 3578 2627 3618 vos
2681 3563 2936 3617 Dominus
2987 3571 3168 3616 noster
3217 3576 3333 3615 arvo
3383 3559 3697 3629 longissimo

2110 3669 2434 3710 conservare
2456 3653 2728 3725 dignetur,
2756 3650 2958 3706 domini
2988 3651 3320 3706 dilectissimi
3352 3650 3570 3704 fratres.

487 3849 513 3888 δ
535 3851 720 3907 Canou
754 3855 856 3908 iste
887 3855 937 3907 in
963 3853 1025 3908 U.
1056 3870 1177 3908 cum
1204 3855 1522 3924 prarcedenti
1557 3854 1808 3909 confusus
1841 3865 1996 3924 atque
2040 3868 2346 3926 compactos
2377 3868 2477 3912 est.

425 3988 3703 4030 Μ

1915 4132 2178 4205 XXVI

1389 4275 2063 4359 CONCILIUM
2139 4270 2739 4362 REGIENSE

427 4429 751 4470 τιεῡεεηι
800 4428 1237 4470 EPISCOPOBUM
1273 4455 1290 4485 ,
1337 4430 1630 4472 [IABITUM
1683 4433 1818 4474 ΕΒΔ
1867 4431 2001 4474 CCCC

2109 4433 2241 4474 XVII
2276 4459 2292 4483 ,
2339 4435 2454 4476 SUB
2500 4433 3010 4476 IMPERATOBIBUS
3056 4427 3414 4473 THEODOSIO
3463 4429 3704 4473 MINOBE

827 4507 904 4548 ΕΤ
951 4507 1447 4563 νΑιΕΝτιΜΑΝο,
1493 4510 1861 4554 Tl-IEODOSIO
1905 4512 2001 4554 8E!

2102 4512 2162 4553 ES
2210 4514 2432 4556 DECIES
2478 4515 2560 4557 ET
2604 4514 2802 4556 FESTO
2845 4511 3256 4556 CONSULIBUS.

488 4614 623 4668 Cum
655 4615 706 4665 in
758 4611 1031 4667 voluntate
1061 4612 1270 4666 Domini
1296 4613 1433 4681 apud
1481 4613 1798 4682 Regiensem
1834 4614 2010 4668 eccle-
2041 4617 2092 4677 Β
2116 4615 2349 4668 studium
2374 4624 2501 4668 nutu
2519 4616 2726 4669 Domini
2753 4615 3121 4668 universorum
3149 4623 3357 4679 pectora
3383 4628 3603 4682 prorsus
3622 4631 3708 4666 sa-

424 4709 556 4759 :‘am
590 4705 1058 4772 convenissemus,
1105 4715 1156 4759 et
1187 4704 1630 4774 transgressionis
1658 4705 1798 4774 apud
1839 4706 2011 4760 Ebro-

425 4796 719 4850 duueusem
765 4796 1050 4850 ecclesiam
1081 4795 1275 4849 habitae
1316 4794 1614 4850 remedium
1653 4805 2007 4863 quaereretur,

425 4904 523 4956 qua
551 4889 724 4942 sacris
757 4887 1015 4944 Ecclesia:
1043 4889 1340 4944 eanonibus
1371 4897 1426 4944 et
1453 4888 1765 4944 reverendis
1796 4890 2012 4944 Patrum

425 4978 902 5034 constitutionibus
933 4982 1080 5035 omni
1115 4992 1263 5051 parte
1307 4983 1582 5051 neglectis,
1627 4981 1827 5050 absque
1858 4981 2012 5036 trium

429 5073 734 5138 pra-sentis,
786 5075 988 5143 absque
1035 5075 1566 5142 comprovincialium
1627 5075 1840 5138 litteris,
1899 5074 2017 5129 sine

429 5165 825 5234 metropolitani
865 5168 1201 5231 auctoritate,
1246 5167 1448 5220 irritam
1490 5165 1845 5221 ordinationis
1895 5180 2019 5234 spe-

429 5256 565 5309 ciem
600 5273 628 5309 a
653 5257 864 5310 duobus
915 5268 1114 5313 temere
1153 5259 1596 5314 convenientibus
1637 5266 2016 5327 praesumptam

430 5359 548 5399 esse
587 5347 826 5402 clari-bat
851 5365 864 5411 ;
893 5363 996 5400 non
1045 5348 1220 5401 minus
1250 5350 1450 5402 doloris
1486 5349 1554 5402 de
1585 5347 2015 5416 praesumentium

435 5435 582 5501 lapsu
619 5454 780 5507 quam
805 5439 872 5492 de
903 5441 1144 5493 ecclesia:
1174 5441 1336 5508 ipsius
1376 5441 1723 5495 convulsione
1754 5439 1805 5492 in
1838 5447 2018 5506 pecto-

439 5527 581 5579 ribus
610 5529 848 5582 omnium
895 5529 1096 5583 diutina
1143 5530 1430 5584 collatione
1457 5540 1725 5585 versatum
1774 5539 1876 5581 est.
1908 5528 2020 5580 l’ri-

439 5631 581 5670 tuum
627 5618 825 5684 itaque,
863 5619 984 5689 quia
1050 5635 1155 5674 non
1203 5620 1494 5675 ulciscendi
1549 5619 1644 5674 scd
1689 5617 2018 5674 rcmcdiandi

2113 4705 2372 4759 cerdotali
2397 4706 2623 4759 consilio
2652 4705 2946 4769 insederat,
2977 4719 3241 4758 canonum
3275 4706 3327 4759 in
3369 4705 3708 4760 sermonibus

2112 4798 2332 4866 singulis
2377 4799 2704 4867 proprietate
2757 4806 3029 4867 perspecta
3057 4836 3074 4863 ,
3126 4799 3323 4864 placuit
3346 4807 3368 4832 ε
3400 4799 3540 4868 quod
3570 4799 3710 4852 sicut

2117 4891 2340 4960 reproba
2365 4905 2484 4961 quae
2510 4903 2834 4962 praesumpta
2865 4901 3047 4947 essent
3069 4892 3122 4944 in
3143 4891 3348 4946 irritum
3373 4892 3703 4956 devocanda,

2120 4984 2190 5037 ita
2216 4999 2310 5039 eos
2331 4986 2420 5054 qui
2452 4985 2676 5053 reproba
2703 4987 3196 5054 prmsurnjisissent.
3220 4987 3471 5060 quamvis
3488 4986 3709 5035 confun-

2117 5075 2244 5131 dere
2292 5092 2512 5131 censura
2569 5087 2806 5148 cogeret,
2838 5078 3085 5132 charitati
3142 5077 3329 5129 liceret
3383 5071 3707 5126 absolvere:

2125 5169 2422 5235 praesertim
2468 5183 2586 5222 cum
2637 5169 2710 5234 hi,
2744 5170 2832 5237 qui
2870 5177 2975 5219 tam
3011 5178 3257 5229 perversa
3301 5161 3637 5223 incidissent,
3672 5179 3697 5212 a

2125 5259 2297 5325 primo
2325 5259 2505 5327 lapsus
2528 5259 2696 5326 ipsius
2719 5259 2803 5310 die
2826 5255 3079 5308 adhibitis
3102 5254 3296 5321 passim
3325 5254 3565 5322 precibus
3594 5253 3707 5306 cul-

2128 5366 2246 5418 pam
2280 5353 2601 5419 pmnilemes
2631 5358 2720 5403 aut
2751 5349 3064 5418 ignorantia:
3111 5353 3202 5400 aut
3231 5345 3712 5415 circumscriptioni

2125 5442 2504 5507 imputassent:
2529 5441 2672 5509 quia,
2703 5439 2802 5494 etsi
2836 5439 3156 5493 inveniabile
3178 5437 3487 5492 crederetur
3533 5450 3714 5490 sacer-

2125 5529 2302 5584 dotem
2348 5530 2700 5585 sacerdotalia
2749 5539 2945 5584 statuta
3004 5531 3280 5593 nescisse,
3336 5528 3509 5584 levius
3534 5536 3712 5582 tamen

2128 5629 2240 5673 erat
2264 5636 2419 5690 quam
2449 5621 2492 5678 si
2519 5636 2611 5678 ore
2638 5621 2930 5693 impudenti
2957 5620 3212 5676 fateretur
3239 5634 3299 5676 se
3316 5630 3439 5676 nota
3461 5621 3711 5676 calcasse.

509 5740 532 5766 ⁸
558 5733 633 5789 Ex
683 5732 740 5790 Β.
775 5732 866 5798 R.,
909 5733 971 5787 Τ.
1008 5731 1060 5802 1,
1092 5731 1144 5787 ἢ.
1193 5733 1248 5789 In
1292 5734 1355 5788 Δ.
1396 5743 1447 5788 et
1488 5734 1696 5790 cazteris
1725 5732 2048 5787 Codicibus:
2084 5733 2264 5804 potuit.
