4060 6184
324 232 422 288 251

1013 241 1394 303 COLLECTIO
1437 249 1769 308 CANONUM
1811 251 1870 306 S.

1988 253 2184 314 lDORO
2225 262 2490 320 HISPAL.
2535 267 2890 330 ASCRIPTA.

3506 290 3612 349 233

324 348 485 422 213
513 348 551 405 Ι.
589 345 657 405 Ut
687 360 713 390 ι
740 370 841 407 non
863 355 1426 457 naturai-episcopum
1447 364 1646 418 duobus
1674 367 1926 436 episcopis
1955 367 1999 422 A
2032 371 2302 432 societatis
2361 393 2728 448 respexerant,
2780 388 2919 441 velut
2965 389 3301 448 innocentem
3356 401 3603 457 eumdem

983 431 1270 486 ordinatus.

399 553 581 622 Itaque
605 568 700 611 eos
723 558 812 627 qui
835 568 938 614 tam
965 561 1231 616 incondita
1257 580 1318 619 ac
1343 573 1448 618 tam
1474 568 1739 624 iustabilia
1768 586 1915 625 usur-

329 656 607 713 paverant,
643 649 841 718 placuit
875 654 1255 710 misericordiae
1290 667 1343 711 et
1366 659 1642 715 charitalis
1688 677 1913 719 occursu

328 737 396 788 ita
419 739 469 791 in
492 743 921 797 communionem
945 745 1124 799 dilecti
1152 763 1397 816 tuomque
1421 752 1610 820 recipi,
1637 764 1690 807 ut
1716 756 1912 810 scirent

323 829 613 883 secundum
642 841 904 886 recentem
924 843 975 889 et
997 836 1399 894 saluberrimam
1423 841 1725 899 Taurinatis
1757 846 1910 918 [Γᾶ.

324 920 691 992 Taurineusls]
719 924 906 994 synodi
930 927 1315 995 deﬁnitionem,
1348 934 1415 986 ad
1437 946 1743 1003 perpetuam
1789 941 1912 994 vita:

322 1010 474 1064 istius
501 1010 849 1069 suﬂusionem
885 1018 1048 1072 nullis
1076 1034 1133 1075 se
1154 1021 1219 1075 de
1248 1033 1444 1079 castero
1464 1028 1906 1096 ordinationibus,

320 1098 480 1152 nullis
508 1100 796 1158 ordinariis
826 1105 1170 1163 interluturos
1188 1127 1309 1167 esse
1335 1118 1599 1183 conciliis,
1624 1121 1745 1189 quia
1780 1122 1908 1178 nihil

317 1192 529 1247 salubre
554 1195 621 1247 ab
652 1196 755 1250 illis
782 1201 1121 1256 statuendum
1165 1217 1589 1277 eXSpectaretur,
1623 1213 1741 1280 quia
1794 1212 1904 1284 [A.,

314 1279 427 1351 qui]
452 1291 610 1338 tantae
640 1290 998 1358 corruptionis
1029 1301 1134 1347 tam
1158 1294 1471 1354 detestanda
1505 1279 1743 1372 exempla
1773 1279 1905 1373 ρίῑε-

313 1370 557 1426 buerant.
603 1374 975 1434 Ebrudunensi
1017 1383 1261 1439 ecclesiae
1302 1400 1427 1445 ante
1475 1394 1652 1446 omnia
1701 1409 1906 1452 mature

313 1459 485 1514 visum
515 1472 600 1518 ost
630 1467 1043 1537 consulendum,
1075 1476 1195 1544 quia
1246 1489 1475 1547 quatuor
1517 1483 1584 1538 de
1632 1485 1903 1543 biennium

311 1554 584 1610 mensibus
642 1560 921 1616 sacerdote
979 1564 1214 1635 legitimo
1257 1571 1510 1628 destituta
1553 1575 1654 1632 hoc
1693 1579 1905 1648 gravius

310 1656 683 1719 a'grmaverat,
711 1661 766 1705 nt
794 1654 971 1710 clerus
999 1658 1256 1716 innocens
1282 1678 1344 1719 ac
1373 1665 1689 1737 disciplinae,
1708 1682 1762 1725 ut
1786 1687 1899 1741 pro-

308 1739 488 1794 bat'um
535 1749 636 1808 est,
671 1759 877 1799 memor
925 1753 1275 1817 quorumdam
1325 1756 1579 1814 laicorum
1619 1761 1901 1820 insolentia

307 1846 368 1885 ac
391 1833 533 1887 varia
561 1837 932 1902 pertubatione
958 1854 1204 1912 vexatus,
1237 1848 1399 1906 etiam
1429 1851 1481 1906 in
1513 1855 1890 1914 sacerdotibus

305 1939 369 1977 ac
400 1923 656 1980 ministris
685 1928 856 1986 minas
882 1946 945 1986 ac
966 1933 1140 2006 jurgia
1170 1948 1223 1993 et
1246 1941 1351 1995 vim
1383 1946 1784 2004 acerbissimam
1811 1968 1901 2018 pe-

305 2013 540 2071 riculose
566 2020 869 2086 perniciosa
894 2041 1063 2096 nuper
1091 2030 1239 2087 czede
1270 2037 1582 2104 pertulerat,
1619 2057 1719 2097 nec
1751 2056 1899 2114 pote-

304 2114 386 2160 rat
411 2105 610 2164 diﬂerri
634 2111 896 2170 bonorum
927 2132 990 2173 ac
1019 2118 1313 2186 disciplinae
1351 2142 1646 2186 memorum
1686 2115 1897 2203 specta.-

304 2200 395 2265 tio,
423 2216 491 2258 ne
521 2203 832 2263 viderentur
859 2218 1255 2272 contumacium
1284 2232 1336 2275 et
1367 2221 1724 2294 inquietorum
1777 2240 1895 2284 vota

305 2292 529 2361 palpari,
562 2313 789 2367 quorum
819 2306 1250 2376 conspirationes
1274 2316 1804 2392 machinationesque
1843 2336 1897 2380 et

309 2384 362 2438 in
397 2390 724 2453 praeteritum
755 2407 1011 2462 quantum
1041 2401 1373 2472 deprehendi
1405 2413 1611 2479 possint
1659 2384 1896 2470 auinaad-

305 2476 552 2534 versione
571 2483 934 2542 ecclesiastica
966 2493 1269 2562 punieudzr,
1294 2509 1348 2553 et
1369 2476 1420 2554 in
1454 2503 1683 2558 futurum
1707 2510 1894 2563 antici-

299 2567 487 2634 panda:
529 2581 702 2625 erant.
747 2573 930 2644 Itaque
985 2582 1400 2654 ordinationem,
1450 2607 1610 2660 quam
1660 2610 1893 2655 canones

299 2657 505 2711 irritam
536 2657 818 2729 deﬁniunt,
849 2681 948 2721 nos
977 2685 1190 2741 quoque
1235 2679 1562 2735 vacuandam
1608 2700 1728 2740 esse
1767 2705 1890 2744 cen-

298 2751 522 2815 suimus,
551 2753 718 2824 inqua
739 2763 1096 2826 pra-termissa
1119 2768 1274 2824 trium
1294 2777 1579 2841 praesentia
1605 2796 1705 2835 nec
1729 2799 1890 2852 expc-

309 2840 417 2894 titis
447 2848 978 2913 comprovincialium
1013 2855 1223 2926 litteris,
1257 2840 1649 2935 metropolitani
1679 2888 1890 2943 quoque

301 2930 573 2989 voluntate
602 2939 863 3009 neglecta,
897 2958 1116 3016 prorsus
1148 2951 1278 3008 nihil
1306 2930 1446 3026 quod
1473 2930 1784 3033 episcopum
1804 2930 1888 3021 Τει-

289 3032 435 3078 ceret
456 3034 730 3085 ostensum
753 3043 855 3088 681.

291 3156 352 3210 ll.
389 3157 466 3214 De
493 3157 520 3196 ι’
555 3166 834 3222 remotione
861 3172 971 3242 ejus
1015 3189 1165 3242 quem
1198 3180 1434 3236 ordinare
1471 3201 1738 3256 perperam
1775 3188 1878 3244 dna

859 3257 1312 3313 prwsutttpserunt.

360 3341 538 3412 Itaque
570 3347 767 3416 placuit
799 3350 852 3407 in
876 3355 1150 3415 voluntate
1181 3361 1390 3419 Domini
1421 3378 1628 3424 remoto
1656 3372 1757 3428 hoc
1786 3375 1877 3444 qui

288 3449 564 3503 perperam
610 3456 917 3515 assumptus
976 3462 1097 3505 erat
1142 3455 1449 3528 episcopus,
1499 3462 1613 3518 ﬁeri
1661 3469 1879 3524 omnino

285 3522 516 3580 fratrum
553 3534 1014 3602 constitutionem,
1066 3545 1426 3602 ecclesiastica
1455 3553 1740 3608 traditione
1767 3572 1882 3611 ser-

285 3626 436 3681 vata;
467 3635 653 3675 verum
680 3627 801 3691 quia
833 3627 946 3680 haec
967 3643 1148 3684 sancta
1181 3638 1417 3704 synodus
1439 3654 1543 3693 non
1577 3642 1876 3713 disciplina:

282 3716 484 3763 tantum
507 3727 712 3781 curam,
738 3717 830 3770 sed
855 3729 905 3772 et
931 3721 1309 3782 misericordiae
1331 3733 1512 3802 geSsit,
1533 3749 1760 3808 cumque
1790 3756 1882 3796 oc-

285 3813 522 3858 curreret
553 3809 692 3874 quod
724 3822 783 3862 se
813 3810 1185 3870 Armentarius
1215 3818 1401 3876 diebus
1420 3828 1673 3892 proximis
1703 3832 1878 3888 eidem

283 3894 525 3948 ecclesiae
571 3898 734 3954 iutilia
783 3914 1177 3964 assentatorum
1225 3914 1510 3972 insolentia
1584 3925 1879 3993 retulisset,

279 3987 563 4042 occurchat
579 3995 755 4045 tamen
776 3994 916 4062 quod
930 4007 1054 4054 ante
1070 4001 1490 4064 admonitionem
1511 4011 1876 4074 discessisset:

287 4074 428 4142 quod
453 4091 480 4128 a
513 4081 785 4137 nonnullis
812 4090 1150 4146 sacerdotum
1181 4095 1232 4150 in
1261 4098 1364 4154 hoc
1391 4100 1563 4170 ipsum
1589 4109 1876 4165 conﬁrma-

280 4175 364 4220 tus
391 4183 450 4223 se
495 4170 655 4227 etiam
685 4177 905 4244 privatm
948 4184 1127 4241 domui
1168 4191 1510 4261 reddidisset,
1553 4201 1692 4268 quod
1760 4206 1875 4274 epi-

281 4259 446 4316 stolas
477 4262 543 4319 ad
575 4267 779 4323 clerum
811 4272 984 4340 ipsum
1013 4279 1264 4336 emiserat
1293 4286 1481 4352 quibus
1507 4291 1869 4363 episcopatum

273 4366 430 4417 quem
460 4369 518 4410 se
540 4372 645 4411 non
671 4361 946 4430 indeptum
995 4375 1321 4437 agnoscebat
1349 4392 1607 4447 appetere
1649 4361 1858 4444 nuntia-
1895 4403 1943 4464 υ

273 4453 444 4512 verat,
479 4448 625 4503 eradi
658 4466 851 4508 nomen
880 4472 1032 4512 suum
1065 4473 1270 4532 petens,
1300 4479 1353 4523 et
1376 4471 1478 4528 hoc
1512 4475 1682 4545 ipsum
1717 4485 1858 4550 qnnd

274 4534 591 4595 instabiliter
629 4544 792 4616 214
819 4548 871 4600 in
907 4563 965 4603 se
1002 4567 1383 4628 prmsumptum
1429 4534 1546 4620 erai
1575 4568 1684 4637 jam
1733 4534 1859 4631 iunc

273 4629 629 4689 inordinatum
649 4639 922 4696 etirritum
952 4647 1184 4703 futurum
1212 4665 1560 4720 protestatnm
1585 4677 1706 4719 esse
1727 4681 1857 4720 con-

272 4721 520 4789 ﬁrmans;
551 4726 602 4779 in
642 4730 782 4784 illam
836 4737 1009 4801 potius
1047 4752 1249 4806 partem
1295 4746 1557 4806 declinata
1589 4758 1854 4813 sententia

271 4825 372 4880 est,
409 4827 464 4870 ut
485 4816 668 4887 juveni
700 4823 925 4880 educato
955 4830 1006 4883 in
1053 4836 1244 4892 timore
1274 4841 1483 4897 Domini
1511 4847 1629 4914 plus
1664 4850 1854 4904 suma-

267 4922 505 4982 garetur,
530 4918 668 4984 quod
693 4919 741 4970 in
775 4931 897 4973 actu
933 4924 1272 4985 vitio>issinto
1295 4935 1559 4994 interdum
1583 4960 1708 4997 sana
1728 4961 1854 5001 sen-

268 5002 445 5068 sisset,
473 5020 629 5074 quam
662 5011 800 5078 quod
827 5010 1152 5081 juvenilibus
1182 5023 1568 5084 titillationibns
1596 5035 1771 5100 aliqua
1797 5038 1850 5092 in

270 5104 416 5158 parte
446 5101 719 5156 cessisset.
749 5102 929 5174 Itaque
958 5114 1332 5177 praetermissis
1360 5117 1440 5173 his
1460 5137 1577 5190 quae
1609 5140 1848 5194 regressu

271 5187 432 5254 ipsius
466 5206 587 5247 eum
611 5196 813 5268 absque
860 5203 1019 5260 ullius
1056 5214 1414 5271 excusationis
1453 5217 1649 5291 elfugio
1678 5225 1849 5294 culpae

337 5370 464 5472 tuin!
487 5373 766 5458 C.odi.cibus
796 5379 990 5472 duplex
1043 5391 1254 5472 titulus;
1291 5397 1380 5472 qui
1425 5404 1760 5472 exprimitur,
1794 5420 1847 5464 et

269 5438 408 5547 aliter
446 5445 532 5547 qni
577 5447 656 5500 sic
699 5465 757 5503 se
798 5438 986 5509 habet:
1040 5457 1116 5513 De
1147 5438 1470 5526 mulct‘ationve
1495 5438 1847 5547 Ἧᾶἆῗηῖἷῖἓιῖἒ

269 5525 341 5547 nr:
366 5527 449 5547 sun
475 5529 638 5547 Ine-nm
664 5536 1033 5547 _-._-...-._-___A,
1082 5540 1092 5547 .

267 5513 640 5614 orrlt’inlatip-n‘e‘m
664 5513 1528 5614 prastimp'sernnt;.expuncttts‘ne
1548 5513 1836 5614 an‘énin‘i:

880 5578 894 5586 ,
1026 5578 1117 5594 νην,
1149 5578 1209 5586 ν..
1241 5578 1442 5593 πηνα-π
1463 5578 1491 5594 ιι
1703 5578 1728 5599 ει
1815 5578 1836 5605 ⁷.

337 5578 361 5614 ιι
406 5582 461 5661 lu
490 5578 774 5682 Codilcfl‘ius
805 5593 996 5682 duplex
1031 5578 1245 5682 titnltts':
1291 5609 1379 5674 qui
1426 5578 1845 5682 expr'iiiiiiurzuet

261 5649 394 5706 .‘tltct‘
421 5654 496 5709 sic
524 5671 581 5711 se
621 5657 820 5716 habens
847 5683 857 5718 :
880 5649 969 5719 'Ut
1008 5649 1268 5728 «diluo-litis
1294 5649 1844 5748 διεξοιὲἑὲιὲἑὲᾘὲιὶιὲ

1907 3061 1954 3124 C

2022 467 2295 530 praeterire
2337 473 2644 529 sacerdotes
2689 475 2895 532 Domini
2936 481 3022 550 qui
3067 483 3190 538 huic
3224 488 3451 544 concilio
3479 492 3607 546 ade-

2021 564 2138 609 rant
2167 557 2510 616 damnatione
2540 580 2764 629 vacuum
2790 570 3090 627 maluerunt
3111 573 3178 629 de
3207 575 3606 636 iudultoeidem

2021 650 2283 718 peregrini
2313 654 2393 705 vel
2424 658 2729 729 coepiscopi
2759 664 2998 718 nomine.

2017 800 2100 854 lli.
2127 801 2201 856 De
2217 803 2467 886 hwrethtis
2485 819 2530 862 et
2545 812 2877 886 schismaticis
2896 818 3144 886 episcOpis
3158 821 3200 872 si
3218 822 3286 874 ad
3300 832 3381 876 cat
3394 825 3604 879 Calicem

2367 878 2521 943 ﬁdem
2544 883 2786 950 venerint,
2817 888 2941 956 quid
2969 878 3245 946 observent.

2083 1005 2235 1072 Quod
2265 1024 2392 1078 ergo
2423 1010 2474 1065 in
2514 1014 2824 1082 quibusdam
2869 1019 3225 1078 schismaticis
3272 1027 3604 1095 recipiendis

2011 1094 2281 1152 Nicaanum
2305 1103 2587 1157 concilium
2631 1109 2812 1161 statuit
2850 1124 2878 1163 a
2923 1112 3149 1182 singulis
3195 1130 3287 1184 per
3329 1121 3599 1177 territoria

2009 1202 2102 1240 sua
2145 1188 2246 1244 hoc
2288 1192 2446 1248 etiam
2485 1210 2723 1264 praesens
2751 1214 3047 1258 conventus
3078 1207 3129 1260 iu
3164 1209 3265 1264 hoc
3307 1215 3491 1269 statuit
3533 1219 3601 1272 ab

2008 1283 2254 1338 omnibus
2283 1285 2481 1343 debere
2511 1294 2735 1358 servari,
2767 1295 2816 1348 id
2845 1308 2927 1350 est
2957 1308 3012 1352 ut
3047 1301 3344 1374 cuicunque
3382 1306 3450 1362 de
3487 1309 3595 1363 ira-

2009 1371 2176 1426 triims
2200 1374 2302 1429 tale
2322 1377 2516 1446 aliquid
2540 1381 2815 1441 charitatis
2837 1389 3069 1444 consilia
3097 1371 3419 1451 dictaverint
3444 1399 3598 1456 liceat

2007 1461 2054 1515 ei
2075 1479 2230 1522 unam
2262 1469 2631 1536 parochiarum
2657 1488 2871 1532 suarum
2900 1480 3178 1536 ecclesiam
3202 1485 3395 1542 cedere
3423 1486 3506 1560 [T.
3538 1489 3594 1556 2,

2004 1556 2322 1628 concedere}
2355 1559 2408 1614 in
2433 1577 2536 1631 qua
2565 1575 2656 1618 aut
2684 1569 2985 1639 coepiscopi
3021 1582 3043 1611 ο
3084 1576 3321 1642 nomine,
3357 1588 3413 1633 ut
3457 1581 3596 1637 idem

2011 1659 2179 1701 canon
2211 1648 2464 1720 loquitur,
2489 1664 2583 1711 aut
2633 1655 2912 1728 peregrina
2945 1673 3004 1718 ut
3042 1666 3187 1722 aiunt
3220 1675 3593 1732 communione

1941 1712 1981 1770 Β
2011 1712 2445 1816 frueretur-VR,
2475 1712 2725 1822 iruattir].
2751 1712 2986 1810 Erimum
3030 1758 3206 1828 itaque
3244 1743 3513 1830 statuitur,
3541 1777 3597 1822 ut

2009 1830 2108 1885 hoc
2140 1834 2191 1887 in
2217 1837 2454 1904 qualibet
2482 1842 2754 1909 provincia
2790 1855 3146 1919 prmterquam
3182 1852 3233 1906 in
3265 1853 3450 1924 Alpina
3483 1873 3596 1912 ma-

2006 1923 2181 1976 ritima
2209 1925 2384 1992 liceat,
2417 1944 2575 1998 quam
2623 1933 2668 1987 si
2709 1934 2881 2004 aliqua
2917 1939 2968 1990 in
3012 1950 3160 2008 parte
3194 1947 3503 2016 accesserit,
3539 1957 3597 2002 ut

2006 2015 2268 2072 malorum
2311 2020 2563 2078 incitator
2593 2034 2647 2080 et
2685 2027 2879 2096 quietis
2933 2031 3214 2102 impatiens
3263 2037 3590 2097 damnationi

2000 2127 2154 2180 quam
2180 2114 2312 2169 inse
2341 2131 2720 2184 provocaverat
2746 2123 3040 2192 subjacebit
3064 2143 3079 2186 ;
3111 2127 3204 2180 sed
3235 2129 3348 2182 etsi
3377 2131 3495 2197 quis
3510 2135 3590 2187 ei-

2000 2203 2118 2258 dem
2150 2208 2438 2276 quidquam
2469 2225 2535 2265 ex
2567 2210 2646 2266 his
2667 2228 2785 2283 qua:
2810 2223 3002 2270 statuta
3027 2227 3152 2272 sunt
3175 2222 3587 2290 transgredienti

1998 2297 2496 2365 communicaverit,
2522 2316 2548 2354 a
2573 2304 2947 2361 communione
2969 2309 3206 2364 omnium
3229 2310 3319 2365 ﬁet
3355 2312 3584 2369 alienus.

2003 2385 2220 2457 Deinde,
2265 2398 2324 2444 ut
2364 2393 2600 2461 quolibet
2649 2396 2850 2453 inloco
2888 2406 3239 2470 praeterquam
3286 2403 3335 2457 in
3378 2405 3590 2473 publico

1997 2490 2264 2550 ageretur,
2297 2500 2362 2540 ne
2392 2484 2669 2555 quisquam
2697 2490 2744 2544 ei
2773 2489 2922 2546 locus
2943 2491 3262 2547 decernatur
3289 2509 3444 2564 quem
3492 2512 3587 2552 cu-

1997 2571 2093 2625 riae
2125 2582 2178 2628 et
2199 2575 2432 2631 civitatis
2462 2581 2672 2645 Species
2694 2590 2786 2635 aut
2808 2582 2941 2638 ordo
2964 2583 3234 2654 nobilitat,
3257 2586 3489 2655 additur,
3515 2605 3583 2646 ne

1997 2677 2229 2731 unquam
2266 2665 2316 2720 in
2364 2666 2668 2723 civitatibus
2705 2671 2786 2726 vel
2815 2673 2914 2728 sub
2938 2675 3312 2746 episcoporum
3342 2680 3581 2735 absentia

1995 2753 2190 2809 oﬂ‘erre
2209 2744 2528 2826 praesumat,
2558 2775 2658 2816 nec
2703 2762 2954 2819 ordinare
3002 2766 3085 2820 vel
3133 2767 3584 2826 ultimumcleri-

1995 2860 2138 2911 cum,
2164 2861 2260 2901 nec
2287 2847 2338 2901 in
2373 2863 2434 2902 ea
2464 2851 2678 2919 quidem
2711 2853 2939 2909 ecclesia
2966 2870 3087 2926 qua
3120 2857 3195 2912 illi
3215 2859 3582 2932 cujuscunque

1995 2939 2359 2995 misericordia
2405 2942 2567 2998 fuerit
2605 2945 2876 3014 attributa,
2923 2963 3021 3005 nec
3067 2951 3158 3005 ulli
3203 2954 3577 3023 episcoporum

1993 3029 2075 3084 vel
2118 3033 2440 3089 succedente
2479 3044 2636 3091 actate
2679 3047 2958 3110 assumpto
3003 3042 3054 3096 in
3101 3044 3420 3099 rudimentis
3470 3048 3580 3102 suis

1987 3121 2108 3177 huic
2127 3123 2177 3177 in
2199 3124 2375 3194 aliquo
2396 3129 2541 3194 quasi
2568 3143 2664 3198 pro
2677 3130 2846 3184 {etatis
2869 3135 3167 3188 reverentia
3191 3137 3381 3192 cedere
3401 3137 3574 3203 liceat,

1986 3227 2084 3267 nec
2112 3227 2334 3284 usquam
2366 3217 2466 3285 ipsi
2498 3218 2785 3289 quidquam
2817 3221 2886 3277 de
2925 3221 3324 3294 episc0palibus
3374 3226 3574 3282 ofﬁciis

1987 3323 2264 3378 usurpare,
2311 3320 2664 3382 praeterquam
2697 3314 2749 3368 in
2784 3315 3013 3372 ecclesia
3055 3333 3212 3387 quam
3260 3320 3573 3391 cujusquam

1987 3401 2351 3456 misericordia
2377 3402 2540 3459 fuerit
2570 3405 2836 3476 indeptus,
2870 3408 2924 3463 in
2942 3425 3044 3480 qua
3067 3410 3114 3465 ei
3137 3412 3311 3467 solum
3335 3415 3576 3485 neophy-

1989 3502 2069 3547 tos
2097 3495 2420 3551 conﬁrmare
2463 3506 2518 3551 et
2546 3506 2671 3555 ante
2701 3501 3044 3572 presbyteros
3091 3504 3286 3561 oilerre
3321 3507 3573 3563 concedi-

1987 3592 2091 3636 tur.
2121 3582 2275 3649 Quod
2300 3586 2343 3639 si
2391 3603 2627 3657 unquam
2650 3592 2848 3661 aliquid
2877 3595 3139 3652 charitate
3180 3599 3402 3654 alterius
3443 3616 3573 3670 pro-

1988 3685 2205 3729 vocatus
2227 3676 2292 3732 de
2314 3677 2660 3738 habitationis
2685 3688 3104 3743 commutatione
3133 3691 3432 3758 variaverit,
3463 3711 3567 3750 non

1985 3766 2141 3822 aliter
2169 3768 2220 3822 in
2252 3769 2355 3824 alia
2399 3772 2628 3828 ecclesia
2661 3776 2897 3845 requiem
2942 3781 3168 3851 accipiat
3207 3799 3362 3852 quam
3406 3789 3566 3855 priori

1986 3864 2394 3934 renuntiaverit,
2429 3881 2528 3921 nec
2557 3870 2777 3925 omnino
2803 3887 3036 3942 unquam
3060 3875 3285 3931 duarum
3315 3881 3566 3935 ecclesia-

1985 3971 2100 4009 rum
2127 3957 2568 4024 gubernationem
2601 3963 2862 4033 obtineat,
2893 3967 2979 4020 cui
3009 3968 3170 4024 etiam
3207 3974 3367 4044 215
3418 3975 3469 4029 in
3505 3991 3563 4029 ea

1983 4061 2100 4115 qua:
2123 4048 2220 4117 ipsi
2243 4051 2450 4105 ceditur
2474 4053 2746 4110 ministros
2768 4073 2797 4111 a
2819 4057 3047 4113 civitatis
3071 4062 3324 4131 episcopo
3346 4081 3563 4120 necesse

1982 4150 2061 4193 est
2089 4140 2344 4196 ordinari.
2374 4141 2515 4199 Sane
2541 4145 2664 4214 quia
2692 4148 3056 4204 ministrorum
3087 4155 3288 4208 mentio
3317 4156 3448 4211 facta
3479 4167 3561 4213 est

1981 4239 2034 4284 et
2066 4231 2303 4286 nonnulli
2329 4232 2396 4287 ab
2419 4232 2534 4300 ipso
2567 4236 2763 4290 inventi
2794 4245 3240 4298 exeommnnicati
3278 4257 3477 4302 temere
3505 4250 3556 4304 in

1980 4323 2124 4376 clero
2163 4326 2398 4389 provecti
2437 4327 2764 4395 dicerentur,
2804 4338 3058 4389 statutum
3099 4346 3179 4391 est
3228 4353 3322 4393 eos
3350 4341 3440 4410 qui
3484 4343 3554 4397 ita

1969 4418 2227 4483 assumpti
2251 4428 2432 4474 essent
2454 4419 2797 4490 deponendos
2820 4441 2834 4490 ;
2859 4425 3054 4493 quibus
3070 4437 3250 4483 autem
3275 4432 3413 4485 nulla
3429 4448 3553 4487 cou-

1963 4508 2282 4562 versationis
2311 4512 2518 4565 macula
2550 4514 2941 4586 prajudicaret,
2976 4531 3132 4588 prout
3177 4523 3550 4585 Ebrudunensi

1959 4598 2226 4652 sacerdoti
2251 4602 2630 4660 constituendo
2649 4607 2819 4661 visum
2846 4619 2950 4678 est,
2975 4622 3064 4664 aut
3090 4613 3143 4667 in
3172 4618 3414 4672 ecclesia:
3438 4635 3549 4675 suae

1960 4687 2260 4743 ministerio
2291 4694 2575 4758 tenendos,
2607 4706 2696 4750 aut
2732 4699 2797 4753 ad
2827 4701 3002 4769 ipsum
3041 4719 3358 4776 quocunque
3398 4709 3528 4764 habit

1961 4786 2124 4833 tasset
2154 4783 2581 4851 transferendos,
2612 4789 2750 4857 plebi
2776 4806 2934 4860 quam
2957 4796 3224 4863 acciperet
3255 4814 3317 4854 ex
3349 4803 3532 4856 consti-

1959 4871 2177 4924 tutionis
2208 4873 2364 4941 hujus
2398 4878 2753 4943 permissione
2788 4883 3126 4953 benedicere,
3161 4897 3220 4942 ut
3252 4904 3410 4959 supra
3453 4895 3537 4947 de-

1959 4960 2162 5016 ﬁnitum
2221 4974 2322 5029 est,
2376 4966 2425 5019 in
2479 4983 2579 5020 nna
2636 4971 2931 5042 eademque
2975 4978 3201 5033 ecclesia
3246 4984 3543 5054 neophytos

1953 5052 2296 5119 conﬁrmare,
2322 5056 2372 5108 in
2397 5058 2631 5112 castellis
2655 5076 2716 5116 ac
2739 5064 2868 5118 vicis
2896 5077 3063 5121 totum
3090 5069 3162 5123 illi
3203 5071 3289 5143 [Τ.
3316 5071 3370 5139 2,
3391 5074 3540 5144 illud]

1953 5152 2076 5194 ante
2105 5144 2641 5213 presbyterossicubi
2675 5158 2882 5210 venerit
2918 5159 3096 5225 liceat,
3126 5163 3265 5229 quod
3311 5162 3361 5216 in
3411 5165 3540 5217 civi-

1955 5234 2148 5288 tatibus
2170 5239 2389 5292 omnino
2419 5243 2779 5308 prazscribitur
2801 5243 2848 5299 ἀ.

1950 5418 2227 5486 aliquando
2276 5421 2539 5490 episcOpus
2580 5438 2683 5475 esse
2737 5427 2928 5495 possit;
2961 5441 3254 5495 expunctus
3301 5433 3419 5503 quia
3464 5435 3530 5489 ad

1951 5505 2060 5542 retu
2086 5504 2189 5542 non
2221 5495 2427 5546 attinet.

2024 5571 2044 5644 cl
2077 5559 2436 5644 Γριιιηὶὴιιιτι
2465 5562 2766 5644 (Iudicibus;
2803 5567 2855 5619 In
2899 5569 2984 5635 A.,
3016 5573 3254 5643 episcopi.

2022 5629 2044 5666 ι¹
2077 5631 2136 5685 Τ.
2172 5629 2223 5695 2,
2259 5635 2460 5688 omnino
2492 5653 2589 5689 non
2612 5629 2898 5707 praesit-nat.

2408 5745 2436 5761 \
