4056 6178
389 277 500 336 955

888 460 1092 531 ctiﬁcet|
1133 462 1461 532 neaphytum.

460 555 528 611 Et
557 555 700 610 inter
737 553 972 608 minutas
1004 553 1099 607 has
1123 553 1491 609 discussiones
1523 555 1694 610 visum
1726 567 1807 611 est
1838 558 1983 610 omni

385 648 710 718 presbytero
738 660 832 714 per
873 641 1126 706 familias,
1154 659 1250 712 per
1278 659 1455 710 agros,
1478 660 1572 714 per
1614 645 1848 714 privatas
1888 647 1986 700 do-

384 755 526 803 mos,
555 752 656 807 pro
698 735 968 791 desiderio
999 734 1232 790 fidelium
1259 734 1558 790 facultatem
1594 737 1985 792 benedictionis

383 832 620 904 aperire,
637 830 776 899 quod
801 828 1084 882 nonnullas
1103 824 1215 897 jam
1241 827 1546 897 provincias
1569 828 1764 883 habere
1806 843 1986 883 occur.

385 925 476 989 rit,
511 921 636 976 huic
665 920 826 975 etiam
857 917 910 973 in
932 918 1282 974 ecclesiarum
1335 918 1577 985 plebibus
1611 934 1705 986 per
1749 919 1864 972 loca
1909 931 1987 972 ta-

386 1031 512 1070 men
543 1013 716 1081 magis
743 1025 903 1080 quam
931 1024 1025 1076 per
1057 1009 1217 1062 urbes
1245 1008 1348 1062 hoc
1380 1009 1518 1062 idem
1549 1010 1718 1062 visum
1752 1018 1834 1064 est
1863 1023 1985 1064 esse

387 1103 724 1160 tribuendum
752 1120 764 1154 :
793 1102 844 1156 in
872 1099 1100 1155 ecclesia
1138 1115 1354 1170 quoque
1385 1115 1487 1170 qua
1521 1103 1799 1156 ordinatus
1826 1101 1985 1157 fuerit

384 1193 740 1253 consecrandi
772 1192 1053 1262 virginem.
1086 1191 1224 1245 sicut
1257 1191 1607 1244 confirmandi
1659 1193 1981 1262 neopliytum

379 1289 473 1361 jus
495 1287 738 1351 habebit,
768 1294 823 1339 et
865 1300 962 1351 per
1007 1283 1184 1339 omnia
1217 1292 1276 1337 ut
1320 1285 1364 1337 si
1412 1283 1595 1338 multa:
1641 1284 1983 1354 indulgentiae

383 1379 773 1440 testimonium,
804 1391 1019 1446 semper
1056 1390 1118 1431 se
1156 1375 1461 1430 inferiorem
1507 1376 1784 1443 episcopo,
1825 1391 1985 1443 supe-

383 1473 582 1527 riorem
619 1468 939 1538 presbytero
975 1475 1120 1536 agat,
1171 1467 1440 1520 mandatis
1483 1467 1727 1536 votisque
1767 1477 1981 1522 sancto-

381 1579 499 1618 rum
533 1562 775 1616 omnium
805 1557 1251 1629 prosequentibus
1275 1557 1415 1611 vivat
1440 1558 1490 1610 in
1526 1558 1718 1611 timore
1742 1558 1977 1625 Domini,

381 1657 614 1726 quietem
641 1655 803 1719 colat,
839 1653 950 1707 Deo
992 1651 1212 1718 serviat,
1246 1650 1434 1722 synodi
1467 1651 1607 1704 circa
1661 1664 1718 1704 se
1752 1651 1982 1704 benevo-

381 1747 560 1803 lentiae
589 1745 790 1816 gratias
829 1752 973 1814 agat,
997 1757 1318 1812 semperque
1349 1742 1625 1812 indignum
1659 1755 1717 1795 se
1757 1740 1976 1794 indultis
2015 1755 2054 1812 Β

379 1846 430 1893 et
460 1837 667 1906 negatis
688 1834 949 1905 imparem
975 1849 1096 1889 esse
1117 1835 1368 1889 fateatur.

383 1931 446 1989 ν.
477 1928 582 1986 Uttl
597 1930 866 2001 episcOpus
887 1929 971 1999 qui
986 1927 1242 2001 sepelierit
1274 1927 1571 2001 episcopum
1594 1942 1769 1981 curam
1792 1925 1976 1980 habeat

954 2000 1181 2053 ecclesiis
1226 1999 1402 2070 ipsius.

452 2094 508 2149 In
538 2107 832 2150 commune
863 2099 1041 2147 autem
1072 2103 1262 2145 omnes
1290 2089 1379 2157 qui
1408 2097 1774 2144 convenerant
1798 2101 1977 2143 sacer-

378 2187 534 2241 dotes
565 2183 920 2254 sibimetipsis
951 2190 1139 2238 contra
1164 2180 1470 2251 huiusmodi
1501 2179 1750 2235 scandala
1777 2193 1977 2249 praeca-

381 2279 613 2333 vendum
643 2285 992 2332 censuerunt.
1027 2275 1208 2344 Itaque
1238 2282 1456 2344 propter
1481 2273 1782 2342 hujusmodi
1811 2281 1976 2326 teme-

381 2372 572 2426 ritates
613 2368 703 2424 tali
735 2367 1046 2424 deﬁnitione
1089 2367 1390 2421 consultum
1439 2375 1543 2430 est,
1579 2373 1635 2418 ut
1674 2363 1742 2418 de
1781 2372 1976 2418 caetero

385 2463 767 2518 observaretur
787 2475 852 2515 ne
880 2458 1000 2529 quis
1031 2458 1095 2513 ad
1125 2471 1244 2512 eam
1290 2456 1595 2522 ecclesiam,
1621 2471 1740 2523 qua:
1767 2456 1978 2523 episco-

381 2569 509 2625 pum
542 2551 996 2622 perdidisset,fnisi
1025 2549 1213 2604 vicina:
1236 2548 1478 2604 ecclesia:
1508 2549 1790 2617 episcopus
1821 2561 1976 2601 exse-

377 2648 625 2717 quiarum
655 2655 897 2714 tempore
920 2642 1223 2706 accederet,
1257 2645 1345 2711 qui
1380 2651 1558 2695 tamen
1592 2641 1773 2694 statim
1797 2640 1975 2694 eccle-

375 2741 470 2794 sire
502 2740 669 2809 ipsius
697 2753 880 2793 curam
905 2735 1308 2792 districtissime
1345 2743 1574 2806 gereret,
1600 2749 1666 2788 ne
1687 2733 1811 2803 quid
1853 2742 1977 2789 ante

376 2837 774 2892 ordinationem
813 2834 1240 2890 discordantium
1285 2835 1336 2886 in
1387 2830 1712 2886 novitatibus
1755 2829 1978 2884 clerico-

377 2943 492 2981 rum
514 2926 852 2982 subversioni
878 2926 1040 2996 216
1063 2925 1281 2979 liceret:
1318 2923 1496 2991 itaque
1520 2936 1639 2975 cum
1660 2921 1762 2975 tale
1775 2919 1974 2989 aliquid

378 3017 594 3086 accidit,
623 3015 816 3071 vicinis
843 3017 1141 3070 vicinarum
1188 3013 1538 3069 ecclesiarum
1579 3011 1860 3081 inspectio,
1885 3010 1979 3066 de-

374 3108 599 3176 scriptio
626 3106 979 3175 recensioque
1007 3105 1314 3160 mandatur.

448 3197 538 3254 γι.
575 3197 642 3254 Ut
669 3211 690 3238 ο
720 3198 908 3268 absque
949 3197 1339 3265 metropolitano
1366 3194 1541 3250 nullus
1567 3193 1833 3249 ordinetur
1866 3191 1974 3261 epi-

1053 3283 1262 3337 scapus.

453 3361 576 3416 IIazc
621 3370 804 3416 autem
836 3360 1012 3415 omnia
1042 3360 1418 3430 exsequiarum
1446 3367 1688 3427 tempore
1711 3369 1878 3425 usque
1907 3354 1971 3408 ad

380 3453 656 3521 septimam
680 3450 915 3506 defuncti
940 3451 1084 3506 diem
1114 3459 1259 3521 aget,
1285 3449 1497 3504 eximite
1545 3446 1797 3502 ecclesia:
1837 3443 1973 3499 refe-

379 3560 498 3599 rens
528 3544 838 3598 mandatum
869 3543 1265 3612 metropolitani
1292 3559 1305 3594 :
1358 3540 1519 3594 simul
1551 3555 1671 3593 cum
1722 3537 1973 3591 omnibus

378 3638 575 3693 sanctis
606 3636 753 3712 [.E.,
787 3637 973 3710 sociis]
1003 3637 1268 3707 episcopis
1306 3635 1649 3705 sepeliretur.
1682 3631 1789 3687 Nec
1829 3632 1973 3701 quis-

378 3753 534 3805 quam
565 3739 631 3792 ad
676 3737 958 3793 ecclesiam
991 3750 1110 3806 qua!
1137 3747 1403 3787 summum
1436 3731 1691 3785 amiserat
1721 3727 1973 3783 sacerdo-

378 3839 504 3893 tem,
535 3831 634 3884 nisi
665 3828 1061 3898 metropolitani
1105 3825 1298 3882 litteris
1339 3824 1610 3888 invitatus,
1644 3837 1709 3874 ne
1738 3835 1766 3873 a
1817 3818 1973 3889 plebe

376 3921 697 3988 decipiatur,
726 3921 946 3976 accedat
975 3927 1030 3976 et
1054 3919 1158 3972 vim
1191 3920 1296 3987 pati
1330 3915 1566 3970 voluisse
1599 3914 1861 3968 videatur.

383 4012 486 4068 VII.
521 4011 598 4068 De
628 4011 653 4049 ἀ
681 4012 759 4066 his
799 4014 888 4082 qui
918 4011 1244 4066 ecclesiarum
1274 4010 1552 4082 t'elrearum
1577 4006 1872 4082 cultoribus,
1917 4006 1970 4059 id

640 4093 712 4137 est
733 4079 1106 4147 sacerdotibus,
1143 4081 1369 4135 seditiosi
1395 4079 1696 4133 exstiterint.

448 4174 769 4229 Perventum
829 4183 912 4228 est
956 4173 1079 4228 huic
1114 4182 1315 4227 sancta:
1357 4169 1566 4241 synodo
1621 4169 1761 4238 quod
1809 4167 1968 4236 aliqui

377 4265 540 4334 ignoti
587 4263 949 4319 institutiones
987 4277 1252 4317 canonum
1298 4261 1433 4315 fastu
1465 4258 1732 4328 superbiae
1781 4257 1970 4312 editio-

377 4372 472 4411 nes
497 4366 518 4390 ε
553 4357 751 4426 antiqui
785 4356 957 4410 Iiostis
985 4354 1208 4410 consilio
1241 4353 1522 4407 cmutilare
1566 4351 1830 4414 nituntur,
1879 4347 1966 4418 qui

1499 279 1773 338 αλιυδ
1814 279 2596 344 CONCILI.\.—REGIENSE.

389 393 478 450 IV.
501 390 571 448 Ut
596 399 620 428 κ
644 391 908 464 presbyter
926 389 1256 464 e_t_ben_edicat
1277 399 1330 464 et
1353 391 1614 457 conﬁrmet
1654 391 1763 464 [T.,
1786 392 1841 459 2,
1875 409 1992 446 san-
2023 395 2068 450 Α

3579 295 3679 352 εει

2382 391 2516 448 VIII.
2547 393 2616 448 Ut
2640 393 2712 448 bis
2740 396 2792 450 in
2807 412 2944 452 anno
2967 396 3237 454 concilium
3268 402 3382 470 ﬁat.

2165 482 2424 538 Sufficere
2453 485 2623 539 visum
2648 494 2729 539 est
2753 485 2832 541 his
2853 488 2903 542 in
2926 503 3067 543 anno
3089 505 3184 559 per
3203 493 3440 562 singulas
3463 498 3680 560 provin-

2092 575 2202 628 cias
2229 575 2600 645 episcoporum
2631 580 2915 634 concilium
2946 582 3082 649 fit-ri,
3111 584 3276 638 semel
3307 572 3520 653 quidem
3563 597 3685 657 post

2094 671 2303 725 tertiam
2367 672 2754 728 hebdomadam
2822 677 3084 745 paschalis
3122 678 3445 744 festivitatis,
3495 680 3565 734 ita
3630 690 3684 733 ut

2094 761 2144 814 in
2177 774 2360 830 quarta
2387 781 2596 834 quaque
2627 767 2957 822 Iiehdomada
2983 786 3099 840 quae
3126 775 3491 841 consequitur,
3525 772 3576 827 id
3601 781 3685 828 est

2093 855 2264 908 media
2295 856 2608 912 Pente-coste
2638 861 2925 914 concilium
2955 863 3311 931 compleatur.
3345 865 3682 918 Admoneant

2089 957 2265 1002 autem
2291 951 2767 1018 comprovincialcs
2788 954 3022 1024 episcopi
3048 956 3082 1008 ii
3105 956 3190 1024 qui
3209 958 3676 1026 peramplioribus,

2092 1042 2140 1094 id
2172 1043 2319 1096 estin
2346 1043 2768 1111 nietropolitanis
2799 1045 3104 1100 civitatibus
3127 1048 3341 1117 degunt.
3373 1049 3674 1103 Secundum

2093 1149 2216 1188 vero
2243 1135 2524 1189 coiicilinm
2555 1135 2734 1191 Idibus
2764 1137 3084 1192 Octobribus
3114 1155 3207 1205 pro
3240 1140 3520 1194 vindemiae
3550 1150 3675 1195 lem-

2091 1229 2304 1295 poribus
2333 1229 2620 1283 habeatur:
2653 1229 2740 1298 qui
2773 1229 2888 1284 dies
2918 1232 3054 1296 apud
3084 1233 3302 1287 Graecos
3345 1233 3678 1302 Ilyperhereo

2091 1321 2173 1374 tuai
2216 1321 2418 1374 mensis
2447 1321 2684 1374 decimus
2711 1322 2998 1377 invenitur.
3035 1321 3087 1376 In
3129 1324 3256 1391 ipsis
3288 1337 3466 1378 autem
3498 1328 3674 1380 conci-

2089 1413 2174 1467 liis
2202 1422 2253 1467 et
2286 1413 2626 1482 presbyteros
2655 1421 2707 1467 et
2750 1413 3002 1468 diacones
3037 1424 3089 1468 et
3115 1413 3324 1482 judices
3354 1417 3465 1472 sive
3505 1417 3681 1471 curia-

2087 1505 2165 1560 lcs
2212 1520 2273 1559 ac
2325 1508 2557 1570 privatos
2603 1515 2900 1574 prmsentes
2945 1519 3065 1560 esse
3101 1515 3337 1572 oportet:
3383 1515 3436 1561 et
3490 1523 3676 1563 omnes

2086 1605 2346 1666 quotquot
2375 1611 2433 1650 se
2462 1597 2617 1650 laesos
2638 1596 2947 1650 existimant
2967 1609 3158 1649 causas
3181 1604 3496 1650 enarreutet
3519 1612 3680 1666 syno-

2086 1690 2258 1743 dicam
2297 1699 2613 1758 exspectent
2648 1692 2992 1743 sententiam.
3044 1687 3151 1742 Nec
3205 1688 3360 1742 liccat
3414 1687 3676 1757 aliquibus

2083 1780 2221 1846 apud
2251 1780 2569 1846 semetipsos
2621 1778 2849 1832 concilia
2916 1778 3457 1845 metropolitanorum
3514 1786 3675 1847 queat

2078 1885 2198 1925 esse
2230 1871 2512 1938 praesentia
2551 1867 2594 1934 τ,
2627 1878 2679 1923 et
2711 1870 2911 1937 absque
2976 1868 3505 1937 metropolitanorum
3565 1869 3678 1937 epi-

2078 1975 2363 2028 sc0porum
2379 1959 2706 2014 conscientia
2731 1959 2924 2024 facere,
2950 1958 3142 2029 quibus
3163 1959 3229 2013 de
3259 1958 3678 2030 217omnibus

2079 2051 2254 2104 causis
2269 2050 2555 2105 veridicum
2581 2066 2641 2104 ac
2666 2051 3033 2106 fidelissimum
3056 2058 3266 2106 constat
3284 2050 3537 2106 emissum
3555 2065 3677 2106 esse

2077 2141 2371 2195 sanctionis
2397 2139 2680 2208 judicium.

2151 2231 2262 2299 Ego
2314 2230 2541 2284 llilarius
2587 2231 2867 2299 episc0pus
2910 2229 3059 2298 juxta
3119 2229 3171 2283 id
3211 2229 3353 2300 quod
3407 2230 3672 2285 universis

2078 2321 2276 2375 sanctis
2329 2320 2596 2390 episcopis
2644 2320 2779 2374 meis
2826 2320 2913 2388 qui
2965 2334 3176 2373 mecum
3237 2319 3674 2389 subscripserunt

2081 2413 2317 2483 placuit,
2365 2421 2558 2467 statuta
2601 2411 2818 2465 Patrum
2866 2420 3080 2465 secutus
3124 2411 3208 2464 his
3262 2410 3668 2464 definitionibus

2077 2506 2364 2576 subscripsi
2383 2506 2480 2559 sub
2493 2504 2582 2559 die
2599 2519 2688 2558 xui
2708 2503 2972 2558 Kalendas
2995 2503 3300 2557 Decembris
3316 2512 3339 2549 ε
3363 2500 3671 2558 Theodosio

2080 2602 2319 2668 Augusto
2361 2599 2556 2667 septies
2577 2598 2754 2654 decies
2795 2606 2850 2652 et
2899 2596 3059 2652 Festo
3098 2597 3319 2652 consule
3359 2596 3585 2650 honesto
3615 2599 3664 2647 ³.

2152 2692 2260 2760 Ego
2285 2691 2603 2746 Severianus
2631 2691 2914 2759 episcOpus
2965 2689 3088 2744 huic
3131 2689 3426 2744 definitioni
3453 2686 3670 2743 interfui

2079 2790 2133 2836 et
2153 2782 2439 2852 subscripsi
2461 2782 2547 2835 die
2577 2781 2884 2836 consulatus
2905 2795 3062 2848 supra
3095 2780 3278 2849 scripti
3315 2778 3359 2834 ί.

2151 2875 2260 2944 Ego
2295 2873 2594 2929 Audentius
2632 2875 2916 2943 episcopus
2959 2873 3040 2928 his
3083 2873 3296 2929 statutis
3323 2871 3539 2927 interfui
3579 2870 3667 2925 die

2077 2965 2386 3020 consulatus
2409 2979 2570 3033 supra
2597 2965 2806 3033 scripti.

2153 3055 2264 3125 Ego
2284 3053 2456 3109 Julius
2494 3054 2580 3126 [T.
2619 3055 2675 3120 2,
2707 3054 2972 3126 Julianus]
3026 3054 3309 3122 episcopus
3348 3052 3432 3107 his
3451 3052 3668 3107 statutis

2081 3149 2294 3204 interfui
2325 3156 2380 3204 et
2407 3147 2700 3218 subscripsi
2725 3147 2814 3203 die
2833 3147 3139 3202 consulatus
3165 3161 3324 3215 supra
3352 3144 3558 3214 scripti.

2149 3243 2262 3312 Ego
2288 3243 2545 3298 Arcadius
2574 3243 2854 3313 episcOpus
2892 3241 2975 3296 his
3010 3240 3412 3296 definitionibus
3449 3237 3666 3294 interfui

2076 3344 2130 3391 et
2159 3333 2445 3401 subscripsi
2475 3333 2560 3387 die
2580 3334 2886 3386 consulatus
2916 3347 3074 3400 supra
3104 3331 3306 3398 scripti.

2146 3424 2259 3494 Ego
2291 3423 2571 3492 Auspicius
2600 3425 2881 3490 episcopus
2914 3422 2995 3476 his
3018 3419 3417 3474 definitionibus
3445 3418 3658 3472 interfui

2075 3528 2127 3574 et
2155 3517 2442 3586 subscripsi
2466 3517 2551 3570 die
2579 3517 2885 3571 consulatus
2914 3529 3069 3583 supra
3099 3512 3303 3581 scripti.

2148 3609 2259 3678 Ego
2299 3608 2527 3663 Severus
2557 3606 2840 3676 epi~c0pus
2887 3606 2968 3660 his
3004 3605 3398 3658 definitionibus
3448 3601 3662 3658 interfui

2075 3701 2239 3770 218
2263 3709 2315 3753 et
2341 3699 2631 3767 subscripsi
2655 3698 2741 3753 die
2772 3700 3079 3753 consulatus
3102 3712 3258 3765 supra
3284 3697 3487 3764 scripti.

2147 3793 2258 3863 Ego
2292 3793 2598 3847 Valerianus
2631 3793 2912 3860 episcopus
2946 3789 3026 3844 his
3070 3789 3469 3843 definitionibus
3498 3789 3661 3843 inter-

2075 3884 2146 3938 fui
2175 3895 2228 3937 et
2257 3884 2546 3950 subscripsi
2577 3884 2662 3937 die
2692 3882 3001 3936 consulatus
3029 3897 3186 3948 supra
3220 3882 3422 3948 scripti.

2145 3976 2257 4046 Ego
2302 3975 2581 4030 Nectarius
2620 3975 2904 4042 episeopus
2937 3974 3017 4026 his
3065 3973 3465 4027 definitionibus
3499 3972 3663 4026 inter-

2075 4070 2148 4123 fui
2179 4079 2230 4122 et
2259 4067 2546 4135 subscripsi
2581 4067 2666 4120 die
2698 4067 3010 4119 conSulatus
3035 4080 3194 4131 supra
3225 4065 3427 4132 scripti.

2147 4162 2254 4230 Ego
2284 4160 2563 4230 Asclepius
2591 4157 2872 4225 episcopus
2904 4157 2984 4210 liis
3011 4155 3409 4209 definitionibus
3442 4153 3657 4208 interfui

2073 4263 2123 4308 et
2146 4251 2433 4322 subscripsi
2461 4251 2547 4306 die
2577 4251 2883 4305 consulatus
2909 4263 3066 4316 supra
3092 4247 3298 4316 scripti.

2146 4348 2254 4417 Ego
2285 4345 2600 4400 Theodorus
2633 4343 2914 4412 episcopus
2948 4341 3030 4395 liis
3053 4337 3457 4394 definitionibus
3491 4337 3658 4392 inter-

379 4464 480 4502 non
512 4448 743 4504 humiles
773 4449 866 4504 sed
899 4446 1115 4516 superbi
1157 4445 1588 4514 seditionemque
1635 4441 1964 4497 ecclesiabus
1998 4467 2048 4525 η
2075 4438 2146 4492 fui
2177 4449 2229 4493 et
2255 4436 2544 4505 subscripsi
2571 4436 2657 4490 die
2677 4433 2987 4489 consulatus
3017 4446 3176 4499 supra
3207 4430 3409 4497 scripti.

380 4539 468 4594 Dei
497 4541 578 4594 vel
605 4541 722 4608 ejus
745 4540 1109 4596 sacerdotibus
1133 4537 1421 4606 persistuut
1445 4554 1458 4602 ;
1489 4533 1842 4604 placuitomui
1874 4549 1963 4604 sy-

377 4631 517 4683 nodo
558 4631 656 4684 hos
685 4631 815 4686 tales
861 4630 928 4684 ab
957 4628 1193 4684 Ecclesia
1227 4627 1321 4681 Dei
1346 4637 1398 4680 et
1435 4641 1465 4701 ag
1489 4637 1631 4680 coetu
1675 4623 1966 4678 catholico-

377 4735 492 4774 rum
535 4723 827 4792 scgregari,
859 4737 922 4777 ac
962 4718 1457 4776 excommunicatos
1498 4718 1690 4771 exsilio
1715 4715 1960 4786 relegari,

377 4827 430 4869 ut
457 4827 580 4885 post
604 4819 831 4872 correcti
864 4816 1226 4872 satisfactione
1256 4812 1583 4884 paenitentiae
1613 4812 1677 4862 ad
1725 4821 1962 4864 sanctun

376 4910 807 4965 communionem
840 4909 1046 4979 possint
1074 4906 1215 4962 idem
1246 4904 1483 4974 admitti,
1516 4919 1620 4960 non
1638 4903 1703 4957 ad
1733 4903 1960 4958 clerum.

447 5072 470 5098 ³
496 5063 553 5118 lit
598 5063 881 5119 Codicibus
920 5062 1114 5130 duplex
1159 5060 1374 5117 titulus:
1416 5059 1503 5129 qui
1543 5056 1958 5130 exprimituret

374 5135 506 5190 alter
528 5138 607 5188 sic
627 5150 686 5189 se
715 5135 955 5188 habens:
1001 5129 1079 5186 Ut
1122 5133 1398 5201 presbyteri
1442 5131 1678 5198 privatim
1724 5129 1958 5196 ﬁdelibus

375 5205 778 5259 desiderantibus
832 5205 1162 5267 benedicant;
1207 5211 1505 5265 exiiuncttts
1544 5215 1611 5254 ne
1661 5208 1957 5267 repetatur.

446 5275 472 5313 δ
499 5277 553 5329 In
576 5274 860 5328 Codicibns
883 5277 1078 5339 duplex
1117 5273 1332 5328 titulus:
1353 5272 1440 5341 qui
1465 5273 1780 5337 exprimitur
1804 5281 1859 5324 ct
1880 5270 1958 5322 al-

375 5357 457 5398 ter
479 5347 555 5400 sic
581 5361 642 5400 se
669 5346 898 5399 habens:
924 5342 999 5397 De
1029 5345 1317 5397 ordinanda
1343 5343 1553 5396 ecclesia
1578 5342 1819 5410 defuncto
1848 5341 1958 5410 epi-

374 5433 563 5484 scopo:
593 5426 891 5482 expunctus
923 5430 989 5468 ne
1021 5423 1310 5481 repetatur.

446 5479 470 5525 έ
501 5487 555 5540 lu
587 5479 869 5540 (Iudicibus
892 5479 1092 5550 duplex
1119 5487 1333 5539 titulus:
1367 5481 1455 5551 qui
1477 5481 1790 5549 exprimitur
1811 5490 1859 5533 et
1884 5479 1959 5531 alo

375 5569 452 5612 ter
478 5558 558 5611 sic
579 5572 638 5611 se
671 5559 903 5620 habens:
934 5554 1017 5608 Ne
1045 5556 1158 5624 quis
1196 5555 1262 5607 ad
1287 5554 1657 5607 ordinationem
1672 5553 1836 5604 veniat
1864 5552 1963 5602 nisi

373 5628 752 5692 metropolitani
771 5627 951 5681 litteris
972 5627 1211 5681 invitatus
1227 5644 1244 5690 ;
1263 5635 1560 5692 expunctus
1586 5637 1651 5677 ne
1671 5631 1958 5692 repetatur.

439 5696 468 5736 ά
499 5691 593 5752 llic
623 5713 792 5752 canon
818 5705 874 5751 et
900 5713 1128 5764 sequens
1157 5714 1220 5752 ex
1245 5697 1306 5752 U.
1341 5691 1470 5748 sunt
1515 5691 1780 5762 dcsumpti
1809 5709 1820 5743 :
1866 5691 1960 5746 dc-

377 5783 494 5825 sunt
529 5784 754 5838 namque
783 5769 832 5823 in
862 5767 1098 5836 reliquis.

2144 4531 2254 4599 Ego
2285 4528 2545 4582 Maximus
2570 4527 2855 4596 episcOpus
2889 4523 2972 4578 his
3011 4521 3411 4577 definitionibus
3439 4515 3657 4572 interfui

2069 4631 2124 4678 et
2144 4619 2436 4690 subscripsi
2467 4619 2550 4672 die
2579 4616 2882 4672 consulatus
2911 4629 3069 4684 supra
3092 4612 3296 4679 scripti.

2143 4715 2256 4784 Ego
2295 4713 2604 4768 Vincentius
2647 4711 2928 4781 presbyter
2963 4705 3200 4776 episc0pi
3240 4701 3614 4759 Constantiani
3640 4741 3657 4766 ,

2069 4809 2136 4864 ab
2162 4809 2350 4863 eodem
2378 4807 2683 4868 ordinatus,
2713 4803 2926 4858 interfui
2959 4804 2972 4850 t
3014 4811 3065 4854 et
3091 4798 3380 4868 subscripsi
3412 4797 3500 4852 die
3529 4811 3658 4850 con-

2069 4903 2273 4958 sulatus
2303 4915 2463 4970 supra
2487 4899 2690 4968 scripti.

2136 5065 2158 5093 ε
2178 5055 2335 5109 Forte
2356 5055 2589 5108 editiores
2610 5052 2676 5107 ait
2702 5050 2947 5104 Baluzins
2973 5069 2983 5102 :
3009 5065 3106 5103 nos
3127 5057 3301 5102 autem
3319 5047 3418 5100 hoc
3435 5043 3654 5098 verbum

2061 5141 2514 5193 supervacaneum
2545 5124 2939 5180 existimamus.

2139 5185 2159 5235 ἶ
2192 5196 2489 5263 Corruptus
2520 5205 2667 5249 certe
2689 5193 2872 5246 locus:
2909 5187 3206 5243 redundare
3250 5186 3496 5263 videntur
3541 5185 3656 5238 Iia°c

2064 5268 2226 5320 verba
2253 5284 2266 5320 :
2298 5261 2804 5333 nietmpolitanorum
2826 5270 3105 5333 queat‘esse
3129 5261 3418 5333 prgsentia.

2138 5346 2162 5383 ε
2195 5337 2252 5389 Β.
2289 5337 2375 5396 Β..
2405 5325 2470 5390 Τί
2498 5336 2548 5399 Ι,
2577 5334 2633 5394 2,
2664 5334 2745 5385 die
2776 5325 2858 5381 xn}
2890 5327 3156 5399 Kalendas
3191 5325 3510 5399 Decembres.

2137 5405 2162 5442 ιι
2194 5408 2306 5487 Αἰ),
2342 5395 2400 5460 Β.
2437 5405 2500 5458 R.
2529 5395 2544 5466 ζ
2578 5403 2640 5458 U.
2663 5446 2677 5472 ,
2715 5399 2868 5454 Festo
2897 5400 3004 5452 viro
3030 5395 3337 5460 clarissimo,
3362 5398 3655 5450 consulibus

2068 5479 2312 5613 Ιωιῖεέἕῗ
2340 5547 2395 5600 Β.
2423 5546 2509 5610 IL,
2536 5545 2616 5597 die
2648 5553 2692 5596 et
2723 5541 3014 5613 consulibus
3042 5538 3407 5613 suprascriptis
3433 5555 3450 5613 ς
3472 5537 3653 5606 slcque

2071 5619 2121 5672 in
2150 5610 2396 5700 omnibus
2429 5615 2931 5686 subscriptiouibus.
2963 5611 3025 5665 T.
3064 5610 3118 5674 2,
3162 5611 3242 5662 die
3266 5611 3467 5664 concilii
3497 5625 3651 5672 supra

2067 5701 2310 5828 δωὲνὶίέη
2339 5761 2394 5813 Β.
2425 5759 2511 5826 IL,
2545 5757 2605 5814 Ε.
2633 5759 2684 5824 '5,
2719 5756 2804 5825 [λη
2838 5753 3039 5825 interfui
3063 5754 3161 5808 vita
3187 5754 3365 5825 ipsius.
