4060 6184
317 265 427 323 258

613 410 1391 421 _—....__._—.-___
1402 413 1453 419 __

1048 268 1425 325 COLI.ECTIO
1464 268 1794 326 CANONUM
1839 272 1898 326 S.
1942 270 2209 331 ISIDORO
2249 275 2508 333 IlISPA'L.
2552 276 2906 337 ASCRIPTA.
3501 290 3604 348 255

1789 481 2113 555 XXVII

1134 619 1800 704 CONCILIUM
1872 625 2746 717 ARAUSICANUM

318 774 639 820 σειυιζσιω
690 775 1122 817 EPISCOPOIHJM
1158 801 1172 828 ,
1222 776 1512 817 ΗΔΒΙἸἪΜ
1566 776 1702 817 ,ΕιιΔ
1750 774 1926 816 CCCC]

1995 776 2134 830 XIX,
2181 780 2527 826 THEODOSII
2576 787 2838 830 MINOBIS
2884 789 3289 841 TEMPORIBUS
3335 798 3453 841 SUB
3499 801 3606 842 DIE

867 855 927 895 νι
968 854 1107 895 IDUS
1156 854 1536 906 NOVEMBRIS.
1584 856 1745 897 CYRO
1789 854 2092 910 CUNSCLE,
2143 859 2204 900 IN
2252 860 2549 905 ECCLESIA
2593 865 3098 915 JUSTINIANENSI.

317 976 357 1029 I.
394 975 467 1028 De
496 974 744 1028 hteretiris
774 975 817 1026 si
864 975 915 1026 in
966 976 1142 1028 mortis
1189 975 1481 1029 discriniine
1519 985 1895 1030 convertantur.
1933 974 1984 1033 Α

389 1084 677 1139 lkcreticos
709 1085 759 1138 in
788 1085 973 1138 mortis
1011 1085 1325 1141 discrimine
1356 1087 1557 1154 positos
1587 1088 1630 1142 si
1652 1087 1902 1143 catholici

315 1190 436 1230 esse
456 1175 780 1238 desiderant,
816 1178 859 1230 si
887 1176 1025 1231 desit
1046 1177 1349 1247 episcopus,
1382 1194 1411 1232 a
1440 1179 1755 1251 p-esbytero
1781 1195 1900 1234 cum

313 1268 604 1325 chrismate
637 1279 689 1324 et
716 1270 1087 1325 benedictione
1115 1272 1418 1341 consignari
1451 1273 1648 1340 placet.

352 1360 413 1416 II.
450 1360 516 1417 Ut
554 1362 729 1416 nullus
771 1362 999 1417 minister
1027 1363 1137 1417 sine
1174 1362 1442 1417 chrismate
1482 1365 1857 1434 proficiscatur.

382 1452 592 1507 Nullum
636 1453 998 1509 ministt‘dru'tn
1027 1497 1041 1520 ,
1082 1455 1170 1525 qui
1210 1455 1510 1524 baptizandi
1551 1455 1741 1524 recipit
1776 1456 1899 1509 ofti-

310 1544 475 1613 cium,
506 1544 623 1599 sine
660 1544 949 1599 chrismate
980 1559 1201 1615 usquam
1229 1546 1426 1601 debere
1457 1547 1701 1617 progredi
1729 1589 1742 1611 ,
1777 1546 1898 1617 quia

312 1635 451 1691 inter
492 1650 590 1691 nos
630 1636 825 1704 placuit
861 1635 1029 1691 semel
1070 1635 1376 1691 chrismari.
1412 1637 1486 1691 De
1510 1653 1575 1691 eo
1603 1649 1779 1693 autem
1809 1641 1897 1708 qui

310 1726 629 1795 baptismate
651 1740 966 1797 quacunque
993 1729 1156 1800 219
1180 1729 1500 1785 necessitate
1529 1730 1758 1786 faciente
1794 1748 1896 1786 non

306 1817 631 1872 chrismatus
660 1818 837 1884 fuerit,
868 1818 921 1873 in
944 1819 1351 1874 confirmatione
1379 1820 1633 1875 sacerdos
1655 1836 1897 1875 commo-

308 1911 521 1967 nebitur
553 1928 565 1963 :
610 1926 733 1966 nam
780 1911 919 1965 inter
958 1925 1090 1980 quos
1119 1911 1419 1967 chrismatis
1463 1912 1627 1983 ipsius
1658 1929 1763 1966 non
1796 1913 1895 1967 nisi

308 2018 411 2060 una
440 2003 738 2060 benedictio
755 2014 859 2072 est,
885 2020 987 2060 non
1015 2004 1440 2075 utprtejudicans
1469 2005 1780 2075 quidquam,
1800 2007 1894 2061 sed

305 2102 366 2149 ut
391 2109 498 2149 non
531 2095 833 2150 necessaria
866 2096 1122 2151 habeatur
1150 2097 1373 2166 repetita
1397 2098 1731 2155 chrismatio.

438 2205 529 2263 111.
556 2206 632 2262 De
662 2209 1018 2277 paenitentibus
1038 2212 1127 2281 qui
1156 2213 1222 2267 de
1249 2229 1460 2285 corpore
1483 2228 1667 2272 exeunt
1699 2216 1750 2271 δ.

374 2298 475 2367 Qui
505 2301 763 2357 recedunt
805 2300 873 2358 de
907 2317 1133 2372 corpore
1161 2307 1472 2374 poenitentia
1504 2318 1750 2379 accepta,
1781 2310 1892 2380 pla-
1926 2323 1970 2383 υ
2002 2298 2171 2387 nm},
2200 2347 2265 2388 cu

301 2392 417 2448 cuit
442 2394 559 2451 sine
579 2396 1006 2452 reconciliatoria
1041 2413 1232 2454 manus
1263 2403 1606 2472 impositione
1633 2404 1713 2459 eis
1741 2419 1893 2459 com-

304 2484 586 2552 municari,
617 2487 759 2555 quod
792 2487 1071 2542 morientis
1094 2488 1292 2545 sufﬁcit
1315 2494 1669 2548 consolationi
1698 2509 1898 2550 secun-

302 2572 431 2629 dum
452 2573 796 2630 definitiones
833 2575 1073 2643 Patrum,
1110 2578 1200 2646 qui
1230 2578 1534 2649 bujnsmodi
1560 2585 1896 2639 communio-

302 2683 426 2726 nem
454 2682 809 2741 congruenter
838 2672 1088 2728 viaticum
1119 2676 1493 2744 nominarunt,
1534 2690 1591 2734 ut
1630 2680 1672 2734 si
1698 2694 1892 2750 super—

302 2763 534 2818 vixerint
562 2771 707 2819 stent
737 2765 788 2818 in
812 2766 1002 2822 ordine
1030 2769 1423 2837 paenitentiam,
1448 2782 1504 2825 ut
1535 2772 1767 2828 ostensis
1795 2789 1891 2830 ne-

303 2858 553 2913 cessariis
584 2860 910 2928 posuitentize
940 2861 1199 2919 fructibus
1239 2864 1528 2934 legitimam
1560 2867 1894 2921 communio-

303 2964 425 3004 nem
471 2964 593 3005 cum
648 2952 1076 3009 reconciliatoria
1124 2969 1313 3011 manus
1361 2955 1705 3026 impositione
1744 2960 1886 3013 acci-

304 3036 469 3107 piant.

528 3130 618 3186 IV.
651 3131 731 3187 De
753 3133 949 3190 clericis
976 3136 1322 3208 paenitentiam
1348 3140 1649 3196 volentibus.

297 3312 333 3369 ἀ
373 3241 759 3318 Paenitentiam
798 3248 1229 3308 desiderantibus
1275 3253 1636 3335 clericisnon
1687 3270 1890 3327 negan-

338 3328 445 3369 am.

338 3328 445 3370 am.

336 3426 398 3483 Y.
431 3428 509 3484 De
534 3429 614 3486 Itis
641 3432 730 3501 qui
748 3432 818 3487 ad
841 3434 1105 3490 ecclesiam
1135 3438 1437 3509 confugiunt
1468 3453 1529 3494 ne
1557 3440 1848 3495 tradantur.

370 3543 479 3601 Eos
507 3548 595 3618 qui
637 3548 705 3604 ad
738 3550 1021 3606 ecclesiam
1062 3552 1399 3622 confugerint
1428 3553 1561 3607 tradi
1595 3570 1699 3609 non
1728 3570 1888 3621 Opor-

423 3822 511 3880 Vl.
539 3822 613 3877 De
639 3826 909 3896 mancipiis
935 3829 1339 3899 confugientibus
1376 3830 1444 3883 ad
1465 3831 1748 3888 ecclesiam.

364 3912 419 3966 Si
449 3912 569 3983 quis
608 3923 784 3970 autem
819 3916 1081 3987 mancipia
1114 3919 1429 3976 clericorum
1464 3940 1560 3993 pro
1590 3925 1702 3983 suis
1733 3944 1883 3983 man-

297 4006 457 4075 cipiis
491 4012 556 4063 ad
598 4009 877 4065 ecclesiam
921 4013 1350 4082 confugientibus
1393 4017 1684 4075 crediderit
1721 4037 1881 4078 occu-

296 4101 487 4169 panda,
517 4117 610 4170 per
632 4118 822 4162 omnes
841 4108 1099 4163 ecclesias
1129 4109 1515 4169 diSll’ICliSSIllla
1540 4117 1884 4174 datnmtione

294 4192 536 4248 feriatur.

386 4284 494 4339 νιι.
527 4283 601 4339 De
622 4285 815 4342 libertis
842 4291 931 4360 qui
951 4292 1179 4375 ecclesitz
1205 4296 1547 4351 commendati
1576 4309 1693 4353 sunt
1725 4316 1787 4354 nc

898 4374 1272 4430 opprimantur.

363 4445 420 4500 ln
451 4447 674 4501 ecclesia
709 4453 1065 4508 manumissos
1107 4456 1188 4510 vel
1237 4472 1332 4527 per
1370 4466 1746 4515 testamentum
1791 4476 1881 4518 cc-

292 4538 475 4593 clesia:
517 4543 916 4598 commendatos
945 4544 989 4598 si
1026 4546 1143 4616 quis
1169 4548 1221 4601 in
1244 4549 1558 4604 servitutem
1599 4553 1682 4605 vel
1724 4553 1880 4608 obse~

294 4632 477 4700 quium
536 4634 619 4688 vel
663 4635 728 4689 ad
780 4635 1104 4691 colonariam
1153 4639 1512 4696 Conditionum
1569 4644 1880 4713 imprimere

297 4725 623 4792 tentaverit,
672 4727 1137 4783 animadversione
1185 4733 1549 4790 ecclesiastica
1603 4739 1879 4793 coercebi-

296 4823 403 4868 1111⁵.

454 4906 581 4963 VIII.
623 4907 701 4963 De
730 4908 808 4964 his
840 4913 926 4981 qui
946 4911 1186 4965 clericum
1211 4915 1430 4971 alienum
1461 4920 1701 4975 ordinare

914 4995 1251 5050 presumunt.
1304 5046 1305 5049 η

364 5090 421 5147 Si
439 5091 657 5161 quilibet
679 5094 1061 5152 consistentem
1087 5097 1211 5152 alibi
1236 5100 1489 5155 clericum
1510 5103 1868 5160 ordinandum

291 5184 575 5253 putaverit,
608 5189 752 5256 prius
777 5188 993 5245 definiat
1017 5198 1075 5245 ut
1095 5206 1215 5247 cum
1244 5193 1357 5262 ipso
1391 5194 1613 5261 habitet,
1644 5199 1719 5250 sic
1741 5214 1872 5267 quo-

288 5290 396 5341 que
428 5292 533 5330 non
581 5279 700 5335 sine
738 5283 1138 5339 consultatione
1173 5284 1291 5355 ejus
1329 5286 1565 5357 episcopi
1615 5306 1732 5343 cum
1768 5308 1873 5357 quo

290 5374 413 5420 ante
436 5366 734 5436 habitavit;
776 5386 874 5427 nec
903 5388 1027 5429 eum
1057 5376 1146 5444 qui
1177 5376 1400 5434 fortasse
1428 5394 1530 5432 non
1556 5381 1674 5436 sine
1705 5396 1867 5435 eausa

285 5453 376 5509 diu
405 5460 473 5511 ab
498 5460 604 5515 alio
634 5477 741 5516 non
763 5462 1148 5533 ordinatus_est
1177 5470 1430 5526 ordinare
1459 5485 1766 5540 prmsumat.

361 5621 385 5648 ι
419 5611 474 5691 B,
511 5615 597 5680 8.,
625 5616 689 5671 Τ.
718 5619 773 5687 1,
793 5618 849 5688 2,
882 5618 1202 5677 Arausicum.
1234 5624 1287 5677 lu
1313 5626 1529 5694 reliquis
1559 5627 1868 5685 Codicibus.

289 5683 607 5739 Aurasirum.

2204 978 2294 1037 IX.
2326 982 2399 1038 De
2426 984 2499 1039 his
2525 988 2619 1056 qui
2640 988 2772 1045 cives
2799 990 2999 1048 alienos
3024 997 3410 1058 ordinaverunt.

2078 1066 2134 1123 Si
2160 1070 2279 1138 quis
2304 1085 2480 1129 autem
2514 1076 2722 1135 alienos
2766 1082 2916 1138 cives
2965 1094 3055 1141 aut
3091 1088 3218 1144 alibi
3244 1094 3604 1155 consistentes

2005 1156 2364 1229 ordinaverit,
2398 1179 2464 1220 ne
2499 1166 2786 1225 inordinati
2826 1172 2881 1229 in
2913 1176 3022 1232 ullo
3050 1180 3215 1251 220
3249 1198 3600 1258 accusentur,

2004 1255 2095 1300 aut
2121 1249 2186 1303 ad
2226 1266 2287 1306 se
2330 1268 2424 1309 eos
2456 1269 2711 1316 revocent
2754 1272 2848 1318 aut
2875 1249 3101 1335 gratiam
3286 1290 3474 1333 eorum
3503 1249 3602 1336 im;

2006 1347 2216 1403 petrcnt
2244 1356 2365 1397 cum
2396 1345 2588 1415 quibus
2613 1351 2874 1409 habitent.

2005 1426 2071 1485 Χ.
2108 1429 2184 1486 De
2211 1434 2461 1520 episcopis
2480 1441 2768 1520 quinquin
2790 1451 3107 1515 possessione
3128 1470 3224 1509 sua
3245 1458 3335 1513 sed
3356 1460 3408 1515 in
3427 1464 3601 1520 aliena

2327 1507 2529 1563 dioecesi
2560 1507 2822 1571 basilicam
2852 1507 3274 1584 construrerunt:

2072 1592 2131 1649 Si
2170 1597 2291 1666 quis
2332 1600 2707 1673 episcoporum
2755 1608 2811 1664 in
2840 1610 3030 1670 aliena)
3062 1617 3303 1676 civitatis
3325 1624 3598 1680 territorio

2002 1687 2285 1744 ecclesiam
2333 1693 2601 1753 aedificare
2632 1698 2891 1772 disponit,
2940 1706 3023 1761 vel
3053 1722 3148 1776 pro
3191 1709 3342 1767 fundi
3388 1715 3471 1770 sui
3508 1728 3598 1773 aut

2000 1780 2352 1837 ecclesiasuci
2377 1786 2456 1839 vel
2488 1802 2583 1856 pro
2606 1804 2921 1864 quacunque
2947 1810 3166 1855 suorum
3195 1806 3597 1873 opportunitate

2002 1872 2260 1939 permissa
2292 1875 2507 1933 licentia
2530 1882 2863 1954 mdificandi,
2904 1889 3029 1959 quia
3058 1872 3331 1961 prohiberi
3357 1897 3459 1954 hoc
3499 1916 3595 1955 vo-

2001 1969 2108 2017 tum
2138 1965 2289 2021 nelias
2316 1978 2419 2036 est,
2449 1985 2553 2026 non
2588 1986 2875 2043 praesumat
2896 1978 3293 2041 dedicationem
3323 2029 3338 2054 ,
3365 2006 3485 2059 qure
3519 1992 3602 2047 illi.

2000 2057 2353 2113 omnismodis
2396 2074 2701 2120 reservatur
2741 2065 2797 2122 in
2842 2070 2995 2141 cujus
3046 2075 3315 2131 territorio
3363 2057 3597 2137 ecclesia

1999 2150 2265 2219 assurgit,
2310 2165 2580 2209 reservata
2617 2158 2932 2218 aedificatori
2969 2165 3223 2237 episcopo
3269 2169 3372 2226 hac
3398 2176 3595 2243 gratia,

2000 2247 2057 2292 ut
2085 2256 2217 2310 quos
2244 2242 2513 2300 desiderat
2543 2248 2766 2304 clericos
2787 2253 2839 2306 in
2869 2268 2926 2309 re
2954 2270 3047 2310 sua
3073 2258 3256 2314 videre
3278 2242 3427 2331 ipsos
3456 2265 3593 2320 ordL

2268 2334 2353 2404 jus
2400 2337 2731 2395 territorium
2761 2354 2863 2413 est,
2894 2345 2978 2399 vel
3002 2347 3048 2401 si
3071 2348 3303 2408 ordinati
3326 2351 3439 2423 jam
3467 2366 3598 2412 sunt

2001 2423 2147 2492 ipsos
2177 2424 2378 2483 habere
2401 2432 2729 2500 acquiescat,
2764 2443 2821 2491 et
2847 2437 3020 2493 omnis
3048 2439 3478 2513 ecclesizeipsius
3506 2464 3596 2519 gu-

2000 2516 2242 2574 bernatio
2272 2520 2339 2575 ad
2362 2537 2483 2578 eum
2534 2523 2587 2579 in
2637 2526 2789 2597 cujus
2815 2530 3048 2587 civitatis
3073 2534 3345 2592 territorio
3367 2516 3592 2595 ecclesia

1996 2610 2230 2663 surrexit
2250 2612 2553 2679 pertinebit.
2573 2614 2724 2683 Quod
2744 2617 2788 2672 si
2817 2617 2978 2674 etiam
3000 2623 3337 2681 saecularium
3365 2628 3588 2697 quicun-

1995 2716 2099 2771 que
2119 2702 2399 2759 ecclesiam
2420 2706 2797 2776 tedilicaverit,
2822 2721 2877 2767 et
2899 2712 3063 2768 alium
3092 2717 3263 2787 magis
3283 2733 3440 2789 quam
3463 2736 3588 2777 eum

1995 2791 2047 2846 in
2100 2794 2254 2862 cujus
2304 2797 2574 2852 territorio
2622 2800 2855 2857 aediﬁcat
2901 2803 3236 2863 invitandum
3281 2813 3587 2879 putaverit,

1996 2893 2102 2939 tam
2149 2887 2262 2954 ipse
2303 2887 2389 2943 cui
2428 2899 2614 2944 contra
2660 2894 3095 2953 constitutionem
3142 2913 3206 2955 ac
3248 2898 3584 2971 disciplinam

1991 2976 2295 3045 gratiﬁcare
2333 2978 2447 3035 vult
2490 2996 2648 3051 quam
2678 2998 2865 3044 omnes
2904 2988 3143 3059 episcopi
3173 2991 3264 3062 qui
3289 2993 3356 3048 ad
3397 2994 3585 3065 hujus—

1993 3070 2135 3125 modi
2186 3070 2579 3129 dedicationem
2626 3075 2918 3132 invitantur
2950 3095 2981 3134 a
3038 3092 3306 3139 conventu
3349 3083 3585 3144 abstine—

1993 3159 2145 3216 bunt.
2179 3162 2234 3217 Si
2256 3163 2375 3233 quis
2401 3167 2714 3233 excesserit,
2757 3167 2810 3222 in
2838 3180 3049 3227 reatum
3084 3173 3439 3232 devocabitur
3478 3194 3509 3232 εκ
3535 3180 3583 3235 si

1989 3254 2110 3324 quis
2135 3256 2450 3323 excesserit,
2478 3256 2722 3313 ordinem
2748 3272 3118 3331 recognoscat.

2101 3346 2191 3402 XI.
2224 3346 2301 3401 De
2326 3349 2573 3420 episwpis
2592 3351 2682 3422 qui
2710 3356 3204 3435 eccommunicatum
3232 3358 3452 3414 alterius

2634 3434 2939 3493 suscrpiunt.

2059 3509 2266 3566 Placuit
2294 3511 2348 3566 in
2380 3523 2585 3569 reatum
2628 3517 2812 3572 venire
2840 3519 3174 3589 episcopum,
3215 3522 3307 3592 qui
3334 3521 3553 3579 admoni

1991 3608 2074 3654 tus
2099 3600 2166 3656 de
2196 3605 2754 3662 excommunicatione
2774 3608 3161 3681 cujuscunque,
3195 3614 3312 3670 sine
3340 3619 3581 3671 reconci-

1993 3693 2212 3749 liatione
2249 3694 2366 3763 ejus
2409 3695 2501 3767 qui
2538 3700 3026 3757 excommunicavit
3049 3743 3064 3768 ,
3095 3703 3143 3758 ei
3174 3707 3579 3764 communicare

1990 3787 2415 3855 praesumpserit,
2446 3796 2503 3843 ut
2532 3790 2736 3861 integra
2765 3793 2943 3848 omnia
2968 3834 2985 3861 ,
3025 3794 3070 3849 si
3097 3796 3463 3854 reconciliatio
3495 3800 3577 3854 in-

1991 3878 2318 3947 tercesserit,
2360 3881 2427 3935 de
2458 3881 2663 3951 justitia
2703 3883 2784 3939 vel
2815 3883 3096 3956 iniquitate
3142 3891 3577 3946 excommunica-

1990 3969 2146 4025 tionis
2171 3972 2427 4040 proxima:
2449 3973 2657 4045 synodo
2687 3986 3046 4032 reserventur.

1990 4086 2105 4144 XII.
2139 4084 2217 4139 De
2243 4085 2325 4139 Itis
2341 4086 2427 4165 qui
2447 4086 2613 4165 subito
2641 4087 3023 4165 obmutescunt,
3048 4094 3183 4161 quod
3205 4102 3250 4147 et
3273 4093 3576 4165 baptismu'n

2313 4164 2364 4210 et
2393 4159 2741 4226 paenitentiam
2765 4162 2993 4231 accipere
3022 4159 3238 4231 possint.

2056 4268 2245 4325 Subito
2264 4269 2643 4328 obmutescens
2670 4316 2682 4339 ,
2709 4285 2867 4343 prout
2887 4286 3143 4333 statutum
3167 4290 3287 4348 est,
3314 4280 3573 4352 baptizari

1984 4372 2075 4416 aut
2121 4363 2487 4432 poenitentiam
2540 4364 2786 4434 accipere
2834 4376 3012 4436 potest
3050 4371 3095 4425 si
3146 4372 3436 4428 voluntatis
3484 4380 3579 4427 aut

1986 4454 2264 4523 praeteritae
2304 4454 2663 4510 testimonium
2711 4456 2938 4514 aliorum
2986 4461 3165 4517 verbis
3212 4462 3430 4530 habeat,
3481 4474 3577 4520 aut

1986 4546 2265 4615 praesentis
2289 4545 2343 4600 in
2375 4560 2475 4600 suo
2493 4556 2645 4601 nutu.

2298 4658 2430 4716 XIII.
2468 4659 2544 4715 De
2573 4662 2651 4716 his
2679 4662 2767 4733 qui
2795 4674 2958 4720 mente
2980 4646 3254 4736 desipiunt.

2051 4777 2368 4835 Amentibus
2396 4793 2730 4849 quiscunque
2761 4779 2973 4849 pietatis
2999 4788 3123 4833 sunt
3147 4778 3498 4835 conferenda.

2282 4892 2419 4947 XIV.
2450 4892 2528 4946 De
2556 4892 2906 4962 energumenis
2938 4889 3229 4961 baptisatis.

1899 5034 1953 5094 ι)
2051 5006 2411 5076 Energumeni
2439 5004 2709 5075 baptizati,
2737 5005 2784 5061 si
2819 5007 2888 5060 de
2912 5004 3227 5075 purgatione
3254 5019 3349 5058 sua
3376 5016 3571 5061 curant

1978 5106 2031 5151 et
2080 5110 2201 5152 sese
2240 5094 2582 5151 sollicitudini
2627 5097 2945 5151 clericorum
2990 5094 3210 5149 tradunt
3249 5098 3574 5167 monitisque

1977 5187 2371 5257 obtemperant,
2401 5186 2754 5242 omnismodis
2781 5190 2937 5258 221
2969 5189 3373 5244 communicent
3397 5204 3569 5243 sacra-

1978 5283 2141 5338 menti
2171 5281 2336 5351 ipsius
2374 5279 2556 5334 virtuti
2598 5281 2681 5334 vel
2713 5281 2989 5335 muniendi
3018 5281 3087 5336 ab
3118 5281 3334 5336 incoho
3363 5282 3569 5333 tta-mo-

1980 5375 2053 5429 nii
2092 5372 2198 5445 [U.
2220 5412 2234 5437 ,
2279 5368 2377 5438 G.,
2411 5368 2748 5441 dwmonum]
2781 5387 2886 5441 quo
2917 5372 3232 5427 infestantur
3259 5413 3274 5436 ,
3319 5372 3404 5426 vel
3444 5386 3565 5441 pur-

1978 5467 2136 5539 gandi
2167 5480 2395 5535 quorum
2427 5464 2534 5533 jam
2566 5464 2865 5520 ostenditur
2894 5465 3002 5520 vita
3034 5466 3326 5536 purgatior.

2047 5622 2074 5661 ι)
2105 5622 2168 5674 'l‘.
2198 5620 2251 5685 ‘2,
2282 5620 2358 5674 De
2403 5635 2505 5675 non
2527 5621 2867 5677 reconciliatis
2889 5620 3241 5691 pauitantibus
3262 5620 3349 5689 qui
3368 5625 3433 5674 de
3451 5633 3563 5676 coro

1978 5709 2096 5766 pore
2119 5701 2318 5749 exeunt.
