4056 6178
364 317 469 374 ἓόῒ

1365 319 1639 376 GALLIE
1680 318 2014 376 COXCIUA.
2057 350 2126 359 —-
2168 322 2691 389 ARAUSICANUM.

3557 352 3664 411 253

369 428 489 484 XV.
539 428 608 483 Ut
638 437 662 465 ι
726 432 1053 501 euergmneni
1101 434 1553 532 et'catechumeni
1605 438 1667 489 de
1717 436 1971 504 bapismo
2006 436 2050 495 Λ
2080 435 2219 490 ultra
2269 441 2714 501 subdiaconatum
2758 449 2839 505 vel
2886 452 3286 514 ecclesiasticas
3326 462 3543 532 capiant
3586 470 3662 525 di-

995 504 1348 558 consuluntur.

446 588 842 657 Energumenis
892 599 947 645 et
990 592 1395 650 catccltumcnis
1458 595 1510 649 in
1562 605 1821 665 quantum
1890 598 1971 649 vel

373 682 682 740 necessitas
717 684 955 753 exegerit
999 685 1081 738 Vel
1130 686 1505 755 opportunitas
1550 688 1872 756 permiserit,
1908 689 1973 742 L'e

374 776 703 845 baptismate
732 777 1140 833 consulendum.

423 867 563 923 XVI.
613 868 681 923 Ut
707 872 1031 942 cnergunteni
1062 878 1128 925 ad
1150 872 1339 927 clerum
1366 889 1466 927 non
1493 882 1907 944 promoveantur.

447 960 551 1029 Qui
587 962 760 1030 palam
798 961 1089 1031 aliquando
1116 964 1319 1032 arrepti
1361 974 1485 1020 sunt
1514 979 1618 1019 non
1662 966 1831 1019 solum
1867 982 1970 1018 non

377 1052 685 1110 assumendi
728 1052 794 1107 ad
842 1054 1007 1109 ullum
1047 1056 1291 1111 ordinem
1322 1056 1645 1123 clericatus,
1696 1058 1791 1112 sed
1832 1067 1890 1112 et
1928 1059 1970 1112 si

373 1146 489 1216 jam
534 1144 698 1215 aliqui
727 1144 961 1200 ordinati
1002 1157 1128 1201 sunt
1178 1146 1247 1202 ab
1276 1148 1529 1217 imposito
1568 1146 1751 1201 officio
1799 1149 1972 1216 repel-

376 1238 545 1293 tendi.

414 1330 578 1385 XVII.
614 1329 680 1385 Ut
719 1331 771 1385 in
797 1346 957 1384 unum
987 1333 1269 1401 propositio
1293 1334 1600 1389 sacramenti
1625 1343 1968 1388 consecretur.

449 1425 584 1479 Cum
610 1422 638 1462 δ
669 1439 829 1493 capsa
872 1435 923 1480 et
964 1425 1104 1479 calix
1135 1426 1451 1482 inferendus
1488 1437 1572 1482 est
1596 1471 1611 1497 ,
1673 1434 1729 1481 et
1767 1426 1970 1480 admis-

381 1516 532 1572 tione
566 1516 905 1571 eucharistiae
935 1518 1353 1573 consecrandus.

560 1606 749 1662 XVIII.
794 1608 861 1663 Ut
886 1611 1153 1681 evangelia
1177 1610 1526 1664 catechumeni
1550 1610 1785 1664 audiant.

454 1698 745 1769 Evangelia
797 1698 1057 1768 deinceps
1130 1700 1331 1770 placuit
1400 1700 1800 1757 catechumenis
1870 1699 1970 1771 legi

380 1790 525 1859 apud
558 1802 775 1844 omnem
801 1791 1198 1858 provinciarum
1223 1799 1524 1846 nostrarum
1551 1790 1871 1847 Ecelesiam.

416 1882 560 1939 XIX.
595 1882 662 1937 Ut
687 1882 1038 1938 catechumeni
1066 1883 1133 1937 ad
1160 1885 1512 1953 baptisterium
1536 1902 1637 1939 non
1667 1884 1930 1940 accederat.

449 1976 533 2032 Ad
580 1975 959 2045 baptisterium
1016 1977 1393 2032 catechumeni
1446 1991 1718 2046 nunquam
1772 1976 1970 2028 admit-

379 2068 549 2124 tendi.

382 2162 503 2217 XX.
549 2160 617 2216 Ut
647 2159 996 2214 catecitameni
1023 2160 1408 2244 cumOﬁttelibtts
1437 2159 1838 2215 benedictionem
1869 2175 1971 2212 non

1051 2236 1329 2302 accipiant.

456 2322 537 2377 Ad
578 2322 816 2379 ﬁdelium
862 2321 1298 2379 benedictionem
1340 2320 1718 2378 catechumeui
1754 2332 1775 2360 ο
1809 2330 1969 2375 ctam

386 2416 529 2471 inter
557 2415 876 2472 domesticas
918 2417 1192 2471 orationes
1217 2457 1232 2482 ,
1281 2415 1333 2470 in
1362 2423 1620 2485 quantum
1660 2414 1835 2470 caveri
1881 2430 1972 2481 pu-

389 2517 535 2576 test,
583 2511 894 2580 segregandi
922 2508 1356 2581 informandique
1386 2519 1443 2564 ut
1483 2526 1541 2565 se
1573 2518 1862 2573 revocent,
1918 2517 1973 2559 et

382 2601 677 2671 signandos
706 2603 791 2657 vel
823 2602 1224 2658 benedicendos
1245 2603 1492 2658 semotim
1522 2603 1771 2657 oderant.

472 2690 613 2747 XXI.
658 2691 725 2747 Ut
757 2695 861 2745 duo
889 2694 1114 2765 episcopi
1135 2694 1431 2763 episcopum
1463 2709 1562 2747 non
1593 2694 1787 2764 faciant
1816 2690 1839 2730 ἀ
1866 2734 1880 2747 .

454 2783 509 2838 In
553 2783 753 2839 nostris
779 2781 1065 2853 provinciis
1108 2784 1305 2854 placuit
1330 2785 1398 2839 de
1448 2785 1928 2854 praesumptoribus
1955 2827 1969 2849 ,

382 2884 437 2927 ut
465 2873 637 2929 sicubi
666 2876 954 2944 contigerit
996 2874 1130 2928 duos
1154 2875 1440 2946 episcopos
1474 2879 1786 2948 episcopum
1836 2878 1971 2931 invi-

380 2978 494 3022 tum
525 2968 702 3025 facere
723 3010 738 3036 ,
791 2970 1097 3023 auctoribus
1126 2969 1424 3035 damnatis,
1480 2971 1638 3023 unius
1665 2986 1852 3026 eorum
1884 2986 1969 3025 cc-

379 3064 563 3119 clesiis
610 3065 724 3133 ipse
753 3065 841 3133 qui
877 3064 978 3117 vi:n
1024 3078 1213 3133 passus
1259 3075 1344 3118 est
1386 3063 1743 3119 substituatur
1776 3083 1789 3117 :
1822 3066 1865 3120 si
1896 3081 1970 3118 ia-

2072 527 2321 595 gnitates.

2301 622 2490 680 XXVI.
2537 628 2610 682 De
2639 631 2944 691 diaconissis
2972 654 3076 692 non
3105 641 3435 700 ordinandis.

2148 710 2474 771 biaconissm
2515 720 2865 780 omnismotlis
2903 743 3012 783 non
3055 731 3371 789 ordinanda:
3406 752 3422 791 :
3453 738 3498 793 si
3540 756 3660 811 qua:

2068 797 2182 903 jam
2206 814 2353 903 sunt,
2384 805 2741 866 benedictioni
2773 831 2890 885 quas
2913 820 3111 889 populo
3136 821 3464 893 impenditur
3486 797 3660 903 capita

2072 892 2416 952 submittan'.

2074 980 2235 1039 XVII.
2325 986 2401 1041 De
2444 993 2647 1060 feminis
2691 1014 2806 1065 qua!
2867 1001 3170 1057 viduitatem
3247 1008 3494 1077 professa!
3541 1022 3660 1067 sunt

2626 1082 2799 1121 coram
2828 1077 3088 1141 episcopo.

2152 1143 2435 1204 \‘iduitatis
2466 1156 2745 1209 servanda:
2780 1163 3167 1225 professionem
3195 1182 3377 1225 coram
3404 1172 3662 1244 episcopo

2084 1237 2471 1335 iit-secretario
2519 1245 2786 1314 habitam,
2840 1253 3084 1323 imposita
3122 1260 3191 1314 ab
3230 1237 3485 1335 episeopo
3512 1237 3663 1322 veste

2076 1325 2308 1395 viduali,
2361 1347 2466 1386 non
2506 1350 2628 1391 esse
2675 1339 2975 1398 violandam
3008 1364 3022 1400 :
3053 1348 3172 1417 ejus
3215 1325 3343 1408 vero
3390 1325 3660 1427 raptorem

2078 1420 2159 1473 vel
2194 1422 2363 1489 ipSam
2397 1426 2519 1481 lnItS
2556 1430 2909 1497 professionis
2940 1436 3291 1499 desertricem
3322 1420 3515 1504 merito
3542 1462 3664 1506 esse

2074 1512 2450 1571 damnandam.

2078 1601 2310 1660 XXVIII.
2357 1604 2431 1661 De
2454 1607 2535 1663 It's
2567 1628 2654 1682 qut
2684 1619 2919 1705 professi
2949 1632 3082 1705 “sunt
3126 1629 3411 1686 castitatem
3458 1649 3503 1688 ss
3531 1650 3664 1705 prta.

2682 1702 3040 1748 vartcaucrtnt.

2152 1762 2204 1818 In
2257 1775 2484 1837 utroque
2539 1786 2670 1827 sexu
2729 1777 3036 1837 desertores
3103 1786 3360 1856 professa:
3406 1797 3666 1854 castitatis

2078 1859 2518 1959 pnevaricatores
2551 1863 2780 1922 habendi
2808 1912 2824 1937 ,
2880 1880 2935 1926 et
2966 1874 3047 1929 bis
3075 1881 3326 1938 omnibus
3368 1898 3466 1953 per
3495 1891 3664 1959 pani-

2076 1950 2294 2003 tentiam
2326 1951 2622 2023 legitimam
2653 1962 3067 2023 consulendum.

2070 2064 2234 2132 233
2276 2063 2815 2148 XXIX.“Ut_nuIlus
2864 2077 3130 2148 episcOpus
3186 2082 3249 2137 de
3296 2088 3513 2142 concilio
3551 2091 3661 2146 sine

2180 2152 2429 2189 consensa
2454 2142 2684 2195 discedat
2714 2160 2803 2197 aut
2828 2142 2900 2199 att
2919 2142 3193 2205 concilium
3222 2156 3297 2208 ire
3317 2170 3540 2213 excuset.

2145 2222 2272 2278 Haec
2313 2242 2432 2297 qua:
2462 2232 2847 2291 subscribimus
2888 2252 3011 2292 eum
3052 2256 3238 2296 eorum
3274 2262 3490 2317 quoque
3526 2265 3663 2307 con-

2074 2317 2254 2370 cordia
2301 2319 2392 2387 qui
2433 2334 2727 2378 consensus
2755 2326 3021 2384 dederunt
3068 2341 3183 2387 rata
3228 2334 3484 2409 deinceps
3525 2342 3665 2400 inter

2076 2421 2173 2458 nos
2203 2420 2265 2460 ac
2293 2421 2506 2465 nostros
2534 2413 2718 2469 haberi
2747 2420 2991 2474 volumus
3013 2433 3067 2477 et
3092 2424 3335 2481 habenda
3365 2431 3661 2501 sancimus,

2076 2512 2180 2550 non
2220 2497 2291 2551 ita
2344 2510 2731 2568 pratereuntes
2771 2524 2865 2563 eos
2912 2514 3002 2581 qui
3058 2518 3266 2585 synodo
3310 2530 3403 2575 aut
3450 2538 3546 2592 per
3601 2497 3664 2582 se

2073 2592 2164 2641 aut
2194 2605 2290 2688 per
2316 2606 2612 2651 consensus
2633 2613 2783 2666 suo“,
2819 2604 2899 2657 vel
2925 2606 2991 2659 ad
3021 2610 3194 2663 vicem
3222 2612 3302 2665 sui
3337 2629 3430 2682 per
3462 2614 3668 2688 legatos

2074 2681 2394 2740 destinando
2434 2687 2626 2743 adesse
2655 2692 2992 2763 detrectant;
3045 2708 3105 2752 ιιι
3133 2701 3234 2756 sibi
3265 2681 3429 2774 supra
3459 2681 3558 2763 nos
3586 2710 3664 2766 illi

2075 2775 2322 2845 placeant
2345 2779 2434 2848 qui
2468 2791 2678 2849 patrum
2709 2793 2904 2841 statuta
2928 2789 3250 2862 despiciunt,
3277 2798 3469 2864 quibus
3498 2798 3580 2855 bis
3604 2802 3659 2857 in

2074 2881 2217 2925 anno
2243 2909 2257 2934 ,
2316 2875 2459 2943 quod
2510 2876 2664 2930 nobis
2696 2894 2796 2948 pro
2822 2891 3121 2951 temporum
3154 2890 3409 2955 qualitate
3441 2890 3664 2949 difficile

2073 2971 2189 3029 cst,
2223 2976 2466 3021 sanctum
2500 2979 2581 3024 cst
2612 2975 2925 3041 convenire;
2956 2978 3268 3046 adjicientes
3296 2985 3437 3053 quod
3468 2988 3659 3043 simili.

2073 3059 2172 3114 bus
2202 3060 2459 3131 deinceps
2489 3067 2696 3135 paginis
2728 3085 2822 3135 pro
2854 3072 3171 3130 salubritate
3203 3092 3264 3131 ac
3296 3080 3548 3136 remediis
3572 3098 3665 3140 ec-

381 3175 504 3214 men
538 3160 643 3212 vita
674 3159 963 3228 respondet
988 3169 1041 3213 el
1070 3158 1294 3214 alterius
1322 3158 1519 3228 deiecti
1554 3158 1673 3215 loco
1702 3161 1968 3214 υἰΙιὶΙοιιιί-
1997 3157 2046 3218 C
2078 3153 2392 3209 cleSiaSliCis
2420 3161 2779 3229 congregandi
2812 3164 3047 3231 adjicere
3078 3178 3328 3237 Optamus
3350 3212 3366 3240 ,
3397 3180 3455 3227 ut
3486 3175 3663 3232 nullus

381 3269 481 3309 nus
511 3254 818 3315 ordinetur;
863 3254 906 3309 si
939 3254 1299 3309 voluntarium
1342 3256 1448 3310 duo
1480 3254 1743 3323 fecerint,
1777 3266 1831 3311 et
1860 3259 1974 3325 ipse

381 3344 740 3411 damnabitur,
796 3360 901 3414 quo
959 3346 1169 3400 cautius
1222 3360 1283 3401 ea
1332 3361 1452 3417 qua?
1503 3354 1630 3400 sunt
1677 3348 1973 3417 antiquitus

385 3444 581 3489 statuta
611 3444 919 3490 serventur.

381 3555 539 3625 222
573 3552 735 3608 XXII.
800 3552 870 3627 Ut
917 3554 1091 3608 clerici
1143 3555 1411 3627 conjugati
1456 3555 1556 3610 nisi
1600 3556 1972 3611 continentiam

714 3625 1068 3694 proﬁteantur,
1104 3625 1346 3680 diacbnes
1370 3642 1468 3679 non
1499 3627 1651 3695 ﬁant.

452 3714 557 3770 Sed
592 3714 641 3768 id
673 3725 934 3783 pneterea
962 3724 984 3751 ο
1012 3725 1067 3769 ut
1092 3732 1197 3769 non
1228 3716 1481 3786 deinceps
1510 3717 1829 3772 ordinentur
1859 3718 1971 3771 dia-

382 3822 547 3864 cones
578 3808 873 3877 conjugati,
903 3804 919 3843 ί
948 3807 1048 3861 nisi
1080 3811 1169 3879 qui
1209 3809 1352 3877 prius
1377 3807 1743 3864 conversionis
1774 3823 1972 3877 prepo-

381 3900 483 3953 sito
517 3898 747 3969 professi
778 3898 976 3954 fuerint
1004 3900 1330 3955 castitatem.

382 3985 568 4040 XXiII.
612 3984 687 4038 De
710 3985 789 4038 Itis
814 3985 902 4053 qui
949 3997 1061 4052 post
1092 3998 1357 4067 acceptam
1392 3985 1689 4039 diaconium
1739 3986 1966 4038 inconti-

894 4069 1069 4109 nentes
1097 4066 1449 4110 inveniuntur.

449 4146 507 4202 Si
531 4147 655 4216 quis
682 4156 861 4201 autem
912 4156 1025 4215 post
1055 4155 1329 4215 acceptam
1370 4145 1801 4201 benedictionem
1837 4146 1969 4200 levi-

382 4242 538 4294 ticam
568 4254 688 4293 cum
721 4253 889 4295 uxore
918 4252 1017 4294 sua
1049 4238 1386 4293 incontinens
1416 4237 1720 4304 invenitur,
1754 4240 1821 4294 ab
1847 4238 1970 4293 offi-

382 4333 464 4387 cio
488 4331 791 4400 abjiciatur.

668 4446 855 4502 XXIV.
896 4445 974 4501 De
1002 4447 1430 4502 incontinentibus
1457 4446 1690 4503 clericis.

453 4559 525 4613 De
556 4560 638 4613 bis
686 4569 861 4613 autem
912 4559 1003 4629 qui
1045 4560 1190 4628 prius
1228 4559 1459 4614 ordinati
1489 4559 1589 4613 hoc
1622 4560 1795 4630 ipsum
1830 4560 1966 4615 inei-

383 4650 576 4707 tierunt
605 4648 915 4703 Taurinatis
946 4648 1032 4723 [Τ.
1059 4650 1117 4713 2,
1149 4648 1475 4723 Tauritanze]
1508 4651 1698 4720 ~ynodi
1729 4666 1966 4722 sequen-

384 4745 499 4798 dam
522 4759 643 4800 esse
670 4746 1015 4812 sententiam,
1040 4760 1142 4815 qua
1170 4744 1429 4815 jubeutur
1456 4760 1563 4800 non
1590 4746 1812 4802 ulterius
1842 4762 1968 4817 pro-

384 4838 605 4893 moveri.

821 4931 983 4986 XXV.
1030 4932 1105 4987 De
1133 4934 1251 4987 viris
1276 4934 1523 5002 probatis.

452 5024 527 5079 De
557 5023 767 5080 idoneis
786 5034 962 5080 autem
987 5034 1042 5079 et
1064 5025 1460 5095 probatioribus
1490 5024 1578 5097 [T.
1609 5024 1667 5090 2,
1700 5025 1964 5098 probatis]

381 5116 505 5169 viris
526 5158 541 5181 ,
593 5130 729 5184 quos
765 5116 1037 5170 clericatui
1073 5116 1280 5186 alligari
1317 5114 1429 5185 ipsa
1460 5118 1582 5171 vita:
1615 5117 1850 5186 gravitas
1878 5132 1968 5172 eo-

378 5208 470 5277 git,
496 5216 522 5255 8
542 5207 593 5263 si
620 5207 757 5262 forte
782 5207 1085 5261 inciderunt
1107 5208 1375 5277 duplicata
1396 5207 1754 5273 matrimonia,
1779 5218 1837 5263 ut
1860 5221 1966 5263 non

449 5382 473 5407 ι
510 5372 588 5426 Ex
616 5370 838 5442 reliquis
885 5370 1168 5426 Codicibns
1194 5371 1509 5442 desumptus
1538 5371 1624 5425 ltic
1668 5386 1841 5428 canon
1877 5373 1967 5442 qui

374 5443 527 5495 deest
553 5444 603 5495 in
632 5445 698 5497 A.

447 5513 471 5548 ι’
500 5514 573 5566 Ex
599 5514 848 5566 omnibus
872 5512 1175 5568 Codicibus.
1224 5511 1278 5566 In
1313 5513 1373 5567 Α.
1400 5554 1414 5580 ,
1472 5530 1588 5567 cum
1616 5513 1777 5567 calice
1807 5522 1855 5567 et
1884 5530 1968 5583 pa-

378 5593 493 5637 tena
514 5584 818 5651 inferenda:
840 5595 932 5639 est.

447 5665 470 5693 ε
505 5654 579 5707 Ex
630 5652 697 5711 υ.
727 5660 1003 5722 desumpta
1033 5670 1133 5709 vox
1171 5654 1540 5721 catechumeni,
1586 5669 1705 5721 qua:
1728 5654 1882 5711 deest
1913 5655 1965 5710 in

377 5726 441 5780 Α.
466 5735 516 5776 ct
550 5725 772 5791 reliquis
799 5726 1105 5780 Codiclitus.

443 5795 470 5832 ά
508 5796 565 5852 In
593 5795 879 5852 Cedicibus
908 5796 1102 5865 duplex
1150 5796 1332 5853 titulus
1362 5815 1375 5850 :
1401 5797 1491 5869 qui
1537 5798 1858 5869 exprimitur
1906 5807 1960 5854 et

2077 3258 2375 3303 conventus
2430 3251 2547 3306 siue
2603 3254 2827 3309 alterius
2897 3270 3192 3315 conventus
3258 3262 3664 3325 denuntiatione

2076 3338 2332 3393 solvatur.
2385 3338 2567 3410 Itaque
2595 3346 2840 3412 sequenti
2893 3360 3056 3415 anno,
3106 3350 3151 3404 si
3183 3352 3413 3409 Domino
3448 3372 3513 3411 ac
3552 3359 3663 3415 Deo

2076 3438 2264 3483 nostro
2311 3430 2438 3486 Jesu
2465 3431 2684 3487 Christo
2717 3437 3057 3504 permittente
3086 3442 3419 3512 conceditur,
3474 3447 3563 3503 die
3592 3465 3661 3505 xv

2074 3523 2342 3578 Kalendas
2371 3524 2689 3583 Novembris
2716 3528 3018 3587 Justiuiano
3058 3534 3112 3588 in
3142 3538 3401 3593 Arausico
3442 3543 3660 3599 territo-

2076 3619 2156 3674 rio
2187 3628 2510 3675 conventum
2545 3621 2861 3679 habebimus
2894 3642 2906 3677 :
2936 3626 3028 3695 qui
3059 3627 3182 3684 ideo
3215 3638 3363 3687 tanto
3394 3634 3542 3703 prius
3566 3652 3662 3706 per

2072 3722 2397 3767 conventum
2429 3712 2604 3784 ipsum
2635 3714 2986 3772 denuntiatur
3009 3759 3026 3786 ,
3074 3727 3132 3773 ut
3159 3729 3264 3775 tam
3289 3728 3661 3783 excusationis

2073 3806 2292 3863 libertas
2326 3823 2486 3879 quam
2516 3808 2848 3866 invitationis
2878 3812 3170 3869 necessitas
3200 3830 3306 3871 non
3336 3817 3439 3885 sit;
3481 3819 3546 3875 de
3574 3820 3662 3877 die

2071 3905 2215 3959 enim
2254 3913 2309 3958 et
2347 3905 2468 3959 loco
2507 3920 2602 3974 per
2644 3920 2744 3961 nos
2785 3908 2931 3977 ipsos
2969 3910 3438 3967 commonebimur
3466 3913 3661 3985 singuli

2074 3994 2373 4059 nobiscum,
2425 3995 2476 4049 in
2517 3995 2915 4065 exemplaribus
2955 4010 3017 4051 ea
3071 4013 3192 4067 quae
3239 4013 3335 4068 per
3383 4016 3482 4055 nos
3532 4011 3662 4057 sunt

2071 4086 2356 4142 constituta
2383 4087 2673 4141 referentes
2706 4103 2718 4139 :
2748 4088 2985 4153 reliquos
3025 4090 3115 4157 qui
3138 4089 3424 4147 defuerunt
3455 4093 3661 4150 beatis-

2072 4180 2191 4233 simi
2237 4180 2415 4234 fratris
2466 4180 2635 4236 nostri
2678 4179 2860 4234 liilarii
2907 4178 3257 4234 sollicitudini
3305 4182 3659 4253 relinquimus

2073 4272 2212 4326 datis
2253 4271 2317 4327 ad
2364 4274 2508 4341 ipsos
2538 4271 2701 4345 224
2750 4273 2939 4327 borum
2972 4272 3374 4344 exemplaribus
3416 4289 3661 4333 commo-

2075 4364 2297 4420 nendos.
2341 4365 2465 4419 Post
2495 4367 2676 4420 omnia
2699 4363 2932 4420 occurrit
2961 4363 3030 4420 de
3063 4365 3524 4424 imbecillitatibus
3553 4367 3660 4424 fra-

1995 4505 2048 4568 D
2078 4459 2300 4529 gilitatis
2334 4460 2615 4525 humanae,
2665 4467 2726 4514 ut
2754 4459 2799 4514 si
2835 4459 2955 4530 quis
2986 4463 3270 4532 episcopus
3304 4476 3398 4531 per
3435 4462 3661 4518 infirmi-

2079 4560 2239 4606 tatem
2266 4596 2280 4621 ,
2327 4549 2656 4606 debilitatem
2685 4552 2765 4606 vel
2797 4551 3029 4621 aliquam
3064 4552 3439 4609 bebetudinem
3466 4568 3663 4611 sensus

2074 4646 2342 4711 inciderit,
2377 4652 2469 4699 aut
2493 4644 2727 4699 officium
2761 4645 2869 4699 oris
2892 4644 3148 4710 amiserit,
3186 4658 3248 4700 ea
3273 4662 3391 4718 qua:
3425 4661 3530 4702 non
3556 4649 3657 4704 nisi

2074 4755 2169 4809 per
2208 4738 2498 4807 episcopos
2526 4749 2786 4808 geruntur
2816 4754 2922 4792 non
2954 4737 3054 4793 sub
3095 4740 3377 4807 praesentia
3406 4754 3499 4795 sua
3530 4756 3657 4811 pre-

2072 4833 2321 4903 sbyteros
2352 4844 2511 4899 agere
2544 4832 2817 4899 permittat
2844 4874 2858 4899 ,
2892 4829 2986 4885 sed
3017 4831 3326 4901 episcopum
3356 4842 3545 4888 evocet
3571 4835 3659 4889 cui

2072 4926 2211 4992 quod
2238 4924 2288 4976 in
2329 4923 2552 4978 ecclesia
2584 4922 2849 4988 agendum
2878 4922 3038 4977 fuerit
3064 4924 3322 4993 imponat.

2149 5018 2260 5087 Ego
2302 5016 2533 5070 llilarius
2561 5014 2846 5086 cpiscopus
2874 5017 3188 5087 subscripsi.

2132 5109 2256 5187 ‘Ego
2294 5108 2550 5163 Claudius
2572 5108 2857 5178 episcopus
2877 5110 3191 5178 subscripsi.

2147 5203 2261 5272 Ego
2294 5202 2715 5258 Constantianus
2744 5202 3035 5271 episcopus
3064 5200 3384 5271 subscripsi.

2070 5362 2204 5416 alter
2248 5362 2328 5416 sic
2369 5374 2428 5415 se
2478 5359 2721 5413 habens:
2757 5357 2832 5411 De
2877 5357 3161 5429 abjectione
3208 5358 3319 5428 ejus
3361 5373 3512 5427 quem
3548 5360 3658 5416 duo

2072 5433 2489 5501 pra'suntpserint
2516 5430 2755 5482 ordinare
2783 5430 3109 5500 episcopum;
3141 5440 3439 5499 expunctus
3467 5444 3532 5485 ne
3562 5447 3649 5487 re-

2108 5514 2300 5559 etatur.

2072 5521 2300 5575 petatur.

2144 5583 2169 5611 ε
2199 5574 2311 5639 ΑΞ..
2337 5574 2483 5629 Sedit
2512 5581 2777 5643 prreterea.

2147 5644 2165 5683 ί
2196 5645 2283 5707 U.,
2311 5642 2593 5717 conjugatj,
2624 5646 2929 5717 statuimus,
2961 5642 3079 5717 nisi_.

2142 5731 2165 5769 ε
2197 5723 2273 5777 Ex
2328 5714 2505 5783 Βίκξ,
2537 5715 2599 5771 Τ.
2638 5716 2688 5782 l,
2718 5717 2774 5772 2.
2806 5716 2858 5770 In
2883 5715 2972 5780 A.,
3020 5714 3134 5785 Αἰ,
3167 5715 3229 5773 Ε.
3259 5714 3316 5783 3,
3361 5715 3530 5787 gratia
3559 5731 3649 5772 τοι

2069 5796 2247 5866 egerit.
2281 5788 2336 5845 In
2367 5788 2455 5857 U.,
2482 5790 2733 5862 gratuitas
2761 5790 2915 5861 cogit.
