4060 6184
331 350 438 406 259

406 465 518 535 Ego
554 456 853 513 Audentius
882 454 1170 525 episcopus
1195 450 1511 521 subscripsi.

408 556 520 620 Ego
561 550 837 619 Agrestius
861 548 1146 617 episcopus
1172 544 1494 614 subscripsi.

409 647 520 714 Ego
559 644 730 699 Julius
752 642 1040 711 episcopus
1062 637 1378 707 subscripsi.

410 738 521 806 Ego
562 733 848 802 Auspicius
878 732 1163 799 episcopus
1194 726 1515 795 subscripsi.

408 829 519 895 Ego
556 824 873 878 Theodorus
903 821 1186 886 episc0pns
1218 816 1535 882 subseripsi.

409 920 523 989 Ego
567 915 827 969 Maximus
859 912 1143 979 episcopus
1170 907 1486 975 subscripsi.

409 1012 526 1080 Ego
568 1007 866 1062 Eucherius
909 1005 1195 1071 episcopus
1234 996 1570 1064 subscripsi,
1621 1004 1928 1049 sanctorum

337 1102 677 1158 sacerdotum
732 1094 1263 1167 comprovincialium
1322 1104 1564 1144 nieorum
1635 1100 1798 1156 super
1850 1087 1931 1140 Itis

335 1203 747 1264 exspectaturus
770 1203 1072 1244 assensum.

1023 334 1409 393 COLLECTIO
1449 333 1780 392 CANONUM
1823 331 1880 389 S.
1924 332 2197 391 ISIDORO
2237 333 2504 392 HISPAL.
2545 331 2914 390 ASCRIPTA.

1955 453 2003 509 Λ
2106 450 2219 520 Ego
2257 449 2539 505 Nectarius
2568 450 2857 518 episcopus
2888 444 3213 514 subscripsi.

3513 329 3618 385 ‘260

2106 541 2218 609 Ego
2256 540 2438 595 Justus
2468 540 2753 609 episcopus
2787 536 3105 606 subscripsi.

2105 632 2366 686 Gevetius
2396 632 2685 701 episc0pus
2712 629 3031 698 subscripsi.

2108 726 2216 791 Fgo
2257 724 2566 792 Augustalis
2595 722 2881 791 episcopus
2906 718 3229 787 subscripsi.

2108 817 2217 884 ligo
2258 816 2525 884 Ingenuus
2555 812 2841 881 episcopus
2868 810 3189 879 subscripsi.

2107 907 2217 976 Ego
2258 910 2631 973 Superventor
2654 903 2905 959 Solonius
2934 904 3220 971 episcopus
3252 901 3565 970 subscripsi.

2105 997 2207 1052 Pro
2239 1006 2391 1065 patre
2433 1011 2553 1050 tneo
2581 995 2838 1065 episcopo
2863 992 3089 1047 Claudio
3133 993 3426 1060 subscripsi
3457 1002 3510 1047 et
3543 1007 3617 1046 re-

2033 1090 2284 1159 cognovL

340 1302 3621 1365 Μ

1786 1429 2131 1501 XXVIII

1081 1597 1751 1684 CONCILIUM
1814 1593 2333 1676 VASENSE
2411 1595 2897 1678 PRIMUM

446 1760 741 1805 BABITUM
790 1760 931 1801 EBA
979 1757 1342 1812 CCCCLXXX,
1390 1756 1556 1797 APUD
1607 1750 1950 1795 AUSPICIUM
1998 1749 2352 1817 EPISCOPUM
2404 1750 2719 1793 ECCLESIE
2763 1750 3158 1803 CATHOLICE,
3206 1750 3545 1797 THEODOSII

780 1839 1043 1882 MINORIS
1089 1835 1522 1891 TEMPOBIBUS,
1562 1831 1873 1874 DIOSCOBO
1917 1828 1941 1870 C

2047 1828 2222 1886 SULE,
2253 1830 2369 1873 SUB
2406 1830 2513 1871 DIE
2554 1830 2697 1873 IDUS
2745 1830 3137 1873 NOVEMBBJ.

341 1972 381 2029 I.
447 1969 513 2025 Ut
544 1967 805 2023 Gallicani
834 1966 1061 2035 episcopi
1088 1965 1139 2017 in
1170 1961 1370 2017 Gallias
1406 1979 1507 2015 non
1554 1959 1925 2014 discutiantur.
1961 1954 2006 2015 Β
2038 1954 2180 2010 tione
2225 1956 2574 2012 fraudantur:
2614 1958 2665 2011 bi
2697 1957 2841 2012 enim
2874 1956 3009 2012 tales
3036 1958 3188 2028 quasi
3234 1960 3505 2029 egentium
3539 1976 3631 2015 ηε.

414 2062 619 2118 Placuit
645 2073 773 2126 ergo
804 2066 1030 2111 tractatu
1064 2055 1241 2107 habito
1272 2053 1558 2123 episcopos
1595 2052 1665 2104 de
1690 2047 1925 2101 Gallica-

344 2156 430 2211 n'zs
458 2151 749 2223 provinciis
778 2150 1058 2203 venientes
1086 2147 1223 2200 intra
1255 2145 1455 2200 Gallias
1498 2158 1603 2197 non
1635 2139 1929 2195 discutien-

344 2254 463 2312 ttos,
493 2243 585 2299 sed
617 2241 792 2296 solum
826 2239 1074 2294 sufficere
1100 2240 1142 2293 si
1174 2236 1349 2291 nullus
1372 2234 1733 2290 communioni
1760 2231 1930 2285 alicu-

343 2339 432 2410 jus
463 2333 830 2398 ittterdiserit;
864 2331 988 2403 quia
1024 2331 1163 2385 inter
1193 2326 1708 2382 circttmltabitantes
1736 2338 1797 2376 ac
1831 2323 1932 2377 sibi

349 2445 489 2498 pene
538 2426 766 2481 invicem
819 2432 974 2477 notos
1032 2435 1136 2473 non
1182 2430 1288 2473 tam
1345 2416 1655 2471 testimonio
1698 2413 1936 2482 indigent

349 2520 538 2588 probi,
607 2530 766 2585 quam
810 2512 1156 2568 denotatinne
1198 2520 1252 2565 et
1294 2506 1789 2563 denuntiationibus
1838 2506 1935 2558 de-

351 2607 579 2677 ptavati.

347 2701 508 2773 225
538 2698 602 2754 Il.
637 2696 713 2750 De
745 2693 1101 2765 pmnitentibus
1131 2692 1296 2773 subito
1325 2691 1542 2744 mortuis
1571 2698 1624 2742 ttt
1652 2688 1937 2742 oblationes

878 2780 1056 2817 eorum
1090 2771 1419 2831 recipiantur.

368 2844 379 2937 ξ
427 2865 531 2918 Pro
560 2861 643 2916 bis
673 2860 760 2928 qui
793 2857 1105 2929 pmnitentia
1134 2862 1351 2925 accepta
1382 2853 1436 2908 in
1463 2853 1604 2908 bono
1633 2852 1755 2906 vitae
1779 2865 1939 2906 cursu

353 2953 713 3009 satisfactoria
753 2948 1164 3019 compunctione
1204 2947 1480 3010 viventes,
1531 2945 1650 2998 sine
1698 2956 1941 2998 commu-

358 3044 521 3098 nione
552 3041 826 3112 inopinato
874 3053 1252 3106 nonnunquam
1301 3035 1523 3090 transitu
1565 3035 1619 3087 in
1658 3032 1800 3101 agris
1850 3039 1943 3085 aut

358 3132 635 3189 itineribus
681 3131 1100 3202 prteveniuntur,
1141 3127 1466 3181 oblatiotient
1498 3122 1859 3193 recipiendam
1890 3131 1944 3176 et

353 3241 539 3281 eorum
592 3227 776 3278 itinera
825 3237 888 3277 ac
918 3220 1174 3290 deinceps
1222 3217 1534 3271 memoriam
1577 3214 1945 3270 ecclesiastico

2031 2056 2267 2114 catores,
2314 2062 2414 2101 nec
2444 2046 2726 2102 credentes
2767 2045 3031 2117 judicium
3078 2047 3169 2101 Dei
3202 2049 3431 2104 habendi
3464 2062 3629 2118 sunt;

2034 2140 2175 2195 unde
2220 2152 2271 2193 et
2303 2140 2519 2209 quidam
2547 2148 2755 2208 patrum
2788 2140 2842 2194 in
2884 2139 2985 2195 hoc
3013 2138 3227 2208 scriptis
3257 2140 3370 2195 suis
3405 2140 3631 2196 inseruit

2033 2242 2369 2301 congruente
2411 2235 2676 2287 sententia
2722 2245 2826 2301 qua
2853 2230 2929 2285 ait
2958 2248 2971 2285 :
3002 2232 3191 2285 Amico
3219 2232 3491 2301 quippiam
3544 2247 3632 2286 ra-

2038 2342 2163 2396 pere
2194 2327 2390 2381 turtum
2420 2335 2528 2392 est,
2556 2323 2819 2396 Ecclesiae
2835 2322 2868 2378 ft
2883 2323 3081 2379 audare
3103 2322 3467 2392 sacrilegium.

2040 2416 2104 2471 V.
2139 2414 2207 2472 Ut
2234 2417 2322 2486 qui
2344 2415 2603 2470 sententia:
2624 2414 2851 2484 episcopi
2871 2414 2950 2486 sui
2974 2429 3077 2466 non
3101 2413 3375 2482 acquiescit
3400 2420 3632 2467 recurrat

2634 2486 2701 2539 ad
2729 2484 3007 2555 synodum.

2113 2577 2167 2633 Si
2216 2575 2335 2647 quis
2362 2574 2605 2647 episcOpi
2633 2576 2714 2631 sui
2751 2574 3031 2631 sententias
3058 2588 3164 2629 non
3193 2573 3507 2644 acquiescit,
3540 2589 3631 2629 re-

2038 2679 2223 2722 currat
2248 2670 2314 2722 ad
2336 2668 2623 2739 synodum.

2040 2759 2202 2830 226
2233 2758 2316 2813 VI.
2371 2758 2439 2814 Ut
2470 2758 2936 2813 excommunicatus
2965 2757 3193 2830 humiliet
3222 2756 3548 2828 semetipsum
3576 2764 3631 2809 tu

2523 2831 2758 2899 [estiuius
2796 2828 3170 2882 reconcilietur.

2113 2918 2190 2974 Ex
2214 2920 2437 2989 epistola
2460 2921 2631 2975 sancti
2652 2918 2945 2975 Clementis
2961 2917 3106 2973 utilia
3127 2932 3354 2989 quaeque
3375 2918 3627 2987 praesenti

2044 3020 2284 3080 tempore
2327 3012 2574 3067 ecclesiis
2617 3010 2921 3065 necessaria
2951 3018 3077 3063 sunt
3119 3007 3413 3063 honorifice
3447 3008 3631 3078 profe-

2045 3103 2206 3158 renda
2231 3142 2245 3168 ,
2294 3112 2348 3156 et
2391 3117 2512 3158 cum
2559 3099 2858 3159 reverentia
2884 3100 2953 3155 ab
2997 3099 3246 3154 omnibus
3283 3098 3533 3155 ﬁdelibus
3570 3112 3633 3152 ac

2046 3195 2312 3265 pra‘cipne
2339 3196 2550 3251 clericis
2575 3192 2884 3266 recipienda
2913 3210 2926 3247 :
2959 3207 3024 3248 ex
3053 3192 3246 3262 quibus
3266 3191 3394 3262 quid
3420 3192 3631 3260 specia-

352 3317 545 3373 aﬂwu
569 3313 993 3386 pwscqumdam
1013 3353 1029 3378 ,
1058 3283 1180 3381 ηιζίε
1214 3309 1365 3363 ,ιρι-εις
1390 3317 1471 3364 εει
1497 3323 1682 3363 eorum
1706 3321 1939 3361 comma.
1969 3302 2017 3365 (ζ
2048 3289 2171 3344 liter
2196 3290 2393 3358 placuit
2422 3298 2616 3357 praeter
2637 3287 2995 3342 venerandam
3019 3285 3391 3355 antiquitatem
3419 3283 3633 3337 statutis

354 3410 708 3464 munitionem
763 3406 970 3461 excludi
1026 3418 1056 3458 a
1109 3402 1434 3458 salutaribus
1485 3404 1690 3469 sacris,
1737 3400 1826 3467 qui
1874 3399 1939 3453 ad

353 3502 542 3556 eadem
593 3515 742 3555 saera
795 3498 937 3552 fideli
987 3495 1179 3552 affectu
1227 3494 1655 3559 contendentes,
1701 3493 1830 3545 dum
1882 3505 1943 3545 se

355 3594 554 3648 diutius
603 3607 725 3648 reos
773 3598 1038 3654 statuunt,
1069 3588 1317 3657 indignos
1345 3584 1641 3640 salutiferis
1671 3582 1942 3653 mysteriis

356 3686 593 3739 indicant
623 3697 685 3737 ac
728 3679 1062 3751 purgatiores
1107 3676 1313 3732 restitui
1351 3675 1695 3739 desiderant,
1740 3675 1941 3742 absque

355 3782 816 3832 sacramentorum
838 3772 1029 3824 viatico
1047 3767 1479 3836 intercipiuntur,
1504 3765 1697 3832 quibus
1716 3764 1943 3818 fortasse

358 3883 458 3923 nec
486 3861 935 3919 absolutiSsimatn
969 3856 1459 3914 reconciliationem
1502 3854 1755 3910 sacerdos
1781 3853 1939 3908 dene-

358 3957 584 4029 gztndam
610 3965 862 4025 putasset.

392 4046 481 4102 Il'l.
510 4045 576 4100 Ut
604 4044 664 4099 ab
694 4043 907 4097 alterius
945 4040 1185 4111 episcopo
1208 4038 1431 4093 chrisma
1462 4034 1636 4090 nullus
1665 4034 1903 4104 accipiat.

433 4140 534 4193 Per
564 4137 769 4205 singula
817 4133 1082 4188 territoria
1128 4129 1427 4201 presbyteri
1468 4116 1550 4182 vel
1601 4125 1830 4180 ministri
1876 4125 1944 4179 ab

359 4228 626 4298 episcopis
653 4266 666 4291 ,
722 4242 826 4279 non
863 4232 1019 4294 prout
1066 4221 1274 4277 libitum
1307 4219 1464 4274 fuerit
1504 4232 1533 4271 a
1570 4215 1939 4279 vicinioribus,

359 4320 452 4373 sed
480 4333 510 4371 a
536 4318 646 4371 suis
671 4316 901 4384 propriis
919 4329 1011 4383 per
1035 4326 1206 4365 annos
1228 4309 1467 4378 singulos
1487 4314 1667 4375 petant
1687 4308 1940 4369 CliI'I'Inti,

360 4410 825 4481 appropinquante
854 4404 1196 4459 solemnitate
1229 4401 1488 4472 paschali,
1516 4412 1614 4452 nec
1638 4412 1730 4465 per
1758 4411 1942 4465 quc-tn-

358 4516 570 4569 cunque
617 4497 1041 4554 ecclesiasticum
1092 4510 1107 4545 :
1151 4494 1243 4549 sed
1287 4493 1331 4546 si
1362 4506 1463 4560 qua
1515 4491 1807 4543 necessitas
1852 4496 1943 4539 aut

362 4595 726 4647 ministrorum
767 4590 1043 4653 occupatio
1079 4597 1181 4652 est,
1231 4599 1324 4653 per
1352 4582 1776 4646 subdiaconutn,
1817 4583 1941 4649 quia

2046 3382 2400 3451 prtcsentibus
2433 3383 2785 3447 roboramus,
2816 3379 2956 3449 quod
3000 3378 3399 3449 suprascriptus
3446 3377 3633 3432 beatus

2046 3485 2249 3543 martyr
2277 3472 2345 3527 de
2374 3471 2670 3525 beatissimi
2702 3469 2933 3542 apostoli
2961 3469 3103 3524 Petri
3127 3468 3460 3523 institutione
3486 3481 3633 3522 com-

2047 3562 2505 3616 memoratdicens
2539 3579 2553 3614 :
2582 3561 2831 3628 Quaedam
2854 3568 3034 3615 autem
3050 3562 3210 3616 etiam
3229 3574 3295 3615 ex
3325 3558 3475 3614 vobis
3505 3559 3633 3627 ipsis

2046 3651 2345 3721 intelligere
2369 3652 2599 3719 debetis,
2619 3652 2663 3706 si
2688 3667 2791 3721 qua
2822 3660 2950 3707 sunt
2974 3665 3091 3722 qua
3114 3653 3228 3721 ipse
3254 3657 3444 3720 praeter
3465 3646 3551 3722 [Τ.
3574 3650 3628 3713 2,

2048 3739 2285 3816 pr0pter]
2320 3740 2542 3796 insidias
2576 3742 2848 3795 hominum
2882 3742 3142 3797 malorum
3172 3757 3278 3795 non
3308 3748 3485 3809 potest
3511 3739 3633 3794 evi-

2045 3834 2259 3889 dentius
2288 3845 2342 3888 et
2383 3833 2717 3889 manifestius
2744 3834 3007 3904 proloqui.
3040 3833 3199 3889 Verbi
3228 3834 3421 3904 gratia,
3455 3831 3634 3886 inimi-

2045 3942 2139 3981 cus
2168 3935 2250 3982 est
2275 3928 2432 3983 alicui
2462 3941 2558 3996 pro
2585 3928 2790 3982 actibus
2821 3926 2972 3983 suis?
3002 3941 3096 3983 vos
3128 3927 3294 3983 nolite
3320 3936 3635 3997 exspectare

2048 4030 2103 4074 ttt
2135 4020 2249 4090 ipse
2281 4020 2430 4075 vobis
2453 4020 2598 4075 dicat
2643 4038 2657 4073 :
2690 4019 2823 4075 Cum
2861 4020 2951 4075 illo
2977 4019 3141 4075 nolite
3169 4019 3327 4075 amici
3356 4033 3506 4085 esse,
3538 4018 3633 4073 sed

2049 4115 2338 4180 prudenter
2363 4114 2659 4170 observare
2690 4113 2897 4169 debetis
2927 4124 2981 4169 et
3003 4114 3283 4183 voluntati,
3329 4113 3445 4183 ejus
3485 4111 3636 4167 vide-

2048 4208 2170 4261 licet
2198 4207 2285 4276 qui
2309 4207 2553 4262 ecclesia:
2586 4223 2768 4260 curam
2799 4207 2969 4275 gerit,
3013 4207 3217 4276 absque
3260 4206 3636 4261 communione

2044 4298 2451 4365 obsecundare,
2500 4306 2556 4352 et
2599 4298 2767 4351 averti
2799 4312 2856 4350 se
2897 4296 2965 4351 ab
2994 4311 3061 4351 eo
3089 4297 3176 4351 cui
3217 4297 3392 4367 ipsum
3424 4295 3636 4350 sentitis

2046 4395 2350 4459 adversum,
2375 4392 2467 4446 sed
2490 4405 2587 4445 nec
2619 4390 2762 4460 loqui
2792 4390 2874 4443 his
2895 4389 3087 4456 quibus
3113 4389 3227 4458 ipse
3250 4404 3356 4444 non
3379 4389 3631 4454 loquitur,

2045 4499 2101 4539 ut
2130 4486 2499 4557 unusquisque
2528 4484 2615 4554 qui
2660 4484 2712 4537 in
2753 4482 2904 4549 culpa
2933 4491 3015 4537 est
3042 4481 3167 4535 dum
3207 4481 3352 4550 cupit
3392 4480 3633 4537 omnium

2048 4586 2278 4630 vestrum
2325 4575 2426 4629 sibi
2449 4581 2673 4644 gratiam
2702 4588 2977 4640 reparare,
3008 4571 3222 4628 festinet
3253 4574 3411 4629 citius
3445 4588 3637 4627 recon-

361 4682 681 4737 inhonorutn
728 4690 813 4735 est
855 4679 1194 4734 interioribus
1222 4689 1431 4730 summa
1462 4673 1755 4738 committi,
1805 4676 1943 4741 epti-
1981 4656 2029 4716 Ι)
2055 4667 2648 4736 eiliarieiqniomnibus
2668 4676 2925 4737 praestet
2946 4682 3038 4735 per
3054 4666 3153 4719 hoc
3176 4665 3386 4719 reditad
3407 4664 3636 4718 salutem

363 4792 510 4831 mum
554 4786 732 4830 autem
764 4785 846 4829 est
875 4783 933 4828 nt
982 4774 1097 4842 ipse
1146 4772 1405 4841 suscipiat
1444 4772 1532 4841 qui
1574 4772 1626 4824 in
1686 4769 1946 4823 tradendo

363 4882 557 4924 usurus
586 4876 699 4933 est;
733 4867 776 4919 si
802 4867 926 4934 quid
958 4866 1162 4928 obstat,
1193 4866 1380 4919 saltt-m
1414 4867 1459 4917 is
1488 4861 1644 4932 cujus
1671 4862 1832 4914 otticii
1864 4870 1947 4915 est

358 4958 654 5017 sacrarium
686 4956 971 5022 (IiSpmiere
1001 4964 1054 5007 et
1084 4966 1413 5007 sacramenta
1437 4953 1728 5021 SliSClp'-'I'e.

361 5049 450 5106 iV.
487 5046 555 5103 Ut
583 5046 667 5117 qui
718 5044 999 5099 oblationes
1028 5044 1385 5113 defunctorum
1411 5042 1629 5095 retinent
1658 5055 1946 5092 excommu-

1032 5124 1285 5167 mcentur.

436 5208 536 5275 Qui
574 5216 598 5245 ι
631 5207 929 5261 oblationes
957 5204 1329 5259 defunctorum
1365 5204 1597 5257 retinent
1619 5208 1674 5256 et
1707 5199 1950 5254 ecclesiis

365 5301 576 5353 tradere
618 5298 983 5362 tletnorantur,
1036 5308 1095 5351 ut
1140 5296 1384 5351 inﬁdeles
1428 5294 1496 5348 ab
1528 5292 1766 5348 Ecclesia
1818 5294 1950 5361 abji-

366 5392 574 5457 ciendi,
608 5391 729 5460 quia
763 5405 933 5457 usque
964 5390 1028 5443 ad
1061 5390 1479 5444 exinnnitionem
1513 5387 1634 5442 lidei
1670 5391 1953 5456 pervenire

365 5493 571 5535 certum
600 5490 682 5535 est
714 5480 850 5534 Itane
875 5480 1083 5547 pietatis
1104 5480 1297 5534 divinae
1324 5478 1788 5535 exacerbationem
1806 5522 1821 5545 ,
1847 5493 1952 5547 qua

367 5582 421 5625 et
442 5570 627 5623 tidetes
647 5568 713 5622 de
741 5584 967 5637 corpore
987 5568 1303 5623 recedentes
1324 5581 1567 5624 votorum
1597 5567 1950 5637 plenitudine,

451 5676 712 5729 pauperes
739 5663 937 5717 collatu
968 5661 1235 5716 alimonia:
1266 5670 1320 5714 et
1348 5663 1653 5716 necessaria
1685 5670 1955 5716 sustenta-

2055 4774 2176 4814 cum
2203 4758 2422 4813 obedire
2450 4758 2677 4827 cmperit
2707 4756 2922 4810 monitis
2955 4755 3289 4823 praesidentis
3317 4772 3328 4803 :
3365 4765 3419 4807 et
3439 4764 3638 4807 caetera

2055 4866 2171 4920 qua
2239 4852 2292 4905 in
2346 4849 2692 4920 sequentibus
2736 4848 2993 4903 denotant
3041 4846 3240 4900 amicos
3301 4858 3484 4898 eorum
3545 4845 3637 4913 qui

2058 4943 2267 4997 veritati
2307 4941 2506 4995 inimici
2526 4949 2671 4995 sunt.
2702 4939 2848 4994 Sciat
2877 4940 3053 5005 itaque
3077 4936 3332 5004 deinceps
3361 4936 3537 4989 clerus
3567 4937 3632 4989 ad

2060 5045 2303 5101 reatum,
2349 5033 2441 5087 sed
2485 5042 2540 5087 et
2580 5031 2810 5086 fidelium
2860 5030 3086 5100 populus
3127 5029 3191 5082 ad
3236 5028 3481 5098 culpam,
3535 5032 3635 5083 sibi

2057 5127 2453 5187 ascribettdum,
2496 5123 2540 5177 si
2587 5124 2705 5193 quis
2735 5124 2786 5176 in
2815 5123 2917 5177 hoc
2948 5123 3130 5176 vitium
3160 5120 3418 5175 malorum
3449 5120 3607 5176 colu

2057 5231 2195 5273 tator
2224 5227 2277 5270 et
2305 5215 2600 5286 disciplina:
2629 5213 2921 5269 subversor
2952 5212 3278 5282 agnuscitur.

2060 5311 2165 5365 VII.
2205 5309 2271 5363 Ut
2301 5319 2615 5361 accusatores
2643 5306 2704 5358 de
2732 5305 2922 5359 levibus
2968 5306 3132 5357 enusis
3181 5321 3280 5356 non
3310 5302 3588 5357 audiantur
3614 5340 3634 5366 ,

2358 5381 2420 5432 de
2450 5375 2798 5432 crtminalibus
2826 5391 2945 5429 vero
2972 5376 3332 5427 discutiuntur.

2132 5471 2336 5526 Placuit
2390 5477 2643 5539 praeterea
2693 5467 2981 5522 accusandi
3039 5467 3309 5521 licentiam
3371 5465 3527 5518 etiam
3583 5464 3635 5519 in

2064 5566 2232 5619 nostri
2264 5561 2467 5618 ordinis
2495 5561 2540 5615 si
2572 5576 2674 5630 qua
2707 5560 2888 5616 existit
2922 5560 3135 5613 levitate
3162 5556 3546 5627 comprimere,
3579 5564 3632 5609 ttt

2063 5659 2345 5727 episcopus
2376 5653 2421 5708 si
2470 5669 2626 5723 quem
2651 5652 2856 5723 judicat
2884 5649 3288 5714 abst;nendum,
3315 5646 3360 5702 si
3390 5660 3485 5717 pro
3533 5646 3628 5700 hue

442 5786 467 5814 ⁸
491 5777 547 5832 lu
579 5774 858 5833 Codicibus
888 5777 1227 5834 inveniuntur
1260 5777 1418 5833 verba
1451 5794 1463 5831 ι
1500 5775 1574 5853 De
1602 5776 1928 5832 damnatione
1964 5791 2161 5840 eorum,
2187 5785 2305 5842 qua:
2334 5777 2598 5839 expuncta
2628 5779 2772 5832 sunt,
2805 5766 2927 5837 quia
2961 5761 3279 5821 redundant.
