4056 6178
408 290 509 348 SOI

1424 296 1701 355 GALLI/1".
1742 299 2084 360 CONCIUA.
2128 336 2197 347 —
2240 308 2554 369 VASENSE
2595 313 2658 371 Il.

3589 336 3695 392 ‘26!

409 408 706 460 miliatiune
732 413 787 461 et
830 410 1170 465 correctione
1221 410 1402 466 fratris
1438 416 1675 484 assurgit
1714 419 1923 473 exorari
1972 436 2001 475 a
2036 434 2078 486 Α
2109 428 2375 491 processit
2397 443 2493 485 eos
2522 445 2627 486 non
2652 434 3034 496 misericordia
3061 441 3172 512 iam
3201 444 3297 502 sed
3330 450 3554 509 canibus
3601 471 3694 513 ex-

405 498 652 565 caeteris,
676 500 985 569 acquiescat
1014 500 1162 557 fratri
1196 503 1261 557 de
1284 518 1391 573 quo
1417 506 1613 575 agitur,
1663 512 2004 579 correptione

1335 596 1419 650 sin
1446 608 1624 653 autem
1666 599 1733 655 de
1777 603 2002 657 crimine

402 602 456 643 et
512 589 938 647 comminatione
984 592 1222 649 adhibita
1270 612 1285 650 :

2108 518 2251 583 puni,
2278 533 2413 588 quos
2441 522 2696 593 colligere
2722 526 3108 588 calumniarum
3141 547 3287 593 metu
3315 546 3562 608 quamvis
3607 547 3687 602 in-

2105 607 2244 662 flexa
2274 612 2553 681 praeceptis
2580 622 2606 651 ι
2634 618 3015 677 misericordia:
3043 640 3195 681 mens
3228 607 3457 688 humana
3512 636 3693 693 detre-

400 684 634 751 aliquem
685 692 841 752 putet
869 697 992 740 esse
1034 685 1420 753 damnandum,
1455 694 1755 746 accusatori
1802 710 1899 748 suo
1941 711 2000 749 se
2100 705 2229 761 ctat,
2264 700 2315 754 id
2356 703 2673 760 servandum
2717 708 2885 764 visum
2931 722 3033 779 est,
3064 725 3123 771 ut
3161 684 3457 779 secundum
3493 684 3690 785 {uim}

396 774 794 829 discutiendum
841 776 1009 840 sciat;
1066 779 1143 831 fas
1189 790 1271 834 est
1303 781 1445 835 enim
1489 790 1543 835 nt
1573 798 1693 853 quae
1737 785 1829 839 uni
1875 800 1997 856 pro-

396 862 593 918 bantur
622 865 922 933 probentur
950 869 1222 923 omnibus.

398 953 531 1009 Vlll.
573 955 641 1011 Ut
668 958 943 1028 episcopus
979 961 1201 1014 alienum
1230 962 1471 1017 clericum
1497 977 1784 1035 peccantem
1815 973 1993 1023 redar-

1112 1048 1209 1100 guo
1219 1042 1257 1086 t.

475 1116 628 1184 Quod
660 1119 705 1173 si
756 1134 813 1175 se
862 1128 1066 1177 tantum
1094 1125 1377 1195 episeOpus
1412 1127 1569 1182 alieni
1612 1130 1832 1187 sceleris
1857 1147 1987 1188 con-

387 1207 561 1260 scium
600 1210 780 1275 novit,
815 1210 1049 1280 quandiu
1074 1212 1301 1280 probare
1336 1232 1443 1270 nou
1487 1228 1661 1285 potest
1702 1221 1830 1275 nihil
1861 1238 1984 1289 pro-

387 1297 554 1365 forrat,
585 1300 680 1356 sed
717 1316 840 1358 cum
882 1304 999 1373 ipso
1019 1305 1083 1359 ad
1116 1310 1583 1377 compunctiouem
1615 1311 1733 1381 ejus
1759 1316 1984 1370 secretis
2085 1297 2204 1405 quis
2224 1297 2411 1409 Qui;

380 1665 704 1731 probatione
734 1669 949 1725 deﬁciat
975 1671 1312 1729 indemnatus
1344 1674 1467 1730 licet
1491 1677 1650 1747 227
1682 1678 1747 1734 de
1773 1680 1855 1734 his
1886 1682 1975 1749 qui

378 1758 518 1811 nihil
553 1761 751 1825 sciunt,
785 1763 1040 1818 secedere
1059 1764 1123 1817 ad
1158 1774 1367 1835 tempus
1408 1782 1505 1837 pro
1538 1785 1760 1835 persona
1806 1773 1973 1841 majo-
2004 1793 2049 1854 Β

375 1844 457 1898 ris
486 1850 820 1905 auctoritatis
845 1851 1121 1921 jubeatur,
1156 1855 1268 1921 illo,
1312 1857 1545 1925 quandiu
1575 1860 1801 1924 probare
1831 1863 1966 1917 nihil

369 1949 571 2007 potest,
594 1941 646 1995 in
671 1945 1050 2002 communione
1074 1949 1309 2002 omnium
1338 1958 1566 2022 praeteiq
1589 1966 1692 2005 iam
1731 1952 1849 2023 ejus
1876 1956 1965 2023 qui

366 2045 491 2084 eum
526 2048 679 2088 reum
707 2034 916 2104 judicat
946 2046 1316 2105 permanente.

362 2118 455 2172 1X.
492 2119 562 2176 Ut
609 2125 697 2193 qui
719 2126 1005 2196 expositum
1052 2128 1297 2183 invenerit
1338 2130 1603 2185 ecclesiam
1636 2141 1957 2189 contestatur.

436 2208 516 2264 De
542 2214 823 2282 expositis,
856 2216 979 2294 quia
1007 2217 1345 2272 conclamata
1368 2219 1435 2273 ab
1462 2221 1712 2277 omnibus
1739 2223 1957 2292 querela

437 2336 463 2363 ⁸
499 2327 558 2382 In
582 2326 870 2387 Codicibus
900 2349 914 2387 :
946 2333 1134 2405 infelix
1159 2351 1190 2388 a
1218 2339 1505 2406 prceceptis.

2101 789 2580 866 ﬁdelissimorum,
2654 801 3016 868 piissimorum
3079 814 3688 889 augustissimorumque

2099 882 2392 977 principum
2445 890 2686 956 quisquis
2715 896 3019 962 expositum
3068 902 3270 974 colligit
3298 908 3463 980 228
3507 882 3683 969 eccle-

2093 982 2227 1025 SIam
2272 984 2636 1046 contestetur,
2667 988 3112 1044 contestationem
3165 994 3385 1065 colligat
3435 1016 3449 1052 :
3489 1001 3539 1056 ni

2094 1066 2271 1121 minus
2300 1067 2369 1122 de
2400 1070 2591 1126 altario
2641 1073 2913 1132 dominico
2952 1080 3040 1136 die
3088 1085 3336 1142 minister
3363 1094 3677 1164 anuuntiet,

2092 1162 2148 1208 ut
2181 1158 2406 1212 ecclesia
2436 1162 2570 1216 sciat
2616 1165 2916 1234 expositum
2946 1186 3067 1227 esse
3096 1176 3402 1245 collectum,
3450 1190 3505 1236 ut
3536 1158 3675 1241 intra

2086 1244 2201 1299 dies
2221 1248 2408 1305 decem
2439 1252 2506 1306 ab
2529 1259 2881 1324 expositionis
2909 1262 2997 1318 die
3020 1270 3320 1335 expositum
3348 1273 3601 1345 recipiat,
3629 1278 3676 1332 si

2418 1342 2621 1399 baverit
2650 1350 2934 1417 agnovisse
2962 1370 2976 1406 :
3007 1356 3285 1414 collectori
3315 1378 3410 1426 pro
3438 1342 3672 1435 ipsorum

2116 1744 2180 1799 X.
2218 1746 2285 1802 Ut
2307 1751 2395 1819 qui
2413 1764 3267 1843 praeterlcon‘stttutuntexpositum
3317 1774 3533 1843 reposcit
3576 1785 3631 1829 ut

2597 1828 2851 1884 hornicida
2895 1828 3161 1892 habeatur.

2145 1950 2287 2009 Sane
2336 1957 2381 2011 si
2434 1959 2554 2031 quis
2584 1973 2703 2033 post
2759 1964 2894 2023 hanc
2923 1968 3385 2042 diligentissimam
3425 1980 3658 2036 sanctio-

2072 2060 2192 2102 nem
2222 2055 2587 2122 expositorum
2643 2060 2745 2115 hoc
2774 2064 2966 2121 ordine
3003 2067 3355 2125 collectorum
3398 2073 3658 2143 repetitor

2071 2138 2151 2192 vel
2200 2142 2554 2202 calumniator
2597 2154 2897 2222 exstiterit,
2948 2167 3006 2211 ut
3058 2158 3323 2216 homicida
3372 2138 3652 2219 habendus

2066 2238 2166 2283 est.

360 2454 3643 2535 —__e_——__—__———___=__________*____

1812 2585 2089 2658 XXIX

975 2720 1639 2807 CONCILIUM
1716 2726 2218 2814 VASENSE
2291 2729 2999 2824 SECUNDUM.

657 2854 701 2908 1.
737 2853 812 2909 De
842 2856 1252 2928 presbyterorum
1295 2861 1657 2916 observatione.

426 2945 543 3001 Hoc
574 2944 805 3016 placuit,
843 2955 901 3000 ut
927 2960 1116 3003 omnes
1144 2950 1440 3021 presbyteri
1471 2952 1561 3022 qui
1605 2965 1729 3008 sunt
1760 2953 1812 3007 in
1852 2968 1942 3023 pa-

335 3036 545 3092 rocbiis
591 3038 867 3092 constituti
895 3079 910 3106 ,
950 3041 1245 3096 secundum
1277 3044 1721 3099 consuetudinem
1774 3061 1935 3117 quam

336 3144 438 3195 per
462 3139 630 3185 totam
657 3129 858 3185 Italiam
886 3133 1015 3187 satis
1045 3133 1331 3191 salubriter
1357 3136 1530 3192 teneri
1559 3138 1933 3207 cognovimus,

329 3219 581 3290 juniores
614 3221 847 3278 lectores
888 3234 1333 3295 quantoscunque
1362 3227 1480 3282 sine
1527 3243 1693 3284 uxore
1734 3229 1931 3284 habue-

333 3314 463 3380 rint,
488 3328 673 3371 secum
708 3312 759 3370 in
792 3313 1011 3372 domum
1044 3315 1128 3370 ubi
1160 3317 1526 3385 ipsihubitare
1556 3319 1804 3374 videntur
1852 3336 1935 3375 re-

333 3411 559 3478 cipiant,
592 3422 645 3465 et
668 3426 764 3466 eos
788 3412 1061 3482 quomodo
1092 3411 1215 3468 boni
1249 3421 1427 3485 patres
1457 3414 1806 3485 spiritualiter
1836 3431 1932 3470 nuo

330 3503 558 3556 trientes
584 3502 830 3572 psalmos
856 3519 1078 3573 parare,
1101 3505 1297 3561 divinis
1328 3508 1652 3563 lectionibus
1684 3506 1932 3565 insistere

330 3592 454 3666 [U.,
488 3592 783 3666 tnstrnere]
810 3603 865 3650 et
890 3596 939 3650 iu
969 3596 1085 3667 lege
1117 3596 1322 3653 Domini
1353 3600 1568 3655 erudire
1605 3601 1930 3655 contendant

328 3693 385 3737 ut
416 3693 473 3739 et
500 3686 605 3737 sibi
638 3684 828 3753 dignos
843 3702 1188 3744 successores
1215 3691 1531 3758 provideant
1561 3701 1615 3746 et
1638 3707 1666 3745 a
1702 3694 1928 3748 Domino

327 3775 549 3842 pmmia
594 3783 795 3828 :eterna
830 3777 1109 3843 recipiant.
1152 3776 1286 3832 Cum
1320 3794 1445 3833 vero
1470 3780 1536 3834 ad
1565 3788 1775 3835 aetatem
1808 3798 1926 3848 per-

324 3864 523 3919 fectam
557 3868 822 3933 venerint,
854 3869 895 3921 si
931 3869 1122 3938 aliquis
1152 3887 1341 3925 eorum
1374 3888 1468 3940 pro
1503 3873 1681 3927 carnis
1722 3872 1925 3943 fragili-

324 3967 433 4013 tale
474 3974 701 4013 uxorem
750 3961 947 4017 habere
995 3965 1243 4034 voluerit,
1302 3976 1539 4036 potestas
1591 3969 1639 4024 ei
1694 3970 1923 4025 ducendi

321 4051 637 4119 conjuginm
666 4067 769 4106 non
803 4064 1047 4124 negetur.

467 4144 533 4196 ll.
580 4144 813 4209 Qualiter
840 4147 1112 4199 recitentur
1138 4164 1166 4200 a
1190 4147 1489 4203 diacouibus
1518 4150 1762 4206 homilic.

390 4233 506 4289 Hoc
533 4236 694 4288 etiam
746 4252 842 4301 pro
885 4237 1241 4292 :edilicatioue
1283 4239 1524 4294 omnium
1563 4242 1917 4297 ecclesiarum

317 4336 369 4380 et
403 4342 503 4395 pro
555 4328 785 4383 utilitate
825 4331 987 4384 totius
1014 4331 1195 4400 populi
1239 4330 1393 4386 nobis
1447 4334 1672 4402 placuit,
1710 4344 1766 4388 ut
1812 4352 1915 4391 non

316 4417 491 4471 solum
518 4419 568 4469 in
594 4419 902 4473 civitatibus
935 4420 1031 4475 sed
1072 4421 1233 4475 etiam
1264 4422 1317 4475 in
1346 4421 1598 4477 omnibus
1643 4426 1917 4491 parochiis

316 4509 539 4561 verbum
572 4509 801 4565 faciendi
826 4511 1078 4566 daremus
1106 4512 1438 4583 presbyteris
1465 4522 1806 4582 potestatem,
1841 4517 1912 4572 ita

2051 2865 2229 2919 ctione
2264 2867 2492 2937 dicatur,
2522 2873 2723 2941 placuit
2760 2878 2921 2931 et’am
2964 2879 3153 2943 nobis,
3188 2890 3245 2935 ut
3290 2884 3341 2939 in
3387 2887 3637 2943 omnibus

2047 2956 2291 3010 ecclesiis
2305 2960 2501 3013 nostris
2516 2961 2613 3014 ista
2639 2970 2743 3016 tam
2771 2977 2954 3021 sancta
2974 2978 2997 3007 ο
3021 2974 3354 3029 consuetudo
3372 2986 3419 3030 et
3435 2976 3500 3031 ad
3523 2994 3635 3033 ma-

2045 3044 2269 3101 tutinum
2285 3049 2414 3103 etad
2435 3051 2649 3107 missam
2673 3064 2727 3108 ct
2747 3057 2813 3111 ad
2831 3073 3133 3128 vesperum,
3153 3063 3261 3118 Deo
3284 3067 3632 3137 proixitiantc,

2041 3137 2443 3210 intromittatur,
2474 3157 2527 3199 et
2553 3146 2604 3200 in
2626 3149 2875 3204 omnibus
2907 3151 3104 3217 missis.
3134 3155 3246 3211 sive
3269 3158 3322 3213 iu
3356 3162 3631 3217 matutinis

2039 3232 2151 3288 sive
2173 3234 2223 3288 in
2245 3238 2812 3310 quadragesimalibus,
2836 3245 2949 3302 sive
2971 3247 3023 3303 in
3050 3249 3152 3305 illis
3172 3267 3292 3322 quae
3319 3269 3417 3325 pro
3440 3256 3630 3311 delun-

2037 3336 2244 3379 ctorum
2275 3333 2876 3390 commemorationibus
2920 3338 3075 3410 ﬁunt,
3111 3357 3325 3411 semper
3373 3345 3626 3414 Sanctus,

2036 3412 2282 3484 Sanctus,
2339 3417 2565 3474 Sanctus
2609 3437 2675 3476 eo
2702 3425 2931 3496 ordine,
2977 3444 3085 3501 quo
3128 3432 3289 3489 modo
3324 3435 3390 3491 ad
3432 3412 3627 3495 missas

2033 3505 2271 3574 publicas
2303 3507 2519 3576 dicitur,
2574 3512 2681 3568 dici
2729 3516 2967 3573 debeat:
3009 3523 3130 3591 quia
3181 3532 3289 3579 tam
3336 3538 3520 3583 sancta
3569 3540 3625 3585 et

2032 3607 2139 3654 tam
2167 3598 2339 3656 dulcis
2360 3611 2415 3657 et
2435 3611 2543 3658 tam
2567 3605 2941 3664 desiderabilis
2966 3627 3088 3681 vox,
3111 3616 3275 3687 229
3298 3616 3509 3674 etiamsi
3532 3622 3619 3675 die

2031 3705 2296 3766 noctuque
2325 3697 2496 3767 possit
2523 3698 2649 3767 dici,
2677 3700 2948 3758 fastidium
2982 3720 3085 3761 non
3116 3709 3313 3778 poterit
3333 3726 3616 3782 generare.

2211 3810 2295 3866 IV.
2330 3812 2398 3867 Ut
2425 3828 2605 3868 nomen
2637 3833 2785 3888 papa:
2815 3819 2866 3875 in
2905 3823 3131 3880 ecclesiis
3174 3827 3437 3883 recitetur.

2098 3922 2161 3974 Et
2196 3922 2295 3978 hoc
2327 3924 2701 3994 nobisjustum
2732 3932 2900 3987 visum
2933 3947 3037 4004 est,
3073 3949 3127 3992 ut
3169 3955 3366 3998 nomen
3407 3943 3610 4000 domini

2024 4026 2194 4081 papae,
2229 4014 2531 4086 quicunque
2566 4020 2681 4074 sedi
2719 4025 3031 4091 apostolicae
3061 4030 3355 4098 prmfuerit,
3410 4036 3461 4089 in
3504 4053 3603 4092 no-

2020 4107 2145 4162 stris
2186 4109 2431 4164 ecclesiis
2458 4113 2735 4169 recitetur.

2199 4219 2264 4274 γ.
2300 4220 2368 4277 Ut
2423 4223 2625 4277 dicatur
2657 4241 2675 4280 :
2706 4225 2855 4284 Sicut
2893 4240 3008 4285 erat
3048 4232 3099 4286 in
3146 4234 3424 4305 principio.

2089 4327 2158 4384 Et
2184 4320 2306 4398 quia
2338 4348 2442 4388 non
2472 4336 2643 4390 solum
2679 4337 2730 4391 in
2763 4340 2894 4395 sede
2937 4344 3262 4413 apostolica,
3314 4347 3407 4402 sed
3440 4350 3601 4405 etiam

2019 4435 2112 4489 per
2142 4432 2307 4476 totum
2339 4424 2611 4482 Orientem
2671 4440 2723 4485 et
2769 4439 2933 4486 totam
2987 4435 3217 4491 Africam
3272 4439 3353 4493 vel
3403 4439 3601 4497 italiam

2017 4524 2233 4581 propter
2258 4513 2633 4572 limreticorum
2685 4522 2962 4588 astutiam,
3003 4524 3096 4594 qui
3140 4525 3235 4581 Dci
3268 4525 3461 4582 Filium
3495 4546 3599 4587 non

316 4607 371 4651 ut
426 4600 473 4652 si
525 4598 807 4672 presbyter
856 4602 1035 4670 aliqua
1086 4604 1394 4658 infirmitate
1452 4605 1769 4673 prohibente
1818 4622 1990 4684 per”
2020 4620 2233 4674 semper
2275 4621 2395 4661 cum
2454 4609 2613 4664 Patre
2665 4611 2834 4669 fuisse
2885 4615 2978 4670 sed
3021 4632 3048 4669 a
3081 4626 3322 4687 tempore
3371 4623 3602 4692 cmpisse

314 4702 374 4744 se
403 4693 578 4759 ipsum
609 4708 713 4746 non
741 4696 973 4762 potuerit
1002 4695 1314 4763 praedicare,
1346 4706 1652 4751 sanctorum
1683 4698 1899 4754 Patrum

314 4780 547 4835 homilim
576 4798 608 4836 a
628 4783 944 4839 diaconihus
969 4787 1263 4841 recitentur
1296 4805 1308 4840 :
1336 4788 1379 4841 si
1406 4788 1547 4842 enim
1584 4787 1729 4858 digni
1780 4801 1903 4845 sunt

311 4870 567 4929 diacones
594 4876 735 4944 quod
763 4876 1012 4930 Christus
1058 4878 1109 4931 in
1155 4878 1444 4944 Evangelio
1469 4879 1677 4933 locutus
1705 4889 1791 4935 est
1828 4881 1905 4936 lc-

308 4977 455 5033 gere,
484 4980 652 5033 quare
675 4967 874 5036 indigni
901 4968 1213 5036 judicentur
1242 4967 1362 5041 [U.,
1392 4971 1480 5039 6.,
1514 4970 1662 5040 sunt]
1687 4981 1902 5027 sancto.

309 5071 427 5111 rum
455 5057 675 5113 Patrum
715 5061 1085 5128 expositiones
1118 5063 1326 5129 publice
1354 5062 1614 5118 recitare?

487 5149 575 5205 Ill.
620 5150 781 5220 Kyrie
822 5153 1027 5208 eleison
1068 5153 1142 5208 vel
1173 5154 1401 5210 Sanctus
1425 5171 1559 5227 saepe
1588 5157 1711 5211 dici.

377 5243 442 5295 Et
471 5239 500 5280 ι
527 5244 650 5312 quia
684 5253 790 5299 tam
828 5246 881 5299 in
923 5246 1051 5301 sede
1077 5248 1389 5316 apostolica,
1417 5264 1577 5319 quam
1609 5252 1767 5305 etiam
1802 5266 1897 5321 per

301 5342 445 5387 totas
490 5336 784 5391 orientales
833 5344 997 5407 atque
1048 5337 1212 5394 Italiae
1262 5341 1563 5405 provincias
1618 5341 1789 5396 dulcis
1840 5354 1893 5397 et

299 5426 526 5478 nimium
550 5425 779 5481 salubris
804 5428 1139 5483 consuetudo
1165 5438 1248 5484 est
1286 5431 1615 5497 intromissa,
1646 5443 1702 5486 ut
1734 5433 1894 5504 li'yrie

292 5516 491 5568 deieci:
522 5514 859 5587 frequentius
911 5534 1032 5574 cum
1070 5519 1257 5589 grandi
1307 5520 1497 5578 aﬂ'ectu
1535 5533 1586 5579 et
1635 5536 1892 5595 compun-

372 5655 398 5683 ⁸
433 5647 599 5704 Deest
626 5649 728 5704 hoc
747 5651 1032 5705 concilium
1056 5651 1110 5705 in
1137 5651 1197 5706 E.
1232 5652 1291 5710 5.

368 5714 396 5754 ⁵
424 5717 487 5773 Τ.
527 5722 576 5789 l,
609 5721 731 5791 quia
759 5737 858 5776 non
879 5724 1047 5777 solum
1068 5722 1119 5778 in
1148 5724 1268 5780 aede
1285 5724 1568 5797 apostolica
1598 5726 1686 5784 sed
1704 5728 1879 5784 etiam.

2016 4696 2386 4777 blasphemant
2416 4738 2431 4763 ,
2479 4701 2642 4770 23o
2682 4702 2732 4755 in
2765 4704 3014 4760 omnibus
3040 4708 3291 4764 clausulis
3319 4723 3439 4780 post
3467 4712 3602 4769 Glo-

2012 4788 2177 4852 riam;
2230 4788 2376 4844 Sicut
2412 4802 2522 4846 erat
2551 4794 2604 4846 iu
2646 4796 2896 4865 principio
2941 4796 3167 4868 dicitur;
3214 4803 3375 4860 etiam
3418 4815 3470 4861 et
3500 4822 3599 4861 nos

2011 4879 2064 4934 in
2096 4883 2359 4939 universis
2387 4886 2629 4941 ccclesiis
2656 4888 2854 4944 nostris
2896 4890 2998 4946 hoc
3040 4892 3114 4949 ita
3163 4894 3447 4954 dicendum
3475 4914 3596 4956 esse

2009 4972 2362 5028 decrevimus.

2076 5062 2340 5121 Caesarius
2388 5067 2439 5120 in
2500 5067 2699 5124 Christi
2752 5072 2970 5128 nomine
3012 5076 3330 5132 catholicam
3379 5077 3405 5117 δ
3451 5080 3535 5133 ha'
3573 5124 3585 5135 .

2003 5154 2328 5213 deﬁnitionis
2370 5168 2566 5215 nostra:
2610 5164 2847 5231 regulam
2879 5166 3123 5234 relegens
3154 5168 3453 5241 subscrips’

2077 5246 2142 5300 Et
2169 5256 2349 5301 notum
2383 5249 2483 5303 sub
2508 5250 2595 5304 die
2623 5267 2881 5304 nonarum
2906 5253 3284 5312 Novembrium
3314 5260 3473 5317 Βευιυ
3508 5308 3518 5330 ,

2004 5336 2155 5391 niore
2179 5339 2293 5391 viro
2334 5339 2633 5392 clarissimo
2662 5340 2884 5395 consule
2919 5357 2932 5393 :
2977 5342 3029 5396 in
3065 5344 3165 5401 bac
3194 5350 3580 5410 constitutione

2002 5426 2383 5496 septemdecim
2415 5428 2649 5496 episcopi
2678 5427 3131 5499 subscripserunt.

2069 5518 2200 5585 Quia
2231 5518 2392 5573 etiam
2419 5526 2474 5573 et
2516 5532 2577 5573 ea
2610 5533 2730 5589 qua:
2761 5518 2899 5576 infra
2927 5524 3129 5595 scripta
3176 5537 3301 5584 sunt
3331 5533 3582 5593 omnibus

2070 5671 2091 5735 ξ
2212 5656 2564 5735 1,2,_sta_tut_a
2599 5668 2799 5735 sancta.
2856 5722 2860 5726 ,
2894 5728 2931 5735 Α

2064 5725 2090 5765 ει
2123 5731 2181 5785 Β.
2211 5726 2299 5799 8.,
2338 5727 2401 5787 Τ.
2435 5729 2486 5799 1,
2516 5729 2572 5799 2,
2598 5732 2801 5787 nomine
2821 5728 3087 5809 episcopus
3116 5737 3437 5797 catholicam.
