4060 6184
408 335 508 390 263
1098 318 1483 376 COLLECTIO
1519 316 1849 373 CANONUM
1891 317 1948 369 S.
1991 312 2263 371 lSlDOliO
2306 311 2569 368 lllSl‘AL.
2613 308 2970 366 ASCllIPTA.
3576 302 3683 358 ξω

404 451 651 510 cerlvsiis
681 446 813 500 satis
853 439 1160 497 necessaria
1190 452 1312 493 esse
1343 438 1609 500 novimus,
1638 437 1757 489 ideo
1778 432 1983 504 justum
2022 442 2063 495 Α
2091 446 2354 485 canonum
2374 429 2745 499 iungeremus,
2775 442 2845 481 ex
2875 426 3167 480 constituto
3191 420 3435 495 synodali
3466 429 3683 489 aposto-

401 556 453 600 et
482 537 799 596 rationabile
830 534 1000 587 visum
1047 542 1151 595 est,
1178 540 1233 583 ut
1264 529 1353 582 illa
1398 529 1774 597 suprascriptis
1811 526 1979 579 titulis
2089 526 2201 577 lic:e
2231 524 2374 576 sedis
2414 524 2550 575 inter
2577 532 2795 575 caetera.

2498 686 2531 689 -—
2572 684 2627 687 νίς
2644 682 2815 687 μτκανιι-
2832 673 3684 685 .__._____._——————-——-——-—————

400 692 1739 716 ——-—-’——————-——-",——v————————-‘———+v--—~
1766 689 2169 696 *<47v7~7———~—-a
2232 690 2241 693 ψ
2288 687 2349 693 μμ
3468 647 3489 667 ΙΙ
3514 645 3683 668 IIII-

1862 778 2091 851 XXX

1294 921 1958 1005 CONCILIUM
2033 916 2774 1003 AGATHENSE.

1073 1080 1312 1126 VIGINTI
1355 1079 1638 1132 QUINQUE
1684 1078 2156 1131 EPYSCOPOBUM,
2204 1077 2491 1121 HABITU‘J
2536 1077 2669 1118 (ERA
2720 1075 2744 1102 ⁸
2794 1076 3013 1117 [ηυγ.

481 1204 634 1257 Anno
665 1196 923 1253 vicesimo
954 1190 1192 1249 secundo
1245 1188 1438 1243 Alarici
1492 1186 1635 1254 regis
1680 1184 1780 1239 sub
1806 1182 1893 1237 die
1930 1197 1986 1235 Ill

406 1294 531 1350 idus
578 1289 910 1362 Septembris
956 1298 1076 1340 cum
1111 1285 1162 1336 in
1197 1278 1411 1335 nomine
1443 1279 1652 1331 Domini
1685 1276 1736 1329 iu
1769 1276 1988 1329 civitate

407 1385 700 1458 Agatliensi
732 1381 1168 1435 convenissemus
1200 1375 1250 1428 in
1274 1373 1445 1428 sancti
1485 1369 1715 1424 Andreae
1745 1369 1986 1430 basilica,

408 1478 754 1533 consedimus
782 1476 847 1527 de
878 1468 1165 1537 disciplina
1212 1473 1266 1520 et
1302 1462 1729 1518 ordinationibus
1768 1459 1990 1513 clerico-

408 1587 525 1623 rum
560 1578 718 1635 atque
747 1563 1055 1636 pontificum
1086 1560 1166 1614 vel
1215 1558 1283 1613 de
1332 1555 1692 1610 Ecclesiarum
1749 1549 1992 1603 utilitati-

411 1662 509 1713 bus
555 1657 851 1711 tractaturi.
906 1654 961 1706 In
1014 1652 1188 1720 primo
1238 1648 1288 1702 id
1347 1644 1546 1717 placuit
1575 1652 1632 1697 ut
1661 1656 1894 1696 canones
1943 1649 1999 1694 et

408 1756 602 1803 statuta
637 1750 851 1801 Patrum
884 1758 980 1812 per
1009 1740 1253 1796 ordinem
1304 1738 1634 1806 legerentur,
1680 1732 1875 1802 quibus
1923 1731 1999 1785 leo

407 1840 508 1894 clis
540 1837 589 1890 δ.

605 1930 644 1984 1.
678 1929 753 1982 De
782 1926 998 1998 digamis
1038 1922 1238 1978 clericis
1269 1931 1323 1975 ut
1369 1936 1471 1973 non
1516 1918 1824 1971 ministrent.

481 2020 706 2080 Placuit,
742 2026 798 2070 ut
819 2018 885 2070 de
909 2016 1138 2084 digamis
1165 2022 1257 2066 aut
1307 2013 1734 2076 internuptarmn
1769 2005 1990 2068 maritis,

410 2126 718 2181 quanquam
764 2108 906 2163 aliud
942 2109 1156 2162 Patrum
1200 2113 1401 2160 statuta
1428 2100 1788 2165 decreverint,
1823 2110 1877 2152 ut
1906 2098 1995 2167 qui

416 2208 693 2272 hucusque
728 2201 959 2255 ordinati
989 2206 1134 2262 sunt,
1170 2197 1350 2251 habita
1381 2194 1748 2255 miseratione,
1778 2193 1997 2260 presby-

414 2295 533 2349 terii
574 2294 654 2349 vel
704 2294 1016 2347 diaconatus
1046 2302 1239 2342 nomen
1275 2295 1477 2339 tantum
1527 2282 1803 2337 obtineant
1835 2295 1849 2332 :
1884 2279 2001 2332 offi-

411 2390 553 2439 cium
588 2400 716 2439 vero
738 2381 1089 2438 consecrandi
1128 2378 1427 2449 presbyteri
1460 2384 1516 2430 et
1543 2370 1882 2429 ministrandi
1908 2376 2003 2424 ltu-

411 2477 642 2546 jusmodi
674 2475 925 2529 diaecoes
950 2489 1053 2527 non
1080 2480 1429 2541 praesumant.

474 2569 534 2621 ll.
570 2566 647 2620 De
685 2565 1071 2619 contumacibus
1097 2565 1294 2617 clericis
1322 2572 1370 2615 et
1410 2560 1476 2614 ad
1517 2560 1733 2630 oﬁicium
1766 2558 1947 2611 tardis.

502 2660 865 2713 Contumaces
918 2670 1049 2710 vero
1098 2654 1277 2708 clerici
1333 2659 1490 2721 prout
1542 2648 1818 2720 dignitatis
1869 2647 2004 2702 ordo

418 2747 722 2816 permiserit
751 2747 817 2800 ab
838 2745 1107 2815 episcopis
1133 2744 1498 2813 corrigantur,
1530 2751 1584 2795 et
1615 2742 1659 2795 si
1691 2738 1781 2808 qui
1808 2738 2004 2809 prioris

418 2838 615 2905 gradus
645 2837 772 2891 elati
806 2834 1058 2905 superbia
1108 2834 1545 2889 communionem
1595 2833 1827 2886 fortasse
1874 2844 2004 2885 con-
2068 2826 2073 2829 ’

422 2927 760 2997 tetnpseriut,
790 2937 881 2981 aut
917 2926 1201 2980 ecclesiam
1249 2926 1612 2996 frequentare,
1652 2925 1738 2978 vel
1765 2922 2002 2977 officium

422 3036 576 3075 suum
607 3019 827 3089 implere
874 3018 1228 3089 neglexerint,
1279 3014 1561 3086 peregrina
1592 3014 1671 3069 eis
1698 3014 2006 3068 communio

423 3117 716 3179 tribuatur;
742 3117 806 3167 ita
840 3124 894 3166 ut
915 3128 1037 3167 cum
1068 3126 1161 3165 eos
1205 3108 1516 3180 pmnitcntia
1564 3107 1885 3175 correxerit,
1918 3121 2003 3160 re-

423 3207 607 3275 scripti
635 3207 686 3261 in
712 3205 987 3259 tnatricula
1012 3202 1233 3274 gradum
1255 3215 1408 3256 suum
1425 3199 1844 3270 dignitatemque
1867 3198 2005 3253 reci-

424 3297 592 3365 piant.

2100 1178 2186 1235 Vl.
2239 1179 2301 1235 Si
2329 1182 2565 1251 episcopo
2603 1197 2634 1233 a
2664 1179 2969 1303 quibt’tsl'ibct
3024 1179 3305 1249 quidquam
3345 1180 3494 1249 fuerit
3542 1180 3687 1233 dere-

2812 1266 2857 1302 ιε
2882 1266 2991 1303 um.

2812 1266 2991 1304 rerum.

2171 1344 2454 1398 Pontificis
2477 1359 2603 1398 vero
2625 1343 2815 1413 quibus
2848 1346 2899 1397 in
2931 1357 3140 1397 summo
3162 1342 3464 1398 sacerdotio
3486 1342 3689 1396 consti-

2101 1439 2227 1490 tutis
2260 1441 2327 1491 ab
2356 1436 2623 1490 extraneis
2649 1436 2909 1490 duntaxat
2936 1434 3137 1504 aliquid
3169 1444 3259 1489 aut
3284 1451 3405 1489 cum
3433 1436 3688 1502 ecclesia,

2100 1540 2193 1584 aut
2244 1531 2619 1599 sequestratim
2666 1540 2756 1582 aut
2801 1528 3088 1582 dimittitur
3125 1537 3216 1582 aut
3261 1527 3515 1592 donatur,
3564 1528 3686 1595 quia

2105 1622 2206 1675 hoc
2236 1622 2326 1675 ille
2347 1621 2435 1690 qui
2475 1621 2633 1673 donat
2660 1636 2755 1687 pro
2779 1619 3151 1687 redemptione
3181 1618 3373 1672 animat
3403 1633 3536 1685 sum,
3581 1634 3686 1671 non

2106 1728 2202 1783 pro
2258 1713 2543 1767 commodo
2613 1710 2912 1766 sacerdotis
2978 1710 3235 1778 probatur
3286 1709 3523 1772 offerre.
3581 1725 3687 1763 non

2103 1805 2254 1873 quasi
2303 1819 2456 1855 suum
2493 1805 2788 1872 proprium,
2824 1804 2916 1855 sed
2948 1802 3098 1869 quasi
3131 1803 3409 1857 dimi~sum
3447 1802 3690 1856 eet-lesite

2106 1895 2245 1947 inter
2278 1895 2554 1947 facultates
2584 1893 2829 1946 ecclesia:
2883 1892 3303 1960 computabunt;
3334 1893 3457 1963 quia
3484 1891 3689 1963 justum

2032 2009 2075 2067 Β
2104 1992 2207 2049 est,
2242 1996 2295 2035 ut
2324 1985 2461 2037 sicut
2486 1981 2740 2036 sacerdos
2778 1981 2938 2035 habet
2967 1982 3109 2051 quod
3140 1982 3383 2037 ecclesia
3409 1983 3690 2038 dimissum

2103 2084 2208 2142 est,
2240 2076 2309 2129 ita
2358 2086 2413 2130 et
2458 2076 2685 2130 ecclesia
2719 2075 2907 2130 habeat
2941 2076 3084 2145 quod
3137 2077 3460 2146 relinquitur
3510 2092 3695 2133 sacer-

2104 2166 2218 2222 doti
2268 2184 2396 2222 sane
2452 2169 2707 2238 quidquid
2757 2184 2849 2236 per
2898 2168 3371 2223 fideicommissum
3401 2179 3494 2223 aut
3519 2185 3697 2224 sacer-

2103 2262 2235 2327 doti,
2259 2269 2353 2315 aut
2388 2260 2631 2315 ecclesia:
2677 2260 2901 2312 fortasse
2949 2260 3237 2313 dimittitur
3276 2260 3575 2330 cuicunque
3601 2258 3693 2312 alii

2105 2356 2441 2425 postmodum
2474 2352 2832 2421 profuturum,
2864 2351 2915 2404 id
2966 2352 3106 2405 inter
3145 2350 3422 2406 facultates
3449 2367 3571 2406 suas
3598 2367 3691 2406 ec-

2103 2447 2263 2502 clesia
2288 2455 2601 2514 computare
2628 2453 2720 2498 aut
2744 2444 2978 2498 retinere
3011 2457 3118 2498 non
3164 2445 3382 2513 poterit.

2108 2535 2215 2590 VII.
2250 2535 2326 2589 De
2348 2537 2495 2589 rebus
2533 2535 2773 2598 ccclesiis,
2802 2534 3055 2601 quomodo
3090 2534 3153 2587 ab
3183 2535 3436 2604 episcopis
3467 2535 3691 2588 habean-

2178 2637 2260 2680 tur
2290 2642 2309 2679 :
2341 2636 2389 2680 et
2415 2628 2476 2678 de
2504 2626 2659 2679 servis
2702 2625 2928 2679 ecclt-site
2974 2624 3195 2693 qualiter
3224 2626 3287 2680 ab
3318 2627 3552 2696 episcopo
3579 2642 3693 2678 ma-

2174 2717 2536 2772 immittuntur.

2174 2810 2413 2866 Casellas
2460 2823 2589 2863 vero
2637 2808 2719 2863 vel
2773 2808 3094 2876 mancipiola
3124 2808 3372 2865 ecclesia:
3428 2809 3689 2879 episcopi,

2105 2906 2243 2960 sicut
2282 2904 2458 2974 prisca
2491 2917 2757 2957 canonum
2790 2903 3045 2974 praecepit
3068 2903 3361 2959 auctoritas
3382 2947 3398 2971 ,
3450 2903 3535 2959 vel
3567 2918 3692 2958 vasa

2107 2997 2388 3053 ministerii
2422 2995 2572 3065 quasi
2593 2995 2966 3051 commendata
2999 2994 3142 3050 fideli
3173 2994 3448 3067 preposito
3486 2995 3695 3066 integro

2106 3088 2347 3145 ecclesiae
2373 3086 2492 3157 jure
2524 3087 2864 3155 possideant;
2898 3085 2951 3141 id
3006 3096 3091 3140 est
3129 3094 3190 3139 ut
3234 3099 3408 3157 neque
3437 3084 3694 3151 vendere,

2109 3197 2280 3250 neque
2308 3197 2398 3249 per
2423 3194 2769 3250 quoscunque
2789 3186 3094 3234 contractus
3134 3191 3223 3233 res
3259 3177 3400 3233 unde
3431 3191 3695 3248 pauperes

2108 3273 2292 3327 vivunt
2330 3270 2566 3326 alienare
2597 3279 2921 3337 praesumant
2952 3286 2965 3323 :
2998 3268 3141 3339 quod
3165 3271 3208 3323 si
3236 3269 3526 3326 necessitas
3547 3277 3693 3325 certa

423 3390 509 3445 III.
548 3391 619 3444 Ie
660 3390 906 3462 episcopis
936 3389 1044 3462 qni
1074 3388 1150 3443 rel
1196 3388 1488 3442 innocentes
1519 3388 1594 3462 uel
1650 3402 1742 3450 pro
1784 3384 2003 3437 minimis

2110 3362 2451 3431 compulerit,
2484 3371 2540 3416 ut
2571 3376 2667 3430 pro
2690 3362 2929 3418 ecclesiae
2954 3372 3046 3416 aut
3091 3362 3411 3418 necessitate
3434 3369 3525 3415 aut
3555 3360 3697 3415 utili-

760 3459 927 3513 cuusis
977 3461 1175 3530 a'iquos
1218 3459 1680 3513 ercommunicant.

503 3553 747 3622 lipisc0pi
776 3569 903 3605 vero
926 3553 1002 3617 si,
1043 3553 1361 3605 sacerdotali
1396 3549 1764 3604 moderatione
1794 3556 2011 3615 ῃοδιροο

427 3648 549 3705 sla,
572 3643 885 3695 innocentes
916 3652 1005 3693 aut
1034 3642 1268 3692 minimis
1295 3641 1468 3693 causis
1486 3638 1777 3707 culpabiles
1797 3652 2010 3689 excom-

426 3731 1262 3799 tnunicareprtcsumpseriut,et
1303 3732 1367 3783 ad
1416 3730 1639 3798 gratiam
1695 3727 2009 3781 festinantes

428 3824 669 3893 recipere
698 3824 929 3877 fortasse
964 3823 1254 3888 noluerint,
1279 3824 1433 3893 231
1460 3836 1488 3875 a
1532 3820 1718 3875 vicinis
1747 3820 2011 3891 episcopis

426 3915 1017 3985 cnjuslibetprovincia:
1050 3916 1242 3970 litteris
1270 3926 1588 3970 moneantur
1616 3931 1630 3981 ;
1654 3926 1703 3968 et
1745 3914 1788 3968 si
1821 3929 2011 3983 patere

427 4006 589 4081 [BR.,
609 4005 670 4061 Τ.
695 4007 810 4073 με,
836 4004 1077 4078 parcere]
1093 4005 1698 4072 noluerint,communio
1720 4004 1821 4059 illis
1844 4020 2013 4072 uxque

425 4100 490 4152 ad
526 4108 736 4168 tempus
782 4099 972 4169 synodi
1017 4115 1046 4154 a
1077 4102 1295 4170 reliquis
1336 4100 1601 4169 episcopis
1632 4114 1733 4153 non
1777 4101 2010 4167 denege-

428 4202 514 4243 tur
546 4200 566 4225 ο
598 4231 614 4255 ,
654 4205 719 4243 ne
784 4190 1009 4245 fortasse
1051 4194 1100 4244 in
1144 4189 1688 4245 exrornmunicatotis
1730 4201 2007 4257 peceatum

426 4282 875 4333 excommuuirati
915 4280 1074 4349 longo
1116 4290 1356 4349 tempore
1389 4262 1561 4332 morie
1592 4278 2008 4346 pratveniantur.

465 4368 552 4423 IV.
595 4370 668 4421 lle
720 4370 797 4420 l.is
853 4370 937 4438 qui
984 4386 1103 4421 suas
1151 4372 1227 4421 rel
1270 4370 1667 4437 prapinquorum
1706 4367 1985 4424 oblationes

953 4443 1178 4492 ecclesnr
1212 4439 1475 4507 fraudant.

501 4528 691 4583 Clerici
725 4529 886 4583 etiam
916 4529 999 4583 vel
1039 4532 1328 4582 saecularcs
1358 4530 1447 4597 qui
1479 4529 1779 4582 oblationes
1825 4543 2013 4597 paren-

431 4632 541 4675 tum
574 4631 662 4676 aut
711 4622 937 4677 donatas
989 4632 1079 4675 aut
1127 4623 1459 4677 testamentis
1518 4623 1734 4676 relictas
1777 4622 2012 4676 retinere

434 4713 765 4779 perstiterint
808 4712 940 4785 lli,
994 4709 1468 4781 [vrassutnpserint]
1510 4723 1602 4764 aut
1643 4710 1693 4764 id
1743 4712 1881 4779 quod
1916 4710 2013 4779 ipsi
2046 4714 2089 4772 D

431 4802 751 4855 donaverint
785 4804 1029 4858 ecclesiis
1060 4805 1135 4855 vel
1172 4806 1513 4857 monasteriis
1556 4803 1882 4857 crediderint
1915 4816 2011 4854 au-

430 4889 736 4959 ferendum,
763 4896 902 4946 s?cut
932 4894 1171 4965 synodus
1214 4903 1396 4946 sancta
1426 4894 1701 4947 constituit
1733 4895 1873 4948 velut
1922 4908 2015 4949 ne-

431 4991 644 5038 catores
692 4999 983 5053 pauperum
1039 5003 1315 5056 quousque
1376 4988 1605 5041 redii-nt
1660 4989 1726 5039 ab
1770 4989 2013 5041 ecclesiis

430 5076 801 5131 excludantur.

669 5190 727 5243 V.
764 5188 824 5243 Si
853 5189 1063 5243 clericus
1100 5189 1291 5259 furtum
1333 5189 1558 5243 ecclesiae
1605 5192 1791 5257 fecerit.

497 5282 553 5336 Si
586 5284 706 5351 quis
732 5283 957 5337 clericus
990 5284 1187 5338 furtum
1218 5284 1462 5339 ecclesia:
1492 5281 1700 5348 fecerit,
1730 5284 2011 5354 peregrina

425 5372 474 5423 ei
506 5374 816 5426 communio
846 5374 1129 5428 tribuatur.

503 5534 526 5559 ⁰
552 5525 638 5580 ΑΖ.
659 5568 673 5594 ,
706 5545 810 5581 αντα
857 5544 1040 5583 DXLIII.

504 5594 652 5671 »μυ
685 5600 866 5666 quibus
886 5599 1034 5671 flectis
1066 5599 1393 5667 deﬁnierunt.
1419 5600 1475 5654 In
1503 5603 1568 5655 A.
1598 5612 1651 5655 et
1699 5604 1915 5671 reliquis
1945 5604 2010 5656 ad

437 5667 1058 5796 psgzgftdabsolutiooem
1094 5685 1194 5725 vox
1232 5672 1454 5726 canonis
1499 5672 1652 5741 primi
1684 5667 1874 5744 placuit
1919 5676 2015 5727 ad-

444 5756 461 5796 _1
608 5756 636 5789 tt
680 5754 729 5791 a.

443 5754 729 5807 Jungenua.

2112 3468 2219 3512 tate
2248 3457 2332 3511 vel
2364 3457 2415 3510 in
2449 3454 2726 3509 usufructu
2756 3457 2836 3508 vel
2873 3454 3131 3510 indirecla
3159 3453 3465 3510 venditione
3498 3451 3694 3523 aliquid

2110 3547 2460 3613 distrahatur,
2506 3548 2643 3616 apud
2683 3547 2817 3599 duos
2848 3546 2932 3601 vel
2974 3555 3085 3601 tres
3108 3544 3588 3615 comprovinciales
3610 3544 3697 3599 vel

2112 3641 2317 3694 vicinos
2348 3640 2631 3709 episc0pos
2673 3653 2833 3693 causa
2874 3655 2993 3708 quas
3031 3651 3257 3695 necesse
3302 3638 3375 3694 sit
3427 3636 3694 3692 vende..di

2113 3732 2272 3803 232
2303 3732 2551 3800 primitus
2580 3731 2978 3799 comprobetur,
3026 3741 3083 3786 et
3135 3731 3315 3786 habita
3361 3730 3697 3786 discussione

2112 3824 2431 3881 sacerdotali
2481 3840 2665 3877 eorum
2713 3822 3111 3894 subscriptione
3171 3839 3291 3894 quae
3350 3825 3483 3878 facta
3537 3821 3699 3878 fuerit

2114 3917 2351 3971 venditio
2382 3916 2668 3971 roboretur
2700 3933 2713 3969 :
2746 3917 2902 3970 aliter
2947 3914 3088 3971 facta
3119 3915 3356 3971 venditio
3385 3916 3464 3969 Vel
3518 3925 3698 3969 trans-

2112 4011 2253 4064 actio
2285 4024 2392 4064 non
2426 4009 2645 4064 valebit.
2705 4008 2848 4063 Sane
2887 4008 2932 4062 si
2974 4023 3110 4076 quos
3138 4009 3207 4063 de
3248 4006 3419 4062 servis
3456 4006 3700 4062 ecclesias

2116 4100 2475 4154 benemeritos
2503 4100 2603 4153 sibi
2631 4100 2918 4169 episcopus
2944 4100 3171 4155 libertati
3200 4098 3502 4164 donaverit,
3534 4098 3701 4152 colla-

2115 4201 2222 4245 tam
2248 4191 2546 4246 libertatem
2577 4206 2605 4241 a
2634 4191 3031 4244 StICCchoribus
3061 4188 3259 4258 placuit
3291 4188 3550 4243 custodiri
3577 4202 3698 4244 cum

2113 4296 2179 4336 eo
2224 4282 2363 4351 quod
2421 4281 2499 4335 eis
2545 4281 2901 4335 manumissor
2929 4282 2982 4335 in
3012 4279 3036 4317 ἀ
3064 4268 3362 4335 libertatem
3390 4279 3697 4344 contulerit,

2113 4374 2255 4442 quod
2311 4384 2487 4427 tamen
2526 4371 2778 4441 jubetnus
2817 4372 3002 4441 viginti
3050 4372 3344 4427 solidorum
3394 4387 3700 4438 numerum,

2116 4465 2330 4517 rnodutn
2376 4464 2427 4518 in
2485 4464 2709 4527 terrula,
2742 4465 2953 4519 viueola
3008 4465 3088 4519 ve!
3142 4463 3427 4535 hospitiolo
3472 4474 3691 4518 tenere:

2113 4556 2255 4627 quod
2282 4558 2511 4626 amplius
2558 4558 2739 4610 datum
2768 4555 2930 4611 fuerit
2971 4566 3091 4626 post
3122 4555 3533 4610 manumissotis
3564 4569 3698 4607 mor-

2116 4658 2221 4700 tem
2255 4648 2479 4702 ecclesia
2512 4647 2817 4712 revocabit;
2852 4647 3173 4701 minusculus
3201 4662 3331 4700 vero
3374 4660 3461 4699 res
3487 4654 3579 4697 aut
3607 4658 3704 4698 ec-

2118 4741 2296 4795 clesia:
2331 4743 2507 4795 minus
2546 4742 2700 4795 utiles
2728 4741 3022 4810 peregrinis
3054 4741 3133 4793 vel
3162 4740 3372 4793 clericis
3401 4738 3551 4792 calvo
3577 4737 3703 4805 jure

2118 4832 2360 4887 ecclesiae
2389 4834 2439 4885 in
2474 4849 2625 4891 usum
2660 4843 2895 4901 perstare
2942 4830 3319 4896 permittimus.

2223 4922 2355 4976 \lll.
2402 4920 2480 4976 De
2507 4925 2703 4977 clericis
2745 4925 2830 4993 qui
2861 4926 2928 4976 ad
2968 4926 3240 4976 scccttlares
3270 4921 3593 4993 (aufugiam.

2192 5014 2246 5068 id
2282 5014 2440 5067 etiam
2488 5014 2704 5083 placuit,
2740 5027 2793 5067 ut
2823 5015 3050 5069 clericus
3088 5014 3131 5067 si
3179 5014 3365 5068 relicto
3394 5014 3573 5067 officio
3602 5027 3705 5066 suo

2118 5115 2339 5174 pr0pter
2384 5104 2771 5158 districtionem
2800 5104 2865 5159 ad
2887 5106 3197 5160 saecularem
3238 5103 3469 5160 fortasse
3515 5103 3701 5158 confu-

2117 5198 2274 5266 gerit,
2304 5205 2359 5249 et
2403 5196 2447 5249 is
2496 5195 2559 5248 ad
2611 5211 2767 5266 quem
2821 5197 3049 5252 recurrit
3092 5197 3340 5251 Solatium
3371 5192 3705 5249 defensionis

2118 5290 2462 5356 impenderit,
2505 5304 2625 5343 cum
2675 5290 2864 5344 eodem
2904 5292 2971 5346 de
3027 5291 3277 5346 Ecclesia:
3324 5302 3705 5344 commotione

2120 5384 2367 5452 pellatur.

2198 5546 2220 5574 ε
2255 5536 2331 5590 Ex
2359 5537 2420 5590 Τ.
2456 5538 2506 5603 l,
2539 5536 2595 5591 2.
2629 5535 2683 5591 In
2718 5542 2781 5593 Α.
2814 5549 2866 5594 et
2893 5540 3112 5609 reliquis
3140 5538 3425 5597 Codicibus
3454 5555 3471 5594 :
3500 5537 3705 5609 episco-

2122 5609 2523 5678 pisideﬁnegelur.

2198 5677 2221 5713 ιι
2257 5677 2366 5743 .e.,
2400 5678 2455 5732 ti.
2484 5678 2572 5747 n.,
2603 5680 2664 5734 τ.
2703 5680 2753 5748 1,
2776 5680 2833 5747 ε,
2861 5680 2912 5733 in
2935 5681 3180 5736 libertate.
