4060 6184
343 279 448 338 265

862 473 1054 526 coitum
1091 484 1428 528 revertuntur.

411 563 620 620 Placuit
649 565 836 629 etiam,
871 572 926 617 ut
956 565 999 617 si
1035 563 1246 619 diaconi
1275 573 1366 618 aut
1409 566 1702 638 presbyteri
1740 568 1930 637 conju-

333 655 441 724 gati
471 655 538 709 ad
564 665 738 710 torum
768 671 993 710 uxorum
1023 671 1240 710 suarum
1270 657 1445 712 redire
1466 659 1749 727 voluerint,
1781 677 1928 730 paptn

332 749 499 803 Innoc
521 747 632 802 tntii
663 747 935 802 ordinatio
969 749 1052 802 vel
1087 748 1281 819 Syricii
1336 751 1573 823 episcopi
1631 755 1928 809 auctoritas

332 851 716 904 conservetur;
748 841 888 911 quod
917 843 959 895 si
1005 843 1069 895 ad
1103 843 1312 912 aliquos
1356 845 1578 899 formula
1637 847 1722 900 illa
1755 849 1924 903 eet-Ie-

333 934 550 987 siastica
603 932 724 985 vita:
775 933 971 999 pariter
1023 946 1077 986 et
1119 933 1415 1003 disciplinae
1461 952 1578 1005 qua:
1637 952 1666 990 a
1717 940 1926 1008 Syricio

331 1027 587 1092 episcopo
634 1023 699 1076 ad
754 1022 1054 1090 provincias
1084 1026 1406 1079 commeavit
1449 1042 1554 1080 non
1611 1030 1926 1096 probabitur

331 1112 669 1180 pervertisse,
717 1113 797 1167 his
825 1114 1178 1182 ignorationis
1207 1114 1323 1187 [U.,
1359 1115 1446 1184 6.,
1483 1117 1922 1194 ignorationibus]

329 1205 486 1258 venia
517 1208 839 1270 remittetur,
877 1206 946 1256 ita
975 1213 1030 1257 ut
1059 1205 1125 1258 de
1150 1215 1352 1260 cmtere
1396 1209 1608 1276 penittts
1664 1212 1924 1282 incipiant

329 1294 603 1348 abstinere
655 1305 709 1348 et
759 1294 828 1346 ita
859 1296 1056 1363 gradus
1102 1310 1228 1349 suos
1269 1297 1322 1350 in
1353 1299 1545 1366 quibus
1579 1300 1777 1358 inventi
1810 1305 1924 1360 fue—

327 1386 435 1440 rint
458 1387 536 1438 sic
567 1387 856 1447 retineant,
889 1393 948 1438 ut
978 1386 1044 1438 ad
1076 1387 1278 1454 potiora
1309 1390 1386 1442 eis
1419 1405 1524 1444 non
1556 1391 1714 1446 liceat
1736 1409 1923 1449 ascen-

324 1479 502 1532 dere:
535 1479 728 1547 quibus
785 1479 836 1531 in
882 1479 1143 1533 beneficio
1199 1497 1318 1536 esse
1359 1483 1540 1550 debet,
1599 1488 1740 1554 quod
1783 1487 1922 1542 hunc

325 1570 501 1637 ipsum
532 1572 706 1624 locum
736 1587 894 1639 quem
921 1573 1153 1628 retinent
1184 1589 1286 1629 nou
1317 1579 1583 1633 amittant.
1618 1580 1674 1634 Si
1715 1583 1800 1650 qui
1826 1597 1920 1636 au-

326 1669 433 1715 tem
461 1661 632 1716 scisse
679 1660 904 1714 fortnam
940 1662 1149 1716 vivendi
1201 1665 1474 1721 dimissam
1509 1668 1625 1739 [U.,
1658 1668 1760 1738 0.,
1791 1675 1920 1727 mis-

1367 283 1646 344 CALIJE
1685 287 2022 348 CONCILIA.
2067 321 2135 331 —
2171 293 2602 356 AGATIIENSE.

379 401 470 457 I-X.
501 398 576 454 De
601 398 905 471 presbyteris
931 411 979 478 et
1005 400 1304 457 diaconibus
1339 405 1427 474 qui
1469 406 1538 458 ad
1574 405 1896 478 conjugalcm
1959 409 2014 469 Α

3526 322 3631 378 966

2287 410 2424 466 XVI.
2461 413 2576 478 Qua
2596 425 2741 470 (etate
2785 417 3022 476 diacoucs
3059 423 3377 483 ordinentur.

2108 503 2401 574 Episcopus
2425 522 2552 562 vero
2584 510 3010 570 benedictionem
3049 517 3362 576 diaconatus
3407 523 3628 581 minori-

2031 590 2129 646 bus
2163 593 2345 664 viginti
2376 607 2428 650 et
2453 598 2688 668 quinque
2717 617 2978 659 annorum
3013 609 3223 676 penitus
3251 627 3354 666 non
3379 613 3625 672 commit-

2031 691 2106 737 tat
2135 702 2148 738 :
2186 700 2314 741 sane
2335 690 2381 742 si
2413 691 2680 762 conjugati
2706 695 2936 763 juvenes
2960 705 3334 760 consenserint
3357 709 3624 778 ordinari,

2028 776 2190 830 etiam
2219 795 2442 836 uxorum
2469 786 2711 840 voluntas
2742 789 2812 842 ita
2845 793 3158 860 requirenda
3187 805 3270 850 est
3292 840 3306 861 ,
3331 814 3381 852 ut
3409 817 3625 872 seques-

2031 876 2169 921 trato
2199 874 2493 928 mansionis
2517 877 2784 944 cubiculo,
2814 882 3070 952 religione
3094 889 3376 958 promissa,
3415 907 3622 957 postea-

2029 975 2184 1029 qttam
2217 964 2413 1030 pariter
2433 971 2677 1024 conversi
2709 973 2905 1028 fuerint
2933 980 3266 1034 ordinentur.

2029 1051 2189 1106 XVII.
2220 1055 2498 1119 Quatetate
2521 1062 2744 1129 episc0pi
2773 1065 2850 1117 vel
2896 1069 3206 1138 presbyterts
3241 1091 3428 1128 consec:
3449 1089 3615 1134 antur.
3700 1074 3701 1077 I

2101 1141 2476 1217 Presbyterum
2493 1169 2618 1206 vero
2639 1156 2715 1207 vel
2731 1159 3038 1224 episeopum
3060 1178 3124 1215 an
3136 1173 3183 1217 te
3201 1168 3408 1234 triginta
3423 1185 3612 1234 annos,

2027 1233 2077 1286 id
2110 1244 2189 1287 est
2216 1248 2500 1306 antequam
2523 1243 2588 1295 ad
2623 1245 2720 1298 viri
2742 1246 2958 1314 perfecti
2987 1251 3146 1323 2343,
3181 1233 3390 1310 artatom
3427 1276 3618 1327 perve-

2026 1339 2210 1392 ntant,
2248 1331 2422 1384 nullus
2452 1338 2983 1404 metrt'tpoiitanorutn
3018 1345 3265 1402 ordinare
3294 1364 3612 1419 prtesumat,

2029 1434 2096 1472 ne
2135 1436 2228 1487 per
2260 1432 2494 1491 atatem,
2523 1429 2661 1497 quod
2691 1432 2972 1502 aliquoties
2996 1438 3199 1506 evenit,
3224 1441 3403 1510 aliquo
3430 1462 3614 1502 errore

2023 1510 2328 1576 culpentur.

2023 1600 2205 1656 XVIII.
2242 1605 2313 1659 I‘)e
2362 1608 2506 1663 laicis
2541 1613 2722 1682 quibus
2739 1621 3071 1738 btemporibus
3112 1640 3486 1685 communicare
3527 1635 3613 1686 dc-

2772 1698 2908 1738 eant.

2772 1698 2908 1742 eant.

325 1755 463 1822 sam]
493 1766 523 1804 a
565 1761 752 1806 sancto
797 1752 1006 1822 Syricio
1048 1755 1303 1823 episc0po
1351 1758 1692 1829 detegantur,
1745 1777 1916 1830 neque
1952 1762 1994 1821 Β
2092 1763 2390 1824 Smculares
2414 1787 2540 1826 vero
2569 1777 2655 1842 qui
2685 1777 2855 1832 Natali
2886 1781 3115 1851 Domini,
3157 1787 3380 1856 Pascha,
3419 1793 3611 1846 Pente-

325 1843 507 1896 statim
539 1842 848 1910 cupiditatis
903 1842 1154 1899 libidines
1203 1846 1489 1916 abjecisse,
1541 1851 1615 1904 illi
1653 1861 1773 1905 sunt
1803 1868 1916 1906 tuo-

323 1932 406 1986 dis
445 1933 702 1988 omnibus
735 1934 1092 1990 submovendi
1124 1980 1138 2006 ,
1192 1939 1280 2008 qui
1335 1949 1455 2009 post
1494 1942 1912 1999 admonitionem

323 2027 588 2094 cognitam
639 2030 1054 2096 prmponendam
1111 2029 1354 2086 arbitrati
1404 2045 1527 2087 sunt
1561 2036 1909 2106 voluptatem.

397 2115 463 2171 Χ.
514 2117 582 2172 Ut
625 2119 801 2173 nullus
839 2118 1138 2244 clericc-rugn
1187 2139 1301 2176 cum
1342 2128 1597 2180 extraneis
1647 2129 1850 2198 [earinis

1004 2197 1070 2244 ha
1108 2192 1214 2244 itet.

1004 2192 1214 2245 habitet.

390 2276 448 2332 Id
479 2279 640 2332 etiam
665 2281 728 2333 ad
757 2281 1164 2338 custodiendam
1193 2284 1356 2339 vitam
1389 2294 1443 2341 et
1474 2287 1665 2342 famam
1690 2293 1906 2359 speciali

315 2368 662 2424 ordinatione
711 2372 1070 2443 prmeipitnus,
1105 2385 1162 2429 ut
1213 2377 1392 2430 nullus
1445 2379 1764 2435 clericorum
1816 2400 1908 2437 ex-

242 2501 246 2503 .
320 2467 528 2513 traneze
561 2461 771 2515 mulieri
806 2464 1044 2532 qualibet
1088 2465 1376 2522 collatione
1407 2479 1495 2522 aut
1545 2470 1906 2529 familiaritate

315 2547 580 2618 jungatur
612 2567 626 2603 :
657 2562 707 2605 et
737 2566 841 2606 non
872 2556 1047 2608 solum
1077 2556 1128 2610 in
1153 2558 1314 2612 domo
1340 2559 1482 2613 illius
1505 2573 1754 2618 extranea
1789 2580 1902 2619 mu-

313 2639 412 2695 lier
437 2658 543 2696 non
571 2643 812 2712 accedat,
842 2647 936 2702 sed
961 2663 1060 2703 nec
1082 2648 1196 2718 ipse
1230 2652 1598 2722 frequentandi
1622 2655 1687 2708 ad
1716 2667 1904 2710 extra-

311 2749 470 2791 neam
501 2739 782 2795 mulierem
840 2741 1034 2796 habeat
1077 2753 1418 2813 potestatem,
1452 2750 1546 2803 sed
1569 2766 1687 2804 cum
1729 2765 1901 2810 matre

310 2835 545 2896 tantum,
566 2846 776 2897 sorore,
803 2833 906 2888 tilia
933 2843 1026 2889 aut
1053 2845 1230 2905 nepte,
1260 2838 1304 2892 si
1334 2839 1579 2896 libuerit
1599 2853 1690 2898 aut
1717 2847 1899 2902 volue-

305 2924 398 2991 rit,
450 2925 664 2979 vivendi
707 2926 928 2982 liberam
976 2926 1168 2983 habeat
1199 2930 1360 3002 233
1405 2944 1721 3002 potesmtem
1769 2956 1782 2991 :
1830 2941 1896 2994 de

308 3013 508 3082 quibus
534 3015 842 3071 nominibus
871 3015 1020 3072 nefas
1065 3027 1147 3074 est
1175 3023 1316 3074 aliud
1346 3037 1500 3092 quam
1552 3037 1735 3082 natura
1767 3043 1894 3085 con-

302 3103 481 3159 stituit
517 3106 800 3176 suspicari.

302 3194 396 3254 XI.
426 3196 683 3256 Utnultus
705 3202 917 3259 clericus
939 3205 988 3259 in
1017 3206 1227 3332 cellari?
1248 3207 1326 3263 vel
1345 3220 1533 3265 secreto
1551 3213 1794 3282 feminam
1816 3217 1897 3270 in-

906 3307 926 3326 .
970 3286 1196 3330 tromttta
1225 3318 1238 3332 .

906 3307 926 3326 ο
970 3286 1238 3332 tromittat.

374 3359 614 3416 Ancillas
641 3365 720 3419 vel
750 3361 974 3420 libertas
1001 3381 1030 3421 a
1061 3368 1278 3424 cellario
1312 3369 1394 3424 vel
1423 3385 1449 3422 a
1481 3381 1692 3427 secreto
1728 3375 1894 3430 mini-

295 3451 470 3506 sterio
498 3462 553 3508 et
581 3455 650 3510 ab
678 3456 864 3512 eadem
895 3460 1175 3516 mansione
1200 3462 1251 3515 in
1287 3476 1390 3532 qua
1434 3461 1659 3520 clericus
1689 3477 1890 3536 manet,

298 3544 500 3612 placuit
528 3553 815 3604 removeri.

296 3631 411 3690 XII.
451 3635 519 3691 Ut
550 3640 781 3694 omnibus
797 3640 972 3696 diebus
1004 3642 1422 3768 Q‘uadragesimre
1453 3649 1658 3705 sabbato
1680 3653 1891 3725 jejuno-

1063 3731 1143 3768 ur.

1063 3731 1143 3768 ω’.

375 3793 582 3853 Placuit
604 3801 788 3866 etiam,
821 3810 876 3858 ut
916 3817 1106 3860 omnes
1143 3806 1395 3863 Ecclesiae
1434 3815 1671 3882 exceptis
1701 3816 1890 3874 diebus

297 3883 582 3943 dominicis
613 3890 664 3943 in
695 3892 1122 3962 quadragesima,
1153 3898 1314 3952 etiam
1342 3900 1429 3954 die
1453 3903 1686 3969 sabbati,
1716 3921 1890 3962 sacer-

295 3979 461 4035 d0'ali
483 3981 823 4040 ordinatione
851 3996 901 4039 et
926 3987 1274 4043 districtionis
1301 3995 1718 4053 comminatione
1754 3998 1888 4070 jeju-

295 4081 442 4127 neut.

294 4157 435 4218 XIII.
464 4162 531 4220 Ut
553 4147 836 4235 symbolum
859 4179 977 4222 ante
1001 4178 1114 4290 ergo
1136 4172 1242 4225 dies
1265 4174 1468 4240 paschae
1491 4183 1884 4250 competentibus

945 4256 1050 4293 orm
1089 4253 1264 4293 tcetur.

943 4256 1264 4308 prmatcemr.

366 4323 681 4398 Symbolum
709 4330 866 4384 etiam
897 4333 1092 4401 placuit
1123 4333 1190 4390 ab
1219 4336 1464 4393 omnibus
1499 4339 1739 4396 ecclesiis
1777 4359 1881 4398 una

293 4418 406 4484 die,
437 4420 486 4472 id
517 4429 745 4476 estante
774 4431 894 4476 octo
923 4422 1038 4478 dies
1054 4424 1334 4482 dominica:
1352 4433 1760 4489 resurrectionis
1789 4450 1884 4506 pu-

291 4511 434 4567 blice
460 4512 510 4567 in
542 4515 765 4568 ecclesia
795 4519 1220 4585 competentibus
1250 4520 1408 4574 tradi.

471 4601 611 4659 XIV.
648 4604 716 4660 Ut
739 4606 902 4660 altare
929 4618 977 4663 et
1004 4619 1225 4682 ungatur
1260 4621 1304 4666 et
1335 4612 1679 4669 benedicatur.

365 4697 567 4752 Altaria
587 4713 711 4752 vero
736 4699 930 4767 placuit
956 4716 1060 4756 non
1084 4705 1260 4758 solum
1285 4706 1534 4762 unctione
1554 4712 1877 4780 chrismatis,

288 4789 384 4842 sed
414 4791 570 4844 etiam
601 4791 915 4845 sacerdotali
949 4794 1194 4849 benedict
1217 4811 1319 4851 one
1347 4802 1568 4852 sacrari.

290 4897 331 4952 X
346 4899 381 4951 V
396 4939 408 4953 .
436 4900 668 4968 Qualiter
687 4905 930 4986 majores,
954 4904 1175 4986 qualiter
1203 4907 1417 4986 minores
1435 4908 1518 4980 [Β.
1537 4910 1623 4976 IL,
1641 4911 1702 4965 T.
1719 4914 1774 4979 Ξ,
1788 4915 1879 4985 ju-

668 4972 854 5045 niores]
876 4972 1220 5041 paenitentiam
1249 4972 1522 5046 accipiant.

360 5080 695 5138 Pwnitentes
728 5094 969 5154 tempore
997 5103 1104 5156 quo
1137 5087 1505 5156 pcettite'ntiam
1540 5104 1725 5162 petunt
1769 5097 1872 5153 itu-

285 5171 609 5238 positionem
645 5189 898 5229 manuum
923 5185 974 5230 et
997 5177 1227 5232 cilicium
1259 5195 1420 5250 super
1446 5194 1653 5250 eaputa
1695 5202 1876 5243 sat-er-

283 5261 416 5315 dote
443 5262 579 5316 sicut
604 5263 800 5333 ubique
821 5268 1168 5322 constitutum
1195 5280 1278 5326 est
1299 5287 1712 5343 consequantur,
1737 5288 1792 5334 et
1827 5282 1871 5334 si

281 5359 378 5402 aut
407 5364 588 5406 comas
616 5369 720 5408 non
753 5356 1104 5424 deposuerint
1141 5373 1231 5414 aut
1261 5364 1577 5420 vestimenta
1617 5385 1721 5424 non
1753 5387 1873 5426 ntu-

279 5443 517 5496 laverint
542 5443 897 5514 abjiciantur,
946 5459 1001 5504 et
1045 5451 1142 5505 nisi
1178 5453 1339 5520 digne
1378 5460 1720 5523 pmnituerint
1762 5477 1868 5517 non

2016 1864 2166 1909 eoste
2195 1873 2301 1912 non
2326 1867 2859 1937 commnuieaverint,
2896 1873 3144 1929 catholici
3178 1894 3282 1933 non
3329 1884 3612 1939 credantur

2017 1963 2114 2002 nec
2140 1949 2279 2004 inter
2308 1955 2599 2011 catholicos
2626 1961 2940 2017 habeantur.

2145 2038 2288 2096 XIX.
2326 2044 2402 2098 De
2422 2050 2896 2106 sanctimonialibus
2925 2073 3026 2125 qua
3054 2069 3200 2113 (etate
3227 2064 3475 2120 celentur.

2086 2129 2556 2203 Sanctimoniales,
2613 2145 2902 2209 quamlibet
2949 2149 3055 2200 vita
3104 2165 3289 2203 earum
3334 2162 3387 2206 et
3428 2171 3607 2211 mores

2013 2220 2217 2286 probati
2248 2222 2351 2276 sint
2371 2266 2384 2290 ,
2409 2238 2533 2281 ante
2565 2244 2756 2286 annum
2802 2235 2970 2290 artatis
3001 2250 3113 2291 suae
3139 2241 3600 2312 quadragesimum

2011 2323 2116 2362 non
2143 2311 2398 2368 velentur.

2288 2401 2406 2458 XX.
2436 2404 2511 2460 De
2535 2407 2733 2464 clericis
2754 2414 2842 2484 qui
2860 2430 3055 2472 comam
3079 2424 3330 2477 nutriunt.

2077 2487 2267 2547 Clerici
2294 2496 2381 2564 qui
2410 2512 2620 2554 comam
2651 2508 2892 2559 nutriunt
2921 2509 2987 2563 ab
3017 2512 3394 2571 archidiacmto
3432 2519 3594 2576 etiam

2005 2583 2050 2637 si
2075 2585 2344 2641 noluerint
2369 2588 2516 2645 inviti
2564 2592 2964 2652 detondantur:
3009 2604 3323 2660 vestimenta
3369 2609 3448 2662 vel
3488 2614 3597 2666 calo

2003 2689 2279 2732 eeamenta
2305 2681 2558 2738 eisetiam
2585 2685 2686 2740 nisi
2729 2704 2848 2758 qua:
2894 2691 3204 2763 rel'gionem
3248 2697 3476 2755 deceant
3519 2705 3593 2758 uti

2001 2778 2092 2822 aut
2120 2769 2316 2827 habere
2343 2791 2449 2830 non
2484 2778 2663 2835 liceat.

2001 2857 2142 2915 XXI.
2177 2861 2243 2917 Ut
2262 2866 2608 2926 solemnitates
2629 2877 2846 2946 majores
2874 2877 2926 2931 in
2946 2879 3229 2936 civitatibus
3258 2883 3588 2945 celebrentur.

2072 2953 2126 3006 Si
2152 2957 2269 3024 quis
2299 2959 2458 3014 etiam
2489 2971 2645 3017 extra
2677 2967 2990 3035 parochias,
3023 2971 3074 3024 itt
3104 2973 3295 3042 quibus
3319 2975 3588 3045 legitimus

1998 3058 2029 3098 e
2063 3055 2081 3100 t
2109 3047 2521 3122 ordinariusque
2551 3067 2873 3123 conventus,
2905 3063 3202 3116 oratorium
3247 3066 3300 3118 in
3334 3082 3462 3134 agro
3489 3069 3588 3124 Ita-

1924 3113 1969 3177 C
2005 3135 2131 3191 bere
2159 3140 2406 3206 voluerit,
2437 3146 2654 3215 reliquis
2683 3149 3057 3209 festivitatibus
3087 3163 3145 3208 ut
3173 3156 3243 3210 ibi
3277 3160 3462 3214 missas
3503 3171 3587 3216 περ

2005 3238 2167 3283 ncant
2199 3242 2416 3301 prepter
2447 3237 2810 3305 fatigationem
2839 3244 3051 3298 familiae
3077 3246 3220 3313 jnsta
3251 3251 3586 3308 ordinatione

2005 3319 2361 3384 permittimus
2395 3339 2408 3375 :
2442 3325 2646 3380 Pascha
2685 3344 2843 3394 vero,
2873 3333 3055 3389 Natale
3079 3335 3316 3403 Domini,
3356 3341 3587 3408 Epipha-

2005 3408 2170 3475 niam,
2202 3413 2582 3470 Ascensionetu
2631 3419 2864 3487 Domini,
2914 3425 3264 3483 Pentecosten
3308 3443 3361 3484 et
3403 3433 3587 3490 Natale

2001 3503 2168 3556 sancti
2193 3503 2411 3560 Joannis
2437 3508 2710 3578 Baptism,
2736 3513 2818 3568 vel
2850 3515 2893 3570 si
2916 3518 3005 3586 qui
3027 3521 3238 3574 maximi
3262 3522 3376 3578 dies
3403 3524 3453 3578 in
3483 3525 3586 3580 fes-

2002 3591 2290 3649 tivitatibus
2311 3595 2594 3666 habentur,
2619 3619 2725 3658 non
2756 3607 2856 3661 nisi
2891 3609 2941 3661 in
2968 3609 3271 3667 civitatibus
3296 3615 3460 3670 autin
3486 3633 3582 3684 pa-

2002 3683 2199 3740 rocltiis
2224 3695 2461 3746 teneant.
2487 3692 2678 3750 Clerici
2703 3713 2829 3752 vero
2852 3700 2895 3753 si
2919 3703 3008 3770 qui
3027 3704 3077 3756 in
3104 3704 3184 3757 his
3208 3702 3583 3768 festivitatibus

1999 3786 2133 3838 quas
2162 3790 2320 3844 supra
2347 3780 2578 3837 diximus
2604 3784 2653 3838 itt
2681 3789 2932 3842 oratoriis
2963 3790 3067 3856 his,
3101 3793 3202 3848 nisi
3239 3796 3461 3864 jubeute
3494 3814 3585 3856 aut

1999 3865 2340 3930 permittente
2369 3872 2644 3942 episcopo,
2671 3874 2849 3934 facere
2877 3888 2969 3934 aut
3000 3890 3185 3940 tenere
3213 3893 3505 3957 v0Yuerint,
3553 3912 3580 3946 a

1997 3957 2375 4013 communione
2407 3961 2691 4027 pellantur.

1999 4043 2157 4100 XXII.
2205 4046 2271 4102 Ut
2297 4065 2400 4103 non
2430 4052 2578 4106 liceat
2599 4057 2887 4127 presbytero
2908 4060 2986 4112 vel
3010 4063 3192 4118 clerico
3227 4082 3331 4121 rem
3357 4071 3460 4124 ccci
3488 4079 3579 4128 site
3631 4101 3634 4104 ~

2497 4128 2712 4181 vendere
2739 4131 2816 4182 cet
2861 4131 3072 4185 donare.

2069 4207 2130 4260 Et
2159 4209 2286 4265 licet
2309 4213 2639 4282 superfluunt
2671 4219 2741 4272 sit
2763 4218 2831 4274 de
2857 4235 2913 4276 re
2943 4231 3065 4275 nota
3092 4231 3147 4278 et
3170 4225 3404 4298 antiquis
3420 4243 3575 4287 cauo-

1995 4297 2151 4352 nibus
2175 4301 2440 4368 prohibita
2468 4305 2661 4361 iterato
2699 4309 2900 4382 aliquid
2946 4311 3200 4384 delinire,
3247 4297 3424 4376 tamen
3469 4339 3576 4394 quo

1995 4385 2203 4443 facilius
2235 4392 2495 4462 cupiditas
2525 4405 2616 4451 aut
2639 4398 2952 4468 improbitas
2985 4407 3332 4476 repritnatur,
3381 4412 3432 4468 id
3459 4385 3570 4469 sia-

1913 4469 1965 4529 D
1995 4479 2196 4536 luimus
2223 4485 2365 4553 quod
2397 4500 2586 4543 omnes
2609 4490 2818 4559 jubent,
2847 4504 2903 4549 ut
2925 4497 3266 4556 eivitatenses
3304 4504 3418 4559 sive
3447 4505 3573 4562 dice-

1985 4571 2164 4626 cesani
2193 4579 2487 4646 presbyteri
2521 4581 2601 4635 vel
2624 4583 2826 4650 clerici,
2852 4587 3137 4657 salvojure
3163 4591 3429 4662 ecclesiae,
3455 4613 3567 4654 rem

1983 4663 2224 4718 et'clesitc
2250 4667 2388 4722 sicut
2416 4673 2759 4738 permiserint
2787 4677 3020 4747 episcOpi
3065 4689 3308 4750 teneant,
3339 4689 3569 4748 vendere

1982 4761 2076 4806 aut
2103 4754 2306 4812 donare
2338 4761 2550 4827 penitus
2573 4780 2677 4818 non
2701 4778 3026 4834 praesumant
3048 4787 3063 4824 ;
3087 4774 3228 4841 quod
3249 4776 3296 4830 si
3321 4778 3565 4847 fecerint,

1979 4852 2036 4896 et
2060 4841 2192 4898 facta
2222 4848 2457 4904 venditio
2486 4869 2588 4907 non
2639 4858 2863 4921 valebit,
2910 4869 2964 4914 et
3003 4862 3070 4916 de
3110 4864 3480 4937 facultatibus,
3521 4876 3566 4929 si

1980 4949 2112 5002 quas
2142 4937 2342 4996 habent
2372 4946 2635 5014 praprias,
2670 4950 2976 5010 indemnem
3009 4958 3295 5015 ecclesiam
3338 4965 3565 5020 reddant

1977 5035 2029 5078 et
2057 5032 2430 5090 communione
2461 5038 2758 5105 priventur.

1977 5115 2138 5188 235
2181 5119 2365 5178 XXIII.
2405 5126 2470 5181 Ut
2493 5130 2707 5185 clericus
2729 5136 2907 5206 junior
2931 5141 3118 5192 seniori
3160 5157 3260 5194 non
3288 5158 3560 5213 prazpona-

2717 5213 2821 5256 tur.

2047 5274 2335 5350 Episcopus
2351 5285 2510 5341 etiam
2527 5305 2748 5358 quorum
2767 5295 2868 5344 vita
2889 5310 2937 5346 ns
2961 5311 2991 5347 n
3018 5297 3423 5366 reprehenditur
3437 5321 3557 5374 pos-

1976 5371 2224 5425 teriorem
2256 5377 2416 5440 priori
2446 5380 2646 5433 nuitum
2681 5395 2975 5454 praeponat,
3007 5388 3105 5443 nisi
3136 5390 3362 5449 fortasse
3381 5394 3556 5454 elatus

1973 5461 2220 5526 Superbia
2272 5467 2412 5534 quod
2469 5485 2562 5535 pro
2615 5477 2939 5534 necessitate
2995 5483 3234 5538 ecclesiae
3274 5488 3557 5560 episcopus

1950 5545 2187 5617 'jusserit
2213 5555 2431 5626 implere
2453 5567 2762 5620 contemnit.
2793 5565 2934 5625 Sane
2963 5571 3006 5626 si
3035 5572 3262 5629 officium
3286 5579 3553 5637 archidia-

272 5629 660 5685 commiuenda
693 5640 778 5687 est
797 5644 1016 5704 propter
1034 5637 1205 5692 matis
1228 5639 1339 5708 frag
1365 5641 1591 5710 limem,
1618 5643 1866 5703 viaticum
1970 5651 2196 5700 conatus
2233 5661 2450 5719 propter
2492 5654 2873 5725 simpliciorem
2917 5672 3160 5718 naturam
3206 5668 3429 5737 implere
3463 5681 3555 5726 aut

272 5728 464 5777 tamen
492 5722 743 5777 omnibus
772 5725 826 5780 in
851 5737 1023 5782 morte
1047 5730 1234 5798 positis
1264 5747 1370 5790 non
1399 5737 1721 5806 negandum.-
1969 5736 2221 5806 expedire
2249 5745 2570 5818 nequiverit,
2603 5750 2689 5809 ille
2719 5753 2820 5810 loci
2849 5755 2930 5810 sui
2964 5770 3155 5812 nomen
3187 5767 3362 5815 teneat
3391 5773 3446 5816 et
3465 5777 3549 5816 or-

635 5814 910 5880 Ρλτιιοι..
940 5821 1291 5885 LXXXIV.

2556 5814 2564 5818 ⁷
3115 5847 3156 5907 9

275 5537 650 5603 recipiantur:
686 5540 969 5609 juvenibus
1011 5544 1173 5599 etiam
1212 5549 1521 5615 paenitentia
1567 5567 1672 5606 non
1718 5553 1871 5611 facile
