4056 6178
471 286 576 343 267

1172 277 1547 337 COLLECTIO
1587 273 1915 331 CANONUM
1957 272 2013 328 S.
2056 271 2325 328 lSIDOIlO
2367 270 2634 329 IIISPAL.
2678 268 3035 327 ASCRII’TA.

3636 263 3741 321 268

467 398 722 460 dinationi
753 396 1019 463 ecclesim,
1046 409 1203 465 quem
1224 390 1445 460 elegerit
1488 390 1792 459 episcopus,
1846 398 2049 456 prmpo-
2082 386 2129 443 Α
2163 381 2354 436 XXXI.
2398 380 2474 434 De
2495 382 2572 434 his
2593 380 2679 450 qui
2699 396 2787 449 per
2808 380 2980 434 odium
3004 379 3070 431 ad
3091 394 3265 448 pacem
3289 394 3389 431 non
3408 388 3742 437 reuertuntur.

464 507 647 552 natur.

854 580 1036 635 XXIV.
1083 578 1156 631 De
1180 577 1415 647 expositis
1446 574 1677 629 inventis.

541 678 617 731 De
638 673 894 743 expositis
914 672 962 725 id
993 668 1381 724 observandum
1398 664 1536 735 quod
1558 664 1669 733 jam
1700 662 1902 717 dudum
1930 676 2054 730 syn-

470 769 604 822 odus
632 772 815 821 saneta
844 760 1137 822 constituit.

469 858 637 914 XXV.
667 857 741 909 De
764 854 951 908 sa3cula
983 852 1091 906 ibus
1121 851 1204 919 qui
1250 866 1368 903 suas
1397 850 1636 918 coniuges
1676 846 2051 913 derelinquunt.

542 950 607 1003 lli
634 961 756 1025 vero
786 944 1092 1008 sreeulares,
1131 944 1220 1013 qui
1242 940 1516 1011 conjugale
1540 939 1873 995 consortium
1901 936 2055 1005 culpa

469 1043 715 1110 graviore
745 1037 1021 1091 dimittunt
1052 1034 1133 1087 vel
1184 1034 1344 1087 etiam
1398 1030 1735 1095 dimiserunt,
1787 1039 1839 1083 et
1887 1028 2056 1082 nullas

473 1145 664 1185 causas
719 1128 931 1183 discidii
986 1125 1335 1196 probabiliter
1374 1130 1735 1193 proponentes
1776 1128 2055 1188 propterea

472 1237 568 1277 sua
597 1218 935 1274 matrimonia
974 1216 1276 1281 dimittunt,
1318 1222 1375 1267 ut
1415 1220 1509 1267 aut
1540 1211 1723 1266 illicita
1754 1218 1848 1263 aut
1884 1209 2055 1264 aliena

472 1318 819 1382 prmsmnant,
851 1309 895 1361 si
931 1316 1213 1375 antequam
1244 1305 1379 1374 apud
1415 1306 1699 1374 episcopos
1721 1304 2056 1371 comprovin-

472 1406 637 1459 eiales
664 1403 869 1458 discidii
899 1417 1087 1455 causas
1119 1399 1370 1463 dixerint,
1398 1408 1450 1453 et
1491 1398 1634 1466 prius
1675 1410 1867 1450 uxores
1896 1408 2056 1463 quam

466 1498 672 1569 judicio
696 1497 1011 1549 damnentur
1038 1492 1365 1560 altjecerint,
1392 1506 1419 1544 a
1455 1490 1831 1545 communione
1876 1486 2058 1541 Eccle-

471 1591 565 1645 sia:
594 1601 645 1644 et
676 1604 703 1641 a
726 1600 909 1643 sancto
933 1586 1109 1655 populi
1131 1595 1270 1639 cmtu
1297 1599 1389 1653 pro
1416 1598 1480 1638 eo
1504 1582 1641 1653 quod
1674 1582 1829 1636 ﬁdem
1855 1588 1908 1635 et
1931 1592 2056 1634 con-

471 1681 613 1749 iugia
644 1679 912 1733 maculant
933 1677 1305 1730 excludantur.

2228 471 2429 525 l‘laeuit
2478 469 2663 536 etiam,
2716 479 2773 523 ut
2826 467 2962 523 sicut
2986 468 3298 537 plerumque
3333 469 3388 521 ﬁt
3418 469 3746 540 .quieunque

2155 564 2277 618 odio
2302 574 2393 617 aut
2412 562 2694 633 longinqua
2719 562 2856 615 inter
2883 577 2942 616 se
2965 562 3056 615 lite
3085 562 3459 626 dissenserint,
3483 572 3537 618 et
3558 565 3623 617 ad
3653 580 3743 632 pa-

2156 670 2271 710 cem
2306 668 2563 709 revocare
2592 654 2795 707 diutina
2836 653 3130 707 intentione
3158 654 3511 720 nequiverint,
3547 670 3576 708 a
3604 656 3748 711 civi-

2157 747 2278 800 tatis
2306 746 2549 815 primitus
2572 744 2941 800 sacerdotibus
2972 754 3299 812 arguantur:
3347 745 3437 813 qui
3480 745 3525 798 si
3569 746 3748 801 inimi-

2156 836 2309 890 citias
2339 836 2609 904 deponere
2638 834 2938 904 perniciosa
2992 835 3285 889 intentione
3332 836 3627 902 noluerint,
3677 838 3747 894 dc

2157 926 2411 980 Ecclesia:
2438 934 2581 981 cortu
2627 925 2922 995 justissima
2962 925 3514 982 excommunicatiooe
3543 928 3748 997 pellan-

2159 1030 2263 1075 tur.

2159 1112 2374 1168 XXXII.
2423 1112 2491 1168 Ut
2521 1113 2733 1167 clericus
2757 1113 3044 1166 inconsulto
3060 1112 3297 1179 episcOpo
3318 1112 3386 1166 ad
3398 1112 3632 1184 judicent
3657 1131 3736 1169 se-

2654 1184 2876 1236 cularem
2912 1199 3010 1236 non
3046 1192 3243 1251 pergat.
3307 1202 3338 1225 '-

2230 1276 2463 1332 Clericus
2480 1288 2810 1344 nequaquam
2836 1289 2925 1342 pra
2945 1282 3119 1329 sumat
3135 1272 3268 1341 apud
3295 1274 3604 1329 saacularem
3618 1273 3747 1345 judi-

2158 1381 2274 1421 cem
2303 1367 2556 1433 episeopo
2584 1378 2688 1417 non
2723 1361 3065 1431 permittente
3098 1362 3340 1429 pulsare,
3372 1362 3466 1416 sed
3504 1363 3749 1432 si'pulsa-

2161 1464 2245 1510 tus
2268 1454 2425 1509 fuerit
2445 1454 2765 1523 respondeat
2786 1470 2798 1506 :
2825 1467 2926 1506 non
2946 1461 3205 1521 pr0pouat
3229 1468 3326 1506 nec
3354 1453 3551 1509 audeat
3570 1468 3613 1507 c.
3629 1454 3749 1509 imi-

2160 1550 2277 1601 nale
2307 1547 2573 1616 negotium
2605 1546 2656 1599 in
2680 1544 2883 1614 judicio
2912 1544 3155 1600 saeculari
3183 1559 3499 1614 proponere.
3544 1547 3599 1600 Si
3625 1548 3746 1615 quis

2160 1652 2286 1692 vero
2302 1637 2627 1691 smcularium
2644 1652 2735 1704 per
2746 1636 3059 1690 calumniam
3080 1634 3370 1690 Ecclesiam
3390 1648 3474 1689 aut
3491 1638 3748 1693 clericum

474 1725 663 1825 XXVI.
710 1767 776 1821 Ut
804 1768 846 1819 si
865 1765 1150 1819 voluntarie
1177 1763 1389 1816 clericus
1413 1762 1655 1814 damnant
1683 1760 1904 1813 ecclesia
1925 1760 2055 1828 [ece-

2168 1730 2380 1799 latigare
2410 1726 2712 1793 tentaverit,
2742 1734 2796 1781 et
2816 1726 3018 1782 evictus
3047 1725 3135 1798 [T.
3162 1728 3224 1792 1,
3255 1726 3319 1792 2,
3346 1727 3536 1799 victus]
3569 1728 3744 1796 fuerit,

726 1839 812 1903 rit,
838 1846 885 1890 et
910 1835 1196 1902 satisfaciat
1228 1843 1273 1887 et
1319 1833 1802 1887 excommunicetur.

538 1931 594 1985 Si
625 1929 715 2000 qui
746 1942 871 1982 vero
898 1925 966 1980 de
993 1924 1201 1979 clericis
1228 1926 1563 1987 documenta,
1609 1922 1799 1991 quibus
1821 1918 2061 1975 ecclesia:

471 2019 741 2089 possessio
770 2017 1029 2079 ﬁrmatur,
1066 2024 1154 2068 aut
1175 2014 1452 2083 subripere
1475 2021 1497 2047 τι
1523 2022 1611 2066 aut
1641 2025 1834 2081 negare
1855 2020 1945 2063 aut
1966 2009 2062 2064 ad-

474 2110 730 2166 versariis
762 2110 989 2163 fortasse
1015 2108 1222 2160 tradere
1244 2104 1527 2160 damnabili
1570 2113 1623 2158 et
1660 2104 1923 2173 punienda
1965 2102 2059 2158 ob-

473 2202 761 2257 stinatione
812 2198 1280 2268 praesumpscrlnt,
1337 2193 1590 2265 quidquid
1632 2209 1723 2264 per
1764 2193 2058 2248 absentiam

470 2299 913 2350 documentorum
946 2291 1125 2346 damni
1148 2289 1389 2343 ecclesia:
1418 2288 1619 2342 illatum
1643 2295 1724 2341 est
1746 2286 1811 2339 de
1835 2284 2061 2354 propriis

472 2385 815 2441 facultatibus
865 2382 1091 2437 reddant
1137 2390 1189 2435 et
1240 2380 1613 2434 communione
1644 2378 1947 2447 priventur;
2005 2374 2062 2429 hi

475 2478 658 2543 etiam,
691 2476 779 2546 qui
814 2476 864 2528 in
894 2476 1143 2528 damnum
1172 2471 1411 2527 ecclesize
1443 2472 1793 2525 instrumenta
1818 2467 2060 2524 ecclesia:

473 2570 633 2637 impie
657 2566 925 2622 sollicitati
956 2580 985 2618 a
1008 2563 1350 2617 traditoribus
1376 2563 1727 2630 susceperint.

473 2660 687 2715 XXVII.
759 2657 823 2712 Ut
882 2656 1242 2709 monasterium
1281 2654 1565 2706 inconsulto
1608 2653 1842 2721 episcopo
1888 2651 2059 2704 nullus

864 2735 1122 2779 construat
1154 2741 1170 2776 :
1204 2735 1247 2776 et
1277 2723 1339 2776 de
1378 2724 1658 2775 monac/tis.

547 2818 919 2875 Monasterium
953 2831 1167 2879 novum,
1202 2816 1301 2867 nisi
1333 2814 1584 2882 cpISCOpO
1630 2820 1720 2866 aut
1751 2812 2060 2881 permitten-

473 2922 525 2967 te
551 2919 640 2965 aut
672 2910 949 2979 probante,
978 2907 1153 2960 nullus
1185 2904 1420 2974 incipere
1466 2913 1552 2957 aut
1602 2902 1824 2957 fundare
1856 2917 2059 2971 praesu-

472 3010 601 3057 mat.
637 3000 876 3056 Monaclii
911 3002 1036 3053 vero
1065 3006 1317 3065 vagantes
1346 2996 1411 3048 ad
1461 2994 1694 3048 ofﬁcium
1747 2994 2055 3058 clericatus,

2166 1824 2418 1878 Ecclesia:
2446 1822 2717 1876 liminibus
2744 1829 2798 1875 et
2840 1836 2868 1874 a
2911 1819 3296 1875 catholicorum
3332 1822 3745 1891 communione,

2164 1914 2266 1969 nisi
2294 1915 2451 1985 digne
2475 1913 2800 1983 paenituerit,
2833 1921 3100 1966 arceatur.

2164 2007 2320 2079 237
2358 2004 2594 2079 XXXIII.
2627 2004 2688 2079 Si
2716 2005 2980 2079 episcopus
3018 2004 3245 2079 hwredes
3287 2018 3389 2079 non
3430 2003 3619 2079 habens
3653 2003 3751 2059 Ec-

2354 2076 2565 2130 clesiam
2595 2076 2678 2128 cui
2702 2074 2911 2145 prwfuit
2940 2074 3190 2127 hwredem
3222 2090 3323 2127 non
3354 2075 3551 2144 fecerit.

2238 2168 2532 2238 Episcopus
2559 2167 2650 2236 qui
2684 2166 2820 2221 ﬁlios
2850 2173 2943 2220 aut
2974 2174 3195 2234 nepotes
3220 2179 3325 2220 non
3360 2166 3563 2222 habens
3586 2168 3748 2224 alium

2163 2276 2323 2332 quam
2348 2260 2644 2315 Ecclesiam
2674 2258 2890 2327 reliquit
2912 2257 3203 2322 baeredem,
3236 2259 3279 2313 si
3312 2259 3437 2329 quid
3466 2260 3533 2315 de
3561 2261 3750 2318 Eccle-

2163 2354 2239 2407 sia
2262 2367 2366 2406 non
2390 2351 2445 2405 in
2469 2349 2721 2405 Ecclesia:
2740 2363 2897 2404 causa
2922 2357 3013 2403 aut
3041 2348 3361 2404 necessitate
3389 2351 3747 2419 prtesumpsit,

2163 2444 2303 2513 quod
2349 2442 2597 2497 distraxit
2641 2449 2735 2495 aut
2782 2441 2999 2495 donavit
3047 2441 3253 2495 irritum
3306 2439 3615 2495 habeatur:
3658 2442 3750 2510 qui
3804 2504 3807 2505 ν

2168 2548 2293 2589 vero
2325 2534 2461 2587 ﬁlios
2492 2532 2676 2595 habet,
2700 2531 2770 2586 de
2798 2531 2952 2586 bonis
2981 2548 3099 2601 qua:
3124 2532 3335 2603 reliquit
3359 2533 3422 2589 ab
3441 2531 3753 2589 hatedibus

2162 2624 2279 2692 ejus
2307 2621 2747 2677 indenmitatibus
2777 2622 3028 2677 Ecclesia:
3058 2623 3388 2678 consulatur.

2163 2734 2403 2789 XXXIV.
2439 2734 2515 2788 De
2541 2731 2739 2788 Judteis
2760 2735 2848 2804 qui
2868 2735 3088 2817 converti
3116 2735 3326 2803 cupiunt
3347 2735 3559 2805 qualiter
3588 2738 3754 2791 susci-

2836 2816 3063 2875 piantur.

2233 2899 2400 2953 Judwi
2424 2913 2649 2969 quorum
2668 2897 2890 2967 perﬁdia
2910 2896 3213 2966 frequenter
3228 2896 3292 2951 ad
3316 2898 3570 2953 vomitum
3590 2897 3749 2962 redit.

2161 2993 2207 3046 si
2237 2993 2300 3046 ad
2332 2994 2499 3062 legem
2533 2990 2619 3062 [T.
2652 2991 2702 3058 I,
2732 2988 2792 3055 2,
2837 2988 3153 3061 Ecclesiam]
3193 2989 3510 3045 catholicam
3564 2993 3751 3045 venire

473 3094 576 3148 nisi
597 3092 674 3147 eis
699 3090 1060 3145 testimonium
1090 3088 1252 3142 abbas
1273 3101 1399 3141 suus
1422 3085 1644 3151 dederit,
1673 3100 1769 3139 nec
1792 3086 1841 3136 in
1866 3085 2052 3138 civita-
2084 3091 2130 3153 (ι
2161 3082 2444 3147 voluerint,
2490 3090 2609 3137 octo
2644 3081 2915 3136 mensibus
2952 3080 3089 3134 inter
3128 3084 3542 3137 catechumenos
3575 3088 3750 3138 eccle-

473 3185 615 3241 tibus
648 3199 745 3239 uec
767 3183 819 3237 in
845 3181 1115 3251 parocliiis
1138 3178 1469 3233 ordinentur.
1497 3175 1810 3231 Monachum
1836 3174 1937 3228 nisi
1963 3173 2059 3227 ab-

473 3273 615 3330 batis
638 3273 718 3329 sui
748 3282 838 3326 aut
886 3270 1148 3341 permissu
1174 3275 1266 3321 aut
1305 3267 1576 3322 voluntate
1605 3264 1669 3319 ad
1698 3264 1923 3318 alterum
1947 3278 2059 3317 mo-

474 3365 765 3422 nasterium
787 3362 1227 3431 commigrantem
1280 3358 1455 3412 nullus
1482 3357 1648 3411 abbas
1680 3357 1949 3423 suscipere
1975 3363 2065 3408 aut

472 3458 712 3513 retinere
738 3462 1062 3526 prmsumat,‘
1092 3452 1187 3507 sed
1219 3452 1380 3522 236
1418 3450 1717 3517 ubicunque
1745 3447 1937 3503 fuerint
1967 3448 2061 3499 ab-

473 3548 583 3603 bati
612 3562 709 3601 suo
747 3545 1063 3600 auctoritate
1094 3558 1359 3599 canonum
1391 3549 1729 3595 revocentur.
1758 3539 1813 3593 Si
1847 3552 2067 3593 necesse

475 3638 637 3694 fuerit
666 3637 917 3692 clericum
964 3634 1032 3689 de
1080 3633 1356 3688 monachis
1384 3631 1636 3695 ordinari,
1662 3644 1781 3683 cum
1803 3644 2065 3684 consensu

474 3739 529 3782 et
549 3726 823 3781 voluntate
852 3724 1059 3779 abbatis
1083 3740 1173 3793 pra
1194 3730 1368 3777 sumat
1396 3721 1695 3790 episcopus.

477 3818 712 3875 XXVIII.
759 3817 824 3874 Ut
851 3818 1214 3872 monasterium
1245 3814 1537 3883 puellarum
1576 3812 1758 3880 procul
1802 3829 1833 3865 α
1886 3829 2068 3866 mona-

1014 3888 1121 3941 chis
1177 3895 1521 3939 construatur.

472 4056 475 4059 _
549 3980 867 4038 Monasteria
900 3980 1195 4050 puellarum
1228 3977 1434 4043 longius
1462 3991 1489 4029 a
1515 3973 1855 4029 monasteriis
1884 3988 2068 4027 mona-

477 4076 699 4131 chorum
729 4081 821 4128 aut
850 4078 1070 4142 propter
1092 4068 1309 4123 insidias
1332 4067 1524 4121 diaboli
1549 4075 1639 4120 aut
1682 4074 1898 4135 propter
1920 4063 2068 4117 oblo-

475 4168 719 4223 cutiones
746 4163 1023 4219 hominum
1051 4161 1397 4217 collocentur.

476 4255 668 4313 XXIX.
713 4254 789 4307 De
812 4253 1009 4307 libertis
1027 4261 1080 4305 ut
1108 4252 1161 4303 in
1185 4250 1476 4304 necessitate
1496 4247 1558 4299 ab
1580 4246 1788 4301 ecclesia
1807 4253 2064 4299 tueantur.

546 4347 795 4402 Libertos
824 4341 1060 4411 legitime
1086 4356 1114 4393 a
1148 4340 1380 4393 dominis
1408 4337 1517 4391 suis
1552 4338 1719 4391 factos
1758 4335 1990 4390 ecclesia
2022 4336 2067 4388 si

2166 3175 2261 3230 sia:
2293 3175 2450 3229 limen
2473 3174 2762 3240 introeant,
2792 3184 2847 3229 et
2867 3174 2909 3227 si
2940 3188 3069 3242 pura
3094 3173 3198 3228 fide
3220 3177 3402 3229 venire
3430 3184 3749 3240 noscuntur,

2168 3277 2295 3322 tunc
2338 3267 2549 3321 demum
2594 3265 2926 3335 baptismatis
2974 3267 3197 3335 gratiam
3246 3277 3642 3335 consequantur
3674 3280 3695 3307 ο
3733 3284 3748 3322 :

2167 3358 2306 3427 quod
2331 3360 2375 3412 si
2402 3372 2529 3413 casu
2562 3358 2741 3428 aliquo
2770 3358 2889 3428 quis
2920 3358 3209 3426 periculum
3242 3357 3565 3412 inﬁrmitatis
3610 3360 3752 3413 intra
3796 3338 3807 3345 ’

2170 3451 2538 3520 praescriptum
2576 3460 2787 3521 tempus
2818 3449 3102 3504 incurrerit
3128 3458 3183 3503 et
3210 3449 3524 3519 desperatus
3566 3450 3748 3519 fuerit,

2169 3542 2482 3611 baptizetur.

2172 3655 2388 3711 XXXV.
2420 3656 2481 3711 Si
2519 3654 2784 3724 episcopus
2826 3671 2857 3707 a
2900 3652 3289 3723 metropolitano
3324 3655 3612 3706 admonitus
3659 3672 3754 3721 pro

2238 3727 2434 3797 synodo
2458 3727 2536 3778 vel
2559 3726 2880 3780 ordinatione
2901 3725 3177 3793 episcopali
3205 3726 3371 3778 venire
3400 3724 3675 3778 distulerit.

2239 3822 2296 3876 Si
2346 3819 2786 3889 metropolitanus
2826 3818 3108 3887 episcopus
3149 3817 3214 3871 ad
3268 3818 3754 3885 comprovinciales

2170 3914 2447 3983 cp’seopos
2493 3911 2743 3980 epistolas
2790 3910 3076 3977 direxerit,
3112 3910 3164 3962 in
3210 3910 3404 3979 quibus
3430 3923 3521 3963 eos
3557 3920 3652 3963 aut
3683 3910 3755 3965 ad

2169 4006 2561 4060 ordinationem
2587 4003 2784 4058 summi
2818 4002 3081 4070 pontiﬁc's
3112 4009 3203 4056 aut
3229 4001 3293 4055 ad
3320 4002 3583 4073 synodum
3617 4004 3758 4058 invi-

2170 4107 2263 4161 tet,
2297 4096 2609 4167 postpositis
2655 4096 2939 4161 omnibus,
2988 4108 3220 4164 excepta.
3249 4094 3395 4163 gravi
3442 4094 3759 4151 inﬁrmitate

2169 4190 2411 4257 corporis
2437 4199 2522 4242 aut
2555 4187 2910 4258 praeceptione
2935 4186 3098 4256 regia,
3129 4188 3195 4241 ad
3234 4186 3575 4240 constitutam
3606 4185 3756 4240 diem

2169 4278 2362 4332 adesse
2409 4294 2512 4331 non
2540 4277 2825 4332 differant:
2857 4276 2947 4345 qui
2978 4274 3022 4330 si
3058 4274 3343 4338 defuerint,
3390 4275 3526 4328 sicut
3572 4274 3761 4341 prisca

2168 4382 2430 4422 canonum
2461 4367 2716 4437 prrecepit
2759 4365 3083 4433 auctoritas,
3132 4378 3297 4432 usque
3340 4362 3404 4417 ad
3450 4364 3761 4432 proximam

478 4438 777 4496 necessitas
794 4435 1029 4507 exegerit
1054 4442 1266 4488 tueatur
1294 4451 1304 4484 :
1332 4430 1470 4501 quod
1495 4432 1537 4484 si
1560 4432 1679 4498 quis
1700 4439 1822 4482 ante
1845 4428 2061 4483 audien-
2092 4447 2143 4506 ι)
2168 4457 2429 4528 synodum
2462 4428 2508 4509 'a
2554 4428 2813 4511 “lirium
2860 4428 3082 4510 mlum,
3126 4461 3181 4509 et
3214 4428 3470 4508 Ecclesia“,
3509 4467 3763 4507 comm“-

480 4536 607 4591 tiam
636 4540 726 4585 aut
758 4527 1051 4599 pervadere
1082 4525 1227 4599 [/E.,
1268 4520 1616 4593 persuadere]
1656 4529 1746 4573 aut
1791 4518 2064 4587 expoliare

483 4620 906 4694 prtesumpserit,
936 4617 1003 4671 ab
1025 4617 1249 4670 ecclesia
1282 4614 1591 4682 repellatur.

613 4711 784 4767 XXX.
829 4710 895 4765 Ut
918 4719 1029 4779 post
1057 4706 1364 4775 antiphonas
1396 4706 1650 4758 orationes
1680 4705 1935 4757 dicantur.

554 4805 623 4859 Et
651 4804 773 4872 quia
821 4801 1075 4855 convenit
1120 4797 1359 4851 ordinem
1413 4795 1661 4850 Ecclesia:
1708 4795 1773 4849 ab
1817 4795 2064 4848 omnibus

480 4895 759 4967 aequaliter
793 4892 1072 4956 custodiri,
1102 4888 1422 4944 studendum
1451 4898 1563 4951 est,
1598 4899 1652 4940 ut
1705 4886 1843 4940 sicut
1871 4886 2066 4956 ubique

479 4988 558 5053 ﬁt,
591 4997 645 5042 et
675 4994 794 5056 post
824 4982 1140 5050 antiphonas
1192 4981 1534 5035 collectiones
1586 4996 1678 5048 per
1727 4980 1968 5034 ordinem
1998 4980 2066 5034 ab

478 5076 746 5146 episcopis
774 5073 856 5127 vel
889 5071 1212 5142 presbyteris
1241 5071 1514 5134 dicantur;
1557 5078 1610 5122 et
1642 5068 1866 5137 hymnos
1896 5067 1922 5103 δ
1955 5085 2067 5123 ma-

481 5165 681 5220 tutinos
715 5165 793 5219 vel
829 5163 1157 5231 vespertinas
1180 5159 1367 5215 diebus
1397 5160 1642 5212 omnibus
1673 5160 1945 5213 deeantari
1972 5201 1985 5225 ,
2014 5170 2066 5214 et

482 5260 534 5311 in
554 5256 955 5311 conclusionem
981 5253 1360 5307 matutinarum
1387 5250 1465 5304 vel
1491 5265 1666 5317 vespei
1686 5251 1913 5303 tinarum
1939 5250 2063 5303 mis-

480 5359 656 5399 sarum
693 5352 807 5412 post
841 5342 1067 5412 hymnos
1097 5340 1344 5409 capitella
1370 5336 1487 5409 [U.,
1521 5334 1775 5406 capitula]
1803 5336 1869 5391 de
1921 5338 2058 5406 psalv

482 5436 583 5487 mis
614 5433 737 5498 dici,
772 5444 820 5487 et
846 5430 1050 5500 plebem
1079 5431 1301 5483 collecta
1329 5430 1572 5483 oratione
1600 5428 1663 5483 ad
1701 5443 1975 5498 vesperam
1999 5427 2066 5482 ab

482 5523 731 5590 episcOpo
758 5536 877 5575 cum
908 5519 1276 5574 benedictione
1316 5518 1532 5574 dimitti.

554 5662 577 5721 ἐι
611 5652 723 5715 113.,
754 5652 810 5705 ll.
846 5650 934 5714 Β..
970 5650 1028 5703 E.
1065 5648 1116 5712 5,
1142 5649 1202 5702 Τ.
1239 5652 1290 5713 I,
1318 5650 1375 5716 2,
1405 5654 1742 5721 supprimere.

553 5720 578 5758 δ
610 5722 720 5791 AL,
754 5723 993 5791 hymnum
1027 5721 1329 5774 matutinum
1359 5722 1433 5775 vel
1461 5725 1819 5793 vespertinum.

2167 4548 2324 4601 nionc
2358 4547 2653 4615 priveutur.

2167 4658 2408 4714 XXXVI.
2446 4657 2511 4714 Ut
2530 4658 2781 4727 stipendia
2806 4657 3105 4778 cgericorum
3126 4658 3279 4726 juxta
3314 4657 3545 4709 meritum
3576 4656 3768 4709 distri-

2859 4736 3071 4778 uantur.

2859 4736 3071 4781 uantur.

2236 4842 2425 4898 Clerici
2476 4840 2638 4895 etiam
2675 4854 2882 4902 omnes,
2931 4839 3017 4907 qui
3054 4838 3304 4893 Ecclesia:
3352 4836 3577 4891 ﬁdeliter
3610 4835 3765 4906 vigi-

2169 4938 2441 5003 lauterque
2478 4933 2805 4996 deserviunt,
2835 4930 3100 5000 stipendia
3132 4931 3331 4985 sanctis
3350 4929 3621 4985 laboribus
3651 4929 3770 4985 de-

2168 5026 2273 5081 bita
2297 5023 2813 5091 secundum'servitii
2854 5023 2932 5075 sui
2966 5024 3212 5076 meritum
3251 5022 3332 5075 vel
3352 5020 3766 5075 ordinationem

2168 5131 2427 5172 canonum
2459 5128 2488 5167 a
2517 5113 2883 5168 sacerdotibus
2908 5121 3324 5180 consequantur.

2368 5227 2623 5281 XXXVII.
2659 5226 2732 5280 De
2755 5227 3019 5280 homicidia
3045 5228 3119 5280 vel
3151 5227 3293 5295 falsis
3320 5227 3547 5279 testibus.

2239 5340 2419 5409 Itaque
2446 5339 2749 5394 censuimus
2780 5337 3074 5391 homicidas
3094 5346 3146 5391 et
3177 5335 3339 5389 falsos
3364 5345 3523 5389 testes
3546 5350 3574 5387 a
3606 5349 3779 5389 emn-

2169 5431 2420 5487 munione
2449 5431 2809 5486 ecclesiastica
2834 5429 3251 5494 submovendus,
3284 5427 3386 5481 nisi
3421 5426 3787 5494 paenitentia

2168 5523 2529 5579 satisfactione
2556 5522 2778 5576 crimina
2808 5520 3039 5575 admissa
3062 5518 3333 5574 diluerint.

2243 5671 2264 5699 ε
2295 5659 2405 5726 .43.,
2439 5659 2498 5713 ll.
2533 5655 2619 5725 R.,
2655 5653 2711 5707 E.
2740 5654 2792 5723 5,
2824 5654 2884 5708 T.
2924 5655 2971 5722 ι,
2995 5654 3078 5723 2.,
3120 5660 3424 5707 mereantur.
