4056 6178
299 308 403 365 269

1314 297 1589 355 GALLI.~E
1628 296 1969 353 COSCILIA.
2015 328 2082 337 —
2125 295 2566 352 AGATIIENSE.

3481 297 3585 353 9.70

296 415 587 475 XXXVIII.
624 414 693 470 Ut
734 415 841 467 sine
870 413 1088 480 epistola
1123 414 1346 483 episwpi
1366 416 1447 469 sui
1480 431 1579 467 non
1608 416 1754 468 liceat
1783 417 1889 468 cle-
1925 416 1969 472 Λ
2001 413 2172 467 nullus
2201 413 2265 467 de
2298 412 2381 466 his
2409 412 2638 467 clericus
2666 411 2965 479 ordinetur,
2999 422 3051 467 et
3086 414 3172 483 qu':
3197 415 3306 483 jam
3337 426 3461 469 sunt
3493 432 3587 485 per

366 492 533 541 ricam
547 487 637 609 (fet
667 486 972 540 monac/tum
1013 485 1267 553 proﬁcisci
1296 499 1313 536 .'
1342 493 1389 538 et
1419 487 1481 538 de
1515 486 1778 539 monachis
1817 488 1893 539 vel

366 559 543 609 abbati
582 573 663 609 us.

365 559 663 611 abbatibus.

363 648 593 703 Clericis
624 647 740 701 sine
770 644 1221 700 commendatitiis
1251 645 1492 715 epistolis
1539 646 1773 715 episcopi
1815 648 1895 699 sui

297 740 518 797 licentia
570 754 679 792 non
732 744 913 805 pateat
962 735 1253 805 evagandi,
1303 738 1354 790 in
1404 737 1567 807 233
1620 735 1895 791 monachis

292 846 511 904 quoque
543 829 827 899 praesentis
855 826 1133 882 sententiae
1174 827 1343 881 forma
1376 839 1617 882 servetur
1646 844 1659 893 ;
1689 843 1822 895 quos
1849 828 1893 881 si

294 924 592 979 verborum
622 920 919 988 increpatio
960 934 1065 972 non
1094 917 1479 984 emendaverit,
1512 921 1669 970 etiam
1703 919 1890 973 verbe-

296 1018 449 1071 ribus
478 1012 765 1069 statuimus
794 1012 1054 1065 coerceri.
1086 1009 1418 1065 Servandum
1452 1023 1661 1077 quoque
1683 1010 1749 1062 de
1780 1024 1893 1062 mo-

294 1108 487 1162 nachis
517 1119 585 1159 ne
615 1104 694 1158 eis
727 1102 793 1157 ad
816 1102 1087 1155 solitarias
1118 1100 1338 1154 cellulas
1368 1098 1528 1153 liceat
1554 1114 1581 1151 a
1604 1113 1893 1169 congrega-

295 1200 447 1253 tione
474 1195 788 1259 discedere,
819 1191 919 1246 nisi
955 1190 1093 1244 forte
1125 1189 1362 1257 probatis
1395 1198 1511 1257 post
1538 1190 1792 1242 emeritos
1822 1192 1889 1241 la-

294 1293 459 1346 bores
488 1270 581 1343 aut
614 1294 835 1357 propter
866 1284 1195 1338 infirmitatis
1236 1284 1610 1338 necessitatem
1651 1282 1894 1350 asperior

293 1383 365 1436 ab
411 1380 700 1436 abbatibus
744 1375 929 1444 regula
976 1373 1316 1429 remittatur:
1372 1374 1512 1441 quod
1558 1373 1629 1426 ita
1676 1371 1891 1425 demum

296 1474 413 1540 fiet,
450 1482 508 1527 ut
541 1472 679 1524 intra
725 1466 913 1522 ea’dem
944 1464 1251 1520 monasterii
1295 1472 1448 1532 septa
1484 1473 1784 1527 manentes,
1816 1470 1893 1515 ta-

295 1580 425 1622 men
450 1564 551 1619 sub
582 1561 791 1615 abbatis
837 1565 1102 1628 potestate
1130 1567 1404 1625 separalas
1438 1555 1635 1609 habere
1675 1553 1892 1609 cellulas

294 1657 699 1729 permittantur.
753 1650 1050 1706 Altbatibus
1097 1662 1311 1718 quoque
1362 1646 1589 1715 singulis
1644 1645 1893 1699 diversas

293 1748 521 1804 cellulas
542 1753 634 1798 aut
663 1744 815 1813 plura
849 1742 1174 1795 monasteria
1208 1738 1405 1792 habere
1437 1751 1542 1790 non
1575 1736 1752 1797 liceat,
1790 1736 1889 1789 nisi
1926 1766 1974 1826 Β

294 1844 506 1891 tantum
537 1844 758 1903 propter
804 1832 1078 1885 incursum
1125 1827 1508 1897 hospitalitatis
1538 1828 1673 1880 intra
1714 1839 1896 1879 muros

260 1928 272 1936 “
293 1927 634 1999 receptacula
659 1924 953 1980 collocare.

442 2020 690 2075 XXXIX.
740 2018 808 2073 Ut
838 2017 1010 2072 clerici
1042 2016 1293 2085 nuptialia
1320 2015 1473 2067 vitent
1501 2014 1748 2066 convivia.

367 2111 718 2179 Presbyteri,
770 2107 1025 2161 diaconos
1052 2148 1065 2168 ,
1113 2104 1466 2159 subdiacones
1516 2104 1597 2159 vel
1639 2104 1895 2173 deinceps

293 2203 489 2273 quibus
514 2200 742 2256 ducendi
772 2214 967 2253 uxores
1000 2198 1210 2252 licentia
1236 2212 1340 2251 non
1372 2204 1474 2262 est,
1503 2197 1662 2251 etiam
1692 2197 1894 2251 aliena.

294 2308 416 2348 rum
456 2294 765 2360 nuptiarum
797 2290 998 2344 evitent
1028 2288 1269 2342 convivia
1294 2330 1307 2353 ,
1339 2302 1512 2366 neque
1551 2287 1634 2341 his
1662 2287 1891 2342 emtibus

292 2386 701 2440 admisceantur
741 2383 827 2437 ubi
871 2383 1129 2438 amatoria
1158 2391 1440 2436 cantantur
1481 2393 1533 2437 et
1578 2384 1772 2452 turpia.
1806 2393 1895 2438 aut

294 2476 549 2529 obscazni
579 2485 751 2529 motus
770 2489 1051 2541 corporum
1082 2475 1264 2527 choris
1294 2486 1345 2529 et
1370 2475 1743 2529 saltationibus
1773 2475 1895 2531 clle-

293 2575 518 2633 runtur,
551 2580 618 2620 ne
643 2564 851 2619 auditus
875 2574 929 2619 et
950 2566 1166 2619 obtutus
1195 2566 1358 2618 sacris
1385 2566 1653 2635 mysteriis
1680 2567 1895 2635 deputao

296 2669 385 2714 tus
412 2657 646 2726 turpium
695 2657 1124 2727 spectaculorum
1171 2665 1329 2725 atque
1374 2657 1662 2711 verborum
1707 2666 1892 2712 conta-

294 2750 459 2819 gione
484 2749 776 2817 polluatur.

433 2840 543 2896 XL.
583 2840 655 2895 Ut
686 2840 967 2895 Christiani
993 2840 1296 2895 Judccornm
1328 2840 1476 2894 vitent
1512 2841 1758 2896 convivia.

364 2934 571 2988 Omnes
611 2932 864 2999 deinceps
892 2933 1075 2987 clerici
1104 2933 1219 2987 sive
1261 2932 1379 2986 laici
1423 2932 1727 2987 Judaaorum
1760 2947 1891 2989 con-

293 3023 434 3077 vivia
463 3024 700 3086 evitent,
733 3038 830 3078 nec
876 3036 969 3075 eos
998 3021 1063 3075 ad
1108 3021 1415 3075 convivium
1463 3022 1704 3091 quisquis
1751 3021 1893 3075 exci-

2002 504 2352 573 ignorantiam
2376 504 2603 558 ordinati
2636 513 2723 557 aut
2747 504 2883 558 sicut
2914 506 3107 574 bigami
3134 515 3228 560 ant
3256 508 3587 576 internupta-

2001 610 2115 647 rum
2149 595 2322 648 mariti
2355 595 2531 648 locum
2567 604 2801 648 teneant.
2848 595 3107 649 Ordinare
3155 595 3407 651 diaconcs
3442 609 3462 633 δ
3494 608 3590 652 aut

2000 701 2318 740 consecrare
2342 687 2510 741 altare
2542 686 2821 756 presbyter
2848 704 2953 740 non
2980 697 3289 756 praesumat.

2000 774 2181 828 XLIV.
2214 774 2297 829 Ne
2328 776 2588 845 presbyter
2627 777 3022 831 benedictionem
3052 780 3129 833 vel
3162 781 3506 847 paenitentiam
3535 782 3589 835 in

2409 848 2619 899 ecclesia
2650 848 2772 899 dure
2802 858 3080 916 prim-uth
3114 848 3162 901 δ.

2073 936 2506 991 Βθιιθηηοιὶοηθιη
2538 952 2701 1005 super
2735 940 2939 1005 plebem
2992 941 3042 993 in
3076 942 3302 996 ecclesia
3330 941 3584 1011 firmiore,

1998 1036 2088 1080 aut
2133 1028 2481 1094 poeuiteutcm
2538 1029 2589 1081 in
2635 1028 2861 1082 ecclesia
2910 1030 3227 1086 benedicere
3276 1035 3587 1103 presbytero

2000 1119 2209 1181 penitus
2242 1135 2344 1170 non
2380 1118 2579 1172 licebit.

2000 1208 2157 1265 XLV.
2210 1210 2275 1263 Ut
2310 1212 2577 1279 episc0pus
2620 1212 2860 1278 exiguum
2903 1213 3099 1276 aliquid
3139 1216 3248 1268 sine
3287 1214 3584 1270 clericorum

2390 1282 2542 1333 etiam
2573 1283 2891 1334 conniventia
2922 1282 3195 1339 distrahat.

2070 1367 2319 1423 Tcrrulas
2348 1377 2439 1421 aut
2480 1366 2719 1422 vineolas
2758 1371 2977 1438 exiguas
3006 1380 3061 1425 et
3113 1373 3364 1427 Ecclesia:
3410 1376 3587 1429 minus

1999 1461 2153 1514 utiles
2181 1469 2273 1515 aut
2302 1460 2459 1529 longe
2490 1460 2692 1530 positas
2722 1476 2910 1530 parvas
2936 1464 3221 1532 episcopus
3251 1464 3367 1521 sine
3404 1470 3585 1522 consi-

1999 1550 2071 1606 lio
2112 1551 2358 1617 fratrum,
2393 1553 2438 1607 si
2472 1554 2762 1608 necessitas
2793 1554 2982 1623 fuerit,
3030 1557 3363 1618 distrahendi
3396 1558 3589 1615 habeat

2000 1649 2344 1709 potestatem.

2080 1732 2265 1789 XLVI.
2300 1733 2365 1788 Ut
2395 1751 2564 1791 scrros
2588 1735 2833 1817 Ecclesia:
2860 1736 3095 1806 fugitivos
3123 1738 3337 1793 vendere
3369 1738 3517 1792 liceat

2655 1822 2917 1877 episcopo.

2070 1882 2343 1951 Fugitivns
2376 1886 2537 1938 etiam
2575 1884 2764 1940 domos
2806 1900 2931 1940 suas
2968 1896 3057 1939 aut
3084 1886 3308 1943 familias
3337 1888 3591 1944 deseren-

2000 1979 2102 2035 tes,
2127 1972 2213 2040 qui
2246 1973 2405 2028 etiam
2437 1976 2482 2029 si
2517 1976 2748 2030 revocati
2780 1976 2975 2031 fuerint
3011 1978 3178 2031 teneri
3211 1993 3313 2031 non
3341 1994 3373 2048 p
3395 1991 3586 2045 issunt,

1998 2061 2160 2114 simili
2188 2064 2398 2117 ratione
2429 2064 2495 2118 ab
2526 2066 2811 2134 episcopis,
2847 2066 2891 2121 si
2921 2067 3182 2121 Voluerint
3215 2077 3307 2122 aut
3335 2070 3377 2123 si
3409 2070 3479 2123 ita
3510 2070 3585 2123 illi

1998 2152 2318 2219 meruerint,
2351 2152 2733 2209 distrahantur.

1997 2240 2203 2297 XLVII.
2245 2242 2310 2296 Ut
2349 2255 2466 2298 ante
2496 2247 2703 2300 missam
2741 2247 2993 2314 expletam
3021 2248 3193 2319 egredi
3233 2251 3456 2320 papulas
3482 2269 3584 2306 non

2633 2326 2927 2384 prwsumat.

2068 2406 2257 2461 Missas
2303 2407 2388 2462 die
2441 2408 2711 2463 dominico
2756 2424 2790 2467 a
2825 2410 3171 2466 satcnlaribus
3217 2421 3354 2466 totas
3405 2416 3579 2470 teneri

1994 2498 2213 2566 speciali
2246 2499 2584 2554 ordinatione
2611 2502 2969 2570 prmcipimns,
3004 2504 3073 2557 ita
3108 2513 3163 2557 ut
3204 2515 3331 2561 ante
3369 2507 3586 2562 benedi-

1994 2588 2227 2642 etionem
2280 2590 2578 2646 sacerdotis
2608 2592 2788 2660 egredi
2822 2594 3048 2659 populus
3092 2610 3196 2647 non
3244 2608 3536 2664 prmsumat
3568 2615 3582 2653 :

1994 2679 2085 2747 qui
2118 2679 2163 2731 si
2195 2680 2445 2745 fecerint,
2479 2686 2547 2734 ab
2577 2682 2827 2750 episcopo
2862 2683 3068 2748 publice
3099 2683 3510 2741 confundantur.

2080 2768 2309 2823 XLVIII.
2342 2770 2419 2824 De
2438 2771 2587 2826 rebus
2616 2773 2844 2843 episcopi
2870 2775 3090 2843 prapriis
3120 2776 3194 2827 vel
3223 2777 3503 2845 acquisitis.

2067 2858 2333 2928 Quidquid
2363 2861 2647 2931 episcopus
2673 2863 2740 2917 de
2761 2878 2860 2917 suo
2886 2865 3102 2933 proprio
3125 2864 3302 2928 habet,
3330 2866 3396 2921 ad
3426 2869 3587 2923 lucre-

1997 2949 2092 3005 des
2124 2966 2248 3006 suos
2279 2953 2323 3005 si
2354 2954 2583 3007 voluerit
2630 2956 2997 3025 derelinquat;
3046 2956 3305 3024 quidquid
3354 2973 3483 3012 vero
3519 2962 3586 3015 de

1999 3042 2299 3109 provisione
2349 3044 2605 3100 Ecclesia:
2643 3046 2758 3101 sive
2803 3047 2870 3100 de
2920 3048 3060 3115 agris
3100 3048 3213 3102 sive
3242 3048 3309 3102 de
3352 3049 3586 3119 frugibus

292 3114 439 3184 piat,
478 3114 601 3183 quia
641 3127 763 3168 cum
806 3113 945 3182 apud
974 3112 1314 3169 Christianos
1344 3115 1479 3168 cibis
1519 3113 1895 3170 communibus

2000 3132 2112 3186 sive
2137 3132 2202 3187 de
2231 3134 2592 3190 oblationibus
2616 3177 2631 3201 ,
2660 3137 2835 3191 omnia
2866 3136 2918 3191 in
2964 3136 3085 3206 jure
3128 3138 3379 3195 Ecclesia:
3405 3155 3583 3196 reser-

295 3221 403 3260 non
434 3214 681 3269 utantur,
718 3205 991 3275 indignum
1024 3214 1106 3258 est
1134 3214 1293 3273 atque
1340 3205 1662 3273 sacrilegum
1705 3221 1893 3261 eorum

295 3297 447 3351 cibos
476 3310 507 3348 a
535 3294 859 3349 Christianis
888 3296 1053 3362 sumi,
1084 3311 1204 3351 cum
1232 3310 1293 3350 ea
1320 3312 1441 3365 quae
1481 3297 1742 3365 Apostolo
1775 3312 1897 3365 per-

265 3363 547 3441 .mittente
593 3400 691 3440 nos
721 3386 984 3440 sumimus
1024 3387 1093 3441 ab
1136 3388 1241 3441 illis
1266 3387 1571 3456 judicentur
1600 3389 1891 3456 immunda,

294 3495 358 3535 ac
392 3480 472 3535 sic
519 3478 804 3534 inferiores
832 3479 1087 3547 incipiant
1116 3494 1236 3535 esse
1265 3478 1553 3536 Christiani
1589 3495 1747 3550 quam
1792 3479 1894 3535 Ju-

294 3574 422 3637 dmi,
448 3576 493 3628 si
528 3588 630 3626 nos
654 3588 773 3642 qua:
798 3574 865 3628 ab
894 3573 1002 3627 illis
1028 3581 1367 3642 apponuntur
1394 3582 1627 3639 utamur,
1660 3574 1736 3629 illi
1767 3588 1893 3629 vero

294 3678 325 3716 a
359 3662 521 3717 nobis
552 3662 731 3716 oblata
761 3671 1128 3716 contemnant.
1578 3668 1581 3669 '

623 3771 759 3828 XLI.
799 3772 865 3827 Ut
896 3774 1095 3827 clericis
1126 3784 1316 3828 vetetur
1340 3775 1569 3829 ebrietas.

370 3864 513 3917 Ante
538 3863 720 3917 omnia
752 3863 961 3917 clericis
992 3872 1199 3918 vetetur
1229 3866 1481 3929 ebrietas,
1514 3879 1629 3933 quae
1654 3864 1891 3917 omnium

292 3957 556 4009 vitiorum
608 3951 780 4009 fomes
820 3970 881 4009 ac
947 3958 1126 4009 nutrix
1175 3967 1277 4011 est.
1334 3957 1515 4025 Itaque
1568 3974 1687 4011 cum
1733 3972 1889 4026 quem

292 4045 510 4099 ebrium
559 4044 725 4098 fuisse
773 4046 1094 4110 constiterit,
1128 4055 1183 4099 ut
1228 4048 1360 4100 ordo
1408 4046 1639 4115 patitur,
1673 4059 1762 4099 aut
1798 4047 1894 4099 tri-

292 4138 447 4203 ginta
473 4135 682 4188 dierum
706 4137 881 4204 spatio
902 4152 929 4190 a
962 4140 1338 4192 columnnione
1365 4140 1646 4192 statuimus
1678 4138 1893 4192 submo-

294 4226 562 4291 vendum,
598 4227 971 4293 autcorporali
1013 4228 1346 4282 subdendum
1377 4230 1657 4297 supplicio.

294 4316 463 4371 XLII.
500 4315 579 4370 De
618 4320 869 4389 sortilegis
900 4321 975 4372 vel
995 4323 1209 4390 auguria
1236 4321 1606 4375 observantibus
1633 4332 1686 4375 ut
1713 4321 1777 4374 ab
1804 4333 1892 4373 ee-

834 4391 985 4442 clesia
1037 4404 1351 4460 separentur.

1998 3239 2129 3278 vare
2158 3226 2485 3281 censuimus.

1995 3313 2158 3386 240
2187 3314 2369 3369 XLIX.
2404 3316 2480 3370 De
2506 3318 3001 3391 nonalienandisab
3040 3322 3276 3391 episwpo
3302 3325 3448 3375 rebus
3482 3321 3587 3376 Ee-

2495 3386 2686 3449 clesiat,
2715 3398 2763 3442 et
2794 3390 2855 3441 de
2878 3390 2946 3442 lib
2976 3386 3087 3443 rtis.

2070 3475 2331 3530 Diaconus
2358 3477 2439 3531 vel
2471 3478 2748 3548 presbyter
2794 3480 2847 3533 in
2895 3481 3142 3548 parochia
3183 3484 3456 3537 constituti
3506 3484 3575 3538 de

1996 3567 2158 3621 rebus
2193 3568 2439 3623 ecclesiae
2483 3571 2584 3624 sibi
2634 3570 2854 3625 creditis
2900 3573 3032 3627 nihil
3080 3576 3309 3628 audeant
3337 3591 3583 3629 comnm-

1998 3664 2129 3721 tare,
2161 3659 2392 3713 vendere
2420 3661 2501 3715 vel
2532 3660 2754 3727 donare,
2798 3663 2917 3731 quia
2948 3679 3034 3718 res
3073 3678 3294 3719 sacrata:
3326 3666 3436 3721 Deo
3465 3682 3586 3722 esse

1997 3757 2310 3803 noscuntur.
2342 3750 2602 3805 Similiter
2632 3761 2686 3806 ct
2713 3754 3020 3809 sacerdotes
3050 3756 3179 3809 nihil
3201 3756 3267 3811 de
3300 3758 3462 3812 rebus
3493 3773 3583 3813 cc-

1995 3838 2172 3892 clesiae
2224 3839 2325 3893 sibi
2371 3842 2705 3908 commissis,
2740 3855 2796 3897 ut
2841 3847 3088 3913 superius
3136 3847 3584 3914 comprehensum

1997 3938 2097 3992 est,
2126 3929 2405 3982 emutilare
2438 3929 2526 4000 [Β.
2559 3930 2647 3995 IL,
2680 3932 2945 4002 emutare]
2976 3945 3300 4001 praesumant
3326 3953 3338 3987 :
3366 3936 3505 4005 quod
3538 3937 3583 3989 si

1996 4018 2173 4073 facere
2201 4018 2489 4082 voluerint,
2533 4019 2762 4073 convicti
2806 4020 2859 4074 in
2891 4024 3118 4075 concilio
3164 4035 3218 4077 et
3270 4025 3338 4077 ab
3382 4026 3617 4079 honore'

1995 4109 2220 4177 depositi
2244 4109 2313 4164 de
2345 4124 2443 4163 suo
2467 4111 2683 4178 proprio
2704 4111 2847 4164 aliud
2878 4122 3078 4166 tantum
3106 4114 3389 4167 restituant
3412 4131 3585 4183 quan-

1999 4209 2107 4253 tum
2135 4199 2233 4254 visi
2270 4209 2395 4253 sunt
2427 4201 2854 4271 prmsumpsisse.
2898 4203 3038 4256 Sane
3086 4206 3130 4256 si
3162 4205 3281 4272 quis
3320 4220 3414 4271 pro
3455 4220 3587 4273 qua-

1996 4292 2127 4345 libet
2167 4291 2472 4347 conditione
2515 4292 2583 4347 de
2626 4294 2782 4348 rebus
2812 4294 3055 4349 ecclesia:
3101 4295 3297 4363 aliquid
3343 4296 3581 4351 alienare

1996 4382 2248 4449 voluerit,
2278 4381 2319 4436 si
2350 4382 2417 4436 de
2456 4398 2554 4438 suo
2585 4387 2801 4453 prOprio
2832 4394 3033 4438 tantum
3066 4387 3306 4441 ecclesia!
3340 4390 3583 4444 contule-

374 4480 455 4533 Λα
484 4494 551 4533 ne
584 4478 635 4532 id
665 4476 893 4534 fortasse
920 4480 1161 4535 videatur
1188 4481 1444 4535 omissum
1483 4481 1623 4549 quod
1666 4482 1892 4539 maxime

2006 4473 2074 4527 rit
2100 4484 2353 4541 quantum
2386 4476 2537 4528 visus
2565 4484 2646 4529 est
2699 4474 3015 4541 abstulisse,
3051 4485 3175 4532 tunc
3207 4478 3417 4532 demum
3453 4480 3580 4533 illud

296 4569 467 4623 ﬁdem
505 4568 779 4623 catholica:
828 4570 1104 4638 religionis
1156 4568 1406 4635 infestat,
1449 4573 1588 4640 quod
1634 4573 1892 4641 aliquanti
1930 4565 1937 4573 ’

293 4658 487 4711 clerici
516 4658 595 4711 vel
627 4659 743 4711 laici
773 4660 991 4713 student
1016 4662 1276 4729 auguriis,
1306 4670 1363 4714 et
1391 4662 1489 4714 sub
1519 4664 1732 4716 nomine
1757 4664 1893 4719 ﬁctae

295 4750 601 4819 religionis,
624 4766 758 4816 quas
779 4762 1087 4805 sanctorum
1110 4763 1285 4807 sortes
1309 4763 1520 4817 vocant,
1549 4754 1895 4810 divinationis

294 4842 582 4896 scientiam
607 4842 924 4907 proﬁtentur
944 4852 1037 4895 aut
1052 4859 1491 4913 quarumcunque
1513 4846 1894 4913 scripturarum

293 4935 638 5000 inspectione
668 4937 835 4988 Iutura
870 4935 1187 5003 promittunt
1219 4956 1230 4988 :
1264 4937 1366 4990 hoc
1395 4938 1555 5008 239
1594 4939 1897 5009 quicunque

291 5025 538 5077 clericus
567 5024 650 5077 vel
700 5024 865 5077 laicus
897 5026 1141 5080 detectus
1190 5026 1346 5081 fuerit
1374 5030 1453 5080 vel
1501 5030 1784 5083 consulere
1819 5032 1898 5085 \el

289 5114 525 5178 docere,
548 5113 615 5165 ab
647 5114 885 5168 Ecclesia
918 5116 1177 5169 habeatur
1206 5125 1513 5170 extraneus.

288 5206 488 5261 XLIII.
542 5206 624 5259 Νι
662 5209 729 5260 de
764 5209 1119 5277 paenitentibus
1160 5210 1375 5262 clericus
1415 5212 1712 5277 ordinetur,
1760 5223 1804 5266 et
1849 5223 1900 5266 ttt

695 5281 955 5349 presbyter
983 5279 1148 5331 altare
1179 5296 1281 5332 non
1321 5281 1499 5350 erigat.

372 5366 455 5420 De
500 5369 889 5435 pcenitentihus
920 5369 971 5423 id
1012 5369 1208 5436 placuit
1236 5370 1509 5423 observari
1559 5373 1699 5440 quod
1731 5379 1898 5431 sancti

286 5459 496 5513 Patres
542 5460 709 5512 nostri
755 5458 805 5511 in
856 5458 1100 5530 synodali
1146 5462 1411 5513 sententia
1468 5469 1792 5531 statuerunt,
1846 5473 1903 5517 ut

372 5599 401 5627 ο
434 5589 497 5641 Ε.
534 5592 584 5654 5,
630 5588 721 5656 υ,
771 5592 1082 5646 ministrare.
1132 5590 1247 5657 AL,
1281 5592 1338 5647 Β.
1364 5592 1449 5660 IL,
1478 5594 1765 5648 ministrare
1791 5598 1902 5649 dia-

288 5676 491 5716 (011113.

367 5735 396 5773 ιι
433 5728 527 5795 U.,
564 5728 645 5785 Ne
672 5730 955 5804 presbyter,
989 5742 1246 5802 .prwsente
1276 5736 1550 5806 episcopo,
1592 5733 1898 5792 benedictio-

1995 4572 2141 4617 stare
2184 4563 2392 4628 licebit;
2444 4564 2514 4617 ita
2559 4573 2735 4619 tamen
2787 4566 3041 4630 libertos,
3070 4582 3203 4631 quos
3247 4570 3579 4636 sacerdotes,

1997 4653 2357 4721 presbyteres,
2394 4653 2647 4709 diaconos
2678 4655 2745 4710 de
2773 4658 2997 4711 ecclesia
3041 4659 3139 4711 sibi
3186 4663 3470 4715 commissa
3501 4663 3581 4715 fa-

1998 4759 2121 4797 cere
2172 4745 2470 4809 voluerint,
2518 4756 2670 4800 actus
2711 4748 2954 4801 ecclesia:
2995 4749 3241 4818 prosequi
3292 4751 3579 4819 iubemus:

2000 4831 2138 4900 quod
2178 4832 2221 4885 si
2256 4831 2432 4885 facere
2479 4837 2931 4904 contempserint,
2980 4839 3177 4907 placuit
3213 4855 3307 4895 eos
3341 4841 3407 4895 ad
3458 4857 3583 4911 pro-

2002 4924 2172 4988 prium
2203 4924 2402 4975 reverti
2433 4924 2726 4980 servitium.

2109 5010 2167 5062 L.
2200 5009 2278 5064 De
2298 5011 2493 5065 clericis
2519 5014 2605 5083 qui
2633 5015 2823 5069 crimen
2866 5019 3083 5089 capitale
3110 5020 3467 5073 commiserint.

2073 5104 2127 5157 Si
2155 5105 2469 5173 cpiscOpus,
2500 5107 2779 5175 presbyter
2811 5110 2892 5163 vel
2920 5111 3175 5164 diaconus
3206 5112 3406 5164 crimen
3435 5113 3580 5176 capi-

2005 5196 2107 5249 tale
2134 5199 2502 5252 cctnmiserint
2542 5208 2629 5253 aut
2662 5201 2899 5253 chartam
2947 5201 3253 5255 falsaverint
3294 5214 3381 5256 aut
3429 5209 3580 5257 testi-

2003 5286 2237 5339 monium
2270 5287 2457 5341 falsum
2484 5288 2735 5353 dixerint,
2760 5293 2825 5341 ab
2854 5292 3013 5343 olticii
3045 5294 3245 5345 honore
3277 5294 3502 5362 depositi
3529 5300 3577 5351 in

2005 5378 2383 5431 monaSIerium
2411 5378 2779 5441 retrudantur,
2813 5390 2865 5433 et
2898 5381 2971 5433 ibi
3006 5372 3374 5440 tantummodo
3402 5403 3573 5456 quan-

2005 5466 2093 5520 diu
2123 5468 2348 5522 vixerint
2381 5467 2568 5522 laicam
2601 5470 3030 5527 communionem
3055 5476 3335 5545 accipiant.

2009 5618 2142 5682 nent.
2177 5610 2279 5653 etc.
2316 5593 2652 5682 lienedicere,
2696 5617 2938 5672 prtcsente
2980 5609 3249 5678 episcopo,
3286 5611 3577 5682 presbytero

2010 5673 2205 5739 penitus
2229 5688 2326 5725 non
2356 5672 2542 5728 licebit.
