4060 6184
487 319 587 376 ‘17!

1201 310 1572 371 COLLECTIO
1611 305 1938 365 CANONULI
1982 304 2038 359 S.
2082 301 2352 360 ISIDUIiO
2395 300 2665 357 IIISPAL.
2710 299 3064 357 ASCRIPTA.

3654 296 3759 351 2732

562 441 645 497 LI.
689 438 763 493 De
799 434 1046 505 episCOpis
1070 431 1651 505 quiqpertestamentum
1691 426 1753 479 de
1781 426 1928 479 rebus
1966 419 2067 473 Ec-
2098 424 2143 479 A
2175 419 2447 485 breviata,
2492 419 2857 486 paenitentiam
2901 416 3097 471 biennii
3135 414 3439 469 conditione
3489 414 3759 470 infrascri-

918 499 1089 559 desire
1104 501 1297 571 aliquid
1318 499 1638 552 contulerint.

558 604 615 658 Si
644 600 928 670 cpiscopus
956 594 1172 650 condito
1209 598 1530 645 testamento
1574 588 1770 657 aliquid
1802 587 1867 641 de
1899 587 2071 642 eccle-

489 693 690 750 siastici
711 690 845 761 juris
885 686 1215 757 proprietate
1245 681 1524 752 legaverit,
1560 682 1711 735 aliter
1742 694 1844 735 non
1874 679 2074 733 valebit

491 788 593 842 nisi
622 793 827 839 tantum
852 782 917 835 de
946 779 1083 848 juris
1118 777 1319 846 proprii
1354 775 1606 829 facultate
1633 774 1983 841 suppleverit.

490 878 599 933 LII.
642 876 715 929 De
751 872 946 927 clericis
966 869 1069 939 qui
1105 869 1212 947 sine
1257 867 1483 937 epistolis
1521 867 1602 918 sui
1648 865 1867 934 episcOpi
1915 863 2075 931 proﬁ-

1143 949 1420 990 ειεοαηιιιν.

562 1036 852 1107 Presbyter
880 1041 972 1085 aut
1000 1030 1258 1084 diaconus
1289 1030 1372 1082 vel
1398 1029 1629 1083 clericus
1665 1028 1782 1080 sine
1821 1023 2075 1078 antisritis

496 1128 580 1183 sui
610 1126 848 1195 epistolis
892 1121 1202 1183 ambulans,
1231 1119 1663 1173 communionem
1694 1118 1741 1171 ei
1780 1117 1951 1169 nullus
1979 1114 2077 1167 im-

491 1218 708 1289 pendat.

564 1308 694 1363 LIII.
733 1306 808 1360 De
844 1304 1148 1374 presbyteris
1179 1302 1525 1374 paroeltitanis
1568 1316 1648 1353 res
1678 1298 1901 1353 ecclesire
1930 1300 2008 1351 di-

1094 1373 1456 1426 straltent’tbus.

563 1469 831 1540 Quidquid
876 1466 1250 1536 parochiarum
1290 1464 1571 1533 presbyter
1620 1462 1687 1516 de
1731 1458 2078 1515 ecclesiastici

490 1564 628 1633 juris
659 1559 1000 1630 possessione
1041 1556 1383 1622 distraxerit,
1426 1557 1582 1609 inane
1610 1553 1870 1607 habeatur
1911 1560 1965 1605 et
1993 1564 2080 1603 va-

496 1670 676 1717 cuum,
704 1652 963 1707 venditori
991 1659 1013 1685 θ
1047 1649 1406 1717 comparantis
1429 1647 1638 1702 actione
1667 1654 1932 1700 vertente.

498 1745 627 1800 LIV.
656 1743 733 1797 De
758 1744 944 1797 eisdem
968 1751 1017 1794 ut
1045 1739 1290 1811 quidquid
1313 1739 1525 1790 exuerint
1556 1738 1606 1789 in
1640 1738 1840 1789 nomine
1859 1735 2081 1789 ecclesia:

1128 1818 1436 1878 comparent.

570 1906 856 1976 Presbyter
884 1908 1007 1958 dum
1042 1902 1312 1956 dioecesim
1347 1907 1508 1959 tenet,
1549 1897 1615 1952 de
1657 1898 1739 1951 his
1779 1896 1933 1967 241
1963 1910 2077 1964 quae

504 2002 694 2055 emerit
723 2000 787 2053 ad
832 1997 1078 2051 ecclesiae
1111 2010 1299 2049 nomen
1332 1993 1647 2059 scripturam
1681 1991 1867 2051 faciat,
1894 1999 1982 2042 aut
2012 1989 2079 2042 ab

505 2092 622 2162 ejus
642 2106 801 2160 quam
826 2088 991 2143 tenuit
1018 2086 1259 2141 ecclesia:
1290 2082 1624 2136 ordinatione
1651 2081 1907 2135 discedat.

498 2183 607 2238 LV.
645 2181 710 2237 Ut
754 2180 1037 2235 sacerdotes
1074 2189 1115 2229 et
1161 2177 1320 2228 levita:
1360 2174 1566 2226 canibus
1604 2174 1669 2225 ad
1708 2174 1997 2227 venandum
2039 2184 2083 2224 et

944 2247 1270 2315 accipitribus
1294 2262 1395 2299 non
1424 2254 1647 2297 utantur.

578 2348 879 2419 Episcopis,
920 2343 1271 2415 presbyteris,
1302 2340 1541 2395 diaconis
1568 2338 1633 2394 ad
1668 2336 1967 2392 venandum
1999 2351 2087 2389 ca-

504 2455 602 2496 nes
631 2451 721 2493 aut
770 2439 1050 2507 accipitres
1094 2435 1292 2491 habere
1335 2448 1439 2487 non
1486 2431 1684 2485 liceat:
1720 2430 1858 2499 quod
1897 2428 1940 2481 si
1969 2427 2087 2496 quis

506 2537 688 2587 talium
720 2548 1064 2599 personarum
1096 2531 1145 2582 in
1189 2529 1286 2582 hac
1317 2528 1588 2580 volumate
1618 2520 1876 2583 detectus,
1910 2520 1954 2572 si
1980 2518 2091 2585 cpi-

507 2640 699 2694 scopus
720 2633 824 2685 est,
852 2624 1015 2676 tribus
1033 2620 1305 2674 mensibus
1332 2633 1389 2671 se
1412 2632 1438 2669 a
1464 2615 1837 2669 communione
1867 2625 2091 2676 suspen-

506 2718 635 2780 dat,
682 2717 964 2785 presbyter
1012 2712 1217 2765 duobus
1265 2709 1538 2764 mensibus
1588 2705 1938 2765 abstineatur,
1986 2717 2091 2755 uno

508 2806 766 2859 diaconus
793 2808 858 2857 ab
881 2803 1023 2857 omni
1055 2801 1228 2853 officio
1260 2799 1340 2853 vel
1367 2795 1741 2852 communione
1769 2792 2019 2847 cessabit.

507 2896 642 2955 LIII.
673 2897 747 2952 De
774 2892 1142 2951 eruditionibus
1168 2907 1296 2964 quas
1323 2890 1523 2944 abbatcs
1552 2887 1723 2959 facere
1756 2890 2091 2956 pra’sumunt.

581 2990 639 3044 In
669 2987 1062 3043 venditionibus
1090 2999 1224 3054 quas
1263 2982 1482 3036 abbates
1524 2978 1703 3034 facere
1743 2987 2092 3047 pra-sumpse-

508 3082 619 3137 rint
659 3081 773 3133 hazc
814 3078 985 3132 forma
1017 3084 1278 3138 servetur,
1311 3080 1371 3126 ut
1405 3069 1659 3141 quidquid
1702 3068 1817 3122 sine
1852 3065 2089 3135 episcopi

509 3175 694 3228 notitia
724 3172 999 3226 venditum
1055 3168 1234 3229 fuerit,
1264 3165 1329 3219 ad
1375 3172 1694 3233 pmestatem
1738 3157 1973 3227 episcopi
2006 3171 2089 3210 re-
2118 3130 2167 3196 (ἶ

509 3270 732 3318 voretur
765 3279 777 3313 :
812 3258 1075 3327 mancipia
1108 3271 1235 3310 vero
1286 3255 1561 3308 monachis
1608 3253 1800 3307 donata
1829 3250 1896 3304 ab
1928 3248 2092 3302 abba-

510 3352 650 3407 tibus
681 3366 786 3405 non
820 3351 973 3403 liceat
1000 3346 1332 3409 ntantttnitti;
1366 3341 1624 3412 injuStum
1648 3342 1788 3395 enim
1822 3347 2090 3407 putamus,

514 3452 571 3496 ut
628 3440 908 3496 monachis
949 3436 1320 3508 quotidianum
1373 3434 1547 3488 rurale
1594 3447 1729 3502 opus
1779 3428 2094 3485 facientibus

514 3532 656 3589 servi
684 3546 871 3586 eorum
904 3529 1164 3584 libertatis
1192 3529 1299 3579 otio
1329 3524 1618 3595 potiantur.
1948 3510 1955 3520 ’

582 3623 738 3677 LVII.
776 3621 858 3675 Ne
880 3636 1009 3673 unus
1040 3618 1193 3670 abbas
1222 3616 1417 3669 duobus
1442 3614 1677 3667 coenobiis
1699 3615 2019 3680 prceferatur.

584 3715 756 3767 linunt
806 3712 1053 3764 abbatem
1093 3707 1301 3761 duobus
1342 3703 1682 3759 monasteriis
1728 3701 2096 3756 interdicimus

512 3803 825 3874 prmsidere.

584 3895 764 3951 LVIII.
800 3893 883 3950 Ne
914 3890 1273 3947 monasterium
1302 3890 1410 3942 sine
1438 3889 1616 3943 notitia
1646 3888 1868 3959 episwpi
1899 3902 2025 3941 con-

1174 3970 1423 4015 struatur.

587 4056 820 4110 (Iellulas
849 4070 1014 4110 novas
1037 4062 1128 4108 aut
1152 4051 1685 4123 congregatiunculas
1712 4050 2096 4104 monachorum

516 4152 717 4219 absque
745 4149 978 4219 episcopi
1009 4149 1189 4202 notitia
1220 4146 1563 4214 prohibemus
1594 4144 1818 4199 institui.

515 4244 651 4301 LIX.
698 4242 772 4296 De
810 4242 959 4298 rebus
998 4241 1221 4294 ecclesia:
1262 4240 1379 4291 usui
1414 4238 1616 4290 collatis
1639 4246 1694 4289 ut
1722 4234 2101 4303 praescriptione

928 4312 1172 4377 temporis
1198 4326 1299 4362 non
1327 4309 1691 4377 defenduntur.

589 4405 780 4460 Clerici
825 4402 1101 4473 quodlibet
1129 4400 1290 4455 etiam
1325 4406 1733 4467 quantacunque
1757 4393 2106 4449 diuturnitate

2178 520 2281 579 ptze
2302 510 2691 565 observationis
2738 510 3082 578 imponimus,
3127 518 3179 562 ut
3208 507 3516 577 praescripto
3546 506 3762 561 biennio

2179 603 2335 656 tertia
2362 603 2447 656 die
2478 604 2593 658 sine
2624 601 2953 657 relaxatioiie
2978 601 3221 672 jejunent
3249 611 3298 655 et
3334 600 3613 656 ecclesiam
3644 609 3760 655 stu-

2178 693 2339 748 deant
2391 695 2759 762 frequentare,
2812 694 2862 747 in
2913 692 3266 763 ptenitcntum
3330 691 3446 746 loco
3488 695 3662 749 standi
3710 701 3761 747 et

2176 784 2361 837 orandi
2395 787 2744 839 humilitatem
2790 786 3037 839 noverint
3066 785 3475 851 observandam,
3516 799 3570 840 ut
3600 788 3761 843 etiam

2180 873 2279 941 ipsi
2313 890 2432 927 cum
2479 874 2844 929 catt-cliumeni
2887 874 3063 943 egredi
3115 884 3524 929 conimoncntur
3567 878 3777 933 absce-'

2178 967 2324 1020 dant.
2357 966 2541 1051 lloc.si
2570 967 2857 1021 observare
2887 964 3168 1028 voluerint,
3200 963 3490 1020 consuituto
3520 973 3765 1038 tempore
3852 969 3856 973 ’

2179 1058 2524 1112 admittendis
2553 1057 2616 1110 ad
2651 1058 2893 1111 altarium
2922 1058 3227 1112 ob~ervatio
3275 1057 3576 1123 relaxetur;
3622 1059 3764 1128 quod

2180 1150 2225 1203 si
2246 1150 2407 1204 ardua
2440 1150 2524 1203 vel
2552 1149 2683 1203 dura
2714 1148 2848 1202 torte
2879 1148 3205 1218 putaverint,
3237 1156 3431 1202 statuta
3459 1150 3761 1218 praeterito-

2180 1256 2296 1295 rum
2324 1256 2586 1295 canonum
2617 1240 2842 1308 implere
2871 1239 3161 1293 debebunt.

2578 1329 2711 1383 LXI.
2745 1326 2821 1382 De
2849 1328 3049 1383 incestis
3089 1329 3367 1400 conjugiis.

2257 1421 2328 1475 De
2350 1420 2564 1475 incestis
2586 1419 3047 1487 conjunctiOnillus
3078 1418 3205 1473 nihil
3233 1434 3447 1487 prorsus
3481 1421 3650 1475 venire
3685 1437 3769 1475 rc-

2182 1527 2456 1566 servamus
2490 1512 2588 1565 nisi
2632 1527 2750 1566 cum
2797 1510 3114 1566 adulterium
3166 1511 3504 1579 separatione
3540 1526 3769 1567 sanave-

2184 1604 2293 1658 riut
2325 1622 2339 1658 :
2380 1604 2611 1658 incestos
2640 1618 2765 1657 vero
2796 1602 2936 1655 nullo
2974 1601 3204 1671 conjugii
3245 1603 3462 1656 nomine
3506 1602 3770 1671 deputan-

2188 1696 2307 1762 dos,
2351 1711 2485 1766 quos
2522 1695 2680 1749 etiam
2713 1693 2995 1763 designare
3027 1692 3294 1746 funestum
3325 1702 3405 1747 est
3440 1711 3451 1745 :
3489 1694 3584 1748 hos
3625 1698 3765 1749 enim

2114 1777 2159 1836 B
2187 1802 2306 1842 esse
2335 1800 2618 1841 censemus
2652 1802 2664 1839 :
2697 1787 2740 1838 si
2790 1785 2908 1853 quis
2950 1783 3186 1837 relictam
3232 1784 3429 1848 fratris,
3475 1800 3590 1854 qua:
3636 1799 3771 1854 pene

2180 1879 2330 1946 prius
2361 1891 2513 1931 soror
2545 1875 2854 1940 eXStiterat,
2886 1873 3087 1927 carnali
3118 1873 3498 1942 conjunctione
3529 1875 3769 1929 violave-

2181 1971 2293 2025 rit:
2343 1970 2386 2023 si
2415 1969 2533 2038 quis
2574 1967 2750 2020 fratris
2779 1978 3084 2035 germanam
3119 1978 3337 2018 uxorem
3384 1965 3614 2034 accipiat
3658 1982 3669 2015 :
3724 1966 3768 2019 si

2181 2063 2301 2131 quis
2324 2071 2612 2112 novercam
2636 2055 2851 2110 duxerit
2877 2072 2889 2107 :
2915 2056 2958 2109 si
2978 2055 3095 2124 quis
3118 2053 3453 2108 constlbrinzn
3471 2055 3771 2109 sobrinzcve

2184 2168 2241 2207 se
2272 2149 2462 2217 societ,
2493 2148 2635 2218 quod
2668 2149 2739 2201 ita
2770 2150 3017 2216 praesenti
3048 2153 3288 2215 tempore
3316 2146 3679 2213 prohibemus,
3718 2154 3774 2200 ut

2184 2259 2243 2299 θλ
2278 2257 2395 2313 qua:
2419 2251 2543 2296 sunt
2572 2249 2695 2295 ante
2737 2255 2832 2292 nos
2873 2238 3109 2293 instituta
3141 2253 3248 2291 non
3292 2237 3645 2290 dissolvamus
3681 2252 3697 2289 :
3728 2237 3771 2289 si

2187 2338 2304 2405 quis
2338 2335 2538 2389 relicta:
2572 2333 2656 2386 vel
2698 2332 2818 2385 lilia:
2860 2330 3104 2383 avunculi
3153 2330 3441 2384 misceatur
3470 2340 3558 2381 aut
3607 2326 3773 2397 patris

2190 2428 2311 2481 tiliae
2357 2425 2443 2481 vel
2493 2425 2747 2493 privigom
2787 2438 2895 2475 suze
2944 2421 3229 2474 concubitu
3276 2420 3539 2490 polluatur
3581 2436 3592 2471 :
3645 2433 3772 2473 sane

2189 2521 2382 2589 quibus
2433 2518 2740 2587 conjunctio
2807 2515 2989 2569 illicita
3057 2514 3437 2581 interdicitur,
3498 2513 3773 2568 habebunt

2192 2611 2405 2663 ineundi
2436 2608 2671 2662 melioris
2695 2606 2927 2676 c0ojugii
2957 2606 3275 2659 libertatem.

2264 2698 2419 2750 LXII.
2458 2697 2530 2749 Ile
2550 2695 2628 2748 Itis
2657 2697 2741 2765 qui
2763 2711 2928 2749 servos
2956 2711 3068 2748 suos
3092 2704 3233 2747 extra
3249 2694 3479 2765 judicent
3500 2704 3699 2747 necant.

2263 2790 2461 2859 Siquis
2490 2803 2704 2843 servum
2755 2788 3024 2859 proprium
3072 2790 3184 2842 sine
3231 2788 3552 2842 consi‘ientia
3580 2787 3780 2853 judicis

2193 2879 2471 2948 occiderit,
2504 2880 3058 2937 excommunicatioue
3103 2879 3183 2934 vel
3224 2879 3536 2951 pcenitentia
3576 2879 3779 2938 biennii

2195 2990 2398 3034 reatum
2430 2979 2701 3049 sanguinis
2733 2979 3061 3034 cmundabit.

2199 3071 2380 3125 LXIII.
2414 3068 2491 3125 De
2536 3071 2679 3151 (uicis
2708 3072 2797 3153 qui
2841 3072 2892 3124 in
2941 3069 3344 3144 solemnitatibus
3384 3069 3660 3136 maioribus
3710 3072 3780 3123 ad

2624 3150 2871 3193 civitatem
2899 3157 2998 3193 non
3030 3150 3356 3194 concurrunt.

2269 3233 2347 3299 Si,
2381 3242 2438 3287 ut
2475 3246 2656 3302 supra,
2707 3232 2850 3286 cives
2897 3232 3230 3299 superiorum
3283 3228 3534 3284 natalium
3582 3227 3609 3264 δ
3663 3230 3778 3283 noti

2199 3324 2419 3379 Pascha:
2446 3338 2508 3379 ac
2539 3322 2739 3377 Natalis
2771 3320 2981 3376 Domini
3011 3320 3286 3375 fcstivitati
3321 3319 3455 3375 sicut
3488 3321 3779 3389 episc0pns

2199 3418 2458 3470 interesse
2503 3414 2854 3485 neglexerint,
2902 3412 2953 3466 in
2996 3412 3187 3482 quibus
3235 3411 3537 3466 civitatibus
3576 3414 3780 3481 positos

2198 3507 2521 3576 accipiendae
2549 3506 2942 3562 communionis
2970 3505 3051 3559 vel
3094 3504 3478 3560 benedictionis
3504 3504 3780 3560 desiderio

2199 3599 2476 3662 noverint;
2504 3596 2593 3665 qui
2626 3597 2727 3651 hoc
2760 3596 2935 3652 facere
2972 3593 3332 3664 neglexerint,
3366 3593 3593 3647 triennio
3622 3608 3779 3648 com-

2199 3688 2451 3742 munione
2482 3687 2755 3755 priventur
2786 3686 3054 3742 Ecclesiae.

2200 3780 2382 3836 LXIV.
2432 3778 2509 3834 De
2536 3780 2732 3834 clericis
2776 3780 2863 3849 qui
2909 3778 2970 3832 ab
3010 3778 3234 3833 ecclesia:
3275 3778 3448 3847 ofﬁcio
3478 3776 3652 3831 diebus
3691 3792 3779 3830 sa-

2751 3850 2996 3903 lemnibus
3024 3852 3222 3903 desunt.

2272 3934 2325 3990 Si
2355 3934 2471 4001 quis
2498 3932 2552 3986 in
2580 3931 2726 3988 clero
2756 3931 3074 3986 constitutus
3105 3929 3171 3983 ab
3199 3928 3425 3984 ecclesia
3468 3941 3563 3982 sua
3591 3925 3786 3982 diebus

2202 4027 2535 4083 solemnibus
2560 4023 2807 4089 defuerit,
2840 4022 2889 4077 id
2914 4032 2996 4077 est
3020 4021 3306 4075 Nativitate
3333 4018 3565 4084 Domini,
3596 4027 3785 4071 sancta

2205 4118 2522 4190 Epiphania,
2556 4115 2757 4171 Pascha
2788 4115 2869 4168 vel
2901 4114 3213 4168 Pentecoste
3259 4110 3384 4164 dum
3417 4108 3591 4179 potius
3620 4118 3643 4146 ο
3674 4122 3787 4161 sm-

2202 4212 2471 4268 cularibus
2510 4209 2671 4263 lucris
2712 4207 2927 4260 student
2970 4219 3128 4273 quam
3170 4202 3388 4257 servitio
3422 4215 3521 4255 suo
3565 4212 3785 4269 parere,

2205 4303 2456 4358 convenit
2493 4307 2550 4353 ut
2589 4297 2748 4369 243
2794 4295 3023 4349 triennio
3066 4293 3443 4347 communione
3483 4290 3790 4357 suspenda-

2208 4405 2292 4451 tur
2335 4413 2345 4446 :
2381 4391 2624 4448 similiter
2648 4390 2904 4443 diaconus
2935 4386 3019 4442 vel
3048 4387 3327 4457 presbyter
3354 4386 3397 4438 si
3442 4393 3551 4438 tres
3580 4382 3793 4437 hebdo-

517 4495 771 4566 temporis
803 4495 869 4548 de
906 4490 1144 4547 ecclesiae
1191 4486 1619 4543 remuneratione
1648 4485 2001 4555 possederint,
2048 4484 2098 4538 in
2128 4493 2181 4553 ο
2211 4486 2391 4540 madas
2438 4484 2503 4537 ab
2555 4480 2777 4536 ecclesia
2827 4494 2920 4533 sua
2973 4476 3235 4543 defuerit,
3275 4476 3399 4531 huic
3450 4474 3795 4529 damnationi

516 4591 601 4658 jus
644 4584 912 4657 proprith
962 4579 1363 4652 prmscriptione
1410 4579 1668 4646 temporis
1709 4589 1813 4630 non
1858 4582 2097 4639 vocetur,

517 4676 809 4730 dummodo
845 4680 1023 4743 pateat
1050 4671 1290 4726 ecclesia:
1336 4683 1449 4723 rem
1495 4666 1685 4733 fuisse,
1729 4681 1793 4720 ne
1821 4664 2103 4719 videantur

517 4770 680 4822 et’am
712 4767 948 4836 episcopi
998 4761 1483 4819 administrationes
1517 4761 1746 4830 prolixus
1792 4768 1882 4813 aut
1910 4772 2099 4828 preca-

521 4860 685 4912 torias
710 4872 829 4912 cum
855 4858 1083 4912 ordinati
1107 4864 1231 4910 sunt
1257 4855 1431 4908 facere
1463 4853 1746 4915 debuisse,
1779 4861 1869 4905 aut
1897 4850 1988 4904 diu
2018 4865 2098 4905 re-

520 4957 695 5003 tentas
726 4949 996 5002 facultates
1045 4946 1353 5016 proprietati
1386 4959 1496 4997 sua:
1536 4956 1692 5011 posse
1718 4940 2097 4995 transcribere.

520 5040 633 5098 LX.
653 5038 727 5095 De
747 5039 903 5109 lapsis
919 5039 1008 5108 qui
1026 5037 1088 5090 de
1109 5034 1360 5088 catholica
1375 5035 1475 5102 [ide
1498 5035 1547 5086 in
1561 5033 1799 5085 Ineresrm
1817 5040 2099 5084 transeunt.

592 5133 800 5201 Lapsis,
833 5131 880 5183 id
900 5140 977 5184 est
997 5129 1083 5200 qui
1116 5129 1166 5182 in
1196 5127 1452 5182 catholica
1482 5125 1582 5178 fide
1612 5122 1697 5195 [Β.
1724 5120 1817 5189 R.,
1842 5120 2101 5191 Ecclesia]

521 5225 773 5292 baptizati
817 5221 1251 5292 prmvaricatione
1280 5216 1564 5271 damnabili
1597 5224 1715 5283 post
1750 5215 1802 5267 in
1842 5213 2101 5267 [nrt-sem

523 5315 880 5377 transierunt,
924 5314 1182 5383 grandem
1221 5308 1473 5367 redeundi
1518 5304 1879 5361 difﬁcultatem
1928 5306 2102 5358 sanxit

524 5407 841 5477 antiquitas;
888 5406 1078 5473 quibus
1120 5418 1239 5469 nos,
1283 5416 1541 5457 annorum
1572 5398 1732 5470 232
1772 5396 2104 5451 multitudine

598 5551 621 5577 α
658 5546 731 5596 Ex
769 5545 831 5599 U.
874 5541 930 5596 In
960 5540 1051 5605 Δ..
1080 5539 1411 5594 venditorem.
1440 5537 1495 5591 In
1539 5535 1777 5606 reliquis,
1823 5531 2099 5606 venditare.

596 5611 625 5650 ιο
663 5615 714 5666 In
755 5601 1080 5667 (Iudicibus:
1111 5610 1509 5664 solemnitatum.
1567 5601 1675 5659 Vni
1720 5601 1967 5658 natalium
2011 5601 2102 5652 de-

528 5692 735 5750 sumpta
756 5694 837 5735 est
865 5697 926 5735 es
961 5682 1064 5734 alio
1096 5676 1515 5750 textuCodicum
1541 5676 1625 5750 (Ε.
1652 5685 1705 5729 et
1729 5676 1787 5726 ll.
1810 5672 1900 5735 IL,
1921 5673 1971 5724 in
1997 5682 2102 5736 quo

525 5754 624 5811 sub
655 5746 1068 5807 Sententiarum
1115 5748 1330 5804 nomine
1379 5746 1563 5815 viginti
1612 5754 1662 5800 et
1712 5753 1820 5799 tres
1871 5753 2101 5797 canones

2202 4576 2533 4632 surcumbalt

2275 4668 2432 4722 LXV.
2474 4666 2548 4720 De
2576 4665 2735 4720 lenitis
2777 4681 2839 4719 ne
2868 4664 2975 4719 sine
2990 4666 3143 4733 jussu
3172 4660 3448 4731 presbyteri
3482 4657 3713 4713 sedeant.

2275 4759 2538 4826 Quoniam
2568 4772 2673 4811 non
2705 4766 2915 4825 oportet
2959 4754 3235 4807 diacnnem
3283 4750 3473 4805 sedere
3518 4757 3803 4815 praesente

2204 4852 2540 4920 presbytero,
2569 4848 2662 4901 sed
2689 4863 2751 4901 ex
2784 4846 3026 4915 jussione
3048 4839 3346 4911 presbyteri
3374 4838 3559 4894 sedeat
3588 4853 3602 4890 :
3631 4836 3802 4889 simi-

2204 4940 2326 4995 liter
2355 4949 2530 4993 autem
2579 4936 2955 4991 lii-norificetur
2997 4935 3250 4987 diaconus
3280 4946 3308 4985 a
3342 4927 3612 4984 ministris
3650 4926 3805 4981 infe-

2203 5029 2439 5084 rioribus
2460 5037 2516 5084 et
2542 5028 2790 5082 omnibus
2819 5025 3052 5080 clericis.

2205 5120 2390 5176 LXVI.
2435 5120 2509 5171 De
2551 5119 2795 5171 ministris
2842 5133 2903 5171 ne
2948 5118 3001 5168 in
3041 5114 3366 5168 secretarium
3401 5109 3803 5181 ingrediantur.

2274 5211 2532 5280 Quoniam
2578 5225 2682 5263 non
2709 5216 2923 5277 oportet
2966 5206 3243 5260 ministros
3287 5202 3553 5257 licentiam
3582 5198 3805 5253 habere

2206 5305 2255 5359 in
2287 5300 2652 5365 secretarium,
2683 5298 2823 5369 quod
2846 5298 3015 5353 Graeci
3041 5294 3352 5350 diaconicou
3379 5290 3668 5361 appellant,
3699 5288 3807 5342 in-

2203 5394 2352 5466 gredi
2377 5402 2431 5448 et
2458 5392 2767 5462 contingere
2794 5403 2917 5444 vasa
2946 5386 3232 5444 dominica.

2207 5532 2362 5600 hujus
2392 5525 2711 5601 Agathensis
2731 5522 2940 5601 concilii
2970 5530 3302 5601 repetuntur.
3410 5585 3421 5595 ο

2279 5580 2470 5663 3713:,"
2480 5580 2794 5661 Pentecoste,
2827 5592 3005 5650 Natali
3030 5580 3194 5649 sancti
3229 5585 3447 5645 Joannis
3485 5580 3562 5638 vel
3589 5585 3814 5635 structa

2207 5673 2408 5736 Mariis,
2443 5674 2563 5725 dum
2596 5670 2785 5738 potius.
