4060 6184
306 322 409 381 9.75

416 439 623 498 LXVII.
657 442 734 499 De
755 445 1018 502 catholicis
1044 465 1105 503 ne
1142 451 1490 509 Iiwreticorum
1522 457 1789 511 connubii:

942 520 1263 587 copulentur.

382 604 645 673 Quoniam
670 620 775 661 non
803 618 1018 677 oportet
1042 626 1164 665 cum
1198 615 1446 670 omnibus
1484 619 1755 674 haereticis
1794 619 1897 675 mi-

307 710 462 750 scere
490 698 773 762 connubia,
801 709 853 753 et
879 701 955 753 vel
988 700 1125 756 iilios
1149 705 1228 759 vel
1256 705 1390 759 tilias
1421 709 1572 773 dare,
1598 709 1693 764 sed
1719 711 1897 779 potius

307 787 577 853 accipere,
607 786 651 840 si
682 796 861 843 tamen
891 804 950 845 se
980 792 1298 860 proﬁtentur
1325 796 1663 856 Christianos
1693 802 1896 858 futuros

308 890 429 930 esse
455 876 774 932 catholicos.

307 987 536 1043 LXVIII.
573 988 650 1044 De
676 989 842 1047 levitis
875 1004 924 1049 et
952 996 1152 1080 clericis
1191 1019 1255 1057 ne
1282 1006 1420 1077 magi
1454 1010 1536 1085 rei
1556 1012 1896 1071 incantatores

1046 1081 1167 1126 ειηι.

377 1170 637 1237 Quoniam
666 1188 770 1229 non
797 1186 1008 1246 oportet
1040 1182 1319 1244 ministros
1340 1188 1521 1246 altaris
1547 1203 1638 1247 aut
1666 1195 1895 1252 clericos

303 1275 490 1328 magos
518 1272 606 1315 aut
637 1264 1001 1325 incantatores
1025 1286 1148 1329 esse
1177 1285 1270 1330 aut
1297 1277 1471 1335 facere
1496 1298 1613 1351 qua:
1643 1285 1892 1342 dicuntur

304 1353 659 1423 phylacteria,
686 1374 800 1428 qua:
824 1371 947 1416 sunt
971 1379 1159 1435 magna
1177 1369 1532 1441 obligamenta
1558 1380 1850 1435 animarum
1876 1402 1888 1437 :

304 1444 401 1497 hos
444 1457 622 1501 autem
672 1452 759 1519 qui
812 1452 1003 1510 talibus
1046 1466 1265 1515 utuntur
1317 1464 1502 1535 prnjici
1545 1469 1613 1524 ab
1664 1472 1890 1527 ecclesia

296 1548 576 1601 jussunus.

751 1630 938 1689 LXIX.
972 1635 1049 1692 De
1077 1641 1441 1700 seditionariis.

370 1737 757 1796 Seditionarios
792 1760 1065 1817 nunquam
1112 1753 1440 1813 ordinandos
1471 1762 1717 1834 clericos,
1750 1769 1888 1825 sicut

299 1844 399 1883 nec
428 1833 699 1888 usurarios
723 1837 806 1890 ve‘l
838 1837 1153 1908 injuriarum
1182 1860 1397 1902 suarum
1433 1853 1652 1910 ultores.

458 1922 621 1978 LXX.
652 1924 732 1980 Dc
753 1931 1055 1987 scurrilibus
1084 1945 1128 1990 et
1149 1938 1473 2005 jocularibus
1502 1948 1717 2004 clericis.

366 2013 631 2071 Clericum
673 2023 955 2078 scurrilem
988 2035 1040 2079 et
1089 2028 1265 2086 verbis
1309 2034 1554 2104 turpibus
1586 2039 1884 2108 jocularem

295 2103 363 2158 ab
388 2105 565 2162 ofﬁcio
593 2113 999 2170 retrahendum.

419 2198 606 2256 LXXI.
642 2201 718 2257 De
738 2207 932 2275 synodo
959 2210 1110 2264 armis
1137 2212 1351 2285 singulis
1380 2222 1759 2290 congreganda.

367 2286 644 2359 Synodum
674 2294 833 2350 etiam
880 2301 1178 2357 secundum
1218 2286 1507 2364 constituta
1544 2312 1757 2369 Patrum
1790 2332 1886 2369 an-

294 2377 383 2431 nis
415 2380 642 2449 singulis
690 2385 882 2452 placuit
911 2397 1229 2464 congregari
1260 2414 1272 2449 :
1308 2408 1363 2454 et
1408 2402 1531 2469 quia
1586 2405 1637 2457 in
1671 2407 1885 2463 nomine

294 2470 511 2525 Domini
541 2476 784 2532 omnibus
827 2481 1113 2539 salubriter
1150 2490 1455 2546 constitutis
1495 2494 1732 2563 synodus
1762 2513 1881 2552 cum

291 2572 430 2625 pace
467 2562 770 2632 dimittitur,
801 2574 1000 2638 gratias
1042 2575 1202 2648 244
1249 2579 1358 2635 Deo
1401 2562 1625 2652 agimus,
1665 2598 1883 2645 orantes

287 2647 413 2715 ejus
441 2651 780 2711 clementiam
815 2672 868 2713 ut
916 2664 1030 2719 haec
1068 2667 1255 2721 eadem
1302 2670 1475 2728 facere
1520 2674 1571 2730 in
1626 2676 1883 2737 honorem

290 2740 504 2795 Domini
532 2758 628 2808 per
652 2749 848 2804 multos
874 2768 1042 2808 annos
1070 2760 1355 2825 possimus.

270 2897 275 2901 θ
362 2831 469 2900 Ego
493 2832 751 2892 Caesarius
781 2841 833 2895 in
882 2842 1080 2901 CltriSti
1130 2853 1343 2907 nomine
1380 2856 1683 2931 episcopus,
1724 2865 1881 2933 juxta

286 2919 343 2973 id
363 2924 500 2989 quod
527 2930 794 2985 universis
822 2938 1024 2992 sanctis
1047 2942 1377 3014 coepiscopis
1399 2951 1532 3004 meis
1550 2954 1640 3021 qui
1671 2971 1877 3013 mecum

284 3013 719 3085 subscripserunt
751 3024 971 3093 placuit,
1007 3030 1493 3106 instituta,Patrum
1523 3057 1768 3114 securus,
1795 3049 1876 3105 bis

1233 332 1511 392 GALLIE
1548 334 1888 393 CONCILIA.
1929 369 1997 379 —-
2036 340 2566 403 AURELIANENSE
2607 346 2648 403 I.

3481 367 3588 423 Ἧι

1920 460 1971 517 Δ
2070 460 2387 527 Quintianus
2411 467 2695 537 episcopus
2726 469 3051 542 "subscripsi.

2073 551 2303 610 Sabinus
2329 557 2611 627 episcopus
2636 562 2946 631 subscripsi.

2074 644 2325 703 Boentius
2354 650 2635 721 episcopus
2665 654 2979 723 subscripsi.

2072 734 2359 794 Gratianus
2383 740 2669 811 episcopus
2694 745 3000 814 subscripsi.

2070 827 2304 883 Nicetius
2336 830 2420 902 [T.
2455 833 2507 899 1,
2533 834 2825 907 Nicentitts]
2862 840 3147 909 episcopus
3176 841 3489 913 subscripsi.

2069 920 2257 976 Suavis
2278 924 2563 995 episcopus
2585 928 2900 998 subscripsi.

2070 1009 2403 1069 Galactorius
2432 1017 2715 1088 episcopus
2742 1021 3056 1093 subscripsi.

2067 1104 2263 1159 Gratus
2293 1107 2575 1178 episcopus
2606 1111 2921 1182 subscripsi.

2074 1196 2292 1266 Vigilius
2321 1201 2604 1272 episcOpus
2632 1206 2948 1271 subscripsi.

2068 1286 2328 1347 Glicerins
2366 1293 2649 1365 episcopus
2678 1295 2991 1365 subscripsi.

2066 1379 2256 1437 Petrus
2279 1385 2562 1454 episcopus
2590 1388 2903 1459 subscripsi.

2064 1470 2396 1544 Coronopius
2426 1478 2711 1549 episcopus
2736 1481 3046 1553 subscripsi.

2067 1564 2346 1621 Probatius
2377 1568 2663 1638 episcopus
2700 1572 3011 1642 subscripsi.

2068 1659 2319 1713 Martinus
2350 1659 2492 1732 [1E.,
2514 1660 2580 1718 Β.
2610 1664 2698 1729 IL,
2730 1660 2794 1718 E.
2829 1667 2879 1731 5,
2914 1665 3005 1737 U.,
3041 1667 3330 1741 Maternus]
3368 1671 3578 1743 episco-

1996 1763 2093 1820 pus
2120 1750 2436 1821 subscripsi.

2066 1841 2344 1901 Marrellus
2371 1848 2657 1918 episcopus
2690 1851 3007 1925 subscripsi.

2063 1934 2307 2003 Agricius
2329 1937 2610 2009 episcopus
2631 1942 2943 2014 subscripsi.

2063 2026 2351 2085 Pentadius
2375 2034 2659 2104 episcopus
2687 2037 3002 2110 subscripsi.

2064 2117 2285 2173 A'binus
2306 2122 2590 2192 presbyter
2618 2125 2815 2182 missus
2844 2140 2873 2181 a
2905 2129 3125 2184 domino
3155 2143 3274 2186 meo
3314 2130 3571 2201 Caprario

1990 2207 2245 2277 episcopo
2275 2211 2587 2283 subscripsi.

2059 2304 2296 2363 Joannes
2329 2310 2606 2380 presbyter
2650 2312 2844 2370 missus
2872 2329 2899 2368 a
2933 2314 3150 2371 domino
3180 2331 3301 2373 meo
3333 2317 3573 2373 Victorio

1988 2398 2241 2467 episcopo
2268 2401 2583 2472 subscripsi.

2060 2490 2323 2560 Ingenuus
2357 2493 2634 2565 presbyter
2678 2494 2873 2553 missus
2916 2511 2947 2551 a
2988 2498 3206 2556 domino
3254 2516 3375 2556 meo
3424 2502 3572 2572 Apro

1988 2579 2075 2657 [Β.
2115 2584 2205 2649 R.,
2241 2583 2425 2656 Aprio]
2454 2587 2707 2658 episcopo
2736 2589 3047 2663 subscripsi.

2061 2671 2253 2729 Paulus
2289 2676 2570 2748 presbyter
2621 2679 2818 2735 missus
2861 2695 2890 2735 a
2930 2682 3147 2737 domino
3191 2698 3314 2741 meo
3358 2684 3571 2742 Juliano

1984 2765 2235 2836 episc0po
2261 2768 2575 2840 subscripsi.

2057 2856 2379 2926 Pompedius
2429 2861 2708 2933 presbyter
2752 2862 2945 2921 missus
2987 2878 3017 2919 α
3057 2865 3278 2922 domino
3320 2882 3442 2924 meo
3472 2868 3567 2924 Ju-

1984 2948 2124 3003 liano
2150 2951 2401 3021 episcopo
2428 2952 2739 3023 subscripsi.

2056 3042 2327 3099 Polemius
2355 3046 2633 3117 presbyter
2663 3046 2861 3103 missus
2890 3061 2919 3103 a
2948 3048 3165 3105 domino
3195 3064 3315 3105 meo
3361 3048 3570 3105 Cistilio

283 3103 691 3167 definitionibus
736 3129 1002 3187 annuens,
1046 3123 1145 3179 sub
1173 3103 1317 3181 diev
1345 3130 1599 3188 calendas
1633 3103 1875 3206 Septem.
1907 3165 1951 3227 Ο
1985 3133 2235 3203 episcopo
2264 3135 2577 3206 subscripsi.

285 3195 395 3227 ιιι-ἕο
418 3202 711 3227 ο..ι.-,.-ε..,.ε
2055 3224 2072 3227 _

285 3195 397 3251 bris
417 3202 736 3272 subscripsi.

356 3288 655 3360 Cyprianus
682 3301 969 3370 episcopus
996 3308 1311 3382 subscripsi.

356 3383 547 3442 Clarus
576 3393 859 3463 episcopus
882 3397 1193 3472 subscripsi.

357 3474 640 3536 Tetradius
671 3488 953 3558 episcopus
982 3494 1297 3566 subscripsi.

357 3569 638 3629 Ileraclius
668 3579 953 3651 episcopus
985 3586 1263 3646 Tolosanae
1284 3592 1521 3649 civitatis
1545 3597 1865 3670 subscripsi.

354 3661 691 3733 Sophronias
721 3671 771 3724 in
803 3672 1000 3731 Christi
1044 3682 1258 3739 nomine
1284 3661 1873 3755 Agathensisrivit-ttis

280 3753 569 3825 episcopus
592 3762 909 3833 subscripsi.

352 3846 584 3905 Sedatus
610 3855 894 3928 episc0pus
920 3864 1237 3937 subscripsi.

284 3970 2198 4033 Ἢ

2052 3224 2242 3280 Petrus
2270 3228 2547 3298 presbyter
2586 3231 2781 3286 missus
2809 3247 2839 3286 a
2885 3231 3104 3289 domino
3153 3248 3275 3290 meo
3314 3234 3564 3289 Marcello

1980 3314 2233 3383 cpiSCJpO
2263 3317 2574 3386 subscripsi.

2052 3405 2319 3461 Firminus
2362 3409 2643 3481 presbyter
2690 3413 2888 3468 missus
2917 3429 2947 3468 a
2996 3414 3216 3470 domino
3246 3429 3369 3471 meo
3408 3415 3565 3471 Pam-

1979 3496 2104 3565 pulo
2130 3497 2384 3567 episcopo
2411 3500 2729 3570 subscripsi.

2050 3588 2157 3643 Leo
2180 3590 2438 3647 discimus
2470 3594 2666 3650 missus
2695 3610 2723 3650 a
2750 3596 2967 3653 domino
2990 3588 3108 3655 meo
3144 3599 3283 3656 Vero
3309 3600 3563 3671 episcopo

1977 3680 2289 3751 subscripsi.
3494 3753 3505 3762 ,

2049 3772 2289 3840 Optimus
2340 3777 2595 3833 diaconus
2638 3779 2831 3836 missus
2873 3796 2901 3835 a
2948 3782 3165 3841 domino
3212 3798 3331 3839 meo
3363 3784 3565 3840 Leonio

1977 3862 2227 3931 episcopo
2253 3865 2563 3935 subscripsi.

1773 4116 2042 4187 XXXI

823 4265 1489 4356 CONCILIUM
1568 4279 2463 4370 AURELIANENSE
2538 4290 3019 4375 PRIMUM

1364 4452 1603 4495 VIGINTI
1654 4456 1729 4496 ET
1775 4455 1937 4500 OCTO
1983 4460 2444 4507 EPISCOPORL’M.

347 4566 703 4639 245-246
760 4568 888 4623 Cum
931 4580 1147 4627 auctore
1188 4573 1271 4643 [T.
1310 4576 1361 4643 1,
1390 4577 1445 4647 2,
1490 4578 1729 4650 metorej
1764 4582 1865 4638 Do-
1900 4589 1947 4649 D
1972 4603 2303 4647 sacramenta
2333 4608 2423 4646 sua
2451 4596 2726 4653 convictus
2753 4586 2912 4655 fuerit
2933 4601 3183 4668 violasse,
3216 4619 3338 4659 rens
3369 4604 3554 4675 perju-

274 4657 425 4710 mino
447 4660 497 4710 in
527 4659 899 4714 Aurelianensi
926 4662 1054 4716 urbe
1095 4661 1280 4719 fuisset
1319 4668 1601 4724 concilium
1630 4684 1865 4729 summo-

272 4764 395 4803 rum
451 4750 748 4805 antistitum
816 4762 1232 4823 congregatum,
1292 4761 1561 4815 communi
1628 4764 1863 4818 omnium

268 4838 557 4894 collatione
585 4842 930 4907 complacuit,
971 4854 1026 4896 ut
1054 4843 1154 4900 hoc
1181 4848 1322 4915 quod
1346 4848 1510 4905 verbo
1540 4858 1861 4923 statuerunt,

264 4931 433 4985 etiam
462 4932 742 4999 scriptura:
792 4932 1095 4989 testimonio
1120 4937 1453 4993 roborarent.

267 5062 307 5118 1.
342 5064 421 5119 De
442 5066 712 5123 homicidia
762 5078 808 5122 et
840 5070 1092 5142 adulteris
1135 5082 1179 5125 et
1217 5074 1418 5142 [aribus
1441 5076 1484 5129 si
1507 5077 1574 5130 ad
1594 5079 1860 5133 ecclesiam

894 5141 1233 5212 confugerint.

340 5245 397 5302 Id
447 5250 822 5306 constituimus
866 5253 1263 5312 observandum
1312 5258 1453 5329 quod
1504 5262 1855 5320 ecclesiastici

258 5353 509 5395 canones
533 5340 888 5399 decreverunt
914 5355 968 5399 et
996 5347 1077 5402 lex
1111 5347 1347 5404 Romana
1379 5354 1679 5418 constituit,
1708 5366 1764 5410 ut
1790 5357 1858 5412 ab

256 5429 513 5486 ecclesia:
559 5430 709 5487 atriis
765 5435 847 5489 vel
896 5434 1061 5491 domo
1091 5438 1325 5510 episcopi
1372 5457 1493 5496 reos
1540 5444 1857 5501 abstrahere

257 5518 491 5575 omnino
520 5535 627 5575 non
654 5522 837 5591 liceat,
869 5526 965 5581 sed
996 5543 1095 5584 nec
1125 5530 1278 5585 alteri
1310 5533 1633 5604 consignari,
1666 5536 1766 5590 nisi
1790 5538 1855 5592 ad

256 5608 561 5679 Evangelia
586 5610 727 5668 datis
755 5620 1109 5683 sacramentis
1131 5619 1199 5674 de
1230 5632 1400 5677 morte
1427 5634 1478 5679 et
1507 5624 1781 5682 debilitate
1803 5641 1858 5684 et

252 5701 415 5757 omni
448 5716 724 5770 poenarum
754 5722 952 5775 genere
979 5709 1087 5764 sint
1115 5712 1321 5777 securi;
1352 5714 1421 5767 ita
1454 5724 1509 5769 ut
1540 5716 1586 5770 ci
1616 5718 1696 5770 cui
1732 5734 1855 5774 reus

255 5790 431 5846 fuerit
452 5790 778 5852 criminosus
805 5797 872 5855 de
899 5799 1264 5858 satisfactione
1294 5806 1595 5863 conveniat.
1627 5809 1779 5876 Quod
1808 5812 1852 5867 si

1972 4680 2033 4733 rii
2068 4697 2170 4736 non
2205 4685 2376 4738 solum
2409 4702 2438 4739 a
2484 4692 2863 4747 communione
2905 4693 3158 4749 Ecclesia:
3205 4697 3287 4752 vel
3313 4701 3552 4754 omniunt

1973 4770 2309 4841 clericorum,
2346 4791 2530 4833 verum
2560 4780 2722 4835 etiam
2753 4793 2808 4838 et
2835 4798 2862 4838 a
2890 4785 3277 4841 catholicorum
3307 4790 3552 4845 convivio

1968 4876 2268 4934 separetur.
2305 4869 2455 4936 Quod
2504 4870 2549 4926 si
2589 4874 2671 4927 cui
2703 4889 2829 4931 reus
2859 4886 2941 4932 est
2989 4877 3219 4934 noluerit
3249 4881 3348 4936 sibi
3381 4882 3555 4937 inten-

1970 4958 2113 5013 tione
2141 4957 2371 5018 faciente
2401 4967 2667 5035 componi,
2697 4978 2752 5023 et
2777 4969 2890 5038 ipse
2912 4987 3036 5027 reus
3062 4971 3129 5028 de
3151 4976 3375 5029 ecclesia
3401 4985 3552 5030 actus

1969 5050 2159 5107 timore
2185 5053 2516 5122 discesserit,
2545 5057 2612 5113 ab
2638 5060 2883 5118 ecclesias
2903 5064 3113 5120 clericis
3136 5081 3241 5120 non
3261 5075 3548 5133 qumratttr.

2098 5166 2158 5219 ll.
2197 5166 2275 5221 De
2305 5171 2596 5237 raptoribus
2622 5174 2668 5226 si
2687 5175 2756 5227 ad
2775 5176 3038 5229 ecclesiam
3070 5176 3414 5242 confugerint.

2039 5254 2112 5309 De
2145 5260 2447 5325 raptoribus
2473 5270 2650 5316 autem
2702 5264 2756 5317 id
2805 5265 3227 5319 constituendum
3260 5280 3380 5321 esse
3423 5282 3543 5322 cenv

1961 5346 2185 5413 sniinus,
2221 5356 2273 5401 ut
2304 5349 2348 5402 si
2375 5350 2442 5403 ad
2471 5352 2756 5405 ecclesiam
2797 5361 2977 5417 raptor
3004 5369 3123 5408 cum
3165 5368 3314 5423 rapta
3343 5373 3542 5413 convc-

1963 5438 2123 5501 neait,
2154 5447 2206 5492 et
2236 5438 2485 5494 feminam
2511 5442 2680 5511 ipsam
2705 5444 3010 5500 violentiam
3038 5449 3318 5514 pertulisse
3345 5452 3545 5504 consti-

1964 5528 2106 5591 terit,
2129 5531 2308 5583 statim
2339 5529 2592 5587 liberetur
2622 5533 2691 5590 de
2720 5544 2983 5605 p0testate
3006 5538 3257 5608 raptoris,
3286 5549 3334 5593 ct
3364 5552 3547 5610 raptor

1962 5623 2148 5677 mortis
2165 5625 2248 5677 vel
2270 5638 2543 5692 pinnarum
2570 5627 2883 5698 impunitate
2905 5644 3160 5686 concessa
3184 5630 3249 5686 ad
3275 5633 3543 5690 serviendi

1960 5717 2328 5775 conditionem
2361 5720 2638 5790 subjectus
2663 5725 2754 5791 sit,
2786 5735 2877 5779 aut
2903 5724 3199 5782 redimendi
3230 5742 3289 5782 se
3323 5727 3541 5783 liberam

1960 5807 2151 5863 habeat
2198 5810 2523 5870 facultatem.
2570 5815 2628 5872 Si
2674 5832 2801 5874 vero
2830 5832 2950 5888 quin
2978 5820 3178 5891 rapitur
3211 5829 3414 5892 patrem
3448 5820 3542 5875 lia-
