4056 6178
504 341 608 395 975

1202 340 1585 399 COLLECTIO
1625 337 1953 394 CANONUM
1994 335 2050 391 S.
2096 334 2363 392 ISIDORO
2405 334 2667 393 IIISPAL.
2713 338 3067 395 ASCRIPTA.

3660 343 3769 400 2.76

506 462 631 518 bere
656 449 1043 518 ctmstiterit'ct
1076 462 1249 531 puella
1284 460 1483 529 raptori
1516 458 1869 519 consenserit,
1898 463 2080 525 potes-
2112 452 2159 508 Α
2192 448 2291 503 sibi
2321 451 2604 519 episcopus
2635 451 2885 519 vindicet,
2938 461 2992 506 et
3036 452 3371 507 medietatem
3420 454 3518 507 sibi
3550 453 3769 524 dispen-

503 556 594 609 tati
625 555 790 623 patris
817 562 1066 609 excusata
1100 552 1373 614 reddatur,
1398 562 1452 605 et
1484 560 1663 619 raptor
1691 566 1719 604 a
1748 559 1899 618 patre
1929 562 2086 615 supe-

504 646 662 700 rioris
688 646 1013 699 conditionis
1040 644 1397 698 satisfactioni
1426 652 1667 697 teneatur
1692 641 1970 694 obnoxius.

682 737 771 790 Ill.
809 735 883 787 De
912 737 1067 789 servis
1097 736 1138 788 si
1170 735 1236 788 ad
1265 735 1530 788 ecclesiam
1561 734 1901 803 confugerint.

571 829 768 883 Servus
794 828 881 896 qui
912 828 977 880 ad
1010 828 1293 881 ecclesiam
1328 843 1425 895 pro
1454 826 1690 896 qualibet
1716 827 1866 894 culpa
1897 824 2083 877 confu-

499 919 661 985 gerit,
688 919 731 971 si
754 933 783 971 a
813 918 1030 972 do’mino
1054 918 1247 971 omissa
1280 916 1367 989 [Β.
1396 918 1485 982 Π..
1518 914 1702 986 missa]
1724 916 1879 983 culpa
1904 928 2081 967 sacra-

502 1020 738 1064 mentmn
764 1012 1083 1080 susceperit,
1118 1011 1297 1065 statim
1327 1012 1393 1064 ad
1443 1010 1716 1064 servitium
1752 1007 1955 1061 domini
1999 1007 2079 1059 sui

498 1100 676 1156 redire
700 1111 919 1171 cogatur
944 1119 957 1155 :
978 1102 1068 1155 scd
1104 1110 1445 1168 posteaquam
1468 1100 1592 1153 dato
1614 1107 1949 1153 sacramento
1980 1096 2079 1150 do-

497 1191 645 1245 mino
695 1207 793 1246 suo
843 1193 1004 1247 fuerit
1038 1192 1384 1261 consignatus
1428 1192 1471 1243 si
1518 1188 1718 1255 aliquid
1768 1203 1937 1256 preme
1984 1202 2079 1255 pro

495 1287 683 1340 eadem
708 1284 860 1353 culpa
882 1300 979 1355 qua
1005 1294 1293 1339 excusatur
1315 1283 1565 1352 probatus
1591 1281 1747 1335 fuerit
1774 1280 2074 1348 pertulisse,

496 1390 591 1443 pro
622 1385 932 1443 contemptu
984 1376 1037 1428 Ε‹
1059 1375 1237 1429 clesize
1287 1384 1341 1428 et
1373 1371 1841 1440 praevaricationc‘I|
1875 1370 2017 1435 ﬁdei,
2048 1384 2074 1421 a

493 1466 873 1520 communione
917 1476 970 1519 et
1014 1465 1259 1519 convivio
1308 1464 1711 1528 catholicorum,
1750 1462 1886 1515 sicut
1914 1475 2075 1528 supe-

492 1558 604 1611 rius
632 1559 1081 1627 comprehensum
1107 1566 1211 1624 est,
1236 1565 1525 1610 extraneos
1555 1557 1830 1609 habeatur.
1863 1553 1917 1609 Si
1949 1568 2075 1607 vero

492 1662 683 1702 servus
729 1662 823 1716 pro
875 1649 1027 1715 culpa
1074 1662 1166 1700 sua
1202 1648 1268 1700 ab
1298 1646 1529 1699 ecclesia
1555 1643 1862 1699 defensatus
1890 1658 2072 1697 sacra-

491 1748 669 1793 menta
719 1738 922 1791 domini
971 1739 1179 1791 clericis
1239 1736 1575 1806 exigentibus
1632 1736 1699 1789 de
1757 1736 2071 1803 impunitate

2192 544 2416 597 sandam
2456 545 2746 599 secundum
2794 546 3020 615 gradum
3051 547 3229 599 clerus
3279 546 3527 614 accipiat,
3556 549 3772 616 praediis

2188 632 2255 686 de
2286 633 2431 686 omni
2480 634 2863 689 commoditate
2894 635 2944 688 in
2976 635 3351 704 episcoporum
3385 643 3647 704 potestate
3671 639 3772 691 du-

2188 724 2443 778 rantibus.

2187 814 2277 869 ΧΙ.
2316 815 2387 869 De
2410 816 2488 869 his
2515 832 2631 882 qua:
2654 833 2686 870 α
2714 816 2953 956 ﬁdelifbus
2981 817 3032 937 ip
3070 815 3415 885 parochitanis
3441 814 3666 870 basilicis
3693 821 3771 887 of-

2869 903 2991 938 erun
3018 903 3097 939 ur.

2869 903 3097 939 eruntur.

2258 978 2333 1033 De
2382 978 2465 1033 his
2494 994 2611 1047 qua:
2646 979 2910 1047 parochits
2952 981 3004 1031 in
3050 979 3229 1040 terris.
3260 977 3457 1042 vineis,
3488 979 3771 1045 mancipiis

2186 1078 2343 1137 atque
2371 1071 2595 1137 peculiis
2623 1073 2923 1139 quicunque
2955 1069 3136 1124 ﬁdeles
3179 1070 3491 1135 obtulerint,
3524 1072 3770 1141 antiquo-

2186 1176 2303 1215 rum
2335 1176 2599 1216 canonum
2631 1172 2828 1216 statuta
2853 1172 3155 1230 serventur,
3177 1172 3233 1216 ut
3254 1164 3429 1221 omnia
3456 1165 3506 1216 in
3536 1165 3770 1233 episcopi

2188 1266 2453 1324 potestate
2506 1256 2845 1309 consistant:
2878 1256 2945 1310 de
2975 1256 3059 1309 his
3105 1265 3279 1310 tamen
3310 1270 3431 1325 qua:
3481 1257 3532 1309 in
3579 1256 3770 1311 altario

2182 1348 2508 1400 accesserint
2538 1347 2690 1400 tertia
2722 1346 2947 1401 fideliter
2976 1348 3228 1415 episcopo
3259 1346 3550 1401 deferatur.

2259 1437 2372 1490 XII.
2407 1436 2472 1491 Ut
2502 1439 2768 1509 episcopus
2795 1450 2841 1490 et
2866 1455 3113 1509 pauperes
3140 1451 3185 1504 et
3212 1439 3444 1505 inﬁrmos
3472 1448 3695 1493 tueatur.

2252 1528 2553 1596 Episcolius
2606 1530 2927 1598 pauperibus
2959 1530 3041 1583 vel
3076 1530 3319 1595 inﬁrmis,
3363 1530 3452 1600 qui
3495 1532 3768 1588 debilitate

2184 1615 2416 1672 faciente
2449 1634 2553 1671 non
2587 1629 2810 1686 possunt
2851 1618 2963 1674 suis
2992 1620 3237 1675 manibus
3270 1622 3535 1686 laborare,
3568 1624 3767 1677 victum

2180 1714 2235 1759 et
2270 1709 2667 1779 vestimentum,
2718 1710 2769 1763 in
2819 1720 3074 1779 quantum
3120 1712 3445 1781 possibilitas
3496 1713 3764 1779 habuerit,

494 1834 814 1898 perceperit,
836 1833 983 1885 exire
1009 1832 1278 1886 nolentem
1308 1846 1335 1883 a
1369 1831 1586 1883 domino
1618 1828 1774 1882 liceat
1796 1826 2067 1894 occupari.

2186 1801 2458 1869 largiatur.

494 1924 577 1977 IV.
612 1923 686 1976 De
715 1940 772 1977 eo
822 1924 909 1993 qui
948 1924 1008 1975 ab
1049 1923 1287 1991 episcopo
1334 1920 1529 1990 aliquid
1575 1920 1799 1988 repetit:
1832 1935 1921 1987 pro
1962 1920 2073 1986 ipsa

737 2015 1065 2067 conventione
1092 2015 1154 2065 ab
1184 2012 1413 2066 Ecclesia
1452 2029 1553 2065 non
1584 2013 1823 2079 privetur.

560 2104 615 2159 Si
646 2105 767 2173 quis
797 2105 865 2157 ab
895 2105 1149 2173 episcopo
1181 2104 1263 2158 vel
1297 2104 1362 2157 tle
1390 2102 1626 2157 Ecclesia
1652 2103 1734 2155 vel
1761 2101 1829 2155 de
1859 2100 2074 2169 proprio

483 2194 606 2265 jure
652 2194 942 2249 crediderit
986 2196 1186 2263 aliquid
1238 2195 1609 2264 repetendum,
1657 2193 1789 2246 nihil
1845 2191 2073 2246 convicii

487 2295 580 2339 aut
602 2286 990 2340 criminationis
1010 2287 1299 2355 objiciens,
1321 2302 1441 2341 eum
1470 2301 1566 2355 pro
1588 2286 1699 2340 sola
1716 2286 2072 2339 conventione

485 2392 513 2427 a
538 2377 915 2430 communione
941 2378 1191 2432 Eeclcsim
1222 2392 1327 2430 non
1353 2379 1511 2433 liceat
1534 2377 1867 2433 submovcri.

558 2467 621 2520 V.
661 2467 721 2521 Si
750 2468 1018 2535 episcopus
1046 2486 1241 2522 seruum
1278 2470 1489 2523 alterius
1539 2470 1774 2522 clericum
1804 2468 1996 2533 fecerit.

556 2561 613 2614 Si
641 2576 826 2617 servus
857 2562 1081 2616 absente
1127 2572 1219 2616 aut
1248 2564 1519 2617 nesciente
1546 2562 1783 2627 domino,
1816 2561 2069 2630 episcopo

486 2654 691 2707 sciente
720 2654 861 2722 quod
890 2669 1076 2709 servus
1106 2655 1195 2719 sit,
1220 2654 1475 2707 diaconus
1500 2664 1588 2707 aut
1616 2653 1889 2722 presbyter
1912 2651 2069 2705 fuerit

485 2745 791 2813 ordinatus,
822 2746 942 2812 ipso
972 2746 1255 2799 clericatus
1282 2744 1458 2799 ofﬁcio
1489 2754 1830 2811 permanente
1854 2745 2065 2813 episeo-

484 2850 583 2903 pus
624 2850 747 2890 eum
798 2836 1016 2889 domino
1057 2836 1203 2905 dupli
1246 2834 1612 2891 satisfactione
1652 2842 1981 2904 compenset.
2009 2834 2064 2888 Si

486 2939 614 2978 vero
644 2924 928 2994 episcopus
959 2940 1081 2979 cum
1133 2940 1347 2979 servum
1397 2925 1669 2993 nescierit,
1704 2926 1791 2994 qui
1827 2925 2067 2979 testimo-

486 3017 631 3069 n’um
682 3016 967 3085 perhibent
994 3026 1083 3069 aut
1115 3032 1237 3071 eum
1286 3016 1703 3086 supplicaverint
1734 3018 1967 3070 ordinari
1993 3017 2064 3071 si-

484 3104 593 3157 mili
628 3106 967 3160 redhibilioni
1001 3116 1284 3162 teneantur
1315 3107 1553 3161 obnoxii.

484 3196 569 3251 VI.
603 3197 664 3253 Si
693 3198 939 3252 diaconus
970 3208 1058 3252 aut
1098 3200 1358 3269 presbyter
1389 3200 1575 3251 crimen
1605 3202 1820 3269 capitale
1855 3202 2065 3251 commi-

1176 3276 1350 3324 serint.

548 3358 606 3413 Si
630 3359 887 3415 diaconus
915 3370 1003 3414 aut
1041 3361 1318 3431 presbyter
1348 3362 1549 3415 crimen
1584 3360 1810 3428 capitale
1839 3360 2061 3414 commi-

474 3453 664 3520 Serint,
698 3454 853 3508 simul
885 3455 1061 3509 ofticio
1086 3464 1138 3509 et
1160 3454 1532 3509 communione
1565 3452 1846 3521 pellantur.

698 3544 809 3599 VII.
844 3543 918 3598 De
946 3544 1025 3598 Itis
1048 3545 1131 3614 qui
1161 3545 1506 3616 pcenitentiam
1536 3544 1848 3596 violaverint.

550 3636 623 3687 Dc
658 3634 741 3687 his
791 3636 880 3703 qui
929 3643 1173 3703 suscepta
1228 3633 1543 3702 pteuitentia
1596 3632 1900 3700 religionem
1950 3648 2061 3686 sua:

475 3724 830 3793 professionis
879 3725 1030 3778 obliti
1078 3725 1143 3777 ad
1191 3724 1465 3778 smcularia
1500 3723 1832 3787 relabuntur,
1863 3723 2061 3790 placuit

477 3832 572 3871 eos
602 3826 654 3871 et
680 3832 709 3869 a
740 3816 1117 3871 cornrnuuione
1145 3815 1399 3884 suspendi
1426 3824 1479 3869 et
1508 3814 1577 3868 ab
1606 3815 1841 3868 omnium
1875 3814 2061 3869 catho-

478 3912 701 3964 licorum
734 3910 977 3965 convivio
1009 3909 1167 3981 247
1193 3910 1452 3979 separari.
1489 3906 1637 3973 Quod
1667 3908 1708 3961 si
1738 3916 1857 3976 post
1890 3909 2056 3962 inter-

474 4000 671 4055 dictum
721 4016 841 4055 cum
888 4015 953 4054 co
994 4001 1233 4071 quisquis
1280 3998 1679 4069 praesumpserit
1711 3998 2054 4069 manducare,

469 4101 527 4147 et
557 4094 670 4163 ipse
701 4092 1078 4147 communione
1102 4091 1359 4161 privetur.

476 4182 607 4238 Vlll.
645 4183 705 4237 Si
734 4182 995 4252 presbyter
1018 4193 1107 4236 aut
1137 4184 1381 4236 diaconus
1412 4199 1464 4236 se
1492 4199 1584 4251 pro
1612 4190 1755 4234 reatu
1795 4182 1969 4250 aliqua
1993 4184 2056 4235 ab

634 4256 944 4307 euclraristia
968 4253 1087 4324 [U.,
1109 4252 1482 4324 communione]
1505 4253 1880 4321 suspenderiut.

543 4344 597 4395 Si
629 4344 907 4412 presbyter
937 4343 1022 4396 vel
1063 4342 1322 4397 diaconus
1352 4357 1447 4409 pro
1477 4352 1624 4396 reatu
1670 4358 1767 4396 suo
1797 4358 1856 4396 se
1886 4344 1952 4398 ab
1981 4343 2056 4396 al-

470 4444 599 4490 taris
652 4438 1029 4490 communione
1059 4435 1160 4489 sub
1194 4435 1499 4504 pmrritentis
1540 4437 1871 4504 professione
1920 4437 2051 4490 sub-

473 4528 721 4594 moverit,
755 4528 832 4582 sic
862 4543 1075 4598 quoque
1105 4527 1147 4583 si
1192 4528 1280 4582 alii
1312 4528 1575 4582 defuerint
1616 4538 1669 4582 et
1705 4545 1862 4584 causa
1894 4542 2056 4585 certae
2086 4506 2138 4566 Ῑ)

472 4618 810 4673 necessitatis
858 4618 1119 4688 exoritur,
1174 4630 1483 4690 poscentem
1533 4610 1852 4688 baptismum
1900 4620 2056 4675 liceat

471 4709 760 4777 baptizare.

470 4821 561 4877 IX.
590 4824 649 4877 Si
673 4824 1145 4894 relictapresbyteri
1175 4826 1249 4879 vel
1279 4827 1483 4880 diaconi
1509 4828 1611 4881 alio
1632 4843 1683 4880 se
1707 4828 2050 4891 coniunxit-1.

540 4935 595 4990 Si
628 4950 684 4989 se
716 4938 1014 5006 cuicunque
1046 4938 1237 4994 mulier
1278 4940 1474 5009 duplici
1525 4941 1778 5011 conjugio
1830 4942 2056 5013 presby-

468 5030 565 5084 teri
598 5028 678 5083 vel
711 5028 922 5082 diacoui
955 5031 1138 5085 relicta
1165 5031 1537 5100 coniunxerit,
1570 5041 1663 5085 aut
1692 5033 1936 5102 castigati
1969 5048 2054 5088 se-

2180 1893 2313 1947 Xlll.
2351 1894 2421 1949 Ut
2452 1895 2675 1952 basilica:
2703 1897 2754 1979 in
2786 1900 2931 1968 cujus
2964 1898 3223 1951 territorio
3267 1908 3385 1953 sunt
3414 1900 3464 1953 in
3495 1901 3604 1970 ejus
3630 1870 3771 1970 epis—1

2628 1984 2741 2035 copi
2772 1979 3004 2021 maneant
3035 1979 3298 2037 potestate.

2246 2058 2444 2114 Omnes
2468 2069 2645 2115 autem
2674 2061 2931 2127 basilicae,
2956 2077 3073 2130 quae
3102 2077 3195 2131 per
3219 2063 3430 2118 diversa
3462 2064 3574 2119 loca
3627 2078 3766 2119 con«

2175 2159 2392 2205 structa:
2417 2163 2538 2206 sunt
2561 2152 2640 2208 vel
2666 2154 2903 2223 quotidie
2922 2162 3320 2219 construuntur,
3347 2155 3540 2223 placuit
3571 2171 3760 2211 secun-

2175 2238 2300 2292 dum
2335 2240 2568 2307 priorum
2599 2256 2861 2296 canonnrn
2893 2242 3155 2311 regulam,
3190 2249 3247 2295 ttt
3289 2244 3341 2296 in
3376 2243 3491 2312 ejus
3521 2245 3763 2314 episcopi

2178 2328 2230 2381 in
2260 2331 2411 2398 cujus
2443 2332 2714 2386 territorio
2743 2333 2857 2385 sitae
2890 2342 3014 2386 sunt
3041 2343 3304 2401 potestate
3329 2335 3645 2389 consistant.

2356 2419 2517 2491 248
2535 2421 2669 2476 XIV.
2699 2421 2772 2475 De
2788 2423 2985 2476 incestis
3010 2434 3063 2476 ut
3092 2426 3606 2479 excommunicentur.

2247 2511 2321 2565 Ne
2353 2522 2624 2580 superstes
2674 2512 2836 2566 frater
2865 2523 3040 2567 torum
3089 2514 3321 2569 defuncti
3364 2516 3541 2570 fratris
3570 2531 3763 2574 ascen-

2173 2602 2281 2667 dat,
2315 2617 2445 2657 neve
2474 2604 2695 2673 quisque
2743 2605 2935 2657 amissa
2969 2620 3134 2659 uxore
3164 2604 3335 2659 sorori
3366 2606 3551 2660 audeat
3580 2609 3762 2663 socia-

2172 2696 2216 2749 ri
2253 2712 2264 2745 :
2298 2695 2437 2764 quod
2491 2696 2535 2749 si
2586 2696 2830 2761 fecerint,
2874 2696 3241 2751 ecclesiastica
3300 2697 3633 2754 districtione
3682 2698 3760 2755 fe-

2172 2787 2398 2840 riantur.

2172 2877 2286 2933 XV.
2324 2877 2389 2932 Ut
2418 2878 2619 2933 abbates
2660 2879 2712 2932 in
2759 2888 3001 2961 potestate
3050 2880 3403 2960 episcoporum
3441 2881 3562 2947 sint,
3606 2890 3653 2935 et
3693 2881 3758 2937 de

2737 2958 2999 3003 monachis
3030 2958 3189 3021 vagis.

2243 3037 2476 3094 Abbates
2524 3054 2621 3110 pro
2670 3039 2896 3093 utilitate
2923 3049 2944 3077 ο
2976 3040 3251 3110 religionis
3299 3041 3349 3095 in
3380 3040 3755 3112 episcoporum

2028 3202 2037 3218 ξ
2092 3157 2137 3218 C
2172 3140 2437 3200 potestate
2492 3133 2809 3199 consistant,
2841 3142 2895 3187 et
2935 3134 2977 3185 si
3009 3133 3132 3201 quid
3161 3145 3308 3187 extra
3337 3134 3572 3202 regulam
3610 3134 3754 3190 fece-

2171 3223 2278 3276 rint
2306 3223 2373 3275 ab
2414 3221 2678 3291 episcOpis
2707 3224 3041 3291 corrigantur
3073 3224 3197 3293 :qui
3238 3224 3404 3279 semel
3438 3225 3488 3277 iu
3518 3239 3660 3279 anno
3700 3227 3759 3280 in

2168 3314 2288 3367 loco
2316 3314 2403 3366 ubi
2435 3315 2720 3382 episcopus
2751 3314 2971 3385 elegerit
3002 3325 3220 3384 accepta
3249 3315 3530 3370 vocatione
3557 3332 3758 3372 conve-

2169 3403 2333 3456 niant.
2382 3403 2622 3457 Monachi
2654 3413 2831 3459 autem
2872 3403 3152 3459 abbatibus
3181 3406 3323 3459 omni
3354 3405 3660 3460 obedientia
3691 3416 3748 3461 et

2169 3494 2456 3549 devotione
2490 3495 2802 3564 subjaceant
2828 3514 2838 3547 :
2860 3496 2997 3565 quod
3024 3496 3203 3566 siquis
3233 3512 3326 3565 per
3352 3498 3754 3552 contumaciam

2166 3586 2434 3642 exsﬁterit
2476 3587 2776 3653 iudevotus,
2811 3603 2871 3641 ac
2906 3602 2999 3657 per
3055 3588 3168 3641 loca
3200 3588 3371 3657 aliqua
3405 3589 3617 3659 evagari
3659 3599 3755 3644 aut

2167 3683 2434 3750 peculiare
2465 3682 2665 3752 aliquid
2716 3684 2914 3740 habere
2946 3687 3373 3753 prtesumpserit,
3423 3688 3602 3740 omnia
3631 3703 3756 3756 qua:

2167 3773 2473 3841 arquisierit
2502 3773 2568 3827 ab
2597 3773 2878 3829 abbatibus
2906 3774 3215 3829 auferantur
3256 3775 3551 3830 secundum
3584 3792 3750 3845 regu-

2166 3865 2268 3917 lam
2296 3864 2620 3920 tnonasterio
2644 3864 2937 3934 profutura.
2967 3865 3066 3935 Ipsi
3092 3877 3265 3921 autem
3291 3869 3378 3937 qui
3402 3868 3595 3923 fuerint
3625 3884 3755 3936 pcr-

2165 3955 2358 4023 vagati,
2390 3955 2477 4009 ubi
2511 3956 2708 4009 inventi
2742 3956 2952 4020 fuerint,
2976 3972 3096 4011 cum
3141 3960 3338 4013 auxilio
3365 3960 3599 4029 episcopi
3637 3972 3756 4014 tau-

2164 4061 2323 4113 quam
2357 4045 2572 4115 fugaces
2612 4048 2712 4101 sub
2743 4048 2982 4102 custodia
3031 4062 3387 4105 revocentur:
3414 4060 3468 4106 et
3498 4068 3651 4107 reum
3681 4068 3748 4107 se

2163 4136 2252 4190 ille
2280 4136 2445 4191 abbas
2470 4137 2701 4192 futurum
2731 4154 2852 4193 esse
2882 4151 3191 4209 cognoscat,
3225 4144 3311 4209 qui
3346 4143 3396 4197 iu
3430 4143 3747 4211 huiusmodi

2162 4228 2405 4295 personis
2431 4244 2533 4283 non
2564 4232 2791 4300 regulari
2820 4234 3285 4288 animadversione
3308 4234 3641 4289 distrinxcrit
3666 4235 3761 4289 vel

2160 4323 2246 4390 qui
2282 4321 2601 4376 monachum
2634 4327 2931 4392 susceperit
2960 4326 3216 4381 alienum.

2216 4413 2353 4468 XVI.
2383 4414 2446 4468 Ut
2480 4416 2714 4467 monac/ti
2743 4417 2967 4470 orarium
2998 4419 3073 4471 vel
3112 4434 3295 4472 zancas
3323 4434 3421 4471 non
3454 4429 3688 4473 utantur.

2241 4506 2560 4560 Monachum
2598 4508 2829 4561 orarium
2880 4508 2931 4561 in
2962 4510 3293 4563 monasterio
3321 4510 3402 4563 vel
3433 4524 3631 4566 zancas
3661 4512 3768 4567 ha-

2161 4598 2289 4649 bere
2319 4611 2420 4648 non
2451 4590 2629 4649 lil’eat.
2807 4625 2830 4643 ο

2412 4687 2572 4740 XVII.
2609 4688 2669 4742 Si
2706 4688 2985 4741 monachus
3028 4705 3237 4741 uxorem
3267 4689 3486 4742 duxerit.

2231 4776 2519 4831 Monachus
2549 4779 2592 4831 si
2624 4778 2676 4830 iu
2707 4780 3034 4832 monasterio
3081 4793 3373 4833 conversus
3402 4779 3486 4833 vel
3524 4781 3767 4848 pallium

2157 4870 2533 4938 comprobatus
2559 4870 2715 4924 fuerit
2747 4873 3039 4939 accepisse,
3096 4884 3149 4927 et
3180 4882 3361 4941 postea
3391 4877 3546 4928 uxori
3585 4876 3771 4933 fuerit

2157 4963 2413 5026 sociatus,
2466 4972 2626 5016 tanta:
2671 4963 3129 5031 praevaricationis
3178 4980 3299 5018 reus
3332 4980 3606 5035 nunquam
3646 4983 3767 5021 cc-

2157 5052 2440 5107 clesiastici
2469 5053 2664 5121 gradus
2688 5051 2923 5106 ofﬁcium
2955 5056 3229 5107 sortiatur.

467 5128 743 5187 parentur,
801 5129 892 5175 aut
922 5132 1067 5177 certe
1106 5122 1151 5177 si
1185 5124 1234 5176 in
1265 5125 1548 5178 criminum
1582 5124 1883 5179 intentione
1934 5140 2055 5194 per-

465 5212 697 5267 sriterint
738 5210 763 5250 ι)
799 5213 907 5281 pari
938 5215 1488 5269 excommunicationc
1528 5216 1847 5283 plectantur.

720 5303 786 5357 X.
822 5303 895 5357 De
924 5306 1001 5359 Iris
1044 5323 1158 5376 qua:
1191 5309 1242 5361 in
1273 5308 1458 5361 altario
1489 5306 1793 5373 o/feruntur.

539 5399 805 5467 Antiquos
834 5414 1070 5455 canones
1102 5403 1403 5475 relegentes
1435 5405 1612 5473 priora
1654 5413 1850 5459 statuta
1882 5405 2056 5459 credi-

466 5506 586 5545 mus
616 5491 757 5564 [;E.,
792 5492 1151 5564 decrevimus]
1184 5499 1514 5565 renovanda,
1548 5507 1605 5553 ut
1634 5498 1700 5553 de
1744 5498 1823 5551 his
1851 5515 1967 5567 quae
1998 5502 2053 5553 in

469 5582 659 5637 altario
704 5586 999 5641 oblationes
1033 5586 1269 5642 fidelium
1304 5590 1671 5655 conferuntur,
1709 5590 2053 5646 medietatem

2157 5144 2339 5201 XVIII.
2379 5144 2445 5200 Ut
2468 5146 2746 5197 monac/tus
2763 5144 2870 5195 sine
2899 5147 3147 5213 permissu
3186 5147 3412 5215 episcopi
3442 5146 3520 5201 vel
3552 5148 3781 5204 abbatis

2548 5215 2784 5268 cellulam
2814 5214 2908 5267 sibi
2936 5231 3038 5267 non
3066 5224 3345 5269 construat.

2228 5309 2413 5364 Nullus
2427 5311 2736 5374 monachus,
2759 5309 3172 5380 congregatione
3189 5310 3496 5365 motiasterii
3516 5311 3778 5368 derelio~

2157 5412 2231 5466 ta,
2259 5402 2565 5455 ambitionis
2588 5412 2643 5455 et
2668 5402 2915 5455 vanitatis
2946 5402 3175 5470 impulsu
3194 5402 3441 5456 cellulam
3488 5403 3589 5456 sibi
3621 5419 3791 5459 corr-

2157 5500 2367 5547 struere
2395 5492 2508 5547 sine
2539 5493 2774 5563 episcopi
2803 5492 3155 5565 permissioue
3180 5494 3263 5548 vel
3303 5493 3510 5549 abbatis
3539 5492 3621 5549 sui
3668 5510 3793 5553 vo-

2158 5582 2357 5639 luntate
2384 5593 2693 5652 prtesumat.

2158 5722 2277 5783 rint,
2304 5721 2433 5783 pari.

524 5718 605 5791 fg
619 5761 627 5769 .
642 5762 653 5781 ,
667 5719 749 5774 (ἓν
775 5732 863 5785 per
874 5730 1210 5784 conteritpturtt
1229 5720 1475 5775 Ecclesia:
1492 5733 1537 5774 et
1560 5726 2045 5791 praevaricationem.

2233 5808 2251 5833 ε
2292 5792 2406 5863 .45.,
2433 5792 2492 5847 Ε.
2523 5793 2579 5862 5,
2605 5791 2665 5847 Τ.
2706 5790 2755 5859 I,
2778 5790 2831 5862 2,
2871 5792 2961 5864 U.,
2997 5794 3086 5865 (ἰ,
3116 5792 3419 5848 humilitate.

529 5787 553 5827 l‘
571 5788 633 5844 B.
675 5792 758 5857 IL,
780 5792 1090 5864 perstiteriut
1118 5792 1193 5846 vel
1220 5793 1270 5845 iu
1294 5795 1532 5863 conjugio
1558 5787 1852 5863 permanere
1879 5800 2051 5851 volue-
