4060 6184
310 319 407 373 ιπ
1228 290 1506 372 GALLl/E
1547 314 1886 372 CONCILIA.
1927 348 1996 360 —
2036 322 2566 383 AURELIANENSE
2605 324 2668 380 ll.

3486 336 3592 389 c27%

308 436 445 519 XIX.
569 436 834 517 episwpm
863 435 1115 519 rationem
1159 441 1376 519 territt»;
1417 444 1706 519 prmtiterit
1744 461 1892 499 ραι-οη
1923 446 1968 504 Α
2000 444 2185 498 XXVI.
2232 446 2305 501 De
2357 448 2611 518 religiosis
2647 457 2693 500 et
2742 448 3072 503 sarcularibus
3118 450 3205 519 qui
3251 450 3592 509 divinationes
3626 478 3638 487 -

377 509 578 570 lendas,
606 506 718 559 sine
747 507 1047 575 pra'jndicio
1070 509 1209 577 juris
1234 506 1478 566 Ecclesia:
1502 515 1818 567 tenebuntur.

374 597 429 653 Si
462 596 753 665 episcopus
802 598 1146 651 humanitatis
1189 599 1384 654 intuitu
1438 603 1780 672 mancipiola,
1826 606 1897 659 vi-

307 691 488 743 ncolas
522 688 867 766 velterrulas
909 689 1121 744 clericis
1149 701 1239 746 aut
1266 694 1543 749 monachis
1568 697 1651 751 vel
1682 699 1898 766 quibus.

305 781 430 835 libet
471 764 777 848 przesiiterit
831 780 1156 837 excolendas
1199 785 1364 856 249
1393 787 1474 841 vel
1526 802 1622 855 pro
1656 764 1896 857 tempore

307 872 588 934 tenendas,
644 864 805 926 etiam
849 873 891 926 si
941 874 1094 943 longa
1145 880 1403 933 transisse
1432 895 1697 937 annorum
1726 884 1895 954 spatia

305 962 751 1031 comprobentur,
808 964 1012 1018 nullum
1057 966 1294 1022 Ecclesia
1329 971 1695 1040 prtejudicium
1729 977 1897 1042 patia-

306 1064 414 1119 tur,
451 1069 552 1109 nec
583 1053 830 1109 saaculari
862 1055 981 1123 lege
1008 1058 1347 1128 praescriptio
1371 1076 1492 1131 qua:
1524 1061 1778 1120 Ecclesia:
1800 1065 1895 1121 nli-

306 1144 431 1215 quid
465 1144 722 1212 impediat
748 1153 1074 1212 opponatur.

448 1233 570 1288 XX.
617 1232 683 1289 Ut
707 1244 824 1287 ante
851 1235 1044 1305 pascha
1076 1240 1467 1312 quadragesima
1498 1256 1749 1303 teneatur.

375 1323 433 1378 ld
462 1338 492 1377 a
519 1323 889 1380 sacerdotibus
918 1328 1167 1383 omnibus
1196 1340 1281 1386 est
1325 1332 1622 1400 decretum,
1680 1346 1738 1391 ut
1768 1345 1892 1394 ante

307 1413 517 1482 paschae
570 1415 965 1471 solemnitatem
1004 1432 1109 1472 non
1148 1420 1583 1494 quinquagesima
1630 1426 1723 1480 sed
1764 1443 1894 1496 qna-

303 1505 600 1574 dragesima
636 1516 902 1562 teneatur.

306 1595 448 1651 XXI.
495 1596 564 1652 Ut
617 1599 794 1653 nullus
846 1602 1370 1727 civiumltgstivitates
1401 1610 1619 1674 maiores
1667 1609 1720 1661 in
1770 1610 1892 1664 villa

980 1689 1034 1726 ce
1057 1691 1081 1727 e
1118 1684 1209 1727 ret.

980 1684 1209 1729 celebret.

375 1758 445 1814 Ut
471 1760 604 1862 nulli
628 1762 822 1864 civium
864 1763 1101 1834 Paschw,
1130 1767 1332 1823 Natalis
1364 1768 1572 1823 Domini
1607 1772 1687 1826 vel
1728 1774 1885 1841 qnin-
1925 1804 1969 1864 Β

305 1851 630 1920 quagesimze
690 1853 1080 1910 solemnitatem
1131 1857 1182 1911 in
1233 1858 1355 1913 villa
1406 1860 1560 1915 liccat
1590 1862 1886 1928 celebrare,

304 1941 404 1995 nisi
432 1956 590 2012 quem
618 1942 901 1998 inﬁrmitas
931 1946 1238 2013 probabitur
1272 1948 1529 2004 tenuisse.

285 2032 472 2092 .XXII.
519 2032 588 2088 Ut
636 2035 860 2104 populus
912 2045 1027 2088 ante
1081 2037 1477 2093 benedictionem
1522 2041 1798 2097 sacerdotis
1829 2043 1891 2097 de

770 2106 925 2159 missa
965 2124 1067 2161 non
1110 2110 1422 2180 egrediatur.

367 2193 502 2249 Cum
530 2195 597 2249 ad
622 2196 968 2253 celebrandas
992 2199 1185 2254 missas
1213 2201 1266 2255 in
1300 2202 1395 2256 Dei
1426 2202 1642 2258 nomine
1694 2218 1889 2262 conve-

301 2283 468 2349 nitur,
498 2286 725 2354 populus
755 2302 857 2341 non
888 2298 1011 2344 ante
1042 2289 1279 2346 discedat
1309 2308 1464 2363 quam
1490 2296 1667 2350 missa:
1695 2298 1891 2351 solem-

300 2374 445 2427 nitas
474 2377 832 2443 compleatur;
860 2388 911 2432 et
960 2379 1049 2434 ubi
1074 2380 1353 2452 episcopus
1396 2384 1626 2440 defuerit
1670 2386 1891 2443 benedi-

300 2465 541 2518 ctionem
574 2466 798 2534 accipiat
824 2470 1138 2527 sacerdotis.

301 2552 493 2609 XXI".
541 2555 612 2610 Ut
669 2560 862 2614 (itania:
906 2571 1019 2684 p02:
1080 2564 1434 2685 dacemionem
1497 2565 1703 2621 Domini
1760 2570 1889 2624 erle-

1007 2649 1095 2685 ren
1122 2650 1206 2685 ur.

1007 2649 1206 2688 rentur.

368 2712 719 2786 Rogationes,
746 2718 799 2774 id
829 2730 908 2775 est
934 2722 1146 2778 litanias
1199 2734 1320 2795 post
1348 2727 1734 2786 Ascensionem
1781 2732 1886 2786 Do-

296 2803 423 2859 mini
457 2807 657 2875 placuit
681 2810 964 2878 celebrari,
996 2814 1064 2868 ita
1117 2826 1174 2871 ut
1221 2819 1550 2885 praemissum
1584 2822 1886 2879 triduanum

291 2896 549 2965 jejunium
609 2911 729 2969 post
780 2903 1061 2960 dominicae
1108 2909 1452 2966 Ascensionis
1492 2913 1884 2970 solemnitatem

292 2987 531 3042 solvatur
559 3007 571 3041 :
604 3005 697 3059 per
718 2992 859 3061 quod
893 2995 1124 3050 triduum
1148 3000 1291 3053 servi
1319 3009 1371 3055 et
1397 3002 1604 3057 ancilla:
1631 3004 1699 3057 ab
1741 3007 1886 3061 omni

294 3094 462 3149 opere
489 3083 803 3141 relaxentur
835 3104 939 3154 quo
982 3092 1150 3160 magis
1189 3092 1340 3161 plebs
1394 3095 1641 3151 universa
1688 3113 1884 3154 conve-

295 3176 404 3267 niat
433 3193 448 3230 :
479 3193 585 3248 quo
618 3181 793 3238 triduo
818 3199 1010 3241 omnes
1034 3159 1334 3245 abstineant
1366 3201 1421 3248 et
1448 3195 1885 3267 quadragesima-
1911 3159 1957 3221 Ο

294 3264 432 3324 libus
464 3272 600 3327 cibis
632 3284 869 3332 utantur.

475 3360 665 3421 XXIV.
708 3364 787 3421 De
810 3370 1009 3423 clericis
1036 3374 1123 3442 qui
1162 3376 1231 3428 ad
1271 3376 1497 3444 ofﬁcium
1538 3379 1704 3435 venire

908 3454 1253 3500 contemnunt.

365 3517 560 3577 Clerici
585 3539 713 3580 vero
742 3530 831 3598 qui
857 3532 922 3584 ad
946 3548 1079 3601 opus
1109 3546 1351 3591 sanctum
1397 3538 1586 3594 adesse
1637 3549 1880 3595 contem-

293 3612 497 3677 pserint
519 3617 812 3674 secundum
853 3610 1136 3680 arbitrium
1181 3629 1415 3698 episcopi
1463 3630 1878 3688 ecclesiasticam

291 3706 585 3772 suscipiant
628 3711 986 3781 disciplinam.

396 3793 564 3850 XXV.
608 3799 688 3853 De
710 3804 1064 3871 familiaritate
1092 3818 1449 3864 extraneorum
1473 3812 1766 3868 mulierum.

360 3882 436 3975 De
466 3885 833 3949 familiaritate
854 3904 1227 3954 extranearum
1272 3901 1555 3956 mulierum
1582 3904 1744 3975 25o
1770 3914 1874 3962 tam

290 3974 527 4046 episcopi
553 3994 714 4047 quam
739 3986 1040 4057 presbyteri
1092 3990 1174 4045 vel
1227 3992 1437 4046 diaconi
1481 3974 1876 4061 printer-iturum

291 4078 553 4121 canonum
581 4078 782 4127 statuta
809 4078 1132 4136 custodiant.

360 4185 388 4213 "
413 4180 530 4247 AL,
561 4183 609 4236 si
638 4184 984 4255 inﬁrmitatem
1014 4208 1114 4245 non
1151 4194 1304 4263 fuerit
1333 4210 1625 4265 perpessus.

2660 520 2948 573 attendunt.

2075 610 2129 663 Si
2158 612 2276 679 quis
2303 612 2559 677 clericus,
2612 612 2904 666 monachus
2936 612 3019 668 vel
3067 613 3342 668 smcularis
3383 615 3594 670 divina-

2002 703 2200 757 tionem
2224 705 2305 758 vel
2340 705 2558 772 auguria
2586 705 2922 759 observanda
2944 704 3025 758 vel
3049 712 3244 770 sortes,
3277 723 3407 774 quas
3436 724 3586 761 men-

2004 795 2208 851 tiuntur
2233 812 2351 852 esse
2378 807 2705 865 sanctorum,
2743 799 3146 867 quibuscunque
3175 801 3475 866 putaverint
3501 802 3584 852 in-

2002 888 2296 952 timamlas,
2327 904 2447 943 cum
2478 890 2557 944 his
2586 891 2674 959 qui
2722 890 2799 944 eis
2847 888 3172 944 crediderint
3219 890 3284 943 ab
3331 890 3590 943 Ecclesiae

2001 980 2375 1034 communione
2406 980 2693 1049 pellantur.

2001 1068 2215 1127 XXVII.
2262 1069 2329 1124 Ut
2358 1071 2625 1141 episcopus
2657 1070 2739 1123 die
2758 1071 3035 1193 ddgminico
3087 1074 3148 1125 ab
3176 1071 3388 1127 ecclesia
3417 1072 3587 1127 deesse

2625 1157 2726 1193 non
2794 1159 2817 1193 e
2855 1155 2955 1193 eat.

2625 1157 2726 1194 non
2758 1155 2932 1195 αεοεαι
2942 1182 2955 1196 .

2070 1230 2366 1300 Episcopus
2388 1232 2431 1285 si
2463 1231 2769 1287 inﬁrmitate
2793 1248 2897 1287 non
2921 1232 3077 1288 fuerit
3108 1232 3391 1302 impeditus
3417 1240 3465 1300 η,
3495 1248 3589 1287 θεέ

2000 1320 2180 1376 clesiae
2210 1324 2294 1377 cui
2327 1322 2601 1391 proximus
2632 1322 2791 1378 fuerit
2816 1325 2902 1379 die
2949 1324 3219 1381 dominico
3260 1325 3448 1380 deesse
3478 1339 3579 1376 non

1998 1410 2173 1467 liccat.

2069 1506 2353 1560 Tctradius
2380 1507 2664 1576 episcopus
2690 1510 3003 1577 subscripsi.

2070 1594 2400 1652 Gelidandns
2424 1600 2706 1667 cpiscopus
2737 1600 3046 1668 subscripsi.

2072 1686 2349 1744 flcraclius
2377 1692 2661 1761 episcopus
2687 1693 3006 1761 subscripsi.

2072 1781 2324 1837 Lucinius
2353 1781 2379 1819 δ
2414 1785 2700 1854 episcopus
2730 1785 3045 1854 subscripsi.

2071 1871 2324 1927 Leontius
2348 1877 2632 1943 episcopus
2655 1874 2971 1945 subscripsi.

2067 1962 2392 2018 Camilianus
2418 1965 2700 2034 episc0pus
2731 1965 3041 2035 subscripsi.

2067 2051 2386 2117 Quintianus
2411 2054 2696 2124 episcopus
2718 2053 3030 2123 subscripsi.

2072 2140 2337 2197 Eusebius
2366 2144 2654 2213 episcopus
2692 2144 3009 2212 subscripsi.

2069 2232 2285 2287 Boetius
2312 2233 2598 2303 episcopus
2627 2233 2949 2303 subscripsi.

2066 2324 2258 2379 Petrus
2282 2325 2563 2396 episcopus
2591 2325 2907 2395 subscripsi.

2064 2416 2396 2488 Euphrasius
2427 2417 2713 2488 episcopus
2740 2417 3056 2487 subscripsi.

2063 2506 2361 2577 Cyprianus
2388 2506 2673 2577 episcOpus
2696 2506 3015 2576 subscripsi.

2064 2594 2364 2667 Principius
2386 2597 2670 2667 episcOpus
2698 2597 3016 2666 subscripsi.

2061 2686 2320 2743 Melanius
2342 2688 2631 2760 episcopus
2657 2688 2973 2759 subscripsi.

2063 2777 2396 2848 Epiphanius
2426 2780 2709 2850 episcopus
2738 2780 3054 2849 subscripsi.

2059 2870 2359 2940 Adelphius
2388 2872 2672 2940 episcopus
2700 2871 3017 2941 subscripsi.

2062 2958 2301 3015 Micetius
2329 2963 2610 3030 episcOpus
2632 2960 2946 3031 subscripsi.

2060 3051 2320 3107 Abentins
2346 3051 2433 3123 [Β.
2458 3053 2548 3118 Β..
2580 3050 2890 3124 Labetttius]
2911 3052 3190 3123 episcopus
3217 3053 3534 3124 subscripsi.

2061 3143 2333 3200 Modestus
2360 3146 2646 3215 episcopus
2678 3146 2995 3216 subscripsi.

2060 3235 2260 3305 Lupius
2292 3236 2577 3304 episcopus
2608 3237 2924 3307 subscripsi.

2059 3324 2389 3379 Leontianus
2421 3324 2705 3392 episcopus
2726 3326 3041 3394 subscripsi.

2058 3415 2235 3486 Nepus
2266 3415 2553 3486 episcopus
2583 3416 2896 3484 subscripsi.

2057 3507 2393 3563 Theodosius
2414 3510 2695 3578 episc0pus
2718 3507 3032 3577 subscripsi.

2061 3598 2313 3653 Libanius
2336 3600 2622 3670 episc0pus
2648 3599 2962 3668 subscripsi.

2064 3691 2393 3762 Sepbronius
2441 3690 2537 3763 [Β.
2581 3691 2674 3759 R.,
2707 3690 3070 3763 Sepbronius]
3105 3691 3386 3764 cpiscopus
3446 3692 3574 3747 sub-

2128 3787 2343 3857 scripsi.

2056 3881 2287 3936 Ediusus
2325 3882 2613 3952 episcopus
2647 3882 2961 3953 subscripsi.

2058 3973 2327 4026 Litardius
2354 3972 2470 4043 [U.,
2505 3974 2774 4028 Litardusl
2799 3975 3085 4044 episcopus
3110 3964 3422 4045 subscripsi.

2063 4065 2275 4119 Maurus
2298 4064 2583 4134 episcopus
2605 4064 2922 4134 subscripsi.

2060 4194 2087 4232 ιθ
2119 4194 2173 4250 ln
2199 4194 2440 4263 reliquis,
2476 4205 2670 4265 pratter
2691 4196 2780 4262 A.,
2814 4195 3059 4249 Licinius.

294 4313 3573 4375 Ἢ

1783 4445 2097 4519 XXXII

738 4578 1397 4669 CONCILIUM
1473 4586 2377 4672 AURELIANENSE
2451 4585 3147 4675 SECUNDUM.

362 4714 492 4767 Cum
517 4714 570 4768 in
602 4716 693 4771 Dei
719 4718 936 4776 nomine
962 4722 1011 4775 in
1042 4723 1413 4779 Aurelianensi
1461 4725 1592 4781 urbe
1622 4726 1687 4779 ad
1717 4741 1877 4796 syuo-
1905 4730 1959 4790 D
1987 4726 2236 4787 tenuerit,
2260 4733 2320 4778 ut
2340 4724 2406 4779 ad
2434 4724 2595 4779 alium
2649 4726 2996 4781 constitutum
3031 4728 3209 4783 locum
3238 4730 3428 4788 adesse
3461 4749 3565 4790 non

292 4802 409 4859 dale
430 4807 716 4861 concilium
738 4813 1202 4880 convenissemus,
1227 4815 1295 4870 de
1326 4815 1408 4870 his
1456 4831 1573 4886 quae
1625 4832 1719 4885 per
1758 4816 1877 4871 lon-

292 4909 409 4958 gum
457 4905 670 4966 tempus
719 4900 1099 4957 observatione
1148 4916 1394 4961 cessante
1449 4907 1657 4962 fuerant
1716 4909 1878 4962 inter-

293 4983 471 5049 missa,
503 4988 741 5054 priorum
769 5006 1031 5048 canonum
1059 5005 1243 5051 tenore
1266 5008 1501 5063 servato,
1526 5002 1877 5068 praesentibus

292 5076 487 5143 regulis
517 5090 701 5135 vetera
729 5092 928 5139 statuta
951 5091 1351 5155 renovavitnus,
1386 5100 1438 5145 et
1468 5108 1599 5145 nova
1632 5108 1729 5161 pro
1759 5109 1880 5147 eau-

289 5177 469 5222 sarum
484 5171 568 5226 vel
600 5181 898 5243 temporum
924 5180 1233 5237 conditione
1260 5182 1505 5238 addenda
1526 5185 1871 5241 credidimus.

549 5266 705 5336 251
748 5268 790 5322 l.
836 5269 911 5324 De
956 5274 1173 5327 concilio
1215 5274 1614 5343 metropolitani.

358 5349 617 5420 Primum,
652 5367 710 5410 ut
741 5361 1102 5431 unusquisque
1151 5366 1589 5433 metropolitanus
1640 5367 1695 5420 in
1746 5382 1871 5434 pro-

284 5440 457 5495 vincia
488 5459 584 5498 sua
616 5462 735 5501 cum
762 5453 1309 5520 comprovincialibus
1333 5457 1444 5509 suis
1469 5456 1692 5525 singulis
1722 5457 1874 5512 annis

278 5535 541 5603 synodale
569 5537 765 5595 debeat
810 5555 1114 5614 opportuno
1169 5556 1406 5617 tempore
1455 5549 1653 5602 habere
1696 5548 1875 5603 cunei-

282 5623 420 5681 lium
450 5643 464 5680 :
496 5629 639 5697 quod
662 5632 707 5686 si
734 5632 883 5688 illum
929 5635 1207 5693 inﬁrmitas
1260 5649 1349 5694 aut
1397 5638 1688 5695 necessitas
1728 5649 1875 5696 certa
1924 5689 1932 5695 .

359 5767 384 5795 ⁸
422 5758 585 5817 Deest
614 5762 714 5820 hoc
743 5769 1024 5826 concilium
1053 5772 1108 5827 in
1141 5772 1201 5827 E.
1242 5775 1298 5831 3.

1982 4815 2175 4886 possit,
2202 4814 2266 4868 ad
2300 4828 2450 4869 suam
2480 4815 2748 4870 civitatem
2769 4830 2903 4871 suos
2926 4827 3114 4874 evocet
3139 4818 3357 4877 fratres.
3406 4826 3563 4890 Quod

1983 4905 2183 4962 siintra
2218 4908 2492 4962 biennium
2536 4908 2792 4964 divinitus
2826 4916 3130 4978 temporum
3184 4914 3570 4983 tranquillitate

1983 5012 2242 5055 concessa
2272 5001 2555 5055 admouitis
2602 4996 3141 5071 comprovincialibus
3182 5022 3210 5058 a
3251 5008 3567 5077 metropoli-

1985 5100 2110 5146 tano
2136 5094 2374 5164 synodus
2406 5093 2601 5149 indicta
2628 5109 2732 5149 non
2761 5093 2945 5161 fuerit,
2981 5098 3421 5164 metropoliaanus
3453 5100 3567 5168 ipse

1981 5199 2080 5252 pro
2106 5187 2435 5240 evocationis
2469 5186 2714 5241 tarditate
2741 5202 2883 5241 anno
2915 5188 3121 5254 integro
3152 5187 3341 5241 missas
3389 5189 3566 5247 facere

1983 5289 2087 5328 non
2139 5286 2447 5343 praesumat.
2505 5276 2657 5343 Quod
2707 5276 2751 5329 si
2780 5275 2987 5330 evocati
3038 5277 3179 5329 nulla
3256 5278 3567 5336 inﬁrmitate

1980 5367 2242 5433 corporali
2286 5368 2485 5421 detenti
2528 5366 2717 5420 adesse
2769 5381 2864 5419 sua
2915 5366 3172 5421 abusione
3202 5369 3560 5440 despexerunt,

1979 5457 2137 5511 simili
2190 5460 2468 5513 sententia:
2513 5458 2903 5527 suhjacebunt,
2959 5460 3050 5531 qui
3103 5472 3278 5516 tamen
3326 5476 3380 5518 et
3416 5467 3565 5529 hanc

1980 5553 2377 5607 excusationem
2405 5552 2503 5607 sibi
2530 5554 2772 5608 noverint
2803 5570 2923 5610 esse
2973 5555 3259 5624 sublatam,
3295 5556 3339 5612 si
3365 5561 3561 5614 absen-

1988 5648 2111 5702 tiam
2135 5662 2284 5704 suam
2312 5650 2576 5707 divisione
2611 5652 2772 5708 sortis
2814 5654 3136 5711 crediderint
3176 5657 3559 5716 excusandam.
