4060 6184
416 319 520 373 279

771 429 834 487 ll.
865 430 938 485 De
964 431 1310 485 sacerdotibus
1338 429 1653 500 conjugatis.

493 542 560 600 Ut
590 542 764 597 nullus
787 541 1103 597 clericorum
1133 555 1162 592 a
1189 537 1521 594 subdiacono
1570 545 1625 591 et
1675 549 1856 604 supra,
1915 535 2006 602 qui

423 649 621 690 uxores
652 635 702 687 in
748 632 1022 702 prOposito
1073 647 1169 685 suo
1211 628 1456 699 accipere
1505 629 1839 695 inhibentur,
1885 640 2008 694 pro-

425 727 576 793 priae,
610 725 652 777 si
686 723 823 779 forte
857 724 966 791 jam
999 721 1210 787 haheat,
1243 721 1533 774 misceatur
1567 719 1717 774 uxori
1750 735 1762 772 :
1793 718 1933 789 quod
1961 717 2007 772 si

421 816 634 882 fecerit,
666 816 795 869 laica
820 814 1197 868 communione
1243 820 1525 868 contentus
1569 813 1720 881 juxta
1771 814 2008 881 priorum

422 927 687 966 canonum
739 918 934 965 statuta
991 911 1060 964 ab
1113 910 1294 964 officio
1345 909 1686 978 deponatur;
1749 922 1908 978 quem
1964 906 2012 961 si

423 1003 599 1056 sciens
629 1004 916 1071 episcOpus
940 1017 1067 1055 suus
1095 1002 1146 1056 in
1180 1002 1280 1056 hac
1323 1002 1544 1056 vilitatis
1595 999 2012 1070 praesumptione

425 1090 696 1146 viventem
726 1099 749 1125 υ
802 1092 867 1144 ad
909 1092 1146 1146 officium
1201 1103 1385 1160 postea
1441 1091 1752 1156 admiserit,
1795 1101 1849 1145 et
1897 1090 2014 1155 ipse

424 1181 710 1250 episcopus
742 1179 808 1234 ad
839 1179 1098 1250 agendam
1125 1181 1491 1249 paenitentiam
1523 1180 1696 1236 tribus
1737 1177 2013 1234 mensibus

425 1275 496 1330 sit
525 1290 554 1329 a
583 1289 681 1330 suo
711 1273 889 1328 officio
915 1283 1298 1342 sequestratus.

717 1365 804 1418 lll.
851 1365 924 1419 De
961 1366 1289 1419 ordinatione
1329 1363 1727 1432 metrOpolitani.

503 1477 581 1532 De
611 1476 1142 1547 metropolitanorum
1175 1491 1303 1531 vero
1334 1475 1762 1530 ordinationibus
1809 1471 1860 1528 id
1906 1472 2012 1542 pla.

429 1571 559 1633 cuit,
588 1578 646 1623 ut
677 1568 1070 1636 metropolitani
1101 1584 1129 1622 a
1187 1569 1620 1638 metropolitano,
1677 1566 1945 1630 omnibus,
1972 1564 2016 1619 si

435 1663 547 1718 tieri
575 1671 772 1732 potest,
803 1658 1154 1732 prtesen'tibus
1211 1663 1625 1730 provincialibus
1667 1660 1716 1731 δ,
1767 1660 2019 1716 ordinen-

435 1763 558 1806 tur:
593 1752 662 1805 ita
694 1761 750 1805 ut
780 1750 878 1820 ipsi
913 1750 1322 1820 metmpolitano
1351 1751 1632 1807 ordinandi
1681 1749 2013 1820 priviiegium
2051 1781 2096 1839 Β

431 1854 646 1898 maneat
672 1845 813 1911 quod
839 1843 1197 1898 ordinationis
1241 1843 1575 1899 consuetudo
1622 1842 1864 1912 requirit.
1898 1841 2016 1908 Ipse

431 1947 612 1990 tamen
639 1933 1084 2003 metropolitanus
1113 1950 1142 1988 a
1167 1933 1704 2005 cumprovincialihus
1726 1933 2016 2005 episcopis,

431 2031 569 2086 sicut
595 2034 810 2089 decreta
836 2032 980 2088 sedis
1029 2031 1336 2101 apostolicae
1389 2029 1686 2094 continent,
1733 2045 1854 2085 cum
1885 2045 2017 2084 cnn-

436 2140 601 2180 sensu
631 2126 761 2182 cleri
793 2126 876 2180 vel
909 2125 1106 2181 civium
1132 2124 1386 2193 el'gatur,
1432 2126 1592 2196 252
1639 2124 1764 2194 quia
1806 2138 2018 2194 aequum

435 2226 538 2280 est.
568 2221 706 2276 sicut
738 2221 848 2290 ipsa
880 2222 1035 2274 sedes
1065 2219 1355 2288 apostolica
1378 2218 1530 2282 dixit,
1565 2219 1654 2296 qui
1706 2232 2023 2288 praeponen-

435 2312 537 2368 dus
567 2324 648 2367 est
674 2314 922 2370 omnibus
949 2314 1014 2366 ab
1039 2313 1287 2370 omnibus
1311 2312 1538 2382 eligatur
1563 2330 1575 2366 :
1606 2312 1674 2368 de
1722 2311 2023 2381 provincia-

437 2403 579 2458 libus
609 2420 736 2457 vero
787 2403 1100 2458 ordinandis
1139 2419 1260 2458 cum
1300 2417 1568 2458 consensu
1622 2402 2020 2471 metropolitani

437 2495 566 2549 cieri
589 2507 642 2549 et
672 2495 866 2549 civium
885 2495 1032 2564 juxta
1065 2496 1302 2565 priorum
1326 2511 1592 2552 canonum
1612 2504 1808 2553 statuta
1835 2496 2024 2552 volun-

439 2595 521 2642 tas
549 2595 601 2640 et
629 2588 820 2641 electio
854 2588 1179 2654 requiratur.

583 2678 670 2731 IV.
714 2677 791 2732 De
821 2678 1177 2748 familiaritate
1198 2687 1557 2732 extraneorum
1588 2678 1874 2733 mulierum.

510 2791 660 2846 Licet
685 2791 796 2861 jam
821 2792 980 2845 multa
1009 2805 1130 2861 qua:
1156 2792 1430 2847 observari
1456 2791 1686 2847 debeant
1717 2791 1899 2846 multis
1933 2806 2025 2847 ca-

441 2885 647 2939 nonicis
676 2882 954 2939 sententiis
987 2883 1182 2938 fuerint
1213 2891 1436 2951 statuta,
1465 2889 1643 2940 tamen
1675 2883 1816 2955 quod
1861 2897 2026 2953 agno-

441 2981 608 3033 scitur
637 2993 782 3049 saepe
826 2976 1129 3033 transcendi
1158 2978 1413 3031 convenit
1458 2977 1704 3046 replicari
1737 2993 1751 3030 :
1799 2975 2024 3045 ideoque

443 3072 747 3139 statuimus,
778 3082 833 3127 ut
865 3072 1052 3140 nequis
1084 3071 1379 3124 antistitum
1438 3070 1862 3138 clericorumquc
1907 3083 2024 3123 om-

865 3120 1050 3140 ---τ-η
1086 3120 1132 3123 __
1443 3120 1860 3138 __--_--____,,__
1915 3120 1930 3123 -
1965 3120 1992 3122 ﬁ

442 3165 588 3218 nium
643 3164 909 3218 licentiam
966 3163 1160 3217 haheat
1210 3163 1347 3216 intra
1401 3162 1617 3216 domum
1667 3175 1816 3217 suam
1861 3120 2163 3218 ιιΙΙςιιιιίῖἷ1

440 3257 642 3323 absque
672 3256 752 3309 bis
779 3254 1091 3325 propinquis
1134 3253 1467 3320 mulieribus,
1501 3267 1635 3322 quas
1689 3253 1892 3322 priores
1947 3267 2029 3307 ca-

439 3359 608 3403 nunes
632 3348 974 3416 eloquuntur,
1010 3345 1210 3402 habere
1234 3361 1513 3415 personam
1543 3362 1556 3399 :
1577 3344 1768 3415 quibus
1793 3344 1950 3399 etiam
1975 3353 2028 3400 et

435 3439 488 3494 id
516 3441 824 3508 specialiter
854 3439 1144 3503 inhibetur,
1170 3447 1227 3492 ut
1251 3439 1293 3492 si
1326 3439 1443 3507 quis
1492 3439 1805 3493 clericorum
1853 3435 2024 3506 suspi-

439 3533 648 3586 cionem
681 3533 964 3585 adversam
997 3541 1088 3584 aut
1128 3531 1519 3585 ohlocutioncm
1557 3528 1737 3597 populi
1785 3530 1852 3583 de
1909 3545 2027 3583 tutt-

438 3624 568 3678 licre
598 3639 913 3692 quacunque
941 3623 1180 3676 fortassis
1222 3623 1526 3686 incurrerit,
1585 3637 1701 3674 eam
1753 3622 1929 3675 statim
1981 3621 2027 3675 si

440 3714 580 3766 intra
603 3715 818 3767 domum
866 3729 1016 3766 suam
1064 3713 1219 3765 habet
1267 3713 1515 3779 abjiciat;
1560 3713 1604 3766 si
1652 3723 1798 3767 certe
1843 3721 2025 3767 extra-

440 3820 538 3859 nea
570 3814 624 3857 et
654 3805 731 3857 sui
757 3805 891 3872 juris
920 3815 1020 3866 est,
1079 3805 1150 3858 ita
1182 3800 1428 3858 omnibus
1466 3805 1864 3859 conditionibus
1907 3814 2025 3860 stn-

440 3896 563 3950 deat
587 3896 808 3959 evitare,
847 3905 902 3950 ut
932 3896 1145 3950 infamia
1174 3911 1293 3965 qua:
1321 3897 1548 3951 excitata
1579 3907 1660 3952 est
1712 3898 2022 3966 abrogetur.

439 3985 589 4050 Quod
613 3985 656 4039 si
687 3985 906 4056 quilibet
952 3985 1041 4040 ille
1078 3988 1376 4042 antistitum
1409 3988 1838 4059 clericorumque
1887 3989 2024 4057 quod

439 4095 599 4150 supra
625 4078 893 4152 scriptum
913 4093 994 4137 est
1023 4084 1192 4138 vitare
1223 4084 1478 4150 noluerit,
1514 4101 1609 4153 pro
1665 4085 2024 4140 inohedientia

438 4177 653 4231 triennii
681 4177 1238 4233 exeommunlcatione
1267 4178 1549 4232 mulctetur
1579 4197 1591 4231 :
1634 4177 1776 4244 quod
1809 4178 1853 4232 si
1879 4178 2026 4232 adul-

439 4269 870 4337 teriipermixlio
925 4269 1084 4322 fuerit
1110 4269 1425 4338 approbata,
1487 4270 1536 4322 in
1593 4268 1971 4339 degradatione
2003 4279 2024 4307 ο

446 4360 706 4414 honorum
757 4360 993 4427 priorum
1048 4373 1313 4413 canonum
1366 4368 1561 4413 statuta
1609 4367 1921 4424 serventur;
1974 4361 2024 4413 in

443 4453 634 4522 quibus
677 4451 1192 4507 commonitionibus
1220 4454 1658 4521 metropolitanus
1704 4468 1734 4507 a
1772 4466 2024 4520 compro-

439 4546 784 4610 vincialibus,
813 4544 1278 4614 comprovincialis
1300 4561 1330 4599 a
1350 4546 1760 4613 metropolitano
1788 4559 1906 4599 cum
1935 4559 2022 4600 re-

446 4635 600 4705 liquis
629 4635 1177 4705 centprm'incialibus
1206 4635 1618 4705 distringantnr.

755 4728 816 4782 V.
858 4726 936 4782 De
967 4729 1295 4798 facultatibm
1323 4732 1702 4800 parochiarum.

512 4837 567 4890 Si
592 4854 710 4908 qum
741 4839 1041 4894 oblationes
1073 4840 1124 4892 in
1160 4841 1485 4909 quibuslibet
1513 4844 1672 4896 rebus
1695 4852 1854 4911 atque
1892 4858 2026 4897 cor-

443 4931 663 5000 poribus
692 4929 898 4983 collatae
927 4931 1121 4984 fuerint
1149 4932 1382 4985 basilicis
1411 4935 1460 4985 in
1493 4916 1797 4987 civitatibus
1829 4933 2028 4987 consti-

443 5023 594 5087 tutis,
620 5021 685 5075 ad
717 5029 1037 5088 potestatem
1067 5021 1300 5090 episcOpi
1349 5023 1677 5090 redigantur,
1728 5036 1780 5078 et
1809 5026 1860 5078 in
1909 5027 2026 5092 ejus

442 5113 512 5168 sit
541 5111 766 5168 arbitrio
793 5110 921 5182 quid
954 5110 1020 5165 ad
1074 5112 1465 5181 reparationem
1523 5111 1756 5167 basilica:
1787 5122 1879 5167 aut
1931 5115 2027 5168 ob-

442 5204 703 5257 servanda
749 5202 819 5257 ibi
850 5201 1146 5256 substantia
1200 5199 1518 5270 deputetur:
1567 5199 1636 5255 de
1689 5202 2028 5257 lacunalibus

441 5306 569 5348 vero
589 5294 962 5363 parochiaruin
992 5295 1076 5349 vel
1108 5293 1447 5348 basilicarum
1480 5292 1530 5347 in
1578 5294 1726 5364 pagis
1752 5293 2027 5351 civitatum

441 5385 850 5439 constitutarunl
883 5387 1213 5455 singulorum
1239 5385 1475 5441 locorum
1503 5386 1835 5443 consuetudo
1862 5384 1886 5425 ἀ
1915 5403 2033 5442 ser-

446 5485 615 5530 \‘Cllll'.

517 5649 542 5711 ξ
574 5640 632 5711 Τ.
673 5641 728 5696 l.
753 5639 817 5694 In
846 5641 943 5696 hac
964 5640 1154 5695 vilitate
1182 5643 1568 5711 prtrsumptiose
1595 5645 1858 5700 viventem.

516 5707 542 5747 δ
574 5710 688 5770 ΑΞ..
722 5713 777 5764 Β.
813 5714 898 5774 ll.,
931 5714 992 5764 'l'.
1030 5715 1078 5776 l,
1110 5707 1278 5773 2,'U.,
1313 5707 1837 5776 corriprm'incialt'hm.

523 5789 542 5815 ⁸
574 5780 690 5849 En,
711 5781 769 5836 Β.
803 5781 892 5851 ιι,
914 5781 975 5838 Τ.
1013 5783 1062 5851 l,
1093 5783 1148 5852 9,
1183 5782 1270 5849 U.,
1302 5779 1728 5852 Grcgradatt'onc.

1125 314 1504 377 COLLECTIO
1540 311 1867 371 CANONUM
1915 309 1975 367 S.
2018 307 2289 368 lSlDORO
2329 309 2595 370 lllSPAL.
2638 312 2998 371 ASCRIPTA.

2032 423 2082 478 A

3586 319 3694 376 Q80

2281 423 2438 494 253
2484 424 2566 480 Vl.
2607 423 2687 478 De
2718 426 3235 481 excoimnunicatione
3271 428 3518 500 epis-cepi.

2182 515 2257 570 De
2283 515 2598 570 clericorum
2653 517 3024 587 praemitteuda
3054 519 3404 575 conversione
3433 521 3484 575 id
3514 523 3692 578 omni-

2111 607 2284 663 modis
2313 609 2647 676 observetur,
2681 626 2748 663 ne
2779 609 2917 664 ullus
2947 625 3012 666 ex
3059 610 3208 666 laicis
3249 625 3374 666 ante
3399 616 3687 673 annualem

2111 702 2515 756 conversionem
2553 701 2633 756 vel
2665 711 2878 756 aetatem
2920 702 3230 771 legitimam,
3263 704 3313 758 id
3345 713 3426 759 est
3454 716 3578 761 ante
3611 709 3696 762 vi-

2110 791 2244 861 ginti
2275 793 2511 862 quinque
2539 808 2798 850 annorum
2830 794 3111 861 diaconus,
3140 808 3194 852 et
3229 797 3442 875 triginta
3473 800 3697 872 presby-

2114 893 2194 939 ter
2223 885 2521 952 ordinetur,
2566 887 2639 940 ita
2666 898 2722 940 ut
2761 890 2828 942 de
2855 886 2986 957 ipsis
3032 903 3245 958 quoque
3271 892 3359 958 qui
3411 890 3696 946 ordinandi

2113 985 2240 1032 sunt
2285 977 2469 1034 clerici
2522 980 2764 1049 regulare
2817 978 3149 1035 custodiatur
3201 980 3439 1035 studium
3492 996 3560 1036 ne
3603 993 3695 1037 aut

2113 1076 2342 1130 duarum
2380 1091 2602 1130 uxorum
2630 1078 2712 1133 vir
2741 1084 2832 1130 aut
2871 1086 3110 1144 renuptte
3150 1075 3369 1130 maritus
3399 1085 3492 1129 aut
3521 1075 3699 1144 paeni-

2115 1167 2335 1220 tentiam
2367 1166 2639 1235 professus
2671 1175 2760 1221 aut
2787 1183 2966 1223 scmus
2997 1182 3222 1237 corpore
3251 1169 3336 1222 vel
3364 1166 3453 1236 qui
3481 1168 3698 1237 publice

2116 1256 2405 1325 aliquando
2473 1267 2717 1325 arreptus
2771 1269 2853 1314 est
2912 1258 2978 1313 ad
3029 1261 3424 1330 suprascriptos
3479 1259 3702 1316 ordines

2120 1361 2517 1418 promoveatur.
2549 1351 2701 1418 Quod
2739 1352 2784 1406 si
2815 1351 2993 1408 sciens
3036 1353 3318 1422 episcopus
3365 1361 3550 1407 contra
3583 1352 3699 1409 btet:

2117 1450 2312 1496 statuta
2344 1442 2605 1512 agendum
2651 1457 2771 1500 esse
2819 1443 3130 1513 crediderit,
3164 1445 3209 1501 is
3239 1445 3453 1514 quidem
3486 1446 3574 1513 qui
3604 1459 3698 1498 or-

2120 1535 2336 1591 dinatur
2379 1547 2631 1607 suscepto
2672 1538 2823 1607 juxta
2872 1539 3170 1594 anteriores
3198 1553 3433 1594 canones
3459 1539 3698 1608 privetur

2121 1626 2324 1696 officio,
2373 1629 2466 1684 sed
2511 1640 2564 1685 et
2604 1629 2693 1685 ille
2728 1646 2825 1699 pro
2860 1630 3210 1686 ordinationis
3259 1633 3560 1687 temeritate
3594 1647 3692 1688 sex

2127 1721 2400 1776 mensibus
2447 1737 2478 1776 a
2515 1722 2851 1778 celebrandis
2881 1724 3070 1779 ofﬁciis
3118 1734 3511 1794 sequestretur;
3559 1727 3700 1794 quod

2123 1813 2167 1867 si
2198 1814 2388 1870 missas
2419 1815 2555 1869 intra
2584 1824 2842 1872 statutum
2878 1825 3090 1887 tempus
3139 1817 3315 1873 facere
3345 1833 3700 1887 praesumpse-

2121 1906 2212 1967 rit,
2244 1919 2385 1958 anno
2416 1905 2621 1975 integro
2655 1906 2722 1960 ab
2753 1907 2991 1962 omnium
3039 1908 3260 1962 fratrum
3291 1908 3556 1967 charitate
3587 1911 3696 1979 pri-

2123 2008 2300 2051 vetur.
2345 1996 2419 2052 De
2443 2013 2666 2068 quorum
2701 2001 3117 2066 promotionibus
3155 2000 3243 2074 [T.
3272 2000 3328 2072 2,
3357 2000 3448 2068 0.,
3483 2018 3706 2072 promo-

2123 2087 2434 2159 nitionibus]
2465 2087 2509 2142 si
2536 2088 2654 2159 quis
2679 2089 2904 2146 clericus
2929 2099 3018 2146 aut
3045 2093 3175 2147 civis
3221 2094 3370 2147 testis
3407 2095 3702 2160 exstiterit,

2123 2194 2351 2249 quorum
2379 2180 2684 2236 testimonio
2709 2183 2832 2236 dum
2856 2183 3094 2239 creditur
3115 2184 3416 2254 frequenter
3437 2187 3706 2255 pontiﬁcis

2126 2270 2423 2339 ignorantia
2459 2271 2804 2339 praevenitur,
2854 2285 2974 2326 cum
3006 2273 3241 2344 agnitum
3292 2272 3451 2328 fuerit
3496 2274 3711 2329 ordina-

2127 2363 2331 2418 tionem
2376 2363 2621 2418 illicitam
2663 2363 3011 2430 celebratam,
3043 2379 3184 2418 anno
3228 2365 3434 2435 integro
3463 2380 3709 2422 commu-
3786 2367 3790 2370 ’

2126 2454 2290 2512 nione
2331 2455 2603 2525 pellantur
2636 2474 2648 2508 :
2683 2456 2769 2525 qui
2804 2469 2982 2512 tamen
3015 2458 3059 2510 si
3098 2457 3454 2528 periculosam
3484 2459 3710 2514 infirmi-

2129 2555 2290 2602 tatem
2326 2546 2670 2617 incurrerint,
2704 2547 2897 2604 viatica
2925 2547 3032 2604 illis
3064 2551 3370 2605 communio
3401 2563 3506 2606 non
3539 2564 3706 2622 nege-

2127 2646 2230 2692 tur.
3331 2645 3333 2648 ‘

2166 2730 2275 2785 V’ll.
2316 2732 2393 2786 De
2418 2733 2660 2802 episcopo
2686 2736 2772 2800 qui
2796 2736 3007 2790 invitum
3032 2744 3120 2789 aut
3158 2737 3514 2791 reclamantem
3538 2751 3673 2806 prte-

2642 2808 2913 2877 sumpserit
2942 2809 3198 2862 ordinare.

2198 2915 2389 2972 Clerici
2422 2933 2571 2985 vero,
2603 2919 2691 2988 qui
2722 2935 2842 2973 cum
2873 2934 3064 2975 uxores
3091 2936 3195 2974 non
3231 2919 3528 2985 habuerint,
3553 2917 3715 2975 bene-

2128 3011 2364 3066 dictione
2411 3024 2663 3082 suscepta
2727 3014 2971 3083 conjugia
3027 3013 3372 3068 crediderunt
3426 3011 3709 3081 eligenda,

2172 3106 2251 3158 uia
2276 3104 2515 3159 volentes
2543 3105 2744 3174 absque
2776 3107 2883 3158 ulla
2923 3106 3308 3160 reclamatione
3338 3105 3389 3158 in
3415 3113 3573 3160 aetate
3600 3107 3717 3158 iue-

2135 3198 2242 3252 rint
2291 3196 2525 3266 legitima
2575 3197 2826 3262 ordinati,
2873 3213 2994 3252 cum
3043 3196 3172 3265 ipsis
3215 3195 3530 3252 mulieribus
3577 3208 3716 3264 quas

2133 3301 2452 3360 acceperunt
2481 3290 3035 3345 excommunicatione
3066 3289 3356 3359 pellantur;
3381 3287 3520 3356 quod
3553 3286 3598 3339 si
3629 3286 3718 3338 in-

2132 3387 2274 3438 vitus
2303 3385 2386 3440 vel
2417 3385 2716 3439 reclamans
2758 3382 2916 3437 fuerit
2961 3382 3259 3444 ordinatus,
3288 3382 3356 3433 ab
3392 3379 3570 3434 officio
3598 3379 3714 3448 qui-

2133 3477 2254 3531 dem
2304 3477 2623 3546 deponatur,
2665 3476 2757 3529 sed
2790 3489 2893 3529 non
2943 3490 2972 3528 a
3023 3473 3396 3528 communione
3453 3472 3713 3543 pellatur;

2133 3569 2414 3638 episcopus
2439 3578 2637 3634 autem,
2667 3569 2754 3636 qui
2788 3568 3012 3621 invitum
3053 3575 3144 3619 aut
3175 3566 3551 3620 reclamantem
3582 3579 3717 3630 pra:-

2131 3659 2419 3726 stimpserit
2472 3659 2764 3720 ordinare,
2819 3659 3031 3711 annuali
3089 3657 3418 3723 pamitentize
3470 3653 3716 3709 subditus

2131 3753 2321 3807 missas
2350 3753 2525 3804 facere
2554 3767 2657 3803 non
2691 3759 3000 3814 praesumat.

2278 3842 2407 3897 Vlll.
2454 3842 2530 3896 De
2558 3843 2825 3896 adulteriis
2857 3842 3221 3896 honoratorum
3247 3841 3567 3896 clericorum.

2204 3935 2280 3991 De
2332 3935 2604 3988 adulteriis
2650 3945 2826 3987 autem
2877 3933 3255 3987 honoratorum
3307 3930 3719 4002 [U.,honoran-

2131 4024 2345 4097 durum]
2387 4026 2704 4080 clericorum
2759 4023 2806 4078 id
2850 4021 3239 4076 observandum
3285 4029 3386 4083 est,
3435 4030 3486 4072 ut
3514 4019 3556 4070 si
3597 4017 3720 4084 quis

2131 4120 2486 4172 adulterasset
2544 4118 2624 4171 vel
2693 4117 2966 4172 confusus
3023 4115 3207 4167 fuisset
3265 4112 3351 4166 vel
3404 4111 3715 4176 convictus,

2132 4207 2409 4277 depositus
2439 4207 2507 4260 ah
2541 4205 2741 4273 officio,
2771 4206 3147 4258 communione
3199 4216 3483 4263 concessa,
3519 4201 3570 4252 in
3601 4214 3717 4252 mo-

2134 4301 2425 4355 nasterium
2461 4307 2572 4350 toto
2599 4297 2722 4350 vita:
2749 4311 2860 4350 sua:
2900 4305 3141 4364 tempore
3160 4279 3492 4348 iretrudatur.

2136 4393 2224 4448 IX.
2267 4393 2337 4446 De
2361 4391 2668 4444 clericorum
2697 4388 3064 4441 honoratorum
3094 4387 3246 4453 furtis
3268 4394 3352 4438 aut
3385 4383 3718 4454 falsitalibus.

2206 4484 2259 4535 Si
2301 4483 2418 4548 quis
2446 4479 2676 4532 clericus
2718 4478 2909 4529 furtum
2951 4484 3042 4529 aut
3076 4475 3362 4528 falsitatem
3418 4471 3718 4534 admiserit,

2133 4571 2294 4646 254
2323 4572 2442 4640 quia
2495 4570 2742 4638 capitalia
2787 4579 2839 4622 et
2875 4570 2986 4636 ipsa
3031 4578 3154 4621 sunt
3199 4566 3442 4628 crimina,
3475 4579 3726 4618 commu-

2131 4668 2290 4720 nione
2331 4679 2586 4719 concessa
2637 4662 2704 4716 ab
2733 4661 2921 4715 ordine
2973 4659 3296 4729 degradetur
3327 4656 3412 4728 [Τ.
3449 4657 3499 4720 i,
3529 4656 3584 4720 Ξ,
3621 4653 3723 4720 U.,

2129 4757 2222 4823 0.,
2254 4752 2614 4824 rcgradetttr].
2670 4753 2745 4807 De
2779 4751 3015 4822 perjurio
3047 4765 3176 4805 vero
3204 4750 3253 4802 id
3285 4746 3590 4803 censuimus
3621 4745 3728 4796 oh-

2130 4849 2476 4911 servandum,
2527 4857 2583 4900 ut
2614 4847 2657 4899 si
2687 4846 2809 4914 quis
2854 4845 3082 4899 clericus
3135 4845 3184 4895 in
3232 4841 3405 4896 causis
3452 4854 3570 4908 qutc
3617 4837 3729 4890 sub

2123 4940 2470 5013 jurejurando
2512 4937 2764 4994 faciendae
2796 4935 2881 5009 [Β.
2921 4937 3010 5002 Β..
3040 4934 3132 4997 U.,
3177 4933 3264 4998 6.,
3300 4929 3566 5000 finiendae}
3592 4938 3726 4982 sunt.

2131 5034 2416 5106 prahuerit
2443 5033 2768 5102 juramenta,
2803 5038 2859 5086 et
2889 5040 3008 5101 post
3033 5030 3193 5085 rebus
3225 5026 3562 5082 evidentibus
3619 5020 3722 5096 [Τ.

2129 5127 2186 5190 2,
2226 5122 2618 5194 evenientibus]
2649 5123 2914 5191 detegitur
2945 5121 3269 5191 perjurasse,
3291 5118 3487 5172 biennii
3515 5128 3731 5183 tempo-

2131 5221 2204 5275 ris
2232 5217 2794 5273 excommunicatione
2824 5216 3103 5285 plectatur.

2312 5308 2378 5362 Χ.
2427 5307 2502 5360 De
2533 5308 2609 5361 his
2637 5308 2726 5377 qui
2755 5324 2818 5362 ex
2840 5305 3137 5359 concubinis
3165 5304 3298 5373 ﬁlios
3329 5301 3531 5354 habent.

2203 5400 2280 5455 De
2312 5381 2390 5455 his
2425 5402 2513 5470 qui
2555 5415 2622 5454 ex
2671 5399 2985 5452 concubinis
3018 5399 3154 5450 filios
3203 5395 3400 5448 habent
3440 5401 3493 5446 et
3524 5403 3733 5444 uxores

2132 5492 2401 5563 legitime
2465 5489 2811 5560 ha'buerunt,
2867 5500 2956 5544 aut
3001 5487 3266 5545 defunCtis
3315 5484 3566 5541 uxoribus
3614 5481 3733 5539 sibi

2160 5642 2228 5771 ’,ξι
2257 5645 2337 5770 ξςχ
2366 5647 2481 5717 a1,
2507 5649 2566 5704 Β.
2594 5649 2682 5717 n.,
2708 5647 2770 5704 τ.
2806 5647 2855 5714 l,
2877 5648 2937 5717 2,
2966 5643 3030 5702 υ.
3065 5644 3118 5701 ln
3148 5645 3212 5700 A.
3243 5653 3297 5701 et
3318 5639 3534 5713 reliquis
3559 5657 3571 5694 :
3595 5654 3737 5694 εοη-
3797 5603 3810 5613 ’

2179 5735 2248 5771 tu
2279 5733 2345 5771 ιο.

2131 5733 2345 5776 unum.
