4060 6184
345 310 438 368 281

1279 307 1555 365 ΕΔΜ.Ιῶ
1598 305 1935 366 CONCILIA.
1977 336 2047 348 —
2088 309 2622 377 AURELIANENSE
2666 320 2731 376 II.

3525 330 3632 385 2‘32

342 426 671 484 concubinas
702 424 911 493 publice
941 409 1268 480 crediderint
1313 424 1616 489 sociandas,
1661 423 1712 478 id
1746 422 1934 478 obser—
1965 425 2014 485 Α
2042 425 2273 481 alienata
2310 431 2392 483 vel
2433 433 2838 502 quibuscunque
2888 433 3260 490 instrumentis
3292 436 3550 494 inutiliter
3581 444 3631 496 in

344 517 577 571 randum
616 529 736 570 esse
766 529 1073 579 censemus,
1117 522 1174 566 ut
1218 513 1356 569 sicut
1408 529 1501 569 eos
1530 516 1618 584 qui
1656 513 1768 584 jam
1813 524 1939 570 sunt

343 608 529 664 clerici
566 621 660 675 per
688 605 1039 674 ignorantiam
1073 604 1304 658 ordinati
1338 621 1440 659 nou
1470 620 1834 670 removetmts,
1866 606 1938 660 ita

350 700 643 754 statuimus
674 710 742 751 ne
771 695 995 748 ulterius
1024 694 1365 750 ordinentur.

672 787 763 843 XI.
804 784 885 842 De
920 786 1123 839 incestis
1150 786 1618 855 conjunctiouibus.

418 884 494 940 De
533 882 755 938 incestis
790 880 1257 948 coniunctionibus
1303 880 1376 934 i'a
1420 895 1538 950 qua:
1577 890 1700 935 sunt
1739 888 1937 937 statuta

346 986 653 1038 serventur,
699 983 752 1027 ut
795 972 875 1025 his
915 972 1002 1039 qui
1037 979 1126 1024 aut
1171 971 1331 1024 modo
1372 971 1436 1022 ad
1471 972 1792 1040 baptismum
1842 988 1937 1025 ve-

347 1074 523 1135 niunt,
554 1079 647 1122 aut
672 1066 866 1137 quibus
897 1064 1113 1119 Patrum
1146 1073 1340 1118 statuta
1385 1063 1708 1117 sacerdotali
1744 1064 1937 1132 prtedi.

346 1164 558 1220 catione
598 1160 650 1215 in
683 1158 927 1214 notitiam
968 1166 1124 1212 antea
1158 1172 1262 1215 non
1293 1166 1577 1221 venerunt,
1612 1159 1681 1212 ita
1714 1173 1811 1227 pro
1839 1173 1937 1213 no-

346 1257 511 1311 vitate
549 1249 920 1308 conversionis
951 1264 1015 1304 ac
1044 1250 1166 1303 fidei
1204 1263 1314 1305 sua:
1345 1250 1614 1305 credimus
1644 1253 1935 1307 conSuIen-

344 1349 493 1411 dum,
527 1348 584 1400 tit
615 1352 887 1399 contracta
920 1343 1193 1412 hucusque
1220 1341 1523 1413 hnjusmodi
1550 1345 1796 1415 coniugia
1829 1360 1933 1401 non

343 1439 648 1501 solvantur,
684 1434 777 1489 sed
832 1434 885 1488 in
916 1431 1150 1487 futurdm
1201 1433 1339 1501 quod
1366 1433 1434 1487 de
1465 1434 1681 1488 incestis
1705 1434 1933 1505 conjun-

343 1529 619 1585 ctionibus
674 1527 727 1581 in
759 1524 1113 1579 anterioribus
1160 1526 1457 1579 canouibus
1485 1527 1821 1581 interdictum
1852 1537 1935 1582 est

344 1619 661 1673 observetur
694 1616 792 1669 ιλιι
820 1622 902 1670 est
932 1623 957 1648 ἰ
985 1624 1047 1668 ιιι
1074 1630 1139 1670 ue
1164 1614 1285 1683 quis
1312 1616 1411 1671 sibi
1457 1616 1688 1686 conjugii
1723 1618 1934 1673 nomine

342 1711 554 1767 sociare
586 1716 875 1777 praesumat
918 1707 1156 1761 relictam
1190 1708 1374 1775 patris,
1409 1708 1566 1762 filiam
1600 1710 1801 1775 uxoris,
1847 1726 1933 1765 re-

2041 517 2378 586 dispeudium
2428 523 2674 577 ecclesia:
2721 522 2949 594 obligata
2999 536 3329 589 noscuntur,
3385 526 3449 581 et.
3493 528 3630 583 intra

2041 608 2356 665 tricennaria
2385 620 2626 680 tempora
2658 614 2907 682 repetitio
2930 616 3188 682 suppetit,
3212 632 3332 686 quae
3357 629 3475 673 acta
3506 630 3631 674 sunt

2040 698 2366 769 suffragante
2389 701 2594 773 justitia
2629 718 2723 771 per
2755 703 3020 771 publicum
3052 715 3145 759 aut
3173 707 3462 762 electorum
3488 708 3632 779 jndi-
3658 744 3659 747 η

2045 788 2186 844 cium
2222 802 2569 848 revocentur.
2602 793 2754 858 Quod
2784 793 2830 847 si
2864 794 2907 848 is
2939 795 3028 863 qui
3063 811 3174 851 rem
3205 799 3628 855 ecclesiasticam

2039 890 2183 938 tenet
2227 884 2529 939 admonitus
2552 885 2811 955 judicium
2844 886 3215 956 declinaverit,
3248 905 3528 961 quousque
3553 894 3621 949 ad

2039 972 2427 1029 discussionem
2459 977 2637 1029 veniat
2671 984 2726 1029 et
2758 990 2870 1031 rem
2907 986 2929 1014 ε
2963 977 3209 1032 restituat
3256 981 3623 1038 ecclesiastica

2038 1064 2417 1118 communione
2451 1065 2709 1131 privetur.

2115 1152 2251 1206 XIV.
2296 1153 2371 1207 De
2396 1156 2662 1224 mancipiis
2694 1153 2999 1209 Christianis
3026 1172 3141 1227 qua:
3171 1158 3225 1212 in
3250 1158 3557 1217 Judteorunt

2562 1247 2766 1300 servitio
2796 1247 3102 1302 detinentur.

2112 1335 2186 1390 De
2211 1336 2491 1396 mancipiis
2512 1335 2828 1392 Christianis
2849 1353 2967 1409 qum
2994 1338 3045 1393 iu
3072 1338 3379 1396 Judteorum
3406 1345 3625 1400 servitio

2038 1434 2306 1489 tenentur,
2339 1429 2382 1483 si
2426 1429 2504 1482 eis
2551 1429 2690 1498 quod
2720 1430 3024 1485 Christiana
3055 1431 3239 1502 religio
3269 1442 3411 1489 vetat
3462 1450 3492 1489 a
3522 1436 3623 1490 do—
3702 1421 3709 1429 ’

2039 1518 2194 1573 minis
2224 1520 2535 1589 imponitur,
2569 1531 2657 1576 aut
2683 1522 2726 1576 si
2756 1536 2871 1587 eos,
2907 1537 3040 1594 quos
3073 1523 3309 1581 Ecclesia
3337 1536 3625 1584 excusatus

2039 1612 2206 1685 tollet,
2241 1628 2336 1680 pro
2365 1613 2519 1680 culpa
2546 1629 2680 1682 qua:
2724 1615 2948 1671 remissa
2994 1624 3077 1670 est
3124 1616 3362 1688 afﬂigere
3393 1621 3475 1676 vel
3519 1636 3623 1675 cm.

2037 1703 2164 1757 derc
2196 1703 2422 1757 fortasse
2456 1706 2917 1775 przesumpserint,
2949 1717 3002 1762 et
3029 1707 3093 1761 ad
3122 1710 3400 1766 ecclesiam
3433 1713 3623 1769 iterato

345 1805 521 1858 lictam
572 1801 773 1867 fratris,
806 1815 1043 1854 sororem
1079 1801 1280 1863 uxoris,
1306 1802 1680 1855 consobrinam
1714 1813 1803 1856 aut
1831 1817 1924 1857 so-

2036 1792 2392 1861 confngerint,
2442 1794 2745 1848 nullatenus
2786 1811 2814 1849 a
2844 1797 3127 1853 sacerdote
3177 1800 3491 1868 reddantur,
3521 1804 3620 1860 nisi

349 1896 581 1957 liriuam,
612 1894 849 1948 relictam
880 1892 1123 1945 avunculi
1157 1892 1239 1945 vel
1269 1892 1459 1960 patrui.
1485 1893 1639 1959 Quod
1682 1894 1725 1947 si
1754 1895 1841 1963 qui
1874 1895 1927 1949 in

341 1986 440 2041 hoc
492 1985 680 2039 inceSti
734 1984 998 2038 adulterio
1048 1984 1225 2054 potius
1255 1999 1413 2055 quam
1442 1985 1688 2055 conjugio
1736 1989 1929 2042 fuerint

337 2076 547 2138 sociati,
581 2075 815 2145 quandiu
852 2089 912 2129 se
951 2089 1055 2126 nou
1099 2074 1572 2143 sequestraverint,
1622 2092 1652 2129 a
1683 2092 1925 2130 commu-

340 2168 506 2221 nione
554 2165 919 2220 ecclesiastica
967 2165 1293 2233 repellantur
1325 2182 1337 2218 :
1371 2167 1497 2221 illud
1529 2182 1741 2236 quoque
1788 2168 1929 2236 adji-

336 2258 591 2312 ciendum
622 2272 741 2311 esse
777 2257 1130 2323 credidimus,
1168 2266 1222 2311 ut
1262 2258 1312 2312 in
1343 2258 1577 2329 episcopi
1604 2260 1688 2315 sui
1715 2261 1926 2314 discus-

337 2349 498 2404 sione
527 2349 842 2404 consistant.
874 2347 948 2403 De
976 2349 1057 2403 his
1087 2349 1178 2418 qui
1206 2349 1257 2404 in
1289 2350 1503 2406 civitate
1528 2367 1622 2405 sua
1651 2359 1743 2406 aut
1775 2353 1929 2407 terri-

341 2441 491 2493 torio
539 2440 832 2495 consismnt
883 2449 937 2494 et
967 2442 1054 2494 tali
1096 2450 1219 2495 sunt
1260 2441 1449 2497 ordine
1498 2442 1707 2506 sociati,
1751 2432 1927 2499 utrum

336 2533 656 2604 ignorantur
684 2533 749 2586 ad
780 2532 960 2588 illicita
1000 2534 1246 2603 conjugis
1277 2534 1543 2599 venerint,
1571 2549 1638 2587 an
1666 2549 1763 2599 per
1793 2550 1928 2589 conv

340 2624 624 2678 tumaciam
670 2640 788 2693 quae
839 2634 965 2680 sunt
999 2626 1278 2681 interdicta
1316 2629 1773 2696 praesumpserint,
1806 2628 1927 2696 quia

337 2720 475 2773 sient
506 2720 589 2772 his
618 2722 707 2789 qui
741 2736 837 2784 per
876 2720 1229 2788 ignorantiam
1278 2720 1411 2790 lapsi
1442 2730 1565 2776 sunt
1590 2722 1926 2787 subvenitur,

340 2811 408 2864 ila
440 2811 549 2864 illis
577 2810 771 2879 quibus
805 2806 951 2880 prius
984 2811 1200 2866 Patrum
1233 2821 1428 2868 statuta
1477 2812 1530 2866 in
1562 2814 1804 2867 notitiam
1841 2808 1939 2867 vel

340 2910 558 2968 nerunt,
592 2904 788 2972 quique
835 2903 997 2958 etiam
1030 2913 1214 2964 contra
1262 2905 1601 2961 sacerdotum
1651 2906 1928 2961 interdicta

341 2992 393 3045 in
428 2992 519 3045 tali
572 2992 928 3061 permixtione
958 3004 1262 3059 versantur,
1294 2994 1529 3063 priorum
1583 3011 1845 3050 canonum
1877 2998 1927 3050 iu

339 3082 587 3134 omnibus
637 3092 833 3135 statuta
885 3093 1168 3137 serventur
1202 3103 1213 3135 :
1248 3094 1306 3140 ut
1355 3101 1459 3139 non
1494 3087 1639 3153 prius
1685 3102 1927 3141 commu-

342 3170 501 3227 nione
547 3172 871 3241 recipiantur
914 3189 1071 3242 quam
1126 3175 1314 3230 incesu
1370 3177 1729 3242 adulterium,
1787 3178 1924 3231 sicut

342 3265 600 3330 scriptum
650 3275 752 3327 est,
786 3266 1129 3332 separatione
1176 3269 1508 3329 sanavcrint;
1559 3270 1677 3337 quia
1730 3269 1780 3321 in
1809 3270 1926 3338 lege

345 3354 553 3407 Domini
606 3355 888 3409 manifeste
938 3357 1129 3423 legitur
1163 3374 1175 3410 :
1211 3356 1520 3411 Malcdictus
1549 3360 1637 3426 qui
1663 3360 1927 3412 dormierit

344 3464 458 3499 cum
503 3463 661 3500 uxore
704 3449 863 3515 patris
895 3449 994 3513 sui,
1026 3465 1137 3500 cum
1171 3450 1403 3519 privigno
1432 3450 1508 3503 rel
1550 3466 1722 3505 sorore
1752 3452 1926 3505 ua'oris

344 3556 470 3605 δραι,
505 3550 557 3593 et
609 3540 809 3607 reliqua
858 3539 940 3592 his
979 3541 1169 3593 similia
1224 3556 1239 3594 :
1287 3556 1393 3609 quo
1440 3541 1497 3595 fit
1542 3552 1595 3595 ut
1626 3558 1761 3612 quos
1792 3543 1927 3598 Deus

346 3631 687 3685 tnaledixerit
716 3646 812 3685 nos
843 3630 941 3685 nisi
974 3632 1289 3686 emendatos
1320 3632 1639 3689 benedicere
1672 3650 1776 3688 non
1812 3650 1928 3704 pos-

344 3734 551 3774 SIIIIIIIS.
638 3766 647 3771 .

378 3812 539 3884 255
583 3812 693 3866 XII.
731 3811 759 3850 δ
803 3813 880 3867 De
907 3812 1103 3936 clezic‘is
1130 3813 1217 3881 qui
1245 3814 1472 3936 pf/t‘cium
1504 3831 1650 3868 suum
1681 3816 1893 3885 implere

1025 3902 1049 3935 e
1076 3896 1241 3936 rec-tan
1271 3923 1284 3936 .

1025 3896 1284 3937 etrcctant.

415 3973 474 4028 Si
504 3975 594 4042 qni
650 3974 835 4027 clerici
871 3974 1169 4029 ministeria
1212 3985 1457 4043 suscepta
1488 3991 1806 4045 quacunque
1837 3994 1924 4032 oc-

341 4068 563 4121 casione
594 4082 753 4134 agere
798 4065 937 4120 sicut
966 4078 1018 4120 et
1046 4067 1236 4136 reliqui
1268 4064 1589 4134 detrectant,
1622 4081 1673 4123 et
1704 4085 1927 4125 excusa-

344 4166 547 4209 tionem
576 4160 641 4212 dc
673 4158 979 4225 patrociniis
1010 4172 1446 4230 quorumcunque
1474 4178 1539 4215 ne
1567 4162 1799 4217 officium
1831 4166 1928 4217 im-

343 4250 526 4317 pleant
574 4252 906 4316 prmtenduut
936 4289 952 4315 ,
1004 4265 1067 4305 ac
1119 4253 1426 4308 sacerdotes
1476 4255 1576 4308 sub
1626 4255 1928 4325 hujusmodi

343 4354 506 4392 eausa
552 4340 858 4394 existimant
906 4357 998 4408 per
1028 4344 1442 4398 inobedicntiam
1481 4347 1926 4415 contemnendos,

348 4431 491 4483 inter
541 4433 779 4500 reliquos
827 4435 1114 4487 canonicos
1164 4435 1415 4501 clericos,
1469 4452 1534 4491 ne
1565 4437 1663 4493 hac
1715 4438 1927 4493 licentia

341 4525 431 4575 alii
467 4521 737 4589 vitientur,
797 4526 1097 4579 nullatenus
1142 4527 1458 4590 habeantur,
1506 4545 1603 4583 nec
1649 4546 1712 4584 ex
1765 4533 1926 4588 rebus

342 4614 728 4669 ecclesiasticis
778 4629 899 4669 cum
949 4617 1222 4671 canonicis
1274 4618 1537 4687 stipendia
1583 4630 1675 4674 aut
1706 4638 1927 4678 munera

348 4706 454 4759 ulla
490 4706 805 4774 percipimt.
892 4696 895 4699 ἰ

386 4794 527 4852 XIII.
570 4794 648 4849 De
691 4798 1023 4863 facultatibus
1059 4799 1409 4859 ecclesiasticis
1454 4818 1554 4856 non
1583 4803 1895 4861 alienandis.

423 4887 500 4942 De
546 4890 729 4958 agellis
764 4905 889 4944 vero
941 4891 1256 4961 caete-risque
1303 4892 1643 4952 facultatibus
1677 4900 1933 4954 ecclesia-

343 4978 501 5032 sticis
531 4994 559 5032 a
590 4981 954 5036 sacerdotibus
981 4998 1085 5036 non
1120 4984 1433 5051 alienandis,
1472 5002 1569 5041 nec
1600 5003 1693 5057 per
1721 4999 1935 5045 contra-

342 5077 468 5125 ctus
518 5070 735 5125 inutiles
784 5072 1084 5140 obligandis
1146 5076 1378 5142 priorum
1425 5092 1688 5134 canonum
1736 5090 1933 5136 statuta

340 5174 633 5219 serventur
667 5183 682 5218 :
720 5174 776 5219 ut
803 5166 956 5229 nobis
985 5183 1081 5235 per
1111 5168 1283 5222 nullos
1312 5179 1619 5226 contractus
1652 5188 1734 5228 res
1759 5175 1936 5229 eccle-

345 5259 603 5314 SinstICas
650 5260 885 5315 alienare
934 5272 1025 5315 aut
1075 5262 1334 5317 inutiliter
1377 5263 1532 5318 liceat
1571 5267 1827 5336 obligare.
1863 5268 1937 5322 Ea

338 5351 510 5405 etiam
538 5368 656 5421 qua:
699 5353 768 5408 de
794 5355 952 5408 rebus
1000 5354 1378 5410 ecclesiasticis
1406 5356 1473 5409 ab
1501 5359 1933 5416 antecessoribus

424 5497 448 5524 τι
476 5488 699 5566 Reliqua
721 5492 787 5566 ab
813 5492 894 5547 his
925 5494 1169 5566 vocibus,
1202 5496 1255 5548 id
1284 5504 1376 5562 est,
1405 5510 1579 5566 usque
1618 5497 1685 5551 ad
1713 5498 1935 5554 canonis

341 5563 514 5635 tinem
534 5565 597 5635 in
627 5567 693 5617 Α.
719 5564 784 5617 ad
812 5565 1108 5631 marginem
1135 5567 1329 5635 scripta
1362 5563 1504 5619 sunt.

424 5629 449 5667 ι)
485 5633 579 5686 llic
624 5645 677 5688 et
725 5629 1011 5703 sequentes
1043 5636 1199 5703 hujus
1243 5629 1451 5690 concilii
1485 5651 1717 5691 canones
1744 5637 1938 5693 di-snut

334 5705 401 5759 in
439 5704 503 5756 Α.
521 5714 586 5775 et
610 5705 671 5758 E.
693 5704 727 5757 5
752 5723 764 5758 :
788 5705 1052 5775 desumpti
1081 5715 1289 5761 suntex
1313 5706 1506 5763 Codice
1528 5707 1586 5761 ἱ».
1610 5706 1673 5763 Ii.
1699 5723 1817 5763 cum
1849 5725 1937 5763 va-

335 5773 617 5835 riantibus
645 5790 961 5835 cceterorutu
982 5773 1331 5835 lectionibus.

2033 1885 2259 1953 pretium
2292 1883 2548 1938 offeratur
2572 1900 2632 1941 ac
2655 1885 2809 1941 detur
2836 1887 2977 1955 quod
3011 1889 3273 1958 mancipia
3305 1891 3414 1960 ipsa
3444 1893 3623 1950 valere

2030 1977 2331 2030 constiterit
2374 1975 2523 2045 juxta
2580 1976 2899 2032 taxationem
2943 1975 2993 2033 ά.
3036 1979 3352 2035 Chriinanis
3401 1998 3615 2052 quoque

2030 2067 2278 2119 omnibus
2329 2064 2717 2130 interdicimus,
2752 2082 2817 2120 ne
2844 2067 3151 2122 Judteorum
3206 2070 3472 2140 coujugiis
3522 2073 3623 2127 mi-

2030 2168 2314 2222 sceantur;
2347 2157 2485 2226 quod
2518 2158 2565 2212 si
2608 2158 2863 2224 fecerint,
2912 2174 3080 2226 usque
3125 2161 3190 2213 ad
3234 2164 3619 2231 sequestratio-

2032 2265 2176 2313 nem,
2210 2249 2452 2317 quisquis
2503 2249 2589 2303 ille
2643 2259 2746 2314 est,
2796 2264 2826 2303 a
2877 2254 3254 2307 communione
3307 2254 3616 2321 repellatur.

2031 2341 2158 2396 Item
2186 2340 2499 2395 Christianis
2528 2341 2771 2395 com'ivia
2806 2341 3171 2395 interdicimus
3200 2342 3531 2409 Iudaeorum,
3566 2348 3617 2400 in

2028 2433 2223 2504 quibus
2252 2435 2294 2488 si
2328 2436 2461 2488 forte
2495 2433 2659 2487 fuisse
2693 2433 3008 2500 probantur,
3040 2435 3252 2488 annuali
3306 2451 3618 2493 excommuo

2031 2525 2285 2581 nicationi
2312 2539 2406 2593 pro
2431 2524 2737 2592 hujusmodi
2764 2524 3099 2578 contumacia
3132 2525 3507 2594 suhjacebunt.

2352 2613 2465 2669 XV.
2512 2613 2588 2667 De
2627 2613 2963 2668 celebratione
3006 2616 3297 2669 missarum.

2107 2705 2182 2760 De
2233 2705 2517 2759 missarum
2563 2704 2878 2759 celebritate
2942 2705 2993 2760 in
3043 2707 3322 2776 prarcipnis
3364 2708 3623 2764 duntaxat

2031 2798 2195 2867 256
2241 2796 2665 2850 solemnitatibus
2715 2796 2766 2850 id
2809 2796 3087 2851 observari
3117 2798 3353 2865 debebit,
3401 2812 3456 2853 ut
3487 2802 3616 2855 hora

2033 2890 2187 2943 tertia
2215 2889 2497 2942 missarum
2530 2889 2818 2943 ce'ebratio
2852 2891 2902 2943 in
2938 2889 3027 2944 Dei
3061 2892 3281 2947 nomine
3314 2895 3614 2961 inclinetur,

2030 2995 2134 3048 quo
2173 2979 2380 3033 facilius
2428 2981 2562 3035 intra
2608 2979 2767 3035 horas
2812 2989 3219 3050 competentes,
3272 2985 3387 3051 ipso
3436 2986 3618 3040 ot‘licio

2032 3071 2300 3136 cxiiedito,
2335 3071 2644 3127 sacerdotes
2674 3073 2876 3138 possint
2904 3072 2967 3125 ad
3001 3074 3300 3141 vespertina
3332 3074 3529 3140 ofﬁcia,
3564 3077 3615 3131 id

2029 3171 2112 3220 est
2140 3164 2190 3217 in
2225 3165 2529 3233 vespertino
2558 3172 2797 3232 tempore
2840 3165 3127 3218 convenire
3161 3182 3173 3217 :
3207 3167 3328 3234 quia
3362 3168 3615 3221 sacerdo-

2031 3262 2134 3306 tem
2189 3253 2508 3321 vespertinis
2537 3253 2730 3308 officiis
2779 3255 2847 3307 ab
2893 3255 3126 3309 ecclesia
3180 3256 3370 3311 talibus
3399 3271 3616 3326 printer-

2029 3359 2090 3398 ca
2118 3344 2306 3398 diebus
2335 3360 2431 3398 nec
2460 3344 2613 3399 decet
2640 3345 2832 3400 deesse
2861 3359 2961 3398 nec
2991 3347 3267 3399 convenit.

2130 3434 2265 3489 XVI.
2309 3436 2388 3488 Ne
2416 3436 2682 3504 episcopus
2712 3435 2763 3489 in
2802 3434 3025 3489 alienant
3052 3436 3212 3489 irruat
3248 3435 3522 3496 dioecesim.

2103 3528 2393 3595 Episcopus
2445 3526 2497 3582 in
2541 3527 2759 3583 ditecesi
2808 3529 2979 3582 aliena
3025 3529 3089 3583 ad
3140 3530 3343 3585 alienos
3390 3531 3615 3588 clericos

2030 3619 2353 3675 ordinandos
2382 3618 2461 3673 vel
2494 3619 2858 3674 consecranda
2907 3620 3093 3674 altaria
3144 3620 3350 3675 irrucrc
3386 3637 3489 3675 non
3521 3624 3618 3677 de-

2032 3717 2159 3767 bere
2197 3729 2209 3765 :
2243 3714 2381 3782 quod
2415 3715 2456 3767 si
2490 3714 2730 3779 fecerint,
2782 3713 3003 3768 remotis
3038 3715 3119 3769 his
3148 3729 3282 3785 quos
3330 3716 3615 3771 ordinave-

2031 3807 2159 3866 rint,
2207 3805 2388 3857 altaris
2436 3814 2612 3859 tamen
2664 3807 3073 3860 conseCratione
3121 3818 3391 3870 maneme,
3440 3816 3617 3859 trans-

2030 3910 2304 3963 gressores
2348 3910 2614 3949 canonum
2643 3896 2712 3948 ab
2754 3911 2925 3949 annua
2977 3897 3257 3950 missarum
3307 3897 3617 3951 celebritate

2031 3985 2338 4040 cessabunt.

2104 4076 2265 4130 XVII.
2311 4074 2390 4128 Ne
2420 4075 2589 4128 clerici
2620 4076 2672 4127 in
2702 4075 2873 4128 aliena
2905 4074 3105 4128 civitate
3143 4084 3541 4129 commoremur.

2107 4169 2183 4225 De
2224 4172 2304 4223 his
2349 4183 2476 4224 vero
2525 4168 2738 4222 clericis
2787 4167 2874 4237 qui
2928 4167 3028 4221 sub
3057 4168 3292 4235 qualibet
3338 4170 3621 4222 occasione

2034 4272 2127 4317 aut
2155 4261 2466 4317 conditione
2506 4262 2555 4313 in
2584 4262 2809 4314 aliorum
2858 4258 3163 4313 civitatibus
3204 4258 3289 4313 vei
3334 4260 3621 4313 tt-rritoriis

2034 4355 2362 4409 crediderint
2394 4352 2806 4418 immorandum,
2838 4368 2937 4407 nec
2965 4351 3030 4405 ad
3065 4352 3306 4405 ultimum
3337 4352 3623 4407 clericatus

2038 4447 2294 4501 honorem
2328 4446 2530 4515 absque
2576 4446 2658 4500 sui
2701 4446 2938 4514 episcotii
2990 4444 3189 4514 scripto
3219 4445 3448 4499 debeant
3498 4460 3621 4513 pro-

2037 4537 2236 4591 moveri
2284 4546 2330 4588 θ.

2084 4630 2266 4684 XVIII.
2313 4627 2388 4681 De
2413 4629 2607 4681 clericis
2636 4630 2720 4698 qui
2760 4644 2868 4681 stne
2894 4630 3319 4683 commendatiliis
3345 4640 3614 4699 vagantur.

2105 4718 2448 4789 Presbytero,
2476 4720 2705 4773 diacono
2738 4720 2819 4773 vel
2850 4720 3179 4775 subdiacono
3224 4722 3339 4774 sine
3383 4725 3620 4792 episcopi

2038 4814 2117 4867 sui
2167 4811 2355 4865 litteris
2402 4812 2691 4864 ambulanti
2738 4810 2889 4880 juxta
2940 4820 3137 4865 statuta
3171 4811 3345 4880 priora
3381 4829 3624 4869 commu-

2039 4907 2254 4959 nionem
2286 4903 2461 4956 nuIIus
2492 4902 2787 4971 impendat.

2296 4996 2436 5050 XIX.
2486 4995 2559 5049 De
2597 5005 2749 5065 raptu
2787 4996 3040 5067 virginum
3078 5012 3365 5051 sacrarum.

2112 5089 2186 5142 De
2232 5087 2533 5155 raptoribus
2604 5085 2863 5155 virginum
2933 5100 3364 5143 consecratarum
3412 5085 3525 5140 sive
3569 5085 3627 5139 in

2041 5180 2311 5248 pr0p0s-ito
2361 5179 2460 5233 sub
2485 5178 2770 5233 deVotione
2814 5180 3105 5232 viventium
3148 5178 3201 5231 id
3232 5178 3534 5241 statuimus,
3568 5186 3625 5231 ut

2039 5272 2080 5326 si
2123 5272 2242 5340 quis
2289 5280 2616 5325 consecrata:
2655 5271 2740 5324 vel
2794 5271 3022 5335 devotze,
3075 5270 3126 5324 id
3180 5279 3263 5325 est
3307 5269 3622 5339 religionem

2043 5362 2297 5431 professae
2351 5361 2456 5415 vim
2502 5359 2701 5415 inferte
2732 5360 3157 5429 praesumpserit,
3188 5375 3217 5415 a
3248 5361 3628 5417 communione

2117 5504 2139 5532 ο
2162 5492 2271 5560 18.,
2289 5507 2549 5561 quousque
2573 5500 2661 5545 aut
2690 5493 2759 5545 ad
2784 5492 3145 5548 discussionem
3175 5494 3364 5560 ueniat,
3387 5503 3475 5547 aut
3496 5510 3634 5563 rem,

2046 5575 2275 5709 cladi},
2306 5633 2474 5709 valere
2504 5636 2908 5705 pronuntiaverit
2920 5640 3067 5709 justo
3094 5636 3304 5691 taxatio.

2118 5716 2140 5746 ο
2165 5706 2278 5779 .45.,
2313 5708 2498 5779 scripto
2528 5720 2678 5781 atque
2703 5706 2953 5764 consensu
2976 5708 3188 5763 dtbeant
3216 5708 3519 5780 promoveri.
