4056 6178
424 333 532 390 283

1127 338 1507 396 COLLECTIO
1542 337 1866 393 (JANONUNI
1910 334 1967 389 S.
2009 329 2281 387 ISIDORO
2321 330 2583 387 IlISFAL.
2631 328 2979 385 ASCRIPTA.

3577 336 3679 389 ‘2‘“

426 458 784 513 ecclesiastica
836 471 1003 527 usque
1050 456 1115 509 ad
1170 454 1369 510 exitum
1425 453 1709 522 repellatur
1736 494 1749 515 ,
1808 451 1999 503 viatico
2027 442 2076 503 Λ
2106 448 2393 515 instigante
2420 456 2597 500 actum
2635 446 2795 501 fuisse
2826 447 3119 515 perpatuit,
3151 449 3335 503 rebelli
3368 456 3683 510 auctoritate

429 558 635 601 tantum
667 548 714 602 ei
746 547 796 601 in
830 544 1161 600 inﬁrmitatis
1213 544 1450 612 periculo
1502 550 1799 596 reservato.
1850 540 2002 605 Quod

429 640 473 693 si
503 654 621 706 qua:
652 648 798 707 rapta
832 638 1027 691 dicitur
1055 651 1174 690 cum
1208 644 1421 701 raptore
1471 633 1716 685 habitare
1767 647 2006 685 consen-

429 732 579 794 serit,
611 740 663 785 et
688 732 798 797 ipsa
830 728 1379 784 excommunicatione
1404 727 1561 778 simili
1596 726 1818 779 feriatur
1845 742 1855 776 :
1888 738 2005 791 quae

431 820 599 872 forma
650 829 705 873 et
750 818 816 873 de
863 818 1245 886 paenitentibus
1293 832 1355 870 ac
1404 817 1576 871 viduis
1626 818 1676 869 in
1734 819 2007 885 proposito

431 910 766 965 manentibus
815 911 912 964 sub
950 909 1283 963 districtione
1319 909 1675 964 ecclesiastica
1723 921 2007 960 conserve-

433 1011 537 1054 tur.
573 1000 723 1067 Quod
763 1000 805 1053 si
834 1001 950 1069 quis
996 1000 1249 1055 sacerdos
1278 1002 1452 1055 sciens
1483 1000 1783 1067 hujusmodi
1821 1013 2008 1067 perso-

433 1092 515 1143 nis
553 1089 1042 1158 eommunicaverit,
1090 1106 1230 1145 anno
1279 1092 1486 1160 integro
1535 1106 1717 1161 pacem
1752 1089 2009 1146 Ecclesia:

433 1194 538 1233 non
569 1179 806 1234 habebit.

687 1268 802 1322 XX.
850 1277 875 1306 ι
921 1269 993 1322 De
1014 1271 1379 1339 muniﬁcentiis
1416 1272 1757 1326 sacerdotum.

502 1356 578 1412 De
607 1359 980 1413 muniﬁcentiis
1008 1374 1135 1412 vero
1157 1360 1491 1414 sacerdotum
1515 1360 1563 1415 id
1592 1360 2007 1424 observandum,

430 1448 559 1502 utsi
590 1449 714 1517 quid
745 1448 996 1517 prmsenti
1045 1458 1286 1517 tempore
1330 1466 1357 1502 a
1389 1451 1601 1504 clericis
1654 1450 2009 1505 decedeutmn

431 1538 807 1593 muniﬁcentiis
832 1539 1054 1594 habetur
1092 1540 1173 1593 vel
1206 1539 1503 1608 possidetur
1532 1539 1788 1608 deinceps
1821 1555 1848 1592 a
1883 1554 2006 1593 suc-

430 1630 733 1683 cessoribus
766 1630 1067 1684 nullatenus
1097 1630 1399 1693 auferatur;
1456 1619 1528 1685 it'a
1560 1638 1619 1683 ut
1646 1630 1735 1699 qui
1765 1629 2011 1685 decesso-

434 1735 549 1773 rum
593 1720 918 1787 largitatibus
950 1721 1211 1789 gaudent,
1254 1719 1427 1775 ofﬁcia
1473 1722 1730 1785 ecclesia),
1765 1723 2016 1776 obedien-

2109 551 2167 589 se
2202 536 2250 587 iu
2281 552 2440 589 uumu
2472 536 2839 604 coniuratione
2872 537 3231 593 intercedente
3257 539 3571 611 collegerint
3592 585 3606 607 ,
3635 555 3689 598 et

2109 635 2199 681 aut
2229 637 2559 681 sacramenta
2590 629 2725 681 inter
2755 644 2811 681 se
2846 629 2965 681 data
2996 641 3083 682 aut
3116 630 3355 684 chartula
3384 637 3683 703 conscripta

2109 719 2272 773 fuisse
2314 720 2581 786 patuerit,
2654 719 2815 788 258
2876 719 3039 773 nullis
3086 722 3522 777 excusationibus
3574 726 3688 781 hmc

2109 810 2451 880 prmsumptio
2480 810 2810 876 prarveletur,
2838 811 2930 864 sed
2960 826 3043 864 res
3074 811 3302 877 detecta,
3328 828 3447 866 cum
3482 816 3533 867 in
3564 831 3690 886 syn-

2109 901 2267 955 odum
2315 909 2527 954 ventum
2559 899 2718 954 luerit
2745 944 2758 966 ,
2794 901 2845 953 in
2881 904 3353 967 prmsumptoribus
3388 906 3536 974 juxta
3572 923 3689 976 pcr-

2110 1005 2357 1046 sonarum
2392 1001 2445 1046 et
2476 991 2719 1045 ordinum
2750 993 3058 1061 qualitatem
3110 1009 3137 1045 a
3172 995 3549 1062 pontiﬁcibus,
3598 1000 3687 1067 qui

2111 1089 2237 1135 tunc
2284 1082 2337 1135 iu
2382 1097 2543 1134 unun
2592 1082 2799 1135 collecti
2854 1080 3080 1145 fuerint,
3116 1084 3411 1139 vindicetur
3448 1085 3566 1157 [U.,
3600 1088 3689 1154 ι...

2107 1171 2399 1241 judicetur]
2427 1214 2441 1234 ,
2470 1172 2593 1240 quia
2618 1172 2756 1224 sicut
2786 1171 3020 1226 charitus
3060 1187 3124 1226 ex
3155 1176 3436 1244 praeceptis
3463 1176 3692 1232 domini-

2111 1265 2189 1317 cis
2212 1263 2391 1323 corde.
2428 1278 2531 1316 non
2563 1262 2822 1317 chartula:
2854 1263 3249 1331 conscriptione
3277 1274 3359 1320 est
3400 1267 3479 1319 vel
3504 1269 3691 1335 coniu-

2112 1354 2407 1408 rationibus
2436 1353 2751 1416 exhibenda,
2787 1353 2856 1406 ita
2882 1354 3022 1422 quod
3056 1368 3213 1421 supra
3240 1370 3418 1409 sacras
3449 1359 3693 1411 admitti-

2114 1454 2198 1498 tur
2227 1444 2530 1512 Scripturas
2576 1444 2894 1499 auctoritate
2940 1426 2994 1500 ἐι
3041 1444 3371 1502 districtione
3401 1450 3693 1517 pontiﬁcali

2114 1543 2196 1589 est
2216 1535 2627 1599 reprimendum.

2229 1627 2396 1682 XXV.
2437 1627 2514 1682 De
2540 1628 2881 1683 oblationibus
2910 1630 3133 1683 ecclesia:
3152 1646 3254 1684 non
3278 1633 3574 1688 retinendis.

2189 1718 2245 1773 Si
2278 1719 2396 1787 quis
2444 1734 2530 1773 res
2572 1720 2826 1773 Ecclesia:
2875 1720 3083 1774 debitas
3121 1722 3202 1775 vel
3250 1726 3492 1791 proprias
3518 1740 3695 1781 sacer-

436 1814 560 1866 riam
592 1780 749 1881 25"]
797 1820 851 1867 et
888 1780 1135 1866 alituum
1178 1780 1545 1869 sacerdotibus
1595 1780 1868 1881 praebeant
1899 1832 1909 1865 :
1945 1814 2011 1867 de
2048 1780 2088 1838 Β
2117 1807 2257 1862 dotis
2290 1780 2569 1863 horrenda:
2603 1809 2904 1877 cupiditatis
2939 1809 3188 1864 instinctu
3218 1817 3578 1883 occupaverit,
3611 1833 3694 1873 re-

430 1905 620 1973 quibus
665 1913 840 1959 tamen
889 1905 1267 1960 munitieeotiis
1312 1922 1433 1976 qua:
1474 1906 1721 1974 prmseoti
1773 1915 2012 1975 tempore

430 1996 499 2046 ab
522 1994 604 2047 his
633 1995 773 2047 sicut
805 1994 1001 2048 dictum
1035 2004 1116 2049 est
1161 1997 1523 2065 possidentur,
1557 1998 1600 2050 si
1635 2012 1731 2066 pro
1755 2006 2010 2065 opportu-

431 2083 596 2136 nitate
624 2082 875 2151 epiSCopo
930 2083 1209 2152 placuerit,
1240 2087 1380 2154 quod
1414 2088 1638 2142 voluerit
1682 2099 2012 2143 commutare

431 2173 549 2226 sine
594 2174 905 2239 accipientis
935 2174 1213 2243 dispendio
1246 2177 1295 2230 in
1329 2178 1460 2231 locis
1492 2178 1611 2232 aliis
1633 2189 2009 2234 commutetur.

436 2262 508 2315 De
536 2262 914 2318 muniﬁcentiis
940 2281 1066 2319 vero
1098 2267 1449 2334 praasentibus
1479 2282 1610 2335 quas
1643 2270 2012 2337 unusquisque

432 2353 640 2407 clericis
688 2368 783 2422 pro
833 2368 927 2407 sua
975 2357 1142 2425 gratia
1186 2372 1369 2410 eorum
1423 2357 1693 2427 obsequiis
1744 2360 2013 2413 exiSIimat

432 2444 801 2507 conferendas,
827 2444 963 2502 sicut
1013 2448 1063 2500 in
1099 2447 1322 2501 arbitrio
1352 2448 1527 2503 dantis
1559 2457 1642 2503 est
1675 2458 1728 2502 ut
1776 2449 2013 2506 tribuere

433 2536 623 2600 quibus
651 2536 875 2589 voluerit
917 2537 1129 2598 debeat,
1162 2537 1234 2591 ita
1281 2540 1323 2591 si
1360 2538 1721 2595 inohedientia
1751 2541 1833 2594 vel
1878 2544 2011 2596 ’ροη-

438 2626 663 2677 tumacia
696 2629 745 2679 in
780 2627 953 2693 aliqua
987 2629 1300 2694 arcipiv-ntis
1331 2631 1615 2695 exstiterit,
1650 2633 1801 2701 culpa
1833 2634 2011 2701 agnita

437 2714 487 2767 in
515 2714 737 2768 arbitrio
771 2717 840 2769 sit
877 2716 1211 2783 praesidentis
1243 2732 1416 2774 utrum
1444 2721 1527 2775 vel
1560 2722 1790 2791 qualiter
1819 2723 2012 2780 debeat

437 2817 675 2857 τρνορδτι
686 2845 698 2858 .

438 2888 577 2950 XXI.
624 2897 697 2951 De
720 2898 912 2951 clericis
940 2901 1027 2969 qui
1058 2903 1397 2970 monasteria,
1428 2904 1661 2959 diwceses
1682 2906 1758 2960 vel
1779 2906 2014 2964 basilicas

898 2972 1183 3037 suscipiunt
1215 2974 1547 3029 ordinandas.

509 3056 584 3111 De
617 3055 698 3111 his
726 3073 853 3112 vero
882 3061 1195 3114 clericorum
1228 3065 1490 3131 personis,
1530 3068 1617 3137 qui
1643 3069 1709 3124 de
1733 3070 2011 3126 civitaten-

433 3150 509 3203 sis
538 3152 777 3206 ecclesia:
795 3153 971 3207 ofﬁcio
996 3159 1336 3222 monasteria,
1367 3159 1627 3216 diteceses
1655 3164 1736 3217 vel
1765 3163 2012 3220 basilicas

437 3241 494 3295 in
521 3242 924 3313 quibuscumque
975 3246 1104 3301 locis
1132 3248 1330 3315 positas
1352 3291 1365 3314 ,
1400 3251 1449 3304 id
1478 3265 1559 3306 est
1581 3254 1691 3308 sive
1724 3255 1774 3308 in
1800 3258 2012 3310 territo-

439 3331 531 3386 riis
560 3334 673 3390 sive
715 3336 766 3390 in
810 3337 937 3404 ipsis
980 3340 1281 3397 civitatibus
1326 3344 1623 3413 suscipiunt
1668 3348 2007 3415 ordinandas,

442 3428 493 3477 in
518 3434 777 3492 potestate
806 3428 873 3480 sit
907 3428 1023 3499 [U.,
1050 3428 1142 3496 0.,
1177 3433 1452 3506 consistat]
1491 3437 1744 3507 episcopi,
1776 3439 1823 3492 si
1852 3441 1919 3493 de
1944 3455 2010 3494 eo

432 3514 570 3580 quod
602 3523 726 3569 ante
756 3517 821 3570 de
849 3520 1211 3574 ecclesiastico
1244 3539 1464 3579 munere
1498 3525 1761 3582 habebant
1788 3545 1881 3584 eos
1910 3531 2011 3584 ali-

431 3605 556 3671 quid
581 3616 669 3659 aut
696 3608 825 3660 nihil
872 3609 1064 3662 exinde
1113 3612 1307 3667 habere
1352 3615 1616 3670 voluerit:
1650 3620 1772 3686 quia
1804 3622 2008 3675 unicui-

435 3708 539 3761 que
571 3696 790 3750 fueultas
824 3700 1054 3766 suscepti
1088 3706 1396 3758 monasterii
1425 3746 1440 3769 ,
1489 3706 1736 3763 dicecesis
1759 3710 1839 3765 vel
1870 3712 2009 3766 basi-

432 3786 550 3839 lica:
580 3784 771 3839 debeat
804 3787 956 3853 plena
986 3790 1196 3844 ratione
1218 3792 1487 3849 sufﬁcere.

756 3874 921 3929 XXII.
963 3875 1040 3930 De
1064 3881 1260 3935 clericis
1289 3888 1688 3943 contumacibus.

507 3960 562 4016 Si
593 3962 710 4031 quis
742 3967 985 4032 superbia
1009 3967 1177 4025 elatus
1202 3972 1438 4029 officium
1469 3992 1620 4031 suum
1650 3980 2010 4047 indignatione

429 4064 743 4121 quacunque
766 4054 991 4124 implere
1017 4059 1261 4126 noluerit,
1282 4062 1430 4131 juxta
1456 4076 1647 4121 statuta
1676 4072 1850 4138 priora
1876 4075 2011 4130 Iaica

428 4146 805 4201 communione
844 4158 1127 4203 contentus
1153 4194 1168 4217 ,
1199 4156 1265 4208 ab
1293 4156 1480 4211 ordine
1509 4160 1783 4228 depositus
1832 4166 2012 4221 tandiu

428 4234 690 4290 habeatur
718 4239 943 4305 alit-nus,
976 4244 1207 4309 quandiu
1234 4245 1414 4316 digna,
1446 4248 1583 4303 sicut
1612 4253 1868 4322 scriptum
1903 4267 2007 4323 est,

431 4327 739 4392 pteniteutia
787 4338 841 4381 et
876 4331 1261 4398 supplicatione
1313 4337 1673 4407 satisfecerit,
1744 4357 2012 4413 prtesenle

432 4412 709 4481 pontiﬁce;
743 4416 809 4468 ita
843 4425 1018 4473 tamen
1044 4431 1097 4472 ut
1141 4421 1245 4475 illis
1277 4426 1587 4493 regulariter
1614 4440 1667 4485 et
1694 4412 2006 4492 cbaritatem

430 4504 719 4575 integram,
747 4516 802 4562 et
829 4524 1158 4581 quaecunque
1188 4515 1265 4569 eis
1292 4517 1673 4586 stipendiorum
1694 4525 1841 4592 juxta
1873 4544 2003 4583 con-

431 4596 765 4652 Snetudinem
816 4600 1180 4671 redhibentur,
1232 4623 1326 4675 pro
1368 4612 1621 4678 qualitate
1668 4616 1795 4673 foris
1842 4620 2003 4675 mini-

429 4692 661 4739 stretur:
716 4690 781 4743 de
830 4693 1021 4757 quibus
1065 4698 1108 4749 si
1158 4702 1373 4765 querela
1426 4706 1718 4773 procedat,
1766 4710 2000 4767 ofﬁcium

429 4788 591 4841 agens
618 4788 854 4832 recurrat
880 4781 943 4834 ad
974 4786 1258 4850 synodum.

485 4862 670 4917 XXIII.
718 4866 784 4920 Ut
814 4875 1040 4940 oppressi
1065 4876 1125 4927 ab
1153 4878 1386 5001 episcopo
1410 4883 1580 4937 clerici
1604 4888 1673 4939 ad
1698 4893 1950 4959 synodum

1074 4962 1313 5001 recurrau
1348 4991 1359 5001 .

1074 4962 1359 5002 recurrant.

497 5023 551 5078 Si
580 5026 699 5093 quis
730 5026 1045 5086 clericorum
1082 5033 1232 5103 juxta
1278 5054 1337 5093 se
1370 5050 1460 5095 aut
1499 5044 1881 5101 districtionem
1915 5062 2005 5107 aut

431 5117 803 5173 tractationem
834 5122 1068 5191 episcOpi
1102 5128 1181 5181 sui
1210 5138 1357 5197 putat
1385 5132 1663 5203 injustam,
1694 5138 1839 5206 juxta
1866 5146 2005 5195 anti-

429 5219 561 5271 quas
584 5213 997 5270 consuetudines
1026 5230 1265 5274 recurrat
1290 5222 1352 5275 ad
1381 5227 1661 5293 synodum.

428 5292 613 5350 XXIV.
659 5298 734 5352 De
762 5303 1059 5359 clericorum
1084 5312 1548 5432 gonspirntionibus
1588 5320 1638 5371 in
1676 5324 1867 5389 synodo
1898 5326 2005 5377 viu-

1123 5381 1337 5432 icandis.

1123 5381 1337 5436 icandis.

500 5454 554 5508 Si
580 5459 669 5526 qui
717 5460 1031 5517 clericorum
1060 5509 1072 5531 ,
1126 5480 1181 5522 ut
1222 5488 1388 5541 nuper
1420 5477 1598 5532 IIlllIIIS
1632 5480 1759 5537 locis
1791 5484 2001 5541 diabolo

500 5584 645 5675 illic
674 5605 841 5675 canon
889 5595 1198 5665 desumptus
1227 5614 1304 5657 est
1337 5620 1397 5659 ex
1430 5608 1519 5661 ΑΞ.
1550 5629 1561 5661 :
1599 5613 1754 5669 decet
1779 5618 1828 5670 in
1877 5623 1999 5675 reli-

429 5658 937 5779 gti‘fl,cq;tlamobrcrtt
988 5658 1227 5725 correcta
1260 5658 1995 5747 ostreact—creruuivcaiioﬁiultt

485 5735 498 5750 '
592 5741 614 5778 r
674 5743 742 5779 to.

485 5735 742 5783 :mcratio.

2118 1900 2337 1953 tinuerit
2363 1908 2455 1953 aut
2502 1914 2527 1951 a
2564 1908 2825 1968 potestate
2851 1915 2911 1954 ex
2960 1903 3342 1969 competitione
3373 1910 3691 1975 perceperit,

2115 1992 2160 2044 si
2186 2004 2275 2043 eas
2305 2006 2408 2045 non
2440 1991 2725 2044 restituerit
2752 2030 2766 2056 ,
2810 1991 2967 2044 nullis
2998 1992 3156 2047 rebus
3185 2004 3496 2058 excusetur;
3530 1998 3620 2051 sed
3653 1999 3695 2052 si

2117 2081 2298 2147 agnito
2336 2081 2453 2147 jure
2501 2079 2744 2134 ecclesiae
2793 2095 2896 2133 non
2928 2082 3105 2135 statim
3136 2083 3379 2138 ecclesia:
3400 2085 3482 2138 vel
3512 2101 3699 2141 sacer-

2116 2172 2228 2225 doti
2258 2172 2653 2237 reformaverit,
2678 2180 2767 2225 aut
2794 2180 2851 2225 ut
2883 2173 3050 2240 ipsum
3073 2173 3158 2242 jus
3185 2188 3471 2242 agnoscere
3503 2180 3696 2245 possit,

2117 2261 2168 2314 in
2213 2260 2470 2329 judicium
2518 2260 2809 2315 electorum
2861 2262 3044 2317 venire
3092 2263 3395 2329 distulerit,
3441 2266 3621 2321 tandiu
3666 2282 3697 2321 a

2115 2349 2491 2405 communione
2543 2351 2909 2407 ecclesiastica
2935 2354 3309 2421 suspendatur,
3350 2356 3582 2424 quandiu
3612 2373 3699 2412 rc-

2114 2442 2313 2497 stitutis
2357 2443 2516 2496 rebus
2562 2452 2668 2496 tam
2716 2443 2959 2497 ecclesite
2983 2460 3138 2512 quam
3182 2447 3548 2501 sacerdotibus
3576 2450 3698 2503 red-

2115 2531 2272 2586 datur
2321 2533 2605 2588 iudemnis.
2665 2534 2867 2588 Similis
2913 2536 3070 2590 etiam
3119 2537 3201 2591 his
3228 2576 3243 2600 ,
3286 2538 3371 2607 qui
3401 2537 3699 2594 oblationes

2115 2621 2486 2677 defunctorum
2517 2624 2763 2693 legaliter
2790 2625 3041 2681 dimissas
3067 2628 3305 2696 quolibet
3344 2628 3529 2684 ordine
3563 2633 3698 2685 assi-

2116 2728 2282 2782 gnare
2310 2714 2637 2769 tardaverint
2661 2715 2744 2771 vel
2776 2718 3007 2771 retinere
3028 2722 3485 2788 praesumpserint,
3511 2719 3700 2776 distri-

2115 2807 2309 2861 ctionis
2360 2806 2737 2861 ecclesiastica:
2778 2808 2925 2876 juxta
2979 2810 3186 2878 priores
3237 2824 3468 2866 canones
3529 2812 3698 2866 forma

2117 2906 2403 2953 servetur:
2432 2899 2591 2953 simili
2621 2900 2780 2954 etiam
2813 2900 3095 2955 sententiae
3118 2901 3449 2970 subjacebit,
3481 2905 3525 2959 si
3551 2907 3701 2974 quis~

2116 2988 2237 3055 quis
2261 2988 2351 3043 ille
2377 2989 2615 3057 quolibet
2658 2990 2846 3045 ordine
2874 2991 3013 3061 quod
3043 3007 3139 3061 pro
3169 2992 3456 3050 devotione
3499 3010 3593 3051 sua
3617 3011 3701 3052 ec-

2118 3079 2295 3133 cIesiis
2325 3080 2472 3135 dedit
2498 3096 2753 3137 revocare
2776 3084 3193 3152 praesumpserit.

2157 3168 2345 3223 XXVI.
2387 3170 2463 3225 De
2491 3172 2640 3226 rebus
2665 3171 2908 3247 Ecclesia:
2943 3173 3131 3247 absque
3160 3190 3407 3229 consensu
3437 3177 3665 3247 episcopi

2684 3259 2785 3296 non
2827 3242 3132 3297 alienandis.

2189 3330 2503 3397 Abbatibus,
2539 3332 2870 3402 presbyteris
2900 3336 3214 3403 ueterisque
3235 3336 3494 3394 ministris
3525 3340 3595 3397 de
3616 3357 3701 3397 re-

2114 3419 2212 3474 bus
2242 3420 2621 3476 eeclesiasticis
2665 3423 2747 3478 vel
2794 3438 2947 3479 sacro
2994 3426 3291 3482 ministerio
3339 3430 3575 3487 alienare
3620 3434 3701 3488 vel

2117 3508 2357 3579 obligare
2399 3511 2601 3580 absque
2654 3514 2913 3583 permissu
2963 3525 3014 3570 et
3040 3518 3435 3586 subscriptione
3464 3522 3701 3592 episcopi

2111 3598 2194 3652 sui
2245 3599 2373 3655 nihil
2418 3593 2574 3655 liceat
2600 3620 2611 3653 :
2642 3603 2779 3669 quod
2818 3603 2906 3671 qui
2946 3608 3345 3676 praesumpserit
3375 3609 3702 3680 degradetnr

2114 3689 2260 3762 ML,
2313 3692 2653 3764 regradezur]
2698 3696 3072 3752 communione
3131 3714 3406 3767 concessa,
3465 3714 3519 3757 et
3561 3706 3702 3773 quod

2115 3793 2317 3837 temere
2364 3796 2743 3855 prtesumptum
2792 3797 2844 3841 et
2897 3788 3184 3842 alienatum
3235 3799 3318 3845 est
3363 3793 3703 3850 ordinatione

2113 3874 2351 3942 episcopi
2387 3886 2689 3931 revocetur.

2186 3963 2396 4017 XXVII.
2441 3963 2516 4019 De
2554 3970 2800 4035 juveuum
2831 3980 2874 4022 et
2900 3972 3286 4042 conjugatorum
3314 3977 3625 4043 paenitentia.

2188 4054 2263 4109 De
2318 4057 2666 4123 paenitentum
2719 4061 3109 4128 conversione,
3151 4074 3209 4117 ut
3239 4080 3308 4119 ne
3334 4067 3452 4134 quis
3480 4066 3705 4123 benedi-

2116 4146 2347 4201 ctionem
2400 4150 2725 4217 paenitentia:
2766 4153 3052 4222 juvenibus
3102 4155 3249 4226 [:E.,
3280 4158 3402 4211 add.
3435 4161 3703 4233 persons]

2116 4234 2333 4290 credere
2380 4250 2699 4305 praesumat:
2742 4252 2885 4297 certe
2928 4244 3223 4313 conjugatis
3252 4248 3352 4301 nisi
3384 4262 3448 4303 ex
3472 4264 3705 4305 consen-

2114 4339 2177 4378 su
2210 4327 2435 4393 partium
2467 4339 2518 4381 et
2544 4337 2700 4385 aetate
2719 4331 2827 4399 jam
2861 4334 3013 4401 plena
3050 4351 3168 4391 eam
3191 4337 3319 4392 dare
3342 4354 3445 4394 non
3477 4342 3702 4396 audeat.

2115 4435 2353 4492 XXVIII.
2396 4438 2470 4492 De
2499 4440 2579 4493 his
2606 4443 2691 4510 qui
2732 4455 2967 4515 suscepta
3008 4450 3301 4515 prenitentia
3328 4454 3397 4505 ad
3422 4456 3704 4511 sazcularia

2731 4526 3071 4571 revertuntur.

2178 4619 2233 4676 Si
2263 4624 2382 4691 quis
2414 4623 2777 4683 benedictione
2823 4632 3151 4699 ptenitentiae
3196 4649 3441 4707 suscepta
3485 4642 3551 4695 ad
3594 4656 3697 4697 sa:-

2110 4712 2347 4767 cularem
2395 4715 2628 4771 habitum
2675 4719 2834 4792 [.E.,
2883 4724 3163 4796 ambitum]
3214 4730 3568 4802 militiamque
3608 4750 3703 4790 re-

2110 4806 2245 4857 verti
2274 4807 2435 4877 259
2466 4815 2884 4880 praesumpserit,
2919 4816 3113 4871 viatico
3142 4833 3400 4877 concesso
3433 4841 3603 4897 usque
3628 4828 3703 4883 ad

2108 4894 2305 4949 exitum
2346 4903 2900 4959 excommunicatione
2937 4907 3214 4975 plectatur.

2410 5016 2600 5074 XXIX.
2645 5022 2721 5077 De
2746 5028 2902 5081 servis
2934 5045 3034 5083 non
3063 5034 3386 5092 ordinandis.

2179 5128 2241 5182 Ut
2291 5132 2464 5186 nullus
2514 5137 2799 5194 servilibus
2843 5143 3235 5217 colonariisque
3290 5152 3704 5217 conditionibus

2104 5218 2366 5290 obligatus
2414 5225 2561 5292 juxta
2600 5237 2793 5282 statuta
2845 5233 2987 5287 sedis
3018 5240 3325 5303 apostolica:
3353 5246 3418 5297 ad
3453 5246 3706 5308 honores

2103 5312 2497 5369 ecclesiasticds
2547 5319 2860 5375 admittatur
2886 5364 2901 5387 ,
2954 5325 3051 5379 nisi
3103 5331 3245 5396 prius
3277 5343 3368 5387 aut
3400 5350 3495 5404 per
3528 5349 3706 5393 testa-

2103 5414 2339 5458 mentum
2405 5419 2497 5461 aut
2547 5426 2637 5477 per
2690 5414 2894 5468 tabulas
2936 5432 3058 5471 eum
3107 5421 3341 5490 legitime
3387 5431 3706 5489 constiterit

2101 5492 2403 5549 absolutum
2434 5516 2444 5549 :
2480 5502 2619 5569 quod
2651 5503 2692 5555 si
2723 5507 2839 5573 quis
2870 5510 3241 5579 episcoporum
3271 5554 3285 5577 ,
3320 5516 3434 5586 ejus
3474 5523 3563 5587 qui
3592 5537 3701 5578 or-

2101 5582 2310 5639 dinatur
2349 5590 2709 5647 conditionem
2755 5597 2966 5664 sciens,
3013 5606 3305 5674 transgredi
3338 5582 3434 5676 per
3464 5612 3699 5669 ordina-

2102 5671 2296 5727 tionem
2330 5676 2601 5734 inbibitam
2644 5681 2871 5742 fortasse
2902 5689 3125 5748 voluerit
3149 5671 3523 5770 {anni-spatio
3553 5703 3699 5761 mis-

2099 5780 2187 5821 sas
2221 5768 2391 5826 faccrc
2418 5786 2523 5829 non
2558 5787 2860 5845 prtesumat.
