  <div class='ocr_page' id='page_1' title='image "/cluster/home/n/w/nwhite01/storage/ocr_20150623/84/hvd.32044054758883/148.png"; bbox 0 0 4060 6184; ppageno 0'>
   <div class='ocr_carea' id='block_1_1' title="bbox 373 342 480 399">
    <p class='ocr_par' dir='ltr' id='par_1_1' title="bbox 373 342 480 399">
     <span class='ocr_line' id='line_1_1' title="bbox 373 342 480 399; baseline 0.009 -2"><span class='ocrx_word' id='word_1_1' title='bbox 373 342 480 399; x_wconf 69' lang='grc'><strong>285</strong></span> 
     </span>
    </p>
   </div>
   <div class='ocr_carea' id='block_1_2' title="bbox 692 449 1641 521">
    <p class='ocr_par' dir='ltr' id='par_1_2' title="bbox 692 449 1641 521">
     <span class='ocr_line' id='line_1_2' title="bbox 692 449 1641 521; baseline -0.003 -16"><span class='ocrx_word' id='word_1_2' title='bbox 692 450 861 505; x_wconf 85' lang='lat' dir='ltr'><strong>XXX.</strong></span> <span class='ocrx_word' id='word_1_3' title='bbox 906 451 981 503; x_wconf 89' lang='lat' dir='ltr'><strong>De</strong></span> <span class='ocrx_word' id='word_1_4' title='bbox 1007 450 1201 503; x_wconf 77' lang='lat' dir='ltr'><strong>clericis</strong></span> <span class='ocrx_word' id='word_1_5' title='bbox 1224 449 1641 521; x_wconf 75' lang='lat' dir='ltr'><strong>negotiatoribus.</strong></span> 
     </span>
    </p>
   </div>
   <div class='ocr_carea' id='block_1_3' title="bbox 443 541 1963 610">
    <p class='ocr_par' dir='ltr' id='par_1_3' title="bbox 443 541 1963 610">
     <span class='ocr_line' id='line_1_3' title="bbox 443 541 1963 610; baseline -0.003 -11"><span class='ocrx_word' id='word_1_6' title='bbox 443 544 511 600; x_wconf 88' lang='lat' dir='ltr'><strong>Ut</strong></span> <span class='ocrx_word' id='word_1_7' title='bbox 538 541 769 598; x_wconf 91' lang='lat' dir='ltr'><strong>clericus</strong></span> <span class='ocrx_word' id='word_1_8' title='bbox 807 557 834 595; x_wconf 70' lang='grc' dir='ltr'>α</span> <span class='ocrx_word' id='word_1_9' title='bbox 876 541 1158 596; x_wconf 90' lang='lat' dir='ltr'><strong>diaconatu</strong></span> <span class='ocrx_word' id='word_1_10' title='bbox 1200 550 1253 596; x_wconf 90' lang='lat' dir='ltr'><strong>et</strong></span> <span class='ocrx_word' id='word_1_11' title='bbox 1292 557 1451 610; x_wconf 84' lang='lat' dir='ltr'><strong>supra</strong></span> <span class='ocrx_word' id='word_1_12' title='bbox 1482 541 1761 610; x_wconf 83' lang='lat' dir='ltr'><strong>pecuniam</strong></span> <span class='ocrx_word' id='word_1_13' title='bbox 1795 548 1819 576; x_wconf 74' lang='grc'><strong><em>⁸</em></strong></span> <span class='ocrx_word' id='word_1_14' title='bbox 1855 555 1963 595; x_wconf 92' lang='lat' dir='ltr'><strong>non</strong></span> 
     </span>
    </p>
   </div>
   <div class='ocr_carea' id='block_1_4' title="bbox 370 632 1961 702">
    <p class='ocr_par' dir='ltr' id='par_1_4' title="bbox 370 632 1961 702">
     <span class='ocr_line' id='line_1_4' title="bbox 370 632 1961 702; baseline -0.002 -11"><span class='ocrx_word' id='word_1_15' title='bbox 370 635 683 691; x_wconf 75' lang='lat' dir='ltr'><strong>commodet</strong></span> <span class='ocrx_word' id='word_1_16' title='bbox 726 634 794 687; x_wconf 89' lang='lat' dir='ltr'><strong>ad</strong></span> <span class='ocrx_word' id='word_1_17' title='bbox 845 648 1099 699; x_wconf 87' lang='lat' dir='ltr'><strong>usuram;</strong></span> <span class='ocrx_word' id='word_1_18' title='bbox 1133 647 1231 688; x_wconf 87' lang='lat' dir='ltr'><strong>nec</strong></span> <span class='ocrx_word' id='word_1_19' title='bbox 1287 632 1354 687; x_wconf 91' lang='lat' dir='ltr'><strong>de</strong></span> <span class='ocrx_word' id='word_1_20' title='bbox 1402 633 1653 702; x_wconf 65' lang='lat' dir='ltr'><strong>praesulis</strong></span> <span class='ocrx_word' id='word_1_21' title='bbox 1690 632 1961 688; x_wconf 77' lang='lat' dir='ltr'><strong>beneﬂciis</strong></span> 
     </span>
    </p>
   </div>
   <div class='ocr_carea' id='block_1_5' title="bbox 366 722 1959 799">
    <p class='ocr_par' dir='ltr' id='par_1_5' title="bbox 366 722 1959 799">
     <span class='ocr_line' id='line_1_5' title="bbox 366 722 1959 799; baseline -0.003 -18"><span class='ocrx_word' id='word_1_22' title='bbox 366 728 658 799; x_wconf 80' lang='lat' dir='ltr'><strong>quidquam</strong></span> <span class='ocrx_word' id='word_1_23' title='bbox 703 726 936 795; x_wconf 85' lang='lat' dir='ltr'><strong>amplius</strong></span> <span class='ocrx_word' id='word_1_24' title='bbox 989 740 1149 795; x_wconf 89' lang='lat' dir='ltr'><strong>quam</strong></span> <span class='ocrx_word' id='word_1_25' title='bbox 1197 724 1356 779; x_wconf 87' lang='lat' dir='ltr'><strong>datur</strong></span> <span class='ocrx_word' id='word_1_26' title='bbox 1405 732 1621 792; x_wconf 91' lang='lat' dir='ltr'><strong>speret,</strong></span> <span class='ocrx_word' id='word_1_27' title='bbox 1674 738 1772 778; x_wconf 92' lang='lat' dir='ltr'><strong>nec</strong></span> <span class='ocrx_word' id='word_1_28' title='bbox 1802 722 1884 777; x_wconf 87' lang='lat' dir='ltr'><strong>vel</strong></span> <span class='ocrx_word' id='word_1_29' title='bbox 1907 725 1959 777; x_wconf 93' lang='lat' dir='ltr'><strong>in</strong></span> 
     </span>
    </p>
   </div>
   <div class='ocr_carea' id='block_1_6' title="bbox 366 814 1962 886">
    <p class='ocr_par' dir='ltr' id='par_1_6' title="bbox 366 814 1962 886">
     <span class='ocr_line' id='line_1_6' title="bbox 366 814 1962 886; baseline -0.004 -13"><span class='ocrx_word' id='word_1_30' title='bbox 366 817 679 873; x_wconf 83' lang='lat' dir='ltr'><strong>exercendis</strong></span> <span class='ocrx_word' id='word_1_31' title='bbox 709 814 969 886; x_wconf 85' lang='lat' dir='ltr'><strong>negotiis,</strong></span> <span class='ocrx_word' id='word_1_32' title='bbox 1022 826 1075 869; x_wconf 94' lang='lat' dir='ltr'><strong>ut</strong></span> <span class='ocrx_word' id='word_1_33' title='bbox 1098 814 1291 885; x_wconf 89' lang='lat' dir='ltr'><strong>publici</strong></span> <span class='ocrx_word' id='word_1_34' title='bbox 1314 815 1403 883; x_wconf 90' lang='lat' dir='ltr'><strong>qui</strong></span> <span class='ocrx_word' id='word_1_35' title='bbox 1430 814 1495 868; x_wconf 90' lang='lat' dir='ltr'><strong>ad</strong></span> <span class='ocrx_word' id='word_1_36' title='bbox 1528 814 1707 884; x_wconf 89' lang='lat' dir='ltr'><strong>populi</strong></span> <span class='ocrx_word' id='word_1_37' title='bbox 1737 828 1962 882; x_wconf 81' lang='lat' dir='ltr'><strong>respon-</strong></span> 
     </span>
    </p>
   </div>
   <div class='ocr_carea' id='block_1_7' title="bbox 366 904 1959 975">
    <p class='ocr_par' dir='ltr' id='par_1_7' title="bbox 366 904 1959 975">
     <span class='ocr_line' id='line_1_7' title="bbox 366 904 1959 975; baseline -0.001 -14"><span class='ocrx_word' id='word_1_38' title='bbox 366 922 483 962; x_wconf 85' lang='lat' dir='ltr'><strong>sum</strong></span> <span class='ocrx_word' id='word_1_39' title='bbox 515 907 882 975; x_wconf 77' lang='lat' dir='ltr'><strong>negotiatores</strong></span> <span class='ocrx_word' id='word_1_40' title='bbox 921 904 1247 969; x_wconf 82' lang='lat' dir='ltr'><strong>observant,</strong></span> <span class='ocrx_word' id='word_1_41' title='bbox 1301 905 1468 972; x_wconf 82' lang='lat' dir='ltr'><strong>turpis</strong></span> <span class='ocrx_word' id='word_1_42' title='bbox 1510 904 1641 958; x_wconf 91' lang='lat' dir='ltr'><strong>lucri</strong></span> <span class='ocrx_word' id='word_1_43' title='bbox 1672 904 1959 973; x_wconf 81' lang='lat' dir='ltr'><strong>cupiditate</strong></span> 
     </span>
    </p>
   </div>
   <div class='ocr_carea' id='block_1_8' title="bbox 369 996 1956 1067">
    <p class='ocr_par' dir='ltr' id='par_1_8' title="bbox 369 996 1956 1067">
     <span class='ocr_line' id='line_1_8' title="bbox 369 996 1956 1067; baseline 0.001 -17"><span class='ocrx_word' id='word_1_44' title='bbox 369 1007 634 1065; x_wconf 75' lang='lat' dir='ltr'><strong>versetur,</strong></span> <span class='ocrx_word' id='word_1_45' title='bbox 687 1007 779 1052; x_wconf 90' lang='lat' dir='ltr'><strong>aut</strong></span> <span class='ocrx_word' id='word_1_46' title='bbox 826 998 925 1053; x_wconf 91' lang='lat' dir='ltr'><strong>sub</strong></span> <span class='ocrx_word' id='word_1_47' title='bbox 955 998 1128 1053; x_wconf 91' lang='lat' dir='ltr'><strong>alieno</strong></span> <span class='ocrx_word' id='word_1_48' title='bbox 1166 997 1381 1051; x_wconf 89' lang='lat' dir='ltr'><strong>nomine</strong></span> <span class='ocrx_word' id='word_1_49' title='bbox 1412 996 1692 1051; x_wconf 87' lang='lat' dir='ltr'><strong>interdicta</strong></span> <span class='ocrx_word' id='word_1_50' title='bbox 1747 999 1956 1067; x_wconf 80' lang='lat' dir='ltr'><strong>negotia</strong></span> 
     </span>
    </p>
   </div>
   <div class='ocr_carea' id='block_1_9' title="bbox 367 1086 1955 1157">
    <p class='ocr_par' dir='ltr' id='par_1_9' title="bbox 367 1086 1955 1157">
     <span class='ocr_line' id='line_1_9' title="bbox 367 1086 1955 1157; baseline -0.001 -12"><span class='ocrx_word' id='word_1_51' title='bbox 367 1090 562 1146; x_wconf 81' lang='lat' dir='ltr'><strong>audeat</strong></span> <span class='ocrx_word' id='word_1_52' title='bbox 611 1103 887 1145; x_wconf 87' lang='lat' dir='ltr'><strong>exercere.</strong></span> <span class='ocrx_word' id='word_1_53' title='bbox 940 1087 1092 1156; x_wconf 88' lang='lat' dir='ltr'><strong>Quod</strong></span> <span class='ocrx_word' id='word_1_54' title='bbox 1142 1087 1188 1142; x_wconf 89' lang='lat' dir='ltr'><strong>si</strong></span> <span class='ocrx_word' id='word_1_55' title='bbox 1252 1087 1373 1157; x_wconf 89' lang='lat' dir='ltr'><strong>quis</strong></span> <span class='ocrx_word' id='word_1_56' title='bbox 1419 1086 1699 1143; x_wconf 86' lang='lat' dir='ltr'><strong>adversum</strong></span> <span class='ocrx_word' id='word_1_57' title='bbox 1758 1098 1955 1143; x_wconf 90' lang='lat' dir='ltr'><strong>statuta</strong></span> 
     </span>
    </p>
   </div>
   <div class='ocr_carea' id='block_1_10' title="bbox 368 1176 1957 1251">
    <p class='ocr_par' dir='ltr' id='par_1_10' title="bbox 368 1176 1957 1251">
     <span class='ocr_line' id='line_1_10' title="bbox 368 1176 1957 1251; baseline -0.001 -16"><span class='ocrx_word' id='word_1_58' title='bbox 368 1184 553 1237; x_wconf 85' lang='lat' dir='ltr'><strong>venire</strong></span> <span class='ocrx_word' id='word_1_59' title='bbox 586 1180 1036 1251; x_wconf 67' lang='lat' dir='ltr'><strong>praesumpserit,</strong></span> <span class='ocrx_word' id='word_1_60' title='bbox 1069 1176 1452 1234; x_wconf 87' lang='lat' dir='ltr'><strong>communione</strong></span> <span class='ocrx_word' id='word_1_61' title='bbox 1480 1191 1735 1233; x_wconf 88' lang='lat' dir='ltr'><strong>concessa</strong></span> <span class='ocrx_word' id='word_1_62' title='bbox 1767 1179 1834 1234; x_wconf 91' lang='lat' dir='ltr'><strong>ab</strong></span> <span class='ocrx_word' id='word_1_63' title='bbox 1874 1194 1957 1233; x_wconf 89' lang='lat' dir='ltr'><strong>or-</strong></span> 
     </span>
    </p>
   </div>
   <div class='ocr_carea' id='block_1_11' title="bbox 365 1270 852 1342">
    <p class='ocr_par' dir='ltr' id='par_1_11' title="bbox 365 1270 852 1342">
     <span class='ocr_line' id='line_1_11' title="bbox 365 1270 852 1342; baseline -0.006 -16"><span class='ocrx_word' id='word_1_64' title='bbox 365 1272 487 1327; x_wconf 83' lang='lat' dir='ltr'><strong>dine</strong></span> <span class='ocrx_word' id='word_1_65' title='bbox 517 1270 852 1342; x_wconf 83' lang='lat' dir='ltr'><strong>regradetur.</strong></span> 
     </span>
    </p>
   </div>
   <div class='ocr_carea' id='block_1_12' title="bbox 606 1360 1708 1447">
    <p class='ocr_par' dir='ltr' id='par_1_12' title="bbox 606 1360 1708 1447">
     <span class='ocr_line' id='line_1_12' title="bbox 606 1360 1708 1447; baseline 0 -32"><span class='ocrx_word' id='word_1_66' title='bbox 606 1361 801 1415; x_wconf 77' lang='lat' dir='ltr'><strong>XXXI.</strong></span> <span class='ocrx_word' id='word_1_67' title='bbox 845 1360 922 1415; x_wconf 82' lang='lat' dir='ltr'><strong>De</strong></span> <span class='ocrx_word' id='word_1_68' title='bbox 952 1360 1052 1415; x_wconf 82' lang='lat' dir='ltr'><strong>diei</strong></span> <span class='ocrx_word' id='word_1_69' title='bbox 1062 1361 1326 1447; x_wconf 56' lang='lat' dir='ltr'><strong>.dominici</strong></span> <span class='ocrx_word' id='word_1_70' title='bbox 1350 1360 1708 1415; x_wconf 78' lang='lat' dir='ltr'><strong>observatione.</strong></span> 
     </span>
    </p>
   </div>
   <div class='ocr_carea' id='block_1_13' title="bbox 430 1450 1949 1522">
    <p class='ocr_par' dir='ltr' id='par_1_13' title="bbox 430 1450 1949 1522">
     <span class='ocr_line' id='line_1_13' title="bbox 430 1450 1949 1522; baseline 0 -18"><span class='ocrx_word' id='word_1_71' title='bbox 430 1454 562 1521; x_wconf 86' lang='lat' dir='ltr'><strong>Quia</strong></span> <span class='ocrx_word' id='word_1_72' title='bbox 588 1466 898 1522; x_wconf 82' lang='lat' dir='ltr'><strong>persuasum</strong></span> <span class='ocrx_word' id='word_1_73' title='bbox 940 1460 1021 1505; x_wconf 85' lang='lat' dir='ltr'><strong>est</strong></span> <span class='ocrx_word' id='word_1_74' title='bbox 1064 1452 1273 1520; x_wconf 79' lang='lat' dir='ltr'><strong>pupulis</strong></span> <span class='ocrx_word' id='word_1_75' title='bbox 1308 1450 1396 1505; x_wconf 90' lang='lat' dir='ltr'><strong>die</strong></span> <span class='ocrx_word' id='word_1_76' title='bbox 1427 1451 1696 1505; x_wconf 85' lang='lat' dir='ltr'><strong>dominico</strong></span> <span class='ocrx_word' id='word_1_77' title='bbox 1719 1450 1801 1520; x_wconf 85' lang='lat' dir='ltr'><strong>agi</strong></span> <span class='ocrx_word' id='word_1_78' title='bbox 1828 1463 1949 1504; x_wconf 89' lang='lat' dir='ltr'><strong>cum</strong></span> 
     </span>
    </p>
   </div>
   <div class='ocr_carea' id='block_1_14' title="bbox 360 1542 1949 1617">
    <p class='ocr_par' dir='ltr' id='par_1_14' title="bbox 360 1542 1949 1617">
     <span class='ocr_line' id='line_1_14' title="bbox 360 1542 1949 1617; baseline -0.003 -16"><span class='ocrx_word' id='word_1_79' title='bbox 360 1547 579 1601; x_wconf 78' lang='lat' dir='ltr'><strong>caballis</strong></span> <span class='ocrx_word' id='word_1_80' title='bbox 606 1554 663 1600; x_wconf 90' lang='lat' dir='ltr'><strong>et</strong></span> <span class='ocrx_word' id='word_1_81' title='bbox 691 1544 860 1601; x_wconf 91' lang='lat' dir='ltr'><strong>bobus</strong></span> <span class='ocrx_word' id='word_1_82' title='bbox 889 1543 1031 1617; x_wconf 70' lang='lat' dir='ltr'><strong>[/E.,</strong></span> <span class='ocrx_word' id='word_1_83' title='bbox 1056 1542 1237 1615; x_wconf 91' lang='lat' dir='ltr'><strong>mulis]</strong></span> <span class='ocrx_word' id='word_1_84' title='bbox 1264 1554 1318 1598; x_wconf 91' lang='lat' dir='ltr'><strong>et</strong></span> <span class='ocrx_word' id='word_1_85' title='bbox 1339 1543 1600 1599; x_wconf 86' lang='lat' dir='ltr'><strong>vehiculis</strong></span> <span class='ocrx_word' id='word_1_86' title='bbox 1624 1543 1811 1598; x_wconf 89' lang='lat' dir='ltr'><strong>itinera</strong></span> <span class='ocrx_word' id='word_1_87' title='bbox 1845 1558 1949 1597; x_wconf 92' lang='lat' dir='ltr'><strong>non</strong></span> 
     </span>
    </p>
   </div>
   <div class='ocr_carea' id='block_1_15' title="bbox 359 1636 1948 1707">
    <p class='ocr_par' dir='ltr' id='par_1_15' title="bbox 359 1636 1948 1707">
     <span class='ocr_line' id='line_1_15' title="bbox 359 1636 1948 1707; baseline -0.001 -16"><span class='ocrx_word' id='word_1_88' title='bbox 359 1639 583 1703; x_wconf 86' lang='lat' dir='ltr'><strong>debere,</strong></span> <span class='ocrx_word' id='word_1_89' title='bbox 615 1652 714 1692; x_wconf 91' lang='lat' dir='ltr'><strong>nec</strong></span> <span class='ocrx_word' id='word_1_90' title='bbox 747 1637 907 1691; x_wconf 89' lang='lat' dir='ltr'><strong>ullam</strong></span> <span class='ocrx_word' id='word_1_91' title='bbox 941 1652 1052 1691; x_wconf 91' lang='lat' dir='ltr'><strong>rem</strong></span> <span class='ocrx_word' id='word_1_92' title='bbox 1076 1637 1141 1691; x_wconf 87' lang='lat' dir='ltr'><strong>ad</strong></span> <span class='ocrx_word' id='word_1_93' title='bbox 1171 1640 1368 1692; x_wconf 92' lang='lat' dir='ltr'><strong>victum</strong></span> <span class='ocrx_word' id='word_1_94' title='bbox 1402 1636 1729 1707; x_wconf 62' lang='lat' dir='ltr'><strong>praeparari,</strong></span> <span class='ocrx_word' id='word_1_95' title='bbox 1772 1637 1854 1691; x_wconf 82' lang='lat' dir='ltr'><strong>vel</strong></span> <span class='ocrx_word' id='word_1_96' title='bbox 1883 1636 1948 1689; x_wconf 91' lang='lat' dir='ltr'><strong>ad</strong></span> 
     </span>
    </p>
   </div>
   <div class='ocr_carea' id='block_1_16' title="bbox 360 1728 1947 1799">
    <p class='ocr_par' dir='ltr' id='par_1_16' title="bbox 360 1728 1947 1799">
     <span class='ocr_line' id='line_1_16' title="bbox 360 1728 1947 1799; baseline -0.003 -15"><span class='ocrx_word' id='word_1_97' title='bbox 360 1731 593 1785; x_wconf 90' lang='lat' dir='ltr'><strong>nitorem</strong></span> <span class='ocrx_word' id='word_1_98' title='bbox 650 1728 884 1784; x_wconf 88' lang='lat' dir='ltr'><strong>hominis</strong></span> <span class='ocrx_word' id='word_1_99' title='bbox 914 1728 996 1784; x_wconf 89' lang='lat' dir='ltr'><strong>vel</strong></span> <span class='ocrx_word' id='word_1_100' title='bbox 1026 1728 1217 1783; x_wconf 90' lang='lat' dir='ltr'><strong>domus</strong></span> <span class='ocrx_word' id='word_1_101' title='bbox 1247 1730 1602 1799; x_wconf 86' lang='lat' dir='ltr'><strong>pertinentem</strong></span> <span class='ocrx_word' id='word_1_102' title='bbox 1650 1728 1947 1782; x_wconf 85' lang='lat' dir='ltr'><strong>nullatenus</strong></span> 
     </span>
    </p>
   </div>
   <div class='ocr_carea' id='block_1_17' title="bbox 1307 332 2741 393">
    <p class='ocr_par' dir='ltr' id='par_1_17' title="bbox 1307 332 2741 393">
     <span class='ocr_line' id='line_1_17' title="bbox 1307 332 2741 393; baseline -0.001 0"><span class='ocrx_word' id='word_1_103' title='bbox 1307 337 1578 393; x_wconf 66' lang='lat' dir='ltr'><strong>CALLIIE</strong></span> <span class='ocrx_word' id='word_1_104' title='bbox 1616 334 1956 393; x_wconf 72' lang='lat' dir='ltr'><strong>CONCILIA.</strong></span> <span class='ocrx_word' id='word_1_105' title='bbox 1999 364 2067 374; x_wconf 93' lang='lat'><strong><em>—</em></strong></span> <span class='ocrx_word' id='word_1_106' title='bbox 2109 332 2637 391; x_wconf 82' lang='lat' dir='ltr'><strong>AURELIANENSE</strong></span> <span class='ocrx_word' id='word_1_107' title='bbox 2678 334 2741 391; x_wconf 91' lang='lat' dir='ltr'><strong>II.</strong></span> 
     </span>
    </p>
   </div>
   <div class='ocr_carea' id='block_1_18' title="bbox 1984 446 3649 519">
    <p class='ocr_par' dir='ltr' id='par_1_18' title="bbox 1984 446 3649 519">
     <span class='ocr_line' id='line_1_18' title="bbox 1984 446 3649 519; baseline 0.004 -19"><span class='ocrx_word' id='word_1_108' title='bbox 1984 450 2029 507; x_wconf 75' lang='grc' dir='ltr'><strong>Α</strong></span> <span class='ocrx_word' id='word_1_109' title='bbox 2065 446 2277 502; x_wconf 83' lang='lat' dir='ltr'><strong>XXXV.</strong></span> <span class='ocrx_word' id='word_1_110' title='bbox 2326 448 2407 503; x_wconf 85' lang='lat' dir='ltr'><strong>Ne</strong></span> <span class='ocrx_word' id='word_1_111' title='bbox 2453 450 2665 503; x_wconf 82' lang='lat' dir='ltr'><strong>clericus</strong></span> <span class='ocrx_word' id='word_1_112' title='bbox 2694 449 2881 502; x_wconf 86' lang='lat' dir='ltr'><strong>laicum</strong></span> <span class='ocrx_word' id='word_1_113' title='bbox 2924 464 3081 519; x_wconf 85' lang='lat' dir='ltr'><strong>neque</strong></span> <span class='ocrx_word' id='word_1_114' title='bbox 3120 449 3280 504; x_wconf 84' lang='lat' dir='ltr'><strong>laicus</strong></span> <span class='ocrx_word' id='word_1_115' title='bbox 3312 450 3551 504; x_wconf 67' lang='lat' dir='ltr'><strong>clericum</strong></span> <span class='ocrx_word' id='word_1_116' title='bbox 3582 457 3649 506; x_wconf 86' lang='lat' dir='ltr'><strong>ad</strong></span> 
     </span>
    </p>
   </div>
   <div class='ocr_carea' id='block_1_19' title="bbox 3545 338 3650 395">
    <p class='ocr_par' dir='ltr' id='par_1_19' title="bbox 3545 338 3650 395">
     <span class='ocr_line' id='line_1_19' title="bbox 3545 338 3650 395; baseline 0 -4"><span class='ocrx_word' id='word_1_117' title='bbox 3545 338 3650 395; x_wconf 72' lang='lat'><strong>286</strong></span> 
     </span>
    </p>
   </div>
   <div class='ocr_carea' id='block_1_20' title="bbox 2488 520 3217 589">
    <p class='ocr_par' dir='ltr' id='par_1_20' title="bbox 2488 520 3217 589">
     <span class='ocr_line' id='line_1_20' title="bbox 2488 520 3217 589; baseline 0.003 -16"><span class='ocrx_word' id='word_1_118' title='bbox 2488 522 2729 573; x_wconf 73' lang='lat' dir='ltr'><strong>swculare</strong></span> <span class='ocrx_word' id='word_1_119' title='bbox 2742 520 2996 589; x_wconf 84' lang='lat' dir='ltr'><strong>judicium</strong></span> <span class='ocrx_word' id='word_1_120' title='bbox 3026 520 3217 575; x_wconf 81' lang='lat' dir='ltr'><strong>trahat.</strong></span> 
     </span>
    </p>
   </div>
   <div class='ocr_carea' id='block_1_21' title="bbox 2137 608 3651 680">
    <p class='ocr_par' dir='ltr' id='par_1_21' title="bbox 2137 608 3651 680">
     <span class='ocr_line' id='line_1_21' title="bbox 2137 608 3651 680; baseline 0.001 -17"><span class='ocrx_word' id='word_1_121' title='bbox 2137 608 2380 663; x_wconf 86' lang='lat' dir='ltr'><strong>Clericus</strong></span> <span class='ocrx_word' id='word_1_122' title='bbox 2411 610 2695 678; x_wconf 84' lang='lat' dir='ltr'><strong>cuiuslibet</strong></span> <span class='ocrx_word' id='word_1_123' title='bbox 2739 610 2936 678; x_wconf 88' lang='lat' dir='ltr'><strong>gradus</strong></span> <span class='ocrx_word' id='word_1_124' title='bbox 2975 611 3091 664; x_wconf 91' lang='lat' dir='ltr'><strong>sine</strong></span> <span class='ocrx_word' id='word_1_125' title='bbox 3122 611 3390 679; x_wconf 79' lang='lat' dir='ltr'><strong>pontificis</strong></span> <span class='ocrx_word' id='word_1_126' title='bbox 3419 611 3501 665; x_wconf 90' lang='lat' dir='ltr'><strong>sui</strong></span> <span class='ocrx_word' id='word_1_127' title='bbox 3530 626 3651 680; x_wconf 87' lang='lat' dir='ltr'><strong>pcr-</strong></span> 
     </span>
    </p>
   </div>
   <div class='ocr_carea' id='block_1_22' title="bbox 2063 698 3650 768">
    <p class='ocr_par' dir='ltr' id='par_1_22' title="bbox 2063 698 3650 768">
     <span class='ocr_line' id='line_1_22' title="bbox 2063 698 3650 768; baseline 0.003 -17"><span class='ocrx_word' id='word_1_128' title='bbox 2063 700 2227 753; x_wconf 87' lang='lat' dir='ltr'><strong>ntissu</strong></span> <span class='ocrx_word' id='word_1_129' title='bbox 2254 699 2457 753; x_wconf 89' lang='lat' dir='ltr'><strong>nullum</strong></span> <span class='ocrx_word' id='word_1_130' title='bbox 2486 699 2550 752; x_wconf 93' lang='lat' dir='ltr'><strong>ad</strong></span> <span class='ocrx_word' id='word_1_131' title='bbox 2591 700 2848 753; x_wconf 71' lang='lat' dir='ltr'><strong>smculare</strong></span> <span class='ocrx_word' id='word_1_132' title='bbox 2879 698 3143 768; x_wconf 88' lang='lat' dir='ltr'><strong>judicium</strong></span> <span class='ocrx_word' id='word_1_133' title='bbox 3174 712 3461 767; x_wconf 71' lang='lat' dir='ltr'><strong>praesumat</strong></span> <span class='ocrx_word' id='word_1_134' title='bbox 3490 712 3650 757; x_wconf 86' lang='lat' dir='ltr'><strong>attra-</strong></span> 
     </span>
    </p>
   </div>
   <div class='ocr_carea' id='block_1_23' title="bbox 2061 792 3645 860">
    <p class='ocr_par' dir='ltr' id='par_1_23' title="bbox 2061 792 3645 860">
     <span class='ocr_line' id='line_1_23' title="bbox 2061 792 3645 860; baseline 0.004 -16"><span class='ocrx_word' id='word_1_135' title='bbox 2061 792 2191 847; x_wconf 83' lang='lat' dir='ltr'><strong>here</strong></span> <span class='ocrx_word' id='word_1_136' title='bbox 2216 834 2230 857; x_wconf 93' lang='lat'><strong>,</strong></span> <span class='ocrx_word' id='word_1_137' title='bbox 2259 808 2359 847; x_wconf 89' lang='lat' dir='ltr'><strong>nec</strong></span> <span class='ocrx_word' id='word_1_138' title='bbox 2399 794 2554 857; x_wconf 88' lang='lat' dir='ltr'><strong>laico,</strong></span> <span class='ocrx_word' id='word_1_139' title='bbox 2602 793 2907 847; x_wconf 76' lang='lat' dir='ltr'><strong>inconsult’o</strong></span> <span class='ocrx_word' id='word_1_140' title='bbox 2954 795 3233 849; x_wconf 87' lang='lat' dir='ltr'><strong>sacerdote</strong></span> <span class='ocrx_word' id='word_1_141' title='bbox 3256 836 3270 860; x_wconf 91' lang='lat'><strong>,</strong></span> <span class='ocrx_word' id='word_1_142' title='bbox 3304 796 3557 851; x_wconf 86' lang='lat' dir='ltr'><strong>clericum</strong></span> <span class='ocrx_word' id='word_1_143' title='bbox 3592 798 3645 851; x_wconf 87' lang='lat' dir='ltr'><strong>itt</strong></span> 
     </span>
    </p>
   </div>
   <div class='ocr_carea' id='block_1_24' title="bbox 2059 884 3100 953">
    <p class='ocr_par' dir='ltr' id='par_1_24' title="bbox 2059 884 3100 953">
     <span class='ocr_line' id='line_1_24' title="bbox 2059 884 3100 953; baseline -0.002 -13"><span class='ocrx_word' id='word_1_144' title='bbox 2059 884 2321 940; x_wconf 67' lang='lat' dir='ltr'><strong>smculare</strong></span> <span class='ocrx_word' id='word_1_145' title='bbox 2344 885 2601 953; x_wconf 89' lang='lat' dir='ltr'><strong>judicium</strong></span> <span class='ocrx_word' id='word_1_146' title='bbox 2633 886 2790 939; x_wconf 91' lang='lat' dir='ltr'><strong>liceat</strong></span> <span class='ocrx_word' id='word_1_147' title='bbox 2820 884 3100 940; x_wconf 78' lang='lat' dir='ltr'><strong>exhibere.</strong></span> 
     </span>
    </p>
   </div>
   <div class='ocr_carea' id='block_1_25' title="bbox 2226 976 3471 1033">
    <p class='ocr_par' dir='ltr' id='par_1_25' title="bbox 2226 976 3471 1033">
     <span class='ocr_line' id='line_1_25' title="bbox 2226 976 3471 1033; baseline 0.002 -2"><span class='ocrx_word' id='word_1_148' title='bbox 2226 976 2467 1031; x_wconf 81' lang='lat' dir='ltr'><strong>XXXVI.</strong></span> <span class='ocrx_word' id='word_1_149' title='bbox 2514 977 2589 1031; x_wconf 91' lang='lat' dir='ltr'><strong>De</strong></span> <span class='ocrx_word' id='word_1_150' title='bbox 2614 978 2791 1030; x_wconf 85' lang='lat' dir='ltr'><strong>harant</strong></span> <span class='ocrx_word' id='word_1_151' title='bbox 2824 993 3075 1030; x_wconf 85' lang='lat' dir='ltr'><strong>canonum</strong></span> <span class='ocrx_word' id='word_1_152' title='bbox 3108 978 3471 1033; x_wconf 79' lang='lat' dir='ltr'><strong>observatione.</strong></span> 
     </span>
    </p>
   </div>
   <div class='ocr_carea' id='block_1_26' title="bbox 2127 1066 3643 1135">
    <p class='ocr_par' dir='ltr' id='par_1_26' title="bbox 2127 1066 3643 1135">
     <span class='ocr_line' id='line_1_26' title="bbox 2127 1066 3643 1135; baseline 0.001 -13"><span class='ocrx_word' id='word_1_153' title='bbox 2127 1068 2385 1134; x_wconf 88' lang='lat' dir='ltr'><strong>Quocirca</strong></span> <span class='ocrx_word' id='word_1_154' title='bbox 2436 1070 2570 1131; x_wconf 69' lang='lat' dir='ltr'><strong>Ittcc,</strong></span> <span class='ocrx_word' id='word_1_155' title='bbox 2605 1082 2723 1135; x_wconf 66' lang='lat' dir='ltr'><strong>qua:</strong></span> <span class='ocrx_word' id='word_1_156' title='bbox 2764 1066 3057 1134; x_wconf 88' lang='lat' dir='ltr'><strong>inspirante</strong></span> <span class='ocrx_word' id='word_1_157' title='bbox 3096 1068 3319 1122; x_wconf 89' lang='lat' dir='ltr'><strong>Domino</strong></span> <span class='ocrx_word' id='word_1_158' title='bbox 3368 1070 3643 1124; x_wconf 90' lang='lat' dir='ltr'><strong>communi</strong></span> 
     </span>
    </p>
   </div>
   <div class='ocr_carea' id='block_1_27' title="bbox 2056 1157 3641 1227">
    <p class='ocr_par' dir='ltr' id='par_1_27' title="bbox 2056 1157 3641 1227">
     <span class='ocr_line' id='line_1_27' title="bbox 2056 1157 3641 1227; baseline 0.001 -13"><span class='ocrx_word' id='word_1_159' title='bbox 2056 1158 2342 1214; x_wconf 90' lang='lat' dir='ltr'><strong>consensui</strong></span> <span class='ocrx_word' id='word_1_160' title='bbox 2393 1158 2743 1227; x_wconf 89' lang='lat' dir='ltr'><strong>placuerunt,</strong></span> <span class='ocrx_word' id='word_1_161' title='bbox 2791 1158 2835 1211; x_wconf 91' lang='lat' dir='ltr'><strong>si</strong></span> <span class='ocrx_word' id='word_1_162' title='bbox 2864 1157 2982 1226; x_wconf 91' lang='lat' dir='ltr'><strong>quis</strong></span> <span class='ocrx_word' id='word_1_163' title='bbox 3022 1158 3319 1212; x_wconf 90' lang='lat' dir='ltr'><strong>antistitum</strong></span> <span class='ocrx_word' id='word_1_164' title='bbox 3349 1157 3641 1215; x_wconf 86' lang='lat' dir='ltr'><strong>viventium</strong></span> 
     </span>
    </p>
   </div>
   <div class='ocr_carea' id='block_1_28' title="bbox 2054 1246 3637 1315">
    <p class='ocr_par' dir='ltr' id='par_1_28' title="bbox 2054 1246 3637 1315">
     <span class='ocr_line' id='line_1_28' title="bbox 2054 1246 3637 1315; baseline 0.001 -12"><span class='ocrx_word' id='word_1_165' title='bbox 2054 1249 2136 1303; x_wconf 88' lang='lat' dir='ltr'><strong>vel</strong></span> <span class='ocrx_word' id='word_1_166' title='bbox 2169 1262 2352 1303; x_wconf 87' lang='lat' dir='ltr'><strong>eorum</strong></span> <span class='ocrx_word' id='word_1_167' title='bbox 2385 1262 2518 1315; x_wconf 86' lang='lat' dir='ltr'><strong>quos</strong></span> <span class='ocrx_word' id='word_1_168' title='bbox 2556 1248 2683 1315; x_wconf 84' lang='lat' dir='ltr'><strong>ipsis</strong></span> <span class='ocrx_word' id='word_1_169' title='bbox 2714 1246 2851 1301; x_wconf 90' lang='lat' dir='ltr'><strong>Deus</strong></span> <span class='ocrx_word' id='word_1_170' title='bbox 2881 1261 2999 1302; x_wconf 85' lang='lat' dir='ltr'><strong>esse</strong></span> <span class='ocrx_word' id='word_1_171' title='bbox 3018 1247 3245 1301; x_wconf 86' lang='lat' dir='ltr'><strong>voluerit</strong></span> <span class='ocrx_word' id='word_1_172' title='bbox 3273 1262 3637 1315; x_wconf 85' lang='lat' dir='ltr'><strong>successores,</strong></span> 
     </span>
    </p>
   </div>
   <div class='ocr_carea' id='block_1_29' title="bbox 2054 1338 3640 1407">
    <p class='ocr_par' dir='ltr' id='par_1_29' title="bbox 2054 1338 3640 1407">
     <span class='ocr_line' id='line_1_29' title="bbox 2054 1338 3640 1407; baseline 0.001 -14"><span class='ocrx_word' id='word_1_173' title='bbox 2054 1340 2239 1394; x_wconf 85' lang='lat' dir='ltr'><strong>relicta</strong></span> <span class='ocrx_word' id='word_1_174' title='bbox 2264 1338 2654 1392; x_wconf 87' lang='lat' dir='ltr'><strong>observationis</strong></span> <span class='ocrx_word' id='word_1_175' title='bbox 2681 1338 3009 1407; x_wconf 86' lang='lat' dir='ltr'><strong>integritate,</strong></span> <span class='ocrx_word' id='word_1_176' title='bbox 3034 1338 3302 1393; x_wconf 89' lang='lat' dir='ltr'><strong>custodire</strong></span> <span class='ocrx_word' id='word_1_177' title='bbox 3333 1349 3385 1393; x_wconf 90' lang='lat' dir='ltr'><strong>ct</strong></span> <span class='ocrx_word' id='word_1_178' title='bbox 3416 1340 3640 1407; x_wconf 85' lang='lat' dir='ltr'><strong>implere</strong></span> 
     </span>
    </p>
   </div>
   <div class='ocr_carea' id='block_1_30' title="bbox 2054 1430 3642 1500">
    <p class='ocr_par' dir='ltr' id='par_1_30' title="bbox 2054 1430 3642 1500">
     <span class='ocr_line' id='line_1_30' title="bbox 2054 1430 3642 1500; baseline 0.003 -16"><span class='ocrx_word' id='word_1_179' title='bbox 2054 1431 2369 1499; x_wconf 79' lang='lat' dir='ltr'><strong>neglexerit,</strong></span> <span class='ocrx_word' id='word_1_180' title='bbox 2400 1444 2549 1483; x_wconf 90' lang='lat' dir='ltr'><strong>reum</strong></span> <span class='ocrx_word' id='word_1_181' title='bbox 2585 1444 2643 1484; x_wconf 89' lang='lat' dir='ltr'><strong>se</strong></span> <span class='ocrx_word' id='word_1_182' title='bbox 2680 1430 2974 1484; x_wconf 85' lang='lat' dir='ltr'><strong>divinitatis</strong></span> <span class='ocrx_word' id='word_1_183' title='bbox 3003 1431 3202 1500; x_wconf 90' lang='lat' dir='ltr'><strong>pariter</strong></span> <span class='ocrx_word' id='word_1_184' title='bbox 3249 1442 3301 1485; x_wconf 91' lang='lat' dir='ltr'><strong>et</strong></span> <span class='ocrx_word' id='word_1_185' title='bbox 3343 1432 3642 1489; x_wconf 79' lang='lat' dir='ltr'><strong>fraternita-</strong></span> 
     </span>
    </p>
   </div>
   <div class='ocr_carea' id='block_1_31' title="bbox 2055 1520 3637 1592">
    <p class='ocr_par' dir='ltr' id='par_1_31' title="bbox 2055 1520 3637 1592">
     <span class='ocr_line' id='line_1_31' title="bbox 2055 1520 3637 1592; baseline 0.002 -17"><span class='ocrx_word' id='word_1_186' title='bbox 2055 1521 2118 1575; x_wconf 90' lang='lat' dir='ltr'><strong>tis</strong></span> <span class='ocrx_word' id='word_1_187' title='bbox 2146 1521 2345 1592; x_wconf 85' lang='lat' dir='ltr'><strong>judicio</strong></span> <span class='ocrx_word' id='word_1_188' title='bbox 2376 1520 2609 1575; x_wconf 76' lang='lat' dir='ltr'><strong>futurum</strong></span> <span class='ocrx_word' id='word_1_189' title='bbox 2628 1535 2749 1575; x_wconf 88' lang='lat' dir='ltr'><strong>esse</strong></span> <span class='ocrx_word' id='word_1_190' title='bbox 2767 1532 3076 1590; x_wconf 79' lang='lat' dir='ltr'><strong>cognoscat,</strong></span> <span class='ocrx_word' id='word_1_191' title='bbox 3105 1522 3225 1591; x_wconf 88' lang='lat' dir='ltr'><strong>quia</strong></span> <span class='ocrx_word' id='word_1_192' title='bbox 3257 1536 3488 1578; x_wconf 90' lang='lat' dir='ltr'><strong>canones</strong></span> <span class='ocrx_word' id='word_1_193' title='bbox 3511 1538 3637 1579; x_wconf 90' lang='lat' dir='ltr'><strong>suos</strong></span> 
     </span>
    </p>
   </div>
   <div class='ocr_carea' id='block_1_32' title="bbox 2053 1612 3638 1684">
    <p class='ocr_par' dir='ltr' id='par_1_32' title="bbox 2053 1612 3638 1684">
     <span class='ocr_line' id='line_1_32' title="bbox 2053 1612 3638 1684; baseline 0 -16"><span class='ocrx_word' id='word_1_194' title='bbox 2053 1628 2148 1668; x_wconf 92' lang='lat' dir='ltr'><strong>nec</strong></span> <span class='ocrx_word' id='word_1_195' title='bbox 2182 1615 2424 1681; x_wconf 79' lang='lat' dir='ltr'><strong>ignorare</strong></span> <span class='ocrx_word' id='word_1_196' title='bbox 2452 1626 2772 1682; x_wconf 87' lang='lat' dir='ltr'><strong>quemquam</strong></span> <span class='ocrx_word' id='word_1_197' title='bbox 2799 1628 2897 1667; x_wconf 89' lang='lat' dir='ltr'><strong>nec</strong></span> <span class='ocrx_word' id='word_1_198' title='bbox 2917 1612 3273 1683; x_wconf 90' lang='lat' dir='ltr'><strong>dissimulare,</strong></span> <span class='ocrx_word' id='word_1_199' title='bbox 3292 1612 3340 1666; x_wconf 90' lang='lat' dir='ltr'><strong>id</strong></span> <span class='ocrx_word' id='word_1_200' title='bbox 3362 1624 3465 1680; x_wconf 90' lang='lat' dir='ltr'><strong>est,</strong></span> <span class='ocrx_word' id='word_1_201' title='bbox 3498 1630 3638 1684; x_wconf 73' lang='lat' dir='ltr'><strong>praz~</strong></span> 
     </span>
    </p>
   </div>
   <div class='ocr_carea' id='block_1_33' title="bbox 2052 1706 2583 1775">
    <p class='ocr_par' dir='ltr' id='par_1_33' title="bbox 2052 1706 2583 1775">
     <span class='ocr_line' id='line_1_33' title="bbox 2052 1706 2583 1775; baseline -0.002 -14"><span class='ocrx_word' id='word_1_202' title='bbox 2052 1708 2212 1763; x_wconf 84' lang='lat' dir='ltr'><strong>lerire</strong></span> <span class='ocrx_word' id='word_1_203' title='bbox 2242 1706 2583 1775; x_wconf 86' lang='lat' dir='ltr'><strong>permittitur.</strong></span> 
     </span>
    </p>
   </div>
   <div class='ocr_carea' id='block_1_34' title="bbox 356 1801 1939 1889">
    <p class='ocr_par' dir='ltr' id='par_1_34' title="bbox 356 1817 1939 1889">
     <span class='ocr_line' id='line_1_34' title="bbox 356 1817 1939 1889; baseline -0.003 -13"><span class='ocrx_word' id='word_1_204' title='bbox 356 1836 651 1888; x_wconf 79' lang='lat' dir='ltr'><strong>exercere,</strong></span> <span class='ocrx_word' id='word_1_205' title='bbox 696 1836 814 1889; x_wconf 83' lang='lat' dir='ltr'><strong>quae</strong></span> <span class='ocrx_word' id='word_1_206' title='bbox 856 1835 943 1875; x_wconf 88' lang='lat' dir='ltr'><strong>res</strong></span> <span class='ocrx_word' id='word_1_207' title='bbox 1000 1821 1066 1874; x_wconf 85' lang='lat' dir='ltr'><strong>ad</strong></span> <span class='ocrx_word' id='word_1_208' title='bbox 1114 1822 1393 1875; x_wconf 85' lang='lat' dir='ltr'><strong>Judaicam</strong></span> <span class='ocrx_word' id='word_1_209' title='bbox 1439 1819 1608 1888; x_wconf 80' lang='lat' dir='ltr'><strong>magis</strong></span> <span class='ocrx_word' id='word_1_210' title='bbox 1661 1833 1818 1887; x_wconf 90' lang='lat' dir='ltr'><strong>quam</strong></span> <span class='ocrx_word' id='word_1_211' title='bbox 1874 1817 1939 1872; x_wconf 91' lang='lat' dir='ltr'><strong>ad</strong></span> 
     </span>
    </p>
   </div>
   <div class='ocr_carea' id='block_1_35' title="bbox 2048 1801 3632 1889">
    <p class='ocr_par' dir='ltr' id='par_1_35' title="bbox 2119 1801 3632 1872">
     <span class='ocr_line' id='line_1_35' title="bbox 2119 1801 3632 1872; baseline 0.003 -18"><span class='ocrx_word' id='word_1_212' title='bbox 2119 1802 2146 1841; x_wconf 76' lang='grc' dir='ltr'>δ</span> <span class='ocrx_word' id='word_1_213' title='bbox 2188 1801 2366 1870; x_wconf 73' lang='lat' dir='ltr'><strong>Lupus</strong></span> <span class='ocrx_word' id='word_1_214' title='bbox 2400 1804 2449 1855; x_wconf 91' lang='lat' dir='ltr'><strong>in</strong></span> <span class='ocrx_word' id='word_1_215' title='bbox 2495 1801 2691 1857; x_wconf 83' lang='lat' dir='ltr'><strong>Christi</strong></span> <span class='ocrx_word' id='word_1_216' title='bbox 2741 1802 2957 1858; x_wconf 89' lang='lat' dir='ltr'><strong>nomine</strong></span> <span class='ocrx_word' id='word_1_217' title='bbox 3002 1802 3285 1872; x_wconf 88' lang='lat' dir='ltr'><strong>episcopus</strong></span> <span class='ocrx_word' id='word_1_218' title='bbox 3329 1804 3632 1858; x_wconf 60' lang='lat' dir='ltr'><strong>consensitI</strong></span> 
     </span>
    </p>
   </div>
   <div class='ocr_carea' id='block_1_36' title="bbox 354 1910 1942 1983">
    <p class='ocr_par' dir='ltr' id='par_1_36' title="bbox 354 1910 1942 1983">
     <span class='ocr_line' id='line_1_36' title="bbox 354 1910 1942 1983; baseline -0.001 -16"><span class='ocrx_word' id='word_1_219' title='bbox 354 1914 718 1969; x_wconf 82' lang='lat' dir='ltr'><strong>Clnistianant</strong></span> <span class='ocrx_word' id='word_1_220' title='bbox 766 1913 1164 1968; x_wconf 80' lang='lat' dir='ltr'><strong>observantiam</strong></span> <span class='ocrx_word' id='word_1_221' title='bbox 1215 1912 1486 1983; x_wconf 90' lang='lat' dir='ltr'><strong>pertinere</strong></span> <span class='ocrx_word' id='word_1_222' title='bbox 1533 1911 1846 1981; x_wconf 86' lang='lat' dir='ltr'><strong>probantur,</strong></span> <span class='ocrx_word' id='word_1_223' title='bbox 1889 1910 1942 1965; x_wconf 91' lang='lat' dir='ltr'><strong>id</strong></span> 
     </span>
    </p>
   </div>
   <div class='ocr_carea' id='block_1_37' title="bbox 353 2000 1941 2074">
    <p class='ocr_par' dir='ltr' id='par_1_37' title="bbox 353 2000 1941 2074">
     <span class='ocr_line' id='line_1_37' title="bbox 353 2000 1941 2074; baseline -0.003 -15"><span class='ocrx_word' id='word_1_224' title='bbox 353 2006 663 2072; x_wconf 85' lang='lat' dir='ltr'><strong>statuimus,</strong></span> <span class='ocrx_word' id='word_1_225' title='bbox 688 2013 746 2059; x_wconf 93' lang='lat' dir='ltr'><strong>ut</strong></span> <span class='ocrx_word' id='word_1_226' title='bbox 775 2005 861 2059; x_wconf 91' lang='lat' dir='ltr'><strong>die</strong></span> <span class='ocrx_word' id='word_1_227' title='bbox 884 2005 1154 2060; x_wconf 82' lang='lat' dir='ltr'><strong>dominico</strong></span> <span class='ocrx_word' id='word_1_228' title='bbox 1203 2005 1343 2074; x_wconf 92' lang='lat' dir='ltr'><strong>quod</strong></span> <span class='ocrx_word' id='word_1_229' title='bbox 1382 2014 1507 2058; x_wconf 88' lang='lat' dir='ltr'><strong>ante</strong></span> <span class='ocrx_word' id='word_1_230' title='bbox 1539 2003 1652 2058; x_wconf 88' lang='lat' dir='ltr'><strong>lieri</strong></span> <span class='ocrx_word' id='word_1_231' title='bbox 1686 2002 1838 2058; x_wconf 92' lang='lat' dir='ltr'><strong>licuit</strong></span> <span class='ocrx_word' id='word_1_232' title='bbox 1882 2000 1941 2055; x_wconf 66' lang='lat' dir='ltr'><strong>li.</strong></span> 
     </span>
    </p>
   </div>
   <div class='ocr_carea' id='block_1_38' title="bbox 354 2091 1937 2163">
    <p class='ocr_par' dir='ltr' id='par_1_38' title="bbox 354 2091 1937 2163">
     <span class='ocr_line' id='line_1_38' title="bbox 354 2091 1937 2163; baseline -0.003 -15"><span class='ocrx_word' id='word_1_233' title='bbox 354 2106 473 2148; x_wconf 88' lang='lat' dir='ltr'><strong>ceat</strong></span> <span class='ocrx_word' id='word_1_234' title='bbox 499 2112 512 2148; x_wconf 90' lang='lat'><strong>:</strong></span> <span class='ocrx_word' id='word_1_235' title='bbox 544 2094 613 2150; x_wconf 90' lang='lat' dir='ltr'><strong>de</strong></span> <span class='ocrx_word' id='word_1_236' title='bbox 636 2109 800 2163; x_wconf 87' lang='lat' dir='ltr'><strong>opere</strong></span> <span class='ocrx_word' id='word_1_237' title='bbox 846 2105 1019 2150; x_wconf 91' lang='lat' dir='ltr'><strong>tamen</strong></span> <span class='ocrx_word' id='word_1_238' title='bbox 1052 2094 1243 2158; x_wconf 87' lang='lat' dir='ltr'><strong>rurali,</strong></span> <span class='ocrx_word' id='word_1_239' title='bbox 1278 2094 1327 2148; x_wconf 93' lang='lat' dir='ltr'><strong>id</strong></span> <span class='ocrx_word' id='word_1_240' title='bbox 1355 2100 1437 2148; x_wconf 90' lang='lat' dir='ltr'><strong>est</strong></span> <span class='ocrx_word' id='word_1_241' title='bbox 1462 2101 1614 2147; x_wconf 88' lang='lat' dir='ltr'><strong>aratu</strong></span> <span class='ocrx_word' id='word_1_242' title='bbox 1644 2093 1731 2148; x_wconf 92' lang='lat' dir='ltr'><strong>vel</strong></span> <span class='ocrx_word' id='word_1_243' title='bbox 1760 2091 1937 2157; x_wconf 89' lang='lat' dir='ltr'><strong>vinea,</strong></span> 
     </span>
    </p>
   </div>
   <div class='ocr_carea' id='block_1_39' title="bbox 356 2183 1938 2255">
    <p class='ocr_par' dir='ltr' id='par_1_39' title="bbox 356 2183 1938 2255">
     <span class='ocr_line' id='line_1_39' title="bbox 356 2183 1938 2255; baseline -0.003 -13"><span class='ocrx_word' id='word_1_244' title='bbox 356 2188 621 2255; x_wconf 79' lang='lat' dir='ltr'><strong>sectione,</strong></span> <span class='ocrx_word' id='word_1_245' title='bbox 649 2187 966 2243; x_wconf 81' lang='lat' dir='ltr'><strong>excussionc</strong></span> <span class='ocrx_word' id='word_1_246' title='bbox 991 2227 1007 2251; x_wconf 92' lang='lat'><strong>,</strong></span> <span class='ocrx_word' id='word_1_247' title='bbox 1031 2194 1218 2242; x_wconf 80' lang='lat' dir='ltr'><strong>exarto</strong></span> <span class='ocrx_word' id='word_1_248' title='bbox 1248 2186 1328 2239; x_wconf 89' lang='lat' dir='ltr'><strong>vel</strong></span> <span class='ocrx_word' id='word_1_249' title='bbox 1354 2184 1480 2254; x_wconf 81' lang='lat' dir='ltr'><strong>sepe</strong></span> <span class='ocrx_word' id='word_1_250' title='bbox 1510 2185 1819 2239; x_wconf 89' lang='lat' dir='ltr'><strong>censuimus</strong></span> <span class='ocrx_word' id='word_1_251' title='bbox 1841 2183 1938 2238; x_wconf 88' lang='lat' dir='ltr'><strong>ab-</strong></span> 
     </span>
    </p>
   </div>
   <div class='ocr_carea' id='block_1_40' title="bbox 351 2274 1939 2346">
    <p class='ocr_par' dir='ltr' id='par_1_40' title="bbox 351 2274 1939 2346">
     <span class='ocr_line' id='line_1_40' title="bbox 351 2274 1939 2346; baseline -0.001 -17"><span class='ocrx_word' id='word_1_252' title='bbox 351 2276 661 2331; x_wconf 88' lang='lat' dir='ltr'><strong>stinendum</strong></span> <span class='ocrx_word' id='word_1_253' title='bbox 686 2318 700 2342; x_wconf 93' lang='lat'><strong>,</strong></span> <span class='ocrx_word' id='word_1_254' title='bbox 734 2292 837 2346; x_wconf 91' lang='lat' dir='ltr'><strong>quo</strong></span> <span class='ocrx_word' id='word_1_255' title='bbox 862 2277 1067 2330; x_wconf 84' lang='lat' dir='ltr'><strong>facilius</strong></span> <span class='ocrx_word' id='word_1_256' title='bbox 1100 2274 1163 2328; x_wconf 88' lang='lat' dir='ltr'><strong>ad</strong></span> <span class='ocrx_word' id='word_1_257' title='bbox 1196 2274 1478 2330; x_wconf 89' lang='lat' dir='ltr'><strong>ecclesiam</strong></span> <span class='ocrx_word' id='word_1_258' title='bbox 1506 2275 1781 2328; x_wconf 87' lang='lat' dir='ltr'><strong>venientes</strong></span> <span class='ocrx_word' id='word_1_259' title='bbox 1813 2288 1939 2328; x_wconf 87' lang='lat' dir='ltr'><strong>ora-</strong></span> 
     </span>
    </p>
   </div>
   <div class='ocr_carea' id='block_1_41' title="bbox 357 2365 1937 2436">
    <p class='ocr_par' dir='ltr' id='par_1_41' title="bbox 357 2365 1937 2436">
     <span class='ocr_line' id='line_1_41' title="bbox 357 2365 1937 2436; baseline 0 -17"><span class='ocrx_word' id='word_1_260' title='bbox 357 2369 525 2421; x_wconf 68' lang='lat' dir='ltr'><strong>tionis</strong></span> <span class='ocrx_word' id='word_1_261' title='bbox 551 2368 733 2436; x_wconf 72' lang='lat' dir='ltr'><strong>gratia:</strong></span> <span class='ocrx_word' id='word_1_262' title='bbox 759 2376 969 2422; x_wconf 90' lang='lat' dir='ltr'><strong>vacent.</strong></span> <span class='ocrx_word' id='word_1_263' title='bbox 1008 2366 1158 2433; x_wconf 78' lang='lat' dir='ltr'><strong>Quod</strong></span> <span class='ocrx_word' id='word_1_264' title='bbox 1195 2367 1239 2420; x_wconf 92' lang='lat' dir='ltr'><strong>si</strong></span> <span class='ocrx_word' id='word_1_265' title='bbox 1275 2366 1523 2419; x_wconf 90' lang='lat' dir='ltr'><strong>inventus</strong></span> <span class='ocrx_word' id='word_1_266' title='bbox 1556 2365 1712 2419; x_wconf 82' lang='lat' dir='ltr'><strong>fuerit</strong></span> <span class='ocrx_word' id='word_1_267' title='bbox 1738 2366 1856 2434; x_wconf 91' lang='lat' dir='ltr'><strong>quis</strong></span> <span class='ocrx_word' id='word_1_268' title='bbox 1886 2365 1937 2419; x_wconf 92' lang='lat' dir='ltr'><strong>in</strong></span> 
     </span>
    </p>
   </div>
   <div class='ocr_carea' id='block_1_42' title="bbox 354 2456 1957 2527">
    <p class='ocr_par' dir='ltr' id='par_1_42' title="bbox 354 2456 1957 2527">
     <span class='ocr_line' id='line_1_42' title="bbox 354 2456 1957 2527; baseline 0.001 -15"><span class='ocrx_word' id='word_1_269' title='bbox 354 2458 617 2525; x_wconf 86' lang='lat' dir='ltr'><strong>operibus</strong></span> <span class='ocrx_word' id='word_1_270' title='bbox 646 2473 798 2527; x_wconf 90' lang='lat' dir='ltr'><strong>supra</strong></span> <span class='ocrx_word' id='word_1_271' title='bbox 830 2458 1044 2527; x_wconf 87' lang='lat' dir='ltr'><strong>scriptis</strong></span> <span class='ocrx_word' id='word_1_272' title='bbox 1068 2472 1185 2526; x_wconf 74' lang='lat' dir='ltr'><strong>quae</strong></span> <span class='ocrx_word' id='word_1_273' title='bbox 1215 2456 1497 2511; x_wconf 91' lang='lat' dir='ltr'><strong>interdicta</strong></span> <span class='ocrx_word' id='word_1_274' title='bbox 1524 2468 1647 2511; x_wconf 89' lang='lat' dir='ltr'><strong>sunt</strong></span> <span class='ocrx_word' id='word_1_275' title='bbox 1689 2473 1748 2512; x_wconf 90' lang='lat' dir='ltr'><strong>se</strong></span> <span class='ocrx_word' id='word_1_276' title='bbox 1783 2474 1957 2513; x_wconf 24' lang='lat' dir='ltr'><strong>exer-r</strong></span> 
     </span>
    </p>
   </div>
   <div class='ocr_carea' id='block_1_43' title="bbox 349 2548 1940 2618">
    <p class='ocr_par' dir='ltr' id='par_1_43' title="bbox 349 2548 1940 2618">
     <span class='ocr_line' id='line_1_43' title="bbox 349 2548 1940 2618; baseline 0.002 -17"><span class='ocrx_word' id='word_1_277' title='bbox 349 2564 519 2615; x_wconf 82' lang='lat' dir='ltr'><strong>cere,</strong></span> <span class='ocrx_word' id='word_1_278' title='bbox 574 2549 803 2618; x_wconf 85' lang='lat' dir='ltr'><strong>qualiter</strong></span> <span class='ocrx_word' id='word_1_279' title='bbox 849 2549 1119 2603; x_wconf 83' lang='lat' dir='ltr'><strong>emendari</strong></span> <span class='ocrx_word' id='word_1_280' title='bbox 1170 2548 1362 2603; x_wconf 88' lang='lat' dir='ltr'><strong>debeat</strong></span> <span class='ocrx_word' id='word_1_281' title='bbox 1404 2564 1510 2603; x_wconf 92' lang='lat' dir='ltr'><strong>non</strong></span> <span class='ocrx_word' id='word_1_282' title='bbox 1543 2550 1594 2603; x_wconf 91' lang='lat' dir='ltr'><strong>in</strong></span> <span class='ocrx_word' id='word_1_283' title='bbox 1621 2549 1737 2603; x_wconf 85' lang='lat' dir='ltr'><strong>laici</strong></span> <span class='ocrx_word' id='word_1_284' title='bbox 1762 2550 1940 2606; x_wconf 81' lang='lat' dir='ltr'><strong>distri-</strong></span> 
     </span>
    </p>
   </div>
   <div class='ocr_carea' id='block_1_44' title="bbox 348 2639 1758 2710">
    <p class='ocr_par' dir='ltr' id='par_1_44' title="bbox 348 2639 1758 2710">
     <span class='ocr_line' id='line_1_44' title="bbox 348 2639 1758 2710; baseline 0 -15"><span class='ocrx_word' id='word_1_285' title='bbox 348 2642 550 2707; x_wconf 67' lang='lat' dir='ltr'><strong>ctione,</strong></span> <span class='ocrx_word' id='word_1_286' title='bbox 577 2641 671 2695; x_wconf 87' lang='lat' dir='ltr'><strong>sed</strong></span> <span class='ocrx_word' id='word_1_287' title='bbox 696 2641 749 2694; x_wconf 92' lang='lat' dir='ltr'><strong>in</strong></span> <span class='ocrx_word' id='word_1_288' title='bbox 781 2639 1081 2696; x_wconf 86' lang='lat' dir='ltr'><strong>sacerdotis</strong></span> <span class='ocrx_word' id='word_1_289' title='bbox 1110 2641 1461 2710; x_wconf 80' lang='lat' dir='ltr'><strong>castigatione</strong></span> <span class='ocrx_word' id='word_1_290' title='bbox 1483 2642 1758 2695; x_wconf 87' lang='lat' dir='ltr'><strong>consistat.</strong></span> 
     </span>
    </p>
   </div>
   <div class='ocr_carea' id='block_1_45' title="bbox 622 2730 1664 2803">
    <p class='ocr_par' dir='ltr' id='par_1_45' title="bbox 622 2730 1664 2803">
     <span class='ocr_line' id='line_1_45' title="bbox 622 2730 1664 2803; baseline 0.001 -18"><span class='ocrx_word' id='word_1_291' title='bbox 622 2731 839 2786; x_wconf 84' lang='lat' dir='ltr'><strong>XXXII.</strong></span> <span class='ocrx_word' id='word_1_292' title='bbox 883 2730 961 2785; x_wconf 88' lang='lat' dir='ltr'><strong>De</strong></span> <span class='ocrx_word' id='word_1_293' title='bbox 990 2733 1142 2785; x_wconf 83' lang='lat' dir='ltr'><strong>missa</strong></span> <span class='ocrx_word' id='word_1_294' title='bbox 1173 2731 1365 2803; x_wconf 80' lang='lat' dir='ltr'><strong>integre</strong></span> <span class='ocrx_word' id='word_1_295' title='bbox 1388 2732 1664 2786; x_wconf 83' lang='lat' dir='ltr'><strong>audienda.</strong></span> 
     </span>
    </p>
   </div>
   <div class='ocr_carea' id='block_1_46' title="bbox 421 2824 1935 2894">
    <p class='ocr_par' dir='ltr' id='par_1_46' title="bbox 421 2824 1935 2894">
     <span class='ocr_line' id='line_1_46' title="bbox 421 2824 1935 2894; baseline -0.001 -13"><span class='ocrx_word' id='word_1_296' title='bbox 421 2826 496 2881; x_wconf 89' lang='lat' dir='ltr'><strong>De</strong></span> <span class='ocrx_word' id='word_1_297' title='bbox 536 2824 720 2881; x_wconf 90' lang='lat' dir='ltr'><strong>missis</strong></span> <span class='ocrx_word' id='word_1_298' title='bbox 746 2826 923 2881; x_wconf 91' lang='lat' dir='ltr'><strong>nullus</strong></span> <span class='ocrx_word' id='word_1_299' title='bbox 952 2827 1207 2881; x_wconf 87' lang='lat' dir='ltr'><strong>laicorum</strong></span> <span class='ocrx_word' id='word_1_300' title='bbox 1235 2835 1359 2883; x_wconf 92' lang='lat' dir='ltr'><strong>ante</strong></span> <span class='ocrx_word' id='word_1_301' title='bbox 1388 2825 1624 2880; x_wconf 89' lang='lat' dir='ltr'><strong>discedat</strong></span> <span class='ocrx_word' id='word_1_302' title='bbox 1647 2840 1806 2894; x_wconf 90' lang='lat' dir='ltr'><strong>quam</strong></span> <span class='ocrx_word' id='word_1_303' title='bbox 1836 2824 1935 2880; x_wconf 91' lang='lat' dir='ltr'><strong>do-</strong></span> 
     </span>
    </p>
   </div>
   <div class='ocr_carea' id='block_1_47' title="bbox 349 2914 1935 2984">
    <p class='ocr_par' dir='ltr' id='par_1_47' title="bbox 349 2914 1935 2984">
     <span class='ocr_line' id='line_1_47' title="bbox 349 2914 1935 2984; baseline -0.001 -12"><span class='ocrx_word' id='word_1_304' title='bbox 349 2918 545 2972; x_wconf 83' lang='lat' dir='ltr'><strong>minica</strong></span> <span class='ocrx_word' id='word_1_305' title='bbox 599 2917 810 2972; x_wconf 87' lang='lat' dir='ltr'><strong>dicatur</strong></span> <span class='ocrx_word' id='word_1_306' title='bbox 832 2917 1006 2972; x_wconf 87' lang='lat' dir='ltr'><strong>oratio</strong></span> <span class='ocrx_word' id='word_1_307' title='bbox 1028 2957 1042 2980; x_wconf 93' lang='lat'><strong>,</strong></span> <span class='ocrx_word' id='word_1_308' title='bbox 1091 2925 1144 2970; x_wconf 85' lang='lat' dir='ltr'><strong>et</strong></span> <span class='ocrx_word' id='word_1_309' title='bbox 1168 2918 1210 2970; x_wconf 92' lang='lat' dir='ltr'><strong>si</strong></span> <span class='ocrx_word' id='word_1_310' title='bbox 1239 2917 1519 2984; x_wconf 90' lang='lat' dir='ltr'><strong>episcopus</strong></span> <span class='ocrx_word' id='word_1_311' title='bbox 1549 2929 1787 2983; x_wconf 73' lang='lat' dir='ltr'><strong>prmsens</strong></span> <span class='ocrx_word' id='word_1_312' title='bbox 1818 2914 1935 2971; x_wconf 78' lang='lat' dir='ltr'><strong>lue-</strong></span> 
     </span>
    </p>
   </div>
   <div class='ocr_carea' id='block_1_48' title="bbox 347 3005 1938 3079">
    <p class='ocr_par' dir='ltr' id='par_1_48' title="bbox 347 3005 1938 3079">
     <span class='ocr_line' id='line_1_48' title="bbox 347 3005 1938 3079; baseline -0.003 -16"><span class='ocrx_word' id='word_1_313' title='bbox 347 3009 436 3076; x_wconf 90' lang='lat' dir='ltr'><strong>rit,</strong></span> <span class='ocrx_word' id='word_1_314' title='bbox 468 3009 586 3079; x_wconf 83' lang='lat' dir='ltr'><strong>ejus</strong></span> <span class='ocrx_word' id='word_1_315' title='bbox 618 3007 919 3063; x_wconf 86' lang='lat' dir='ltr'><strong>benedictio</strong></span> <span class='ocrx_word' id='word_1_316' title='bbox 947 3014 1326 3076; x_wconf 76' lang='lat' dir='ltr'><strong>exspectetur;</strong></span> <span class='ocrx_word' id='word_1_317' title='bbox 1358 3005 1621 3061; x_wconf 79' lang='lat' dir='ltr'><strong>sacriﬁcia</strong></span> <span class='ocrx_word' id='word_1_318' title='bbox 1661 3020 1789 3059; x_wconf 90' lang='lat' dir='ltr'><strong>vero</strong></span> <span class='ocrx_word' id='word_1_319' title='bbox 1826 3019 1938 3058; x_wconf 88' lang='lat' dir='ltr'><strong>ma-</strong></span> 
     </span>
    </p>
   </div>
   <div class='ocr_carea' id='block_1_49' title="bbox 351 3095 1931 3167">
    <p class='ocr_par' dir='ltr' id='par_1_49' title="bbox 351 3095 1931 3167">
     <span class='ocr_line' id='line_1_49' title="bbox 351 3095 1931 3167; baseline -0.004 -14"><span class='ocrx_word' id='word_1_320' title='bbox 351 3102 518 3156; x_wconf 87' lang='lat' dir='ltr'><strong>tutina</strong></span> <span class='ocrx_word' id='word_1_321' title='bbox 546 3102 830 3155; x_wconf 91' lang='lat' dir='ltr'><strong>missarum</strong></span> <span class='ocrx_word' id='word_1_322' title='bbox 880 3099 992 3154; x_wconf 88' lang='lat' dir='ltr'><strong>sive</strong></span> <span class='ocrx_word' id='word_1_323' title='bbox 1040 3098 1347 3167; x_wconf 85' lang='lat' dir='ltr'><strong>vespertina</strong></span> <span class='ocrx_word' id='word_1_324' title='bbox 1395 3096 1574 3151; x_wconf 88' lang='lat' dir='ltr'><strong>nullus</strong></span> <span class='ocrx_word' id='word_1_325' title='bbox 1617 3110 1737 3149; x_wconf 88' lang='lat' dir='ltr'><strong>cum</strong></span> <span class='ocrx_word' id='word_1_326' title='bbox 1770 3095 1931 3148; x_wconf 90' lang='lat' dir='ltr'><strong>armis</strong></span> 
     </span>
    </p>
   </div>
   <div class='ocr_carea' id='block_1_50' title="bbox 2046 1894 2437 1962">
    <p class='ocr_par' dir='ltr' id='par_1_50' title="bbox 2046 1894 2437 1962">
     <span class='ocr_line' id='line_1_50' title="bbox 2046 1894 2437 1962; baseline 0.003 -14"><span class='ocrx_word' id='word_1_327' title='bbox 2046 1903 2099 1949; x_wconf 89' lang='lat' dir='ltr'><strong>et</strong></span> <span class='ocrx_word' id='word_1_328' title='bbox 2122 1894 2437 1962; x_wconf 81' lang='lat' dir='ltr'><strong>subscripsi.</strong></span> 
     </span>
    </p>
   </div>
   <div class='ocr_carea' id='block_1_51' title="bbox 2117 1983 3486 2056">
    <p class='ocr_par' dir='ltr' id='par_1_51' title="bbox 2117 1983 3486 2056">
     <span class='ocr_line' id='line_1_51' title="bbox 2117 1983 3486 2056; baseline 0.001 -19"><span class='ocrx_word' id='word_1_329' title='bbox 2117 1983 2479 2054; x_wconf 80' lang='lat' dir='ltr'><strong>Pantagathus</strong></span> <span class='ocrx_word' id='word_1_330' title='bbox 2502 1984 2784 2053; x_wconf 90' lang='lat' dir='ltr'><strong>episcopus</strong></span> <span class='ocrx_word' id='word_1_331' title='bbox 2807 1984 3057 2039; x_wconf 89' lang='lat' dir='ltr'><strong>consensi</strong></span> <span class='ocrx_word' id='word_1_332' title='bbox 3084 1992 3139 2039; x_wconf 91' lang='lat' dir='ltr'><strong>et</strong></span> <span class='ocrx_word' id='word_1_333' title='bbox 3170 1984 3486 2056; x_wconf 87' lang='lat' dir='ltr'><strong>subscripsi.</strong></span> 
     </span>
    </p>
   </div>
   <div class='ocr_carea' id='block_1_52' title="bbox 2116 2077 3066 2147">
    <p class='ocr_par' dir='ltr' id='par_1_52' title="bbox 2116 2077 3066 2147">
     <span class='ocr_line' id='line_1_52' title="bbox 2116 2077 3066 2147; baseline -0.003 -14"><span class='ocrx_word' id='word_1_334' title='bbox 2116 2078 2415 2133; x_wconf 80' lang='lat' dir='ltr'><strong>Leocadius</strong></span> <span class='ocrx_word' id='word_1_335' title='bbox 2447 2078 2730 2147; x_wconf 76' lang='lat' dir='ltr'><strong>episcopus</strong></span> <span class='ocrx_word' id='word_1_336' title='bbox 2753 2077 3066 2146; x_wconf 87' lang='lat' dir='ltr'><strong>subscripsi.</strong></span> 
     </span>
    </p>
   </div>
   <div class='ocr_carea' id='block_1_53' title="bbox 2116 2167 3629 2241">
    <p class='ocr_par' dir='ltr' id='par_1_53' title="bbox 2116 2167 3629 2241">
     <span class='ocr_line' id='line_1_53' title="bbox 2116 2167 3629 2241; baseline -0.001 -18"><span class='ocrx_word' id='word_1_337' title='bbox 2116 2170 2434 2226; x_wconf 85' lang='lat' dir='ltr'><strong>Theobadcs</strong></span> <span class='ocrx_word' id='word_1_338' title='bbox 2478 2169 2643 2241; x_wconf 76' lang='lat' dir='ltr'><strong>[/E.,</strong></span> <span class='ocrx_word' id='word_1_339' title='bbox 2681 2167 3108 2238; x_wconf 85' lang='lat' dir='ltr'><strong>&#39;I‘heudovades]</strong></span> <span class='ocrx_word' id='word_1_340' title='bbox 3162 2168 3446 2238; x_wconf 87' lang='lat' dir='ltr'><strong>episcopus</strong></span> <span class='ocrx_word' id='word_1_341' title='bbox 3500 2167 3629 2221; x_wconf 81' lang='lat' dir='ltr'><strong>sub-</strong></span> 
     </span>
    </p>
   </div>
   <div class='ocr_carea' id='block_1_54' title="bbox 2043 2261 2256 2329">
    <p class='ocr_par' dir='ltr' id='par_1_54' title="bbox 2043 2261 2256 2329">
     <span class='ocr_line' id='line_1_54' title="bbox 2043 2261 2256 2329; baseline -0.014 -13"><span class='ocrx_word' id='word_1_342' title='bbox 2043 2261 2256 2329; x_wconf 59' lang='lat' dir='ltr'><strong>scripsi.</strong></span> 
     </span>
    </p>
   </div>
   <div class='ocr_carea' id='block_1_55' title="bbox 2114 2348 3007 2420">
    <p class='ocr_par' dir='ltr' id='par_1_55' title="bbox 2114 2348 3007 2420">
     <span class='ocr_line' id='line_1_55' title="bbox 2114 2348 3007 2420; baseline -0.003 -15"><span class='ocrx_word' id='word_1_343' title='bbox 2114 2352 2359 2406; x_wconf 80' lang='lat' dir='ltr'><strong>Asterius</strong></span> <span class='ocrx_word' id='word_1_344' title='bbox 2385 2350 2669 2420; x_wconf 86' lang='lat' dir='ltr'><strong>episcopus</strong></span> <span class='ocrx_word' id='word_1_345' title='bbox 2694 2348 3007 2418; x_wconf 87' lang='lat' dir='ltr'><strong>subscripsi.</strong></span> 
     </span>
    </p>
   </div>
   <div class='ocr_carea' id='block_1_56' title="bbox 2116 2440 3015 2509">
    <p class='ocr_par' dir='ltr' id='par_1_56' title="bbox 2116 2440 3015 2509">
     <span class='ocr_line' id='line_1_56' title="bbox 2116 2440 3015 2509; baseline -0.001 -16"><span class='ocrx_word' id='word_1_346' title='bbox 2116 2441 2312 2495; x_wconf 87' lang='lat' dir='ltr'><strong>Lausto</strong></span> <span class='ocrx_word' id='word_1_347' title='bbox 2339 2440 2363 2479; x_wconf 79' lang='grc' dir='ltr'>ἀ</span> <span class='ocrx_word' id='word_1_348' title='bbox 2390 2440 2677 2509; x_wconf 89' lang='lat' dir='ltr'><strong>episcopus</strong></span> <span class='ocrx_word' id='word_1_349' title='bbox 2702 2440 3015 2508; x_wconf 90' lang='lat' dir='ltr'><strong>subscripsi.</strong></span> 
     </span>
    </p>
   </div>
   <div class='ocr_carea' id='block_1_57' title="bbox 2116 2528 3513 2603">
    <p class='ocr_par' dir='ltr' id='par_1_57' title="bbox 2116 2528 3513 2603">
     <span class='ocr_line' id='line_1_57' title="bbox 2116 2528 3513 2603; baseline 0 -18"><span class='ocrx_word' id='word_1_350' title='bbox 2116 2532 2371 2585; x_wconf 80' lang='lat' dir='ltr'><strong>Rustinus</strong></span> <span class='ocrx_word' id='word_1_351' title='bbox 2404 2531 2549 2603; x_wconf 65' lang='lat' dir='ltr'><strong>[/E.,</strong></span> <span class='ocrx_word' id='word_1_352' title='bbox 2577 2531 2862 2602; x_wconf 76' lang='lat' dir='ltr'><strong>Rusticiusl</strong></span> <span class='ocrx_word' id='word_1_353' title='bbox 2887 2531 3174 2600; x_wconf 67' lang='lat' dir='ltr'><strong>episcoms</strong></span> <span class='ocrx_word' id='word_1_354' title='bbox 3198 2528 3513 2601; x_wconf 81' lang='lat' dir='ltr'><strong>subscripsi.</strong></span> 
     </span>
    </p>
   </div>
   <div class='ocr_carea' id='block_1_58' title="bbox 2113 2622 3088 2696">
    <p class='ocr_par' dir='ltr' id='par_1_58' title="bbox 2113 2622 3088 2696">
     <span class='ocr_line' id='line_1_58' title="bbox 2113 2622 3088 2696; baseline 0 -20"><span class='ocrx_word' id='word_1_355' title='bbox 2113 2624 2432 2696; x_wconf 84' lang='lat' dir='ltr'><strong>Agrippinus</strong></span> <span class='ocrx_word' id='word_1_356' title='bbox 2459 2622 2746 2691; x_wconf 90' lang='lat' dir='ltr'><strong>episcopus</strong></span> <span class='ocrx_word' id='word_1_357' title='bbox 2777 2622 3088 2690; x_wconf 91' lang='lat' dir='ltr'><strong>subscripsi.</strong></span> 
     </span>
    </p>
   </div>
   <div class='ocr_carea' id='block_1_59' title="bbox 2114 2712 2993 2783">
    <p class='ocr_par' dir='ltr' id='par_1_59' title="bbox 2114 2712 2993 2783">
     <span class='ocr_line' id='line_1_59' title="bbox 2114 2712 2993 2783; baseline -0.006 -14"><span class='ocrx_word' id='word_1_358' title='bbox 2114 2715 2331 2769; x_wconf 85' lang='lat' dir='ltr'><strong>Passius</strong></span> <span class='ocrx_word' id='word_1_359' title='bbox 2358 2714 2644 2783; x_wconf 91' lang='lat' dir='ltr'><strong>episcopus</strong></span> <span class='ocrx_word' id='word_1_360' title='bbox 2674 2712 2993 2781; x_wconf 90' lang='lat' dir='ltr'><strong>subscripsi.</strong></span> 
     </span>
    </p>
   </div>
   <div class='ocr_carea' id='block_1_60' title="bbox 2113 2803 3089 2873">
    <p class='ocr_par' dir='ltr' id='par_1_60' title="bbox 2113 2803 3089 2873">
     <span class='ocr_line' id='line_1_60' title="bbox 2113 2803 3089 2873; baseline -0.002 -14"><span class='ocrx_word' id='word_1_361' title='bbox 2113 2805 2364 2859; x_wconf 83' lang='lat' dir='ltr'><strong>Paulinus</strong></span> <span class='ocrx_word' id='word_1_362' title='bbox 2402 2814 2425 2842; x_wconf 80' lang='grc' dir='ltr'><strong>ο</strong></span> <span class='ocrx_word' id='word_1_363' title='bbox 2458 2806 2744 2873; x_wconf 80' lang='lat' dir='ltr'><strong>cpiscopus</strong></span> <span class='ocrx_word' id='word_1_364' title='bbox 2770 2803 3089 2872; x_wconf 87' lang='lat' dir='ltr'><strong>subscripsi.</strong></span> 
     </span>
    </p>
   </div>
   <div class='ocr_carea' id='block_1_61' title="bbox 2114 2898 2874 2967">
    <p class='ocr_par' dir='ltr' id='par_1_61' title="bbox 2114 2898 2874 2967">
     <span class='ocr_line' id='line_1_61' title="bbox 2114 2898 2874 2967; baseline -0.009 -14"><span class='ocrx_word' id='word_1_365' title='bbox 2114 2900 2219 2953; x_wconf 88' lang='lat' dir='ltr'><strong>Leo</strong></span> <span class='ocrx_word' id='word_1_366' title='bbox 2246 2900 2529 2967; x_wconf 75' lang='lat' dir='ltr'><strong>episcopus</strong></span> <span class='ocrx_word' id='word_1_367' title='bbox 2557 2898 2874 2966; x_wconf 88' lang='lat' dir='ltr'><strong>subscripsi.</strong></span> 
     </span>
    </p>
   </div>
   <div class='ocr_carea' id='block_1_62' title="bbox 2112 2986 3101 3057">
    <p class='ocr_par' dir='ltr' id='par_1_62' title="bbox 2112 2986 3101 3057">
     <span class='ocr_line' id='line_1_62' title="bbox 2112 2986 3101 3057; baseline -0.005 -14"><span class='ocrx_word' id='word_1_368' title='bbox 2112 2989 2381 3043; x_wconf 81' lang='lat' dir='ltr'><strong>Placidius</strong></span> <span class='ocrx_word' id='word_1_369' title='bbox 2419 2989 2437 3026; x_wconf 74' lang='grc' dir='ltr'><strong>ί</strong></span> <span class='ocrx_word' id='word_1_370' title='bbox 2472 2988 2757 3057; x_wconf 84' lang='lat' dir='ltr'><strong>episcOpus</strong></span> <span class='ocrx_word' id='word_1_371' title='bbox 2787 2986 3101 3054; x_wconf 86' lang='lat' dir='ltr'><strong>subscripsi.</strong></span> 
     </span>
    </p>
   </div>
   <div class='ocr_carea' id='block_1_63' title="bbox 2114 3078 3105 3149">
    <p class='ocr_par' dir='ltr' id='par_1_63' title="bbox 2114 3078 3105 3149">
     <span class='ocr_line' id='line_1_63' title="bbox 2114 3078 3105 3149; baseline -0.004 -14"><span class='ocrx_word' id='word_1_372' title='bbox 2114 3082 2451 3137; x_wconf 79' lang='lat' dir='ltr'><strong>Elettthcrius</strong></span> <span class='ocrx_word' id='word_1_373' title='bbox 2480 3080 2763 3149; x_wconf 88' lang='lat' dir='ltr'><strong>episcopus</strong></span> <span class='ocrx_word' id='word_1_374' title='bbox 2790 3078 3105 3147; x_wconf 85' lang='lat' dir='ltr'><strong>subscripsi.</strong></span> 
     </span>
    </p>
   </div>
   <div class='ocr_carea' id='block_1_64' title="bbox 351 3159 1939 3259">
    <p class='ocr_par' dir='ltr' id='par_1_64' title="bbox 351 3159 1927 3259">
     <span class='ocr_line' id='line_1_64' title="bbox 351 3159 1927 3259; baseline -0.004 -14"><span class='ocrx_word' id='word_1_375' title='bbox 351 3191 740 3259; x_wconf 82' lang='lat' dir='ltr'><strong>pertinentibus</strong></span> <span class='ocrx_word' id='word_1_376' title='bbox 787 3190 852 3243; x_wconf 89' lang='lat' dir='ltr'><strong>ad</strong></span> <span class='ocrx_word' id='word_1_377' title='bbox 899 3159 1161 3244; x_wconf 81' lang='lat' dir='ltr'><strong>bellorum</strong></span> <span class='ocrx_word' id='word_1_378' title='bbox 1216 3202 1366 3241; x_wconf 89' lang='lat' dir='ltr'><strong>usum</strong></span> <span class='ocrx_word' id='word_1_379' title='bbox 1417 3192 1733 3254; x_wconf 79' lang='lat' dir='ltr'><strong>exspectet:</strong></span> <span class='ocrx_word' id='word_1_380' title='bbox 1787 3184 1927 3254; x_wconf 90' lang='lat' dir='ltr'><strong>quod</strong></span> 
     </span>
    </p>
   </div>
   <div class='ocr_carea' id='block_1_65' title="bbox 2048 3159 3205 3259">
    <p class='ocr_par' dir='ltr' id='par_1_65' title="bbox 2106 3167 3205 3241">
     <span class='ocr_line' id='line_1_65' title="bbox 2106 3167 3205 3241; baseline -0.006 -12"><span class='ocrx_word' id='word_1_381' title='bbox 2106 3171 2261 3241; x_wconf 69' lang='lat'><strong>261</strong></span> <span class='ocrx_word' id='word_1_382' title='bbox 2297 3170 2554 3226; x_wconf 88' lang='lat' dir='ltr'><strong>Arcadius</strong></span> <span class='ocrx_word' id='word_1_383' title='bbox 2581 3170 2864 3239; x_wconf 88' lang='lat' dir='ltr'><strong>episcopus</strong></span> <span class='ocrx_word' id='word_1_384' title='bbox 2893 3167 3205 3237; x_wconf 77' lang='lat' dir='ltr'><strong>subscripsi.</strong></span> 
     </span>
    </p>
   </div>
   <div class='ocr_carea' id='block_1_66' title="bbox 348 3275 1929 3349">
    <p class='ocr_par' dir='ltr' id='par_1_66' title="bbox 348 3275 1929 3349">
     <span class='ocr_line' id='line_1_66' title="bbox 348 3275 1929 3349; baseline -0.002 -15"><span class='ocrx_word' id='word_1_385' title='bbox 348 3281 436 3349; x_wconf 91' lang='lat' dir='ltr'><strong>qui</strong></span> <span class='ocrx_word' id='word_1_386' title='bbox 467 3281 650 3336; x_wconf 83' lang='lat' dir='ltr'><strong>iecerit</strong></span> <span class='ocrx_word' id='word_1_387' title='bbox 676 3321 691 3347; x_wconf 89' lang='lat'><strong>,</strong></span> <span class='ocrx_word' id='word_1_388' title='bbox 726 3280 777 3335; x_wconf 93' lang='lat' dir='ltr'><strong>in</strong></span> <span class='ocrx_word' id='word_1_389' title='bbox 802 3280 1096 3335; x_wconf 85' lang='lat' dir='ltr'><strong>sacerdotis</strong></span> <span class='ocrx_word' id='word_1_390' title='bbox 1125 3288 1386 3348; x_wconf 77' lang='lat' dir='ltr'><strong>potcState</strong></span> <span class='ocrx_word' id='word_1_391' title='bbox 1415 3277 1675 3331; x_wconf 88' lang='lat' dir='ltr'><strong>consistat</strong></span> <span class='ocrx_word' id='word_1_392' title='bbox 1701 3275 1929 3346; x_wconf 87' lang='lat' dir='ltr'><strong>qualiter</strong></span> 
     </span>
    </p>
   </div>
   <div class='ocr_carea' id='block_1_67' title="bbox 351 3371 1347 3441">
    <p class='ocr_par' dir='ltr' id='par_1_67' title="bbox 351 3371 1347 3441">
     <span class='ocr_line' id='line_1_67' title="bbox 351 3371 1347 3441; baseline -0.003 -14"><span class='ocrx_word' id='word_1_393' title='bbox 351 3374 463 3441; x_wconf 79' lang='lat' dir='ltr'><strong>ejus</strong></span> <span class='ocrx_word' id='word_1_394' title='bbox 490 3374 827 3428; x_wconf 90' lang='lat' dir='ltr'><strong>districtione</strong></span> <span class='ocrx_word' id='word_1_395' title='bbox 857 3372 1045 3426; x_wconf 75' lang='lat' dir='ltr'><strong>debeat</strong></span> <span class='ocrx_word' id='word_1_396' title='bbox 1077 3371 1347 3441; x_wconf 84' lang='lat' dir='ltr'><strong>castigari.</strong></span> 
     </span>
    </p>
   </div>
   <div class='ocr_carea' id='block_1_68' title="bbox 351 3460 1927 3537">
    <p class='ocr_par' dir='ltr' id='par_1_68' title="bbox 351 3460 1927 3537">
     <span class='ocr_line' id='line_1_68' title="bbox 351 3460 1927 3537; baseline -0.015 -12"><span class='ocrx_word' id='word_1_397' title='bbox 528 3464 765 3520; x_wconf 81' lang='lat' dir='ltr'><strong>XXXIII.</strong></span> <span class='ocrx_word' id='word_1_398' title='bbox 808 3463 886 3517; x_wconf 86' lang='lat' dir='ltr'><strong>De</strong></span> <span class='ocrx_word' id='word_1_399' title='bbox 932 3465 1103 3517; x_wconf 80' lang='lat' dir='ltr'><strong>diebus</strong></span> <span class='ocrx_word' id='word_1_400' title='bbox 1149 3463 1329 3537; x_wconf 78' lang='lat' dir='ltr'><strong>quibus</strong></span> <span class='ocrx_word' id='word_1_401' title='bbox 1379 3460 1577 3537; x_wconf 49' lang='lat' dir='ltr'><strong>luditis</strong></span> <span class='ocrx_word' id='word_1_402' title='bbox 1625 3462 1755 3514; x_wconf 79' lang='lat' dir='ltr'><strong>inter</strong></span> <span class='ocrx_word' id='word_1_403' title='bbox 1782 3460 1927 3517; x_wconf 79' lang='lat' dir='ltr'><strong>Cim&#39;-</strong></span> 
     </span>
    </p>
   </div>
   <div class='ocr_carea' id='block_1_69' title="bbox 762 3534 1517 3604">
    <p class='ocr_par' dir='ltr' id='par_1_69' title="bbox 762 3534 1517 3604">
     <span class='ocr_line' id='line_1_69' title="bbox 762 3534 1517 3604; baseline -0.004 -15"><span class='ocrx_word' id='word_1_404' title='bbox 762 3537 955 3589; x_wconf 82' lang='lat' dir='ltr'><strong>stianos</strong></span> <span class='ocrx_word' id='word_1_405' title='bbox 984 3535 1221 3604; x_wconf 70' lang='lat' dir='ltr'><strong>pragrt‘di</strong></span> <span class='ocrx_word' id='word_1_406' title='bbox 1250 3550 1352 3586; x_wconf 87' lang='lat' dir='ltr'><strong>non</strong></span> <span class='ocrx_word' id='word_1_407' title='bbox 1384 3534 1517 3586; x_wconf 63' lang='lat' dir='ltr'><strong>licet.</strong></span> 
     </span>
    </p>
   </div>
   <div class='ocr_carea' id='block_1_70' title="bbox 415 3622 1925 3695">
    <p class='ocr_par' dir='ltr' id='par_1_70' title="bbox 415 3622 1925 3695">
     <span class='ocr_line' id='line_1_70' title="bbox 415 3622 1925 3695; baseline -0.004 -14"><span class='ocrx_word' id='word_1_408' title='bbox 415 3627 545 3694; x_wconf 89' lang='lat' dir='ltr'><strong>Quia</strong></span> <span class='ocrx_word' id='word_1_409' title='bbox 571 3627 678 3681; x_wconf 87' lang='lat' dir='ltr'><strong>Deo</strong></span> <span class='ocrx_word' id='word_1_410' title='bbox 710 3626 939 3695; x_wconf 85' lang='lat' dir='ltr'><strong>prOpiliO</strong></span> <span class='ocrx_word' id='word_1_411' title='bbox 978 3626 1076 3679; x_wconf 90' lang='lat' dir='ltr'><strong>sub</strong></span> <span class='ocrx_word' id='word_1_412' title='bbox 1114 3625 1501 3678; x_wconf 86' lang='lat' dir='ltr'><strong>catholicorum</strong></span> <span class='ocrx_word' id='word_1_413' title='bbox 1544 3637 1731 3693; x_wconf 84' lang='lat' dir='ltr'><strong>regum</strong></span> <span class='ocrx_word' id='word_1_414' title='bbox 1757 3622 1925 3676; x_wconf 88' lang='lat' dir='ltr'><strong>domi-</strong></span> 
     </span>
    </p>
   </div>
   <div class='ocr_carea' id='block_1_71' title="bbox 348 3713 1926 3781">
    <p class='ocr_par' dir='ltr' id='par_1_71' title="bbox 348 3713 1926 3781">
     <span class='ocr_line' id='line_1_71' title="bbox 348 3713 1926 3781; baseline -0.001 -12"><span class='ocrx_word' id='word_1_415' title='bbox 348 3717 558 3770; x_wconf 76' lang='lat' dir='ltr'><strong>natione</strong></span> <span class='ocrx_word' id='word_1_416' title='bbox 583 3717 951 3781; x_wconf 86' lang='lat' dir='ltr'><strong>consistimus,</strong></span> <span class='ocrx_word' id='word_1_417' title='bbox 985 3715 1153 3769; x_wconf 74' lang='lat' dir='ltr'><strong>.Iudaci</strong></span> <span class='ocrx_word' id='word_1_418' title='bbox 1177 3729 1205 3767; x_wconf 88' lang='lat' dir='ltr'><strong>a</strong></span> <span class='ocrx_word' id='word_1_419' title='bbox 1230 3714 1318 3767; x_wconf 59' lang='lat' dir='ltr'><strong>die</strong></span> <span class='ocrx_word' id='word_1_420' title='bbox 1340 3728 1507 3767; x_wconf 81' lang='lat' dir='ltr'><strong>ctenae</strong></span> <span class='ocrx_word' id='word_1_421' title='bbox 1533 3713 1739 3767; x_wconf 87' lang='lat' dir='ltr'><strong>Domini</strong></span> <span class='ocrx_word' id='word_1_422' title='bbox 1760 3728 1926 3781; x_wconf 87' lang='lat' dir='ltr'><strong>usque</strong></span> 
     </span>
    </p>
   </div>
   <div class='ocr_carea' id='block_1_72' title="bbox 348 3805 1925 3875">
    <p class='ocr_par' dir='ltr' id='par_1_72' title="bbox 348 3805 1925 3875">
     <span class='ocr_line' id='line_1_72' title="bbox 348 3805 1925 3875; baseline -0.001 -14"><span class='ocrx_word' id='word_1_423' title='bbox 348 3807 397 3861; x_wconf 90' lang='lat' dir='ltr'><strong>in</strong></span> <span class='ocrx_word' id='word_1_424' title='bbox 426 3808 715 3862; x_wconf 90' lang='lat' dir='ltr'><strong>secundam</strong></span> <span class='ocrx_word' id='word_1_425' title='bbox 758 3806 963 3862; x_wconf 89' lang='lat' dir='ltr'><strong>sabbati</strong></span> <span class='ocrx_word' id='word_1_426' title='bbox 1012 3807 1061 3860; x_wconf 93' lang='lat' dir='ltr'><strong>in</strong></span> <span class='ocrx_word' id='word_1_427' title='bbox 1111 3805 1307 3874; x_wconf 79' lang='lat' dir='ltr'><strong>pascha</strong></span> <span class='ocrx_word' id='word_1_428' title='bbox 1334 3846 1349 3871; x_wconf 96' lang='lat'><strong>,</strong></span> <span class='ocrx_word' id='word_1_429' title='bbox 1404 3805 1505 3860; x_wconf 90' lang='lat' dir='ltr'><strong>hoc</strong></span> <span class='ocrx_word' id='word_1_430' title='bbox 1534 3814 1617 3860; x_wconf 90' lang='lat' dir='ltr'><strong>est</strong></span> <span class='ocrx_word' id='word_1_431' title='bbox 1654 3805 1770 3875; x_wconf 88' lang='lat' dir='ltr'><strong>ipso</strong></span> <span class='ocrx_word' id='word_1_432' title='bbox 1798 3819 1925 3871; x_wconf 81' lang='lat' dir='ltr'><strong>qua-</strong></span> 
     </span>
    </p>
   </div>
   <div class='ocr_carea' id='block_1_73' title="bbox 344 3894 1925 3967">
    <p class='ocr_par' dir='ltr' id='par_1_73' title="bbox 344 3894 1925 3967">
     <span class='ocr_line' id='line_1_73' title="bbox 344 3894 1925 3967; baseline 0.002 -19"><span class='ocrx_word' id='word_1_433' title='bbox 344 3894 517 3951; x_wconf 87' lang='lat' dir='ltr'><strong>triduo</strong></span> <span class='ocrx_word' id='word_1_434' title='bbox 568 3897 858 3965; x_wconf 70' lang='lat' dir='ltr'><strong>procedrre</strong></span> <span class='ocrx_word' id='word_1_435' title='bbox 903 3898 1038 3953; x_wconf 90' lang='lat' dir='ltr'><strong>inter</strong></span> <span class='ocrx_word' id='word_1_436' title='bbox 1067 3897 1417 3963; x_wconf 78' lang='lat' dir='ltr'><strong>Christianos,</strong></span> <span class='ocrx_word' id='word_1_437' title='bbox 1446 3912 1617 3967; x_wconf 86' lang='lat' dir='ltr'><strong>neque</strong></span> <span class='ocrx_word' id='word_1_438' title='bbox 1652 3896 1925 3951; x_wconf 85' lang='lat' dir='ltr'><strong>catholicis</strong></span> 
     </span>
    </p>
   </div>
   <div class='ocr_carea' id='block_1_74' title="bbox 344 3988 1923 4060">
    <p class='ocr_par' dir='ltr' id='par_1_74' title="bbox 344 3988 1923 4060">
     <span class='ocr_line' id='line_1_74' title="bbox 344 3988 1923 4060; baseline 0 -17"><span class='ocrx_word' id='word_1_439' title='bbox 344 3990 553 4058; x_wconf 84' lang='lat' dir='ltr'><strong>populis</strong></span> <span class='ocrx_word' id='word_1_440' title='bbox 581 4004 641 4044; x_wconf 85' lang='lat' dir='ltr'><strong>se</strong></span> <span class='ocrx_word' id='word_1_441' title='bbox 672 3990 781 4044; x_wconf 90' lang='lat' dir='ltr'><strong>ullo</strong></span> <span class='ocrx_word' id='word_1_442' title='bbox 808 3990 928 4045; x_wconf 91' lang='lat' dir='ltr'><strong>loco</strong></span> <span class='ocrx_word' id='word_1_443' title='bbox 959 3990 1041 4045; x_wconf 88' lang='lat' dir='ltr'><strong>vel</strong></span> <span class='ocrx_word' id='word_1_444' title='bbox 1069 4004 1392 4060; x_wconf 89' lang='lat' dir='ltr'><strong>quacunque</strong></span> <span class='ocrx_word' id='word_1_445' title='bbox 1418 3988 1698 4043; x_wconf 88' lang='lat' dir='ltr'><strong>occasione</strong></span> <span class='ocrx_word' id='word_1_446' title='bbox 1730 3988 1923 4043; x_wconf 87' lang='lat' dir='ltr'><strong>misce-</strong></span> 
     </span>
    </p>
   </div>
   <div class='ocr_carea' id='block_1_75' title="bbox 342 4090 774 4148">
    <p class='ocr_par' dir='ltr' id='par_1_75' title="bbox 342 4090 774 4148">
     <span class='ocr_line' id='line_1_75' title="bbox 342 4090 774 4148; baseline 0.005 -15"><span class='ocrx_word' id='word_1_447' title='bbox 342 4096 397 4133; x_wconf 85' lang='lat' dir='ltr'><strong>re</strong></span> <span class='ocrx_word' id='word_1_448' title='bbox 428 4090 774 4148; x_wconf 67' lang='lat' dir='ltr'><strong>prmsumant.</strong></span> 
     </span>
    </p>
   </div>
   <div class='ocr_carea' id='block_1_76' title="bbox 434 4170 1827 4243">
    <p class='ocr_par' dir='ltr' id='par_1_76' title="bbox 434 4170 1827 4243">
     <span class='ocr_line' id='line_1_76' title="bbox 434 4170 1827 4243; baseline 0.001 -20"><span class='ocrx_word' id='word_1_449' title='bbox 434 4170 672 4225; x_wconf 71' lang='lat' dir='ltr'><strong>XXXIV.</strong></span> <span class='ocrx_word' id='word_1_450' title='bbox 719 4173 794 4225; x_wconf 91' lang='lat' dir='ltr'><strong>De</strong></span> <span class='ocrx_word' id='word_1_451' title='bbox 810 4173 989 4243; x_wconf 83' lang='lat' dir='ltr'><strong>judice</strong></span> <span class='ocrx_word' id='word_1_452' title='bbox 1015 4173 1387 4242; x_wconf 74' lang='lat' dir='ltr'><strong>rebaptizanles</strong></span> <span class='ocrx_word' id='word_1_453' title='bbox 1430 4189 1531 4227; x_wconf 85' lang='lat' dir='ltr'><strong>non</strong></span> <span class='ocrx_word' id='word_1_454' title='bbox 1560 4172 1827 4241; x_wconf 85' lang='lat' dir='ltr'><strong>plectente.</strong></span> 
     </span>
    </p>
   </div>
   <div class='ocr_carea' id='block_1_77' title="bbox 403 4263 1921 4328">
    <p class='ocr_par' dir='ltr' id='par_1_77' title="bbox 403 4263 1921 4328">
     <span class='ocr_line' id='line_1_77' title="bbox 403 4263 1921 4328; baseline 0 -12"><span class='ocrx_word' id='word_1_455' title='bbox 403 4263 577 4317; x_wconf 80' lang='lat' dir='ltr'><strong>Judex</strong></span> <span class='ocrx_word' id='word_1_456' title='bbox 606 4264 835 4319; x_wconf 87' lang='lat' dir='ltr'><strong>civitatis</strong></span> <span class='ocrx_word' id='word_1_457' title='bbox 864 4265 946 4319; x_wconf 88' lang='lat' dir='ltr'><strong>vel</strong></span> <span class='ocrx_word' id='word_1_458' title='bbox 974 4264 1095 4328; x_wconf 91' lang='lat' dir='ltr'><strong>loci,</strong></span> <span class='ocrx_word' id='word_1_459' title='bbox 1128 4265 1174 4318; x_wconf 88' lang='lat' dir='ltr'><strong>si</strong></span> <span class='ocrx_word' id='word_1_460' title='bbox 1198 4265 1503 4319; x_wconf 74' lang='lat' dir='ltr'><strong>luereticum</strong></span> <span class='ocrx_word' id='word_1_461' title='bbox 1531 4272 1622 4318; x_wconf 90' lang='lat' dir='ltr'><strong>ant</strong></span> <span class='ocrx_word' id='word_1_462' title='bbox 1665 4263 1921 4317; x_wconf 87' lang='lat' dir='ltr'><strong>Bonosia-</strong></span> 
     </span>
    </p>
   </div>
   <div class='ocr_carea' id='block_1_78' title="bbox 337 4355 1923 4426">
    <p class='ocr_par' dir='ltr' id='par_1_78' title="bbox 337 4355 1923 4426">
     <span class='ocr_line' id='line_1_78' title="bbox 337 4355 1923 4426; baseline 0.001 -19"><span class='ocrx_word' id='word_1_463' title='bbox 337 4370 460 4409; x_wconf 76' lang='lat' dir='ltr'><strong>cum</strong></span> <span class='ocrx_word' id='word_1_464' title='bbox 487 4356 569 4410; x_wconf 89' lang='lat' dir='ltr'><strong>vel</strong></span> <span class='ocrx_word' id='word_1_465' title='bbox 601 4356 883 4425; x_wconf 87' lang='lat' dir='ltr'><strong>cujuslibet</strong></span> <span class='ocrx_word' id='word_1_466' title='bbox 905 4357 1125 4411; x_wconf 89' lang='lat' dir='ltr'><strong>alterius</strong></span> <span class='ocrx_word' id='word_1_467' title='bbox 1157 4355 1379 4411; x_wconf 71' lang='lat' dir='ltr'><strong>hazresis</strong></span> <span class='ocrx_word' id='word_1_468' title='bbox 1402 4371 1775 4426; x_wconf 86' lang='lat' dir='ltr'><strong>quamcunque</strong></span> <span class='ocrx_word' id='word_1_469' title='bbox 1804 4371 1923 4425; x_wconf 91' lang='lat' dir='ltr'><strong>per-</strong></span> 
     </span>
    </p>
   </div>
   <div class='ocr_carea' id='block_1_79' title="bbox 335 4449 1920 4518">
    <p class='ocr_par' dir='ltr' id='par_1_79' title="bbox 335 4449 1920 4518">
     <span class='ocr_line' id='line_1_79' title="bbox 335 4449 1920 4518; baseline 0.001 -19"><span class='ocrx_word' id='word_1_470' title='bbox 335 4462 523 4501; x_wconf 87' lang='lat' dir='ltr'><strong>sonam</strong></span> <span class='ocrx_word' id='word_1_471' title='bbox 576 4449 646 4503; x_wconf 90' lang='lat' dir='ltr'><strong>de</strong></span> <span class='ocrx_word' id='word_1_472' title='bbox 691 4449 973 4504; x_wconf 87' lang='lat' dir='ltr'><strong>catholicis</strong></span> <span class='ocrx_word' id='word_1_473' title='bbox 1016 4449 1375 4518; x_wconf 82' lang='lat' dir='ltr'><strong>rebaptizasse</strong></span> <span class='ocrx_word' id='word_1_474' title='bbox 1418 4450 1771 4518; x_wconf 85' lang='lat' dir='ltr'><strong>cognoverit,</strong></span> <span class='ocrx_word' id='word_1_475' title='bbox 1802 4450 1920 4517; x_wconf 88' lang='lat' dir='ltr'><strong>quia</strong></span> 
     </span>
    </p>
   </div>
   <div class='ocr_carea' id='block_1_80' title="bbox 2105 3260 2983 3330">
    <p class='ocr_par' dir='ltr' id='par_1_80' title="bbox 2105 3260 2983 3330">
     <span class='ocr_line' id='line_1_80' title="bbox 2105 3260 2983 3330; baseline -0.003 -15"><span class='ocrx_word' id='word_1_476' title='bbox 2105 3262 2340 3315; x_wconf 74' lang='lat' dir='ltr'><strong>Atuclius</strong></span> <span class='ocrx_word' id='word_1_477' title='bbox 2366 3262 2648 3330; x_wconf 87' lang='lat' dir='ltr'><strong>episcopus</strong></span> <span class='ocrx_word' id='word_1_478' title='bbox 2672 3260 2983 3329; x_wconf 88' lang='lat' dir='ltr'><strong>subscripsi.</strong></span> 
     </span>
    </p>
   </div>
   <div class='ocr_carea' id='block_1_81' title="bbox 2108 3349 3455 3425">
    <p class='ocr_par' dir='ltr' id='par_1_81' title="bbox 2108 3349 3455 3425">
     <span class='ocr_line' id='line_1_81' title="bbox 2108 3349 3455 3425; baseline -0.004 -18"><span class='ocrx_word' id='word_1_479' title='bbox 2108 3355 2337 3408; x_wconf 81' lang='lat' dir='ltr'><strong>aninus</strong></span> <span class='ocrx_word' id='word_1_480' title='bbox 2364 3352 2509 3425; x_wconf 62' lang='lat' dir='ltr'><strong>[.E.,</strong></span> <span class='ocrx_word' id='word_1_481' title='bbox 2541 3351 2798 3421; x_wconf 88' lang='lat' dir='ltr'><strong>Licinius]</strong></span> <span class='ocrx_word' id='word_1_482' title='bbox 2825 3352 3110 3419; x_wconf 88' lang='lat' dir='ltr'><strong>episcopus</strong></span> <span class='ocrx_word' id='word_1_483' title='bbox 3136 3349 3455 3418; x_wconf 81' lang='lat' dir='ltr'><strong>subscripsi.</strong></span> 
     </span>
    </p>
   </div>
   <div class='ocr_carea' id='block_1_82' title="bbox 2107 3439 2975 3511">
    <p class='ocr_par' dir='ltr' id='par_1_82' title="bbox 2107 3439 2975 3511">
     <span class='ocr_line' id='line_1_82' title="bbox 2107 3439 2975 3511; baseline -0.003 -14"><span class='ocrx_word' id='word_1_484' title='bbox 2107 3443 2319 3498; x_wconf 85' lang='lat' dir='ltr'><strong>Flavius</strong></span> <span class='ocrx_word' id='word_1_485' title='bbox 2342 3442 2625 3511; x_wconf 90' lang='lat' dir='ltr'><strong>episcopus</strong></span> <span class='ocrx_word' id='word_1_486' title='bbox 2654 3439 2975 3508; x_wconf 90' lang='lat' dir='ltr'><strong>subscripsi.</strong></span> 
     </span>
    </p>
   </div>
   <div class='ocr_carea' id='block_1_83' title="bbox 2107 3530 2986 3601">
    <p class='ocr_par' dir='ltr' id='par_1_83' title="bbox 2107 3530 2986 3601">
     <span class='ocr_line' id='line_1_83' title="bbox 2107 3530 2986 3601; baseline -0.003 -15"><span class='ocrx_word' id='word_1_487' title='bbox 2107 3530 2329 3586; x_wconf 85' lang='lat' dir='ltr'><strong>Ursulus</strong></span> <span class='ocrx_word' id='word_1_488' title='bbox 2354 3533 2639 3601; x_wconf 78' lang='lat' dir='ltr'><strong>episropus</strong></span> <span class='ocrx_word' id='word_1_489' title='bbox 2667 3530 2986 3599; x_wconf 91' lang='lat' dir='ltr'><strong>subscripsi.</strong></span> 
     </span>
    </p>
   </div>
   <div class='ocr_carea' id='block_1_84' title="bbox 2105 3624 2990 3695">
    <p class='ocr_par' dir='ltr' id='par_1_84' title="bbox 2105 3624 2990 3695">
     <span class='ocr_line' id='line_1_84' title="bbox 2105 3624 2990 3695; baseline -0.002 -16"><span class='ocrx_word' id='word_1_490' title='bbox 2105 3626 2329 3680; x_wconf 86' lang='lat' dir='ltr'><strong>Albinus</strong></span> <span class='ocrx_word' id='word_1_491' title='bbox 2355 3626 2644 3695; x_wconf 91' lang='lat' dir='ltr'><strong>episcopus</strong></span> <span class='ocrx_word' id='word_1_492' title='bbox 2674 3624 2990 3693; x_wconf 86' lang='lat' dir='ltr'><strong>subscripsi.</strong></span> 
     </span>
    </p>
   </div>
   <div class='ocr_carea' id='block_1_85' title="bbox 2105 3713 3620 3790">
    <p class='ocr_par' dir='ltr' id='par_1_85' title="bbox 2105 3713 3620 3790">
     <span class='ocr_line' id='line_1_85' title="bbox 2105 3713 3620 3790; baseline -0.002 -17"><span class='ocrx_word' id='word_1_493' title='bbox 2105 3717 2405 3785; x_wconf 86' lang='lat' dir='ltr'><strong>Campanus</strong></span> <span class='ocrx_word' id='word_1_494' title='bbox 2449 3718 2728 3790; x_wconf 77' lang='lat' dir='ltr'><strong>presbyter</strong></span> <span class='ocrx_word' id='word_1_495' title='bbox 2764 3716 3000 3771; x_wconf 84' lang='lat' dir='ltr'><strong>directus</strong></span> <span class='ocrx_word' id='word_1_496' title='bbox 3034 3731 3060 3769; x_wconf 90' lang='lat' dir='ltr'><strong>a</strong></span> <span class='ocrx_word' id='word_1_497' title='bbox 3089 3715 3310 3770; x_wconf 91' lang='lat' dir='ltr'><strong>domino</strong></span> <span class='ocrx_word' id='word_1_498' title='bbox 3339 3729 3459 3770; x_wconf 92' lang='lat' dir='ltr'><strong>meo</strong></span> <span class='ocrx_word' id='word_1_499' title='bbox 3489 3713 3620 3770; x_wconf 84' lang='lat' dir='ltr'><strong>Gre-</strong></span> 
     </span>
    </p>
   </div>
   <div class='ocr_carea' id='block_1_86' title="bbox 2030 3807 3297 3882">
    <p class='ocr_par' dir='ltr' id='par_1_86' title="bbox 2030 3807 3297 3882">
     <span class='ocr_line' id='line_1_86' title="bbox 2030 3807 3297 3882; baseline -0.004 -18"><span class='ocrx_word' id='word_1_500' title='bbox 2030 3810 2180 3880; x_wconf 87' lang='lat' dir='ltr'><strong>gorio</strong></span> <span class='ocrx_word' id='word_1_501' title='bbox 2208 3809 2357 3882; x_wconf 48' lang='lat' dir='ltr'><strong>LE,</strong></span> <span class='ocrx_word' id='word_1_502' title='bbox 2384 3809 2671 3879; x_wconf 73' lang='lat' dir='ltr'><strong>lnjuriosol</strong></span> <span class='ocrx_word' id='word_1_503' title='bbox 2699 3810 2954 3878; x_wconf 89' lang='lat' dir='ltr'><strong>episcopo</strong></span> <span class='ocrx_word' id='word_1_504' title='bbox 2983 3807 3297 3876; x_wconf 89' lang='lat' dir='ltr'><strong>subscripsi.</strong></span> 
     </span>
    </p>
   </div>
   <div class='ocr_carea' id='block_1_87' title="bbox 2103 3899 3620 3971">
    <p class='ocr_par' dir='ltr' id='par_1_87' title="bbox 2103 3899 3620 3971">
     <span class='ocr_line' id='line_1_87' title="bbox 2103 3899 3620 3971; baseline -0.002 -15"><span class='ocrx_word' id='word_1_505' title='bbox 2103 3902 2271 3956; x_wconf 80' lang='lat' dir='ltr'><strong>Aulus</strong></span> <span class='ocrx_word' id='word_1_506' title='bbox 2296 3903 2573 3971; x_wconf 75' lang='lat' dir='ltr'><strong>pre-.hyter</strong></span> <span class='ocrx_word' id='word_1_507' title='bbox 2597 3903 2832 3956; x_wconf 82' lang='lat' dir='ltr'><strong>directus</strong></span> <span class='ocrx_word' id='word_1_508' title='bbox 2857 3917 2884 3954; x_wconf 88' lang='lat' dir='ltr'><strong>a</strong></span> <span class='ocrx_word' id='word_1_509' title='bbox 2907 3901 3123 3954; x_wconf 90' lang='lat' dir='ltr'><strong>domino</strong></span> <span class='ocrx_word' id='word_1_510' title='bbox 3151 3914 3269 3954; x_wconf 87' lang='lat' dir='ltr'><strong>meo</strong></span> <span class='ocrx_word' id='word_1_511' title='bbox 3289 3899 3451 3969; x_wconf 75' lang='lat'><strong>262</strong></span> <span class='ocrx_word' id='word_1_512' title='bbox 3478 3900 3620 3968; x_wconf 82' lang='lat' dir='ltr'><strong>Agri-</strong></span> 
     </span>
    </p>
   </div>
   <div class='ocr_carea' id='block_1_88' title="bbox 2032 3991 3291 4068">
    <p class='ocr_par' dir='ltr' id='par_1_88' title="bbox 2032 3991 3291 4068">
     <span class='ocr_line' id='line_1_88' title="bbox 2032 3991 3291 4068; baseline -0.007 -18"><span class='ocrx_word' id='word_1_513' title='bbox 2032 3995 2149 4050; x_wconf 89' lang='lat' dir='ltr'><strong>cola</strong></span> <span class='ocrx_word' id='word_1_514' title='bbox 2179 3993 2323 4068; x_wconf 86' lang='lat' dir='ltr'><strong>[/E.,</strong></span> <span class='ocrx_word' id='word_1_515' title='bbox 2356 3992 2673 4063; x_wconf 78' lang='lat' dir='ltr'><strong>Agrocgulu]</strong></span> <span class='ocrx_word' id='word_1_516' title='bbox 2699 3993 2951 4060; x_wconf 87' lang='lat' dir='ltr'><strong>episcopo</strong></span> <span class='ocrx_word' id='word_1_517' title='bbox 2977 3991 3291 4057; x_wconf 72' lang='lat' dir='ltr'><strong>subscripsi.</strong></span> 
     </span>
    </p>
   </div>
   <div class='ocr_carea' id='block_1_89' title="bbox 2101 4078 3620 4157">
    <p class='ocr_par' dir='ltr' id='par_1_89' title="bbox 2101 4078 3620 4157">
     <span class='ocr_line' id='line_1_89' title="bbox 2101 4078 3620 4157; baseline -0.006 -16"><span class='ocrx_word' id='word_1_518' title='bbox 2101 4086 2459 4141; x_wconf 88' lang='lat' dir='ltr'><strong>Obtardemus</strong></span> <span class='ocrx_word' id='word_1_519' title='bbox 2486 4082 3025 4157; x_wconf 27' lang='lat' dir='ltr'><strong>presbyter‘direczus</strong></span> <span class='ocrx_word' id='word_1_520' title='bbox 3043 4095 3069 4130; x_wconf 89' lang='lat' dir='ltr'><strong>a</strong></span> <span class='ocrx_word' id='word_1_521' title='bbox 3089 4078 3305 4133; x_wconf 85' lang='lat' dir='ltr'><strong>domino</strong></span> <span class='ocrx_word' id='word_1_522' title='bbox 3328 4093 3448 4132; x_wconf 89' lang='lat' dir='ltr'><strong>meo</strong></span> <span class='ocrx_word' id='word_1_523' title='bbox 3467 4078 3620 4132; x_wconf 85' lang='lat' dir='ltr'><strong>Gallo</strong></span> 
     </span>
    </p>
   </div>
   <div class='ocr_carea' id='block_1_90' title="bbox 2032 4175 2629 4249">
    <p class='ocr_par' dir='ltr' id='par_1_90' title="bbox 2032 4175 2629 4249">
     <span class='ocr_line' id='line_1_90' title="bbox 2032 4175 2629 4249; baseline -0.007 -16"><span class='ocrx_word' id='word_1_524' title='bbox 2032 4178 2289 4249; x_wconf 60' lang='lat' dir='ltr'><strong>episcoiio</strong></span> <span class='ocrx_word' id='word_1_525' title='bbox 2316 4175 2629 4245; x_wconf 83' lang='lat' dir='ltr'><strong>subscripsi.</strong></span> 
     </span>
    </p>
   </div>
   <div class='ocr_carea' id='block_1_91' title="bbox 2104 4260 3618 4337">
    <p class='ocr_par' dir='ltr' id='par_1_91' title="bbox 2104 4260 3618 4337">
     <span class='ocr_line' id='line_1_91' title="bbox 2104 4260 3618 4337; baseline -0.006 -13"><span class='ocrx_word' id='word_1_526' title='bbox 2104 4269 2477 4325; x_wconf 83' lang='lat' dir='ltr'><strong>Marcellianus</strong></span> <span class='ocrx_word' id='word_1_527' title='bbox 2504 4266 2782 4337; x_wconf 82' lang='lat' dir='ltr'><strong>presbyter</strong></span> <span class='ocrx_word' id='word_1_528' title='bbox 2810 4264 3045 4318; x_wconf 90' lang='lat' dir='ltr'><strong>directus</strong></span> <span class='ocrx_word' id='word_1_529' title='bbox 3068 4260 3339 4331; x_wconf 89' lang='lat' dir='ltr'><strong>a_domino</strong></span> <span class='ocrx_word' id='word_1_530' title='bbox 3367 4274 3487 4315; x_wconf 90' lang='lat' dir='ltr'><strong>meo</strong></span> <span class='ocrx_word' id='word_1_531' title='bbox 3512 4260 3618 4315; x_wconf 85' lang='lat' dir='ltr'><strong>Eu-</strong></span> 
     </span>
    </p>
   </div>
   <div class='ocr_carea' id='block_1_92' title="bbox 2033 4356 2830 4429">
    <p class='ocr_par' dir='ltr' id='par_1_92' title="bbox 2033 4356 2830 4429">
     <span class='ocr_line' id='line_1_92' title="bbox 2033 4356 2830 4429; baseline -0.01 -13"><span class='ocrx_word' id='word_1_532' title='bbox 2033 4362 2205 4416; x_wconf 78' lang='lat' dir='ltr'><strong>merio</strong></span> <span class='ocrx_word' id='word_1_533' title='bbox 2233 4360 2487 4429; x_wconf 88' lang='lat' dir='ltr'><strong>episcopo</strong></span> <span class='ocrx_word' id='word_1_534' title='bbox 2512 4356 2830 4425; x_wconf 87' lang='lat' dir='ltr'><strong>subscripsi.</strong></span> 
     </span>
    </p>
   </div>
   <div class='ocr_carea' id='block_1_93' title="bbox 2104 4440 3619 4517">
    <p class='ocr_par' dir='ltr' id='par_1_93' title="bbox 2104 4440 3619 4517">
     <span class='ocr_line' id='line_1_93' title="bbox 2104 4440 3619 4517; baseline -0.007 -10"><span class='ocrx_word' id='word_1_535' title='bbox 2104 4450 2382 4507; x_wconf 86' lang='lat' dir='ltr'><strong>Baudastis</strong></span> <span class='ocrx_word' id='word_1_536' title='bbox 2414 4460 2435 4496; x_wconf 77' lang='grc' dir='ltr'>ε</span> <span class='ocrx_word' id='word_1_537' title='bbox 2470 4449 2746 4517; x_wconf 86' lang='lat' dir='ltr'><strong>presbyter</strong></span> <span class='ocrx_word' id='word_1_538' title='bbox 2771 4446 3008 4501; x_wconf 90' lang='lat' dir='ltr'><strong>directus</strong></span> <span class='ocrx_word' id='word_1_539' title='bbox 3036 4460 3065 4498; x_wconf 91' lang='lat' dir='ltr'><strong>a</strong></span> <span class='ocrx_word' id='word_1_540' title='bbox 3093 4442 3311 4499; x_wconf 86' lang='lat' dir='ltr'><strong>domino</strong></span> <span class='ocrx_word' id='word_1_541' title='bbox 3338 4456 3458 4497; x_wconf 85' lang='lat' dir='ltr'><strong>meo</strong></span> <span class='ocrx_word' id='word_1_542' title='bbox 3486 4440 3619 4497; x_wconf 84' lang='lat' dir='ltr'><strong>Per-</strong></span> 
     </span>
    </p>
   </div>
   <div class='ocr_carea' id='block_1_94' title="bbox 332 4529 2806 4617">
    <p class='ocr_par' dir='ltr' id='par_1_94' title="bbox 332 4529 2806 4617">
     <span class='ocr_line' id='line_1_94' title="bbox 332 4529 2806 4617; baseline 0 -24"><span class='ocrx_word' id='word_1_543' title='bbox 332 4555 490 4613; x_wconf 67' lang='lat' dir='ltr'><strong>rcges</strong></span> <span class='ocrx_word' id='word_1_544' title='bbox 521 4556 618 4595; x_wconf 85' lang='lat' dir='ltr'><strong>nos</strong></span> <span class='ocrx_word' id='word_1_545' title='bbox 647 4550 857 4596; x_wconf 85' lang='lat' dir='ltr'><strong>constat</strong></span> <span class='ocrx_word' id='word_1_546' title='bbox 906 4543 1103 4598; x_wconf 82' lang='lat' dir='ltr'><strong>habere</strong></span> <span class='ocrx_word' id='word_1_547' title='bbox 1145 4543 1461 4607; x_wconf 88' lang='lat' dir='ltr'><strong>catholicos,</strong></span> <span class='ocrx_word' id='word_1_548' title='bbox 1497 4559 1601 4596; x_wconf 91' lang='lat' dir='ltr'><strong>non</strong></span> <span class='ocrx_word' id='word_1_549' title='bbox 1627 4542 1804 4597; x_wconf 89' lang='lat' dir='ltr'><strong>statim</strong></span> <span class='ocrx_word' id='word_1_550' title='bbox 1834 4558 1921 4598; x_wconf 86' lang='lat' dir='ltr'><strong>re-</strong></span> <span class='ocrx_word' id='word_1_551' title='bbox 1954 4529 2002 4586; x_wconf 79' lang='lat' dir='ltr'><strong>D</strong></span> <span class='ocrx_word' id='word_1_552' title='bbox 2032 4554 2188 4617; x_wconf 89' lang='lat' dir='ltr'><strong>petuo</strong></span> <span class='ocrx_word' id='word_1_553' title='bbox 2210 4545 2465 4614; x_wconf 87' lang='lat' dir='ltr'><strong>episcopo</strong></span> <span class='ocrx_word' id='word_1_554' title='bbox 2492 4539 2806 4607; x_wconf 89' lang='lat' dir='ltr'><strong>subscripsi.</strong></span> 
     </span>
    </p>
   </div>
   <div class='ocr_carea' id='block_1_95' title="bbox 333 4632 1923 4706">
    <p class='ocr_par' dir='ltr' id='par_1_95' title="bbox 333 4632 1923 4706">
     <span class='ocr_line' id='line_1_95' title="bbox 333 4632 1923 4706; baseline 0.004 -23"><span class='ocrx_word' id='word_1_555' title='bbox 333 4632 671 4700; x_wconf 85' lang='lat' dir='ltr'><strong>baptizantes</strong></span> <span class='ocrx_word' id='word_1_556' title='bbox 720 4636 1068 4691; x_wconf 77' lang='lat' dir='ltr'><strong>adstrinxerit</strong></span> <span class='ocrx_word' id='word_1_557' title='bbox 1117 4648 1170 4692; x_wconf 93' lang='lat' dir='ltr'><strong>et</strong></span> <span class='ocrx_word' id='word_1_558' title='bbox 1201 4638 1266 4690; x_wconf 91' lang='lat' dir='ltr'><strong>ad</strong></span> <span class='ocrx_word' id='word_1_559' title='bbox 1296 4637 1436 4705; x_wconf 78' lang='lat' dir='ltr'><strong>regis</strong></span> <span class='ocrx_word' id='word_1_560' title='bbox 1460 4637 1618 4690; x_wconf 81' lang='lat' dir='ltr'><strong>ﬁdem</strong></span> <span class='ocrx_word' id='word_1_561' title='bbox 1653 4646 1812 4706; x_wconf 89' lang='lat' dir='ltr'><strong>atque</strong></span> <span class='ocrx_word' id='word_1_562' title='bbox 1837 4636 1923 4705; x_wconf 82' lang='lat' dir='ltr'><strong>ju-</strong></span> 
     </span>
    </p>
   </div>
   <div class='ocr_carea' id='block_1_96' title="bbox 329 4722 1921 4796">
    <p class='ocr_par' dir='ltr' id='par_1_96' title="bbox 329 4722 1921 4796">
     <span class='ocr_line' id='line_1_96' title="bbox 329 4722 1921 4796; baseline 0.003 -21"><span class='ocrx_word' id='word_1_563' title='bbox 329 4722 537 4777; x_wconf 85' lang='lat' dir='ltr'><strong>stitiam</strong></span> <span class='ocrx_word' id='word_1_564' title='bbox 586 4734 869 4793; x_wconf 82' lang='lat' dir='ltr'><strong>propterea</strong></span> <span class='ocrx_word' id='word_1_565' title='bbox 919 4726 1321 4796; x_wconf 81' lang='lat' dir='ltr'><strong>distringendos</strong></span> <span class='ocrx_word' id='word_1_566' title='bbox 1367 4725 1672 4793; x_wconf 76' lang='lat' dir='ltr'><strong>adduxerit,</strong></span> <span class='ocrx_word' id='word_1_567' title='bbox 1706 4729 1921 4781; x_wconf 89' lang='lat' dir='ltr'><strong>annuali</strong></span> 
     </span>
    </p>
   </div>
   <div class='ocr_carea' id='block_1_97' title="bbox 329 4817 1190 4889">
    <p class='ocr_par' dir='ltr' id='par_1_97' title="bbox 329 4817 1190 4889">
     <span class='ocr_line' id='line_1_97' title="bbox 329 4817 1190 4889; baseline 0.003 -21"><span class='ocrx_word' id='word_1_568' title='bbox 329 4817 880 4873; x_wconf 82' lang='lat' dir='ltr'><strong>excommunicationi</strong></span> <span class='ocrx_word' id='word_1_569' title='bbox 910 4818 1190 4889; x_wconf 82' lang='lat' dir='ltr'><strong>subdatur.</strong></span> 
     </span>
    </p>
   </div>
   <div class='ocr_carea' id='block_1_98' title="bbox 402 4966 1919 5048">
    <p class='ocr_par' dir='ltr' id='par_1_98' title="bbox 402 4966 1919 5048">
     <span class='ocr_line' id='line_1_98' title="bbox 402 4966 1919 5048; baseline -0.001 -25"><span class='ocrx_word' id='word_1_570' title='bbox 568 4969 618 5033; x_wconf 82' lang='lat' dir='ltr'><strong>I,</strong></span> <span class='ocrx_word' id='word_1_571' title='bbox 648 4969 705 5035; x_wconf 84' lang='lat'><strong>‘2,</strong></span> <span class='ocrx_word' id='word_1_572' title='bbox 740 4969 827 5038; x_wconf 89' lang='lat' dir='ltr'><strong>U.,</strong></span> <span class='ocrx_word' id='word_1_573' title='bbox 876 4968 967 5036; x_wconf 84' lang='lat' dir='ltr'><strong>G.,</strong></span> <span class='ocrx_word' id='word_1_574' title='bbox 1020 4969 1087 5023; x_wconf 86' lang='lat' dir='ltr'><strong>Ut</strong></span> <span class='ocrx_word' id='word_1_575' title='bbox 1135 4971 1345 5023; x_wconf 68' lang='lat' dir='ltr'><strong>clericus</strong></span> <span class='ocrx_word' id='word_1_576' title='bbox 1375 4979 1465 5022; x_wconf 88' lang='lat' dir='ltr'><strong>aut</strong></span> <span class='ocrx_word' id='word_1_577' title='bbox 1496 4970 1738 5022; x_wconf 81' lang='lat' dir='ltr'><strong>diaconus</strong></span> <span class='ocrx_word' id='word_1_578' title='bbox 1765 4985 1919 5038; x_wconf 79' lang='lat' dir='ltr'><strong>supra</strong></span> 
     </span>
    </p>
   </div>
   <div class='ocr_carea' id='block_1_99' title="bbox 320 5054 618 5106">
    <p class='ocr_par' dir='ltr' id='par_1_99' title="bbox 320 5054 618 5106">
     <span class='ocr_line' id='line_1_99' title="bbox 320 5054 618 5106; baseline 0.007 -17"><span class='ocrx_word' id='word_1_579' title='bbox 320 5054 618 5106; x_wconf 74' lang='lat' dir='ltr'><strong>pecuniam.</strong></span> 
     </span>
    </p>
   </div>
   <div class='ocr_carea' id='block_1_100' title="bbox 396 5106 1881 5181">
    <p class='ocr_par' dir='ltr' id='par_1_100' title="bbox 396 5106 1881 5181">
     <span class='ocr_line' id='line_1_100' title="bbox 396 5106 1881 5181; baseline -0.001 -20"><span class='ocrx_word' id='word_1_580' title='bbox 396 5106 426 5145; x_wconf 70' lang='grc' dir='ltr'>δ</span> <span class='ocrx_word' id='word_1_581' title='bbox 472 5109 905 5181; x_wconf 51' lang='lat' dir='ltr'><strong>subscriptiones</strong></span> <span class='ocrx_word' id='word_1_582' title='bbox 938 5109 1054 5165; x_wconf 69' lang='lat' dir='ltr'><strong>ista:</strong></span> <span class='ocrx_word' id='word_1_583' title='bbox 1097 5108 1439 5181; x_wconf 66' lang='lat' dir='ltr'><strong>reperiuntur</strong></span> <span class='ocrx_word' id='word_1_584' title='bbox 1476 5109 1526 5181; x_wconf 87' lang='lat' dir='ltr'><strong>in</strong></span> <span class='ocrx_word' id='word_1_585' title='bbox 1561 5110 1625 5161; x_wconf 87' lang='lat' dir='ltr'><strong>A.</strong></span> <span class='ocrx_word' id='word_1_586' title='bbox 1649 5118 1703 5162; x_wconf 89' lang='lat' dir='ltr'><strong>et</strong></span> <span class='ocrx_word' id='word_1_587' title='bbox 1828 5110 1881 5162; x_wconf 82' lang='lat'><strong>5.</strong></span> 
     </span>
    </p>
   </div>
   <div class='ocr_carea' id='block_1_101' title="bbox 395 5178 1915 5303">
    <p class='ocr_par' dir='ltr' id='par_1_101' title="bbox 395 5178 1915 5303">
     <span class='ocr_line' id='line_1_101' title="bbox 395 5178 1915 5303; baseline 0.001 -72"><span class='ocrx_word' id='word_1_588' title='bbox 395 5190 419 5215; x_wconf 74' lang='grc' dir='ltr'><strong>ε</strong></span> <span class='ocrx_word' id='word_1_589' title='bbox 467 5178 582 5303; x_wconf 60' lang='grc' dir='ltr'><strong>ιλὲὶη</strong></span> <span class='ocrx_word' id='word_1_590' title='bbox 607 5178 839 5237; x_wconf 73' lang='lat' dir='ltr'><strong>consensi</strong></span> <span class='ocrx_word' id='word_1_591' title='bbox 863 5190 910 5236; x_wconf 82' lang='lat' dir='ltr'><strong>et</strong></span> <span class='ocrx_word' id='word_1_592' title='bbox 935 5191 1118 5251; x_wconf 85' lang='lat' dir='ltr'><strong>quarto</strong></span> <span class='ocrx_word' id='word_1_593' title='bbox 1154 5178 1214 5234; x_wconf 83' lang='lat' dir='ltr'><strong>P.</strong></span> <span class='ocrx_word' id='word_1_594' title='bbox 1255 5180 1317 5247; x_wconf 73' lang='grc' dir='ltr'><strong>(Ι.</strong></span> <span class='ocrx_word' id='word_1_595' title='bbox 1353 5178 1567 5234; x_wconf 71' lang='lat' dir='ltr'><strong>Paulini</strong></span> <span class='ocrx_word' id='word_1_596' title='bbox 1586 5184 1705 5249; x_wconf 85' lang='lat' dir='ltr'><strong>jun.</strong></span> <span class='ocrx_word' id='word_1_597' title='bbox 1738 5181 1915 5234; x_wconf 84' lang='lat' dir='ltr'><strong>indict.</strong></span> 
     </span>
     <span class='ocr_line' id='line_1_102' title="bbox 395 5263 571 5303; baseline 0.006 -1"><span class='ocrx_word' id='word_1_598' title='bbox 395 5263 485 5303; x_wconf 71' lang='lat' dir='ltr'><strong>run</strong></span> <span class='ocrx_word' id='word_1_599' title='bbox 522 5265 571 5303; x_wconf 89' lang='lat' dir='ltr'><strong>a.</strong></span> 
     </span>
    </p>
   </div>
   <div class='ocr_carea' id='block_1_102' title="bbox 312 5263 571 5305">
    <p class='ocr_par' dir='ltr' id='par_1_102' title="bbox 312 5263 571 5305">
     <span class='ocr_line' id='line_1_103' title="bbox 312 5263 571 5305; baseline 0.015 -4"><span class='ocrx_word' id='word_1_600' title='bbox 312 5263 571 5305; x_wconf 75' lang='lat' dir='ltr'><strong>secunda.</strong></span> 
     </span>
    </p>
   </div>
   <div class='ocr_carea' id='block_1_103' title="bbox 2110 4626 3617 4703">
    <p class='ocr_par' dir='ltr' id='par_1_103' title="bbox 2110 4626 3617 4703">
     <span class='ocr_line' id='line_1_104' title="bbox 2110 4626 3617 4703; baseline -0.005 -13"><span class='ocrx_word' id='word_1_601' title='bbox 2110 4635 2417 4691; x_wconf 78' lang='lat' dir='ltr'><strong>Vincentius</strong></span> <span class='ocrx_word' id='word_1_602' title='bbox 2446 4634 2726 4703; x_wconf 86' lang='lat' dir='ltr'><strong>presbyter</strong></span> <span class='ocrx_word' id='word_1_603' title='bbox 2753 4631 2990 4685; x_wconf 88' lang='lat' dir='ltr'><strong>directus</strong></span> <span class='ocrx_word' id='word_1_604' title='bbox 3018 4644 3048 4683; x_wconf 90' lang='lat' dir='ltr'><strong>a</strong></span> <span class='ocrx_word' id='word_1_605' title='bbox 3076 4629 3298 4683; x_wconf 91' lang='lat' dir='ltr'><strong>domino</strong></span> <span class='ocrx_word' id='word_1_606' title='bbox 3324 4643 3444 4683; x_wconf 86' lang='lat' dir='ltr'><strong>meo</strong></span> <span class='ocrx_word' id='word_1_607' title='bbox 3473 4626 3617 4684; x_wconf 84' lang='lat' dir='ltr'><strong>Sub-</strong></span> 
     </span>
    </p>
   </div>
   <div class='ocr_carea' id='block_1_104' title="bbox 2029 4724 2817 4797">
    <p class='ocr_par' dir='ltr' id='par_1_104' title="bbox 2029 4724 2817 4797">
     <span class='ocr_line' id='line_1_105' title="bbox 2029 4724 2817 4797; baseline -0.011 -13"><span class='ocrx_word' id='word_1_608' title='bbox 2029 4730 2192 4785; x_wconf 88' lang='lat' dir='ltr'><strong>trasio</strong></span> <span class='ocrx_word' id='word_1_609' title='bbox 2220 4728 2473 4797; x_wconf 86' lang='lat' dir='ltr'><strong>episcopo</strong></span> <span class='ocrx_word' id='word_1_610' title='bbox 2503 4724 2817 4792; x_wconf 88' lang='lat' dir='ltr'><strong>subscripsi.</strong></span> 
     </span>
    </p>
   </div>
   <div class='ocr_carea' id='block_1_105' title="bbox 2098 4964 3085 5031">
    <p class='ocr_par' dir='ltr' id='par_1_105' title="bbox 2098 4964 3085 5031">
     <span class='ocr_line' id='line_1_106' title="bbox 2098 4964 3085 5031; baseline 0 -12"><span class='ocrx_word' id='word_1_611' title='bbox 2098 4966 2121 5004; x_wconf 76' lang='lat' dir='ltr'><strong>d</strong></span> <span class='ocrx_word' id='word_1_612' title='bbox 2162 4965 2275 5031; x_wconf 68' lang='lat'><strong>.43.,</strong></span> <span class='ocrx_word' id='word_1_613' title='bbox 2310 4965 2373 5019; x_wconf 88' lang='grc' dir='ltr'><strong>Τ.</strong></span> <span class='ocrx_word' id='word_1_614' title='bbox 2404 4966 2479 5026; x_wconf 76' lang='grc'><strong>1.,</strong></span> <span class='ocrx_word' id='word_1_615' title='bbox 2516 4964 2701 5017; x_wconf 84' lang='lat' dir='ltr'><strong>Lauta.</strong></span> <span class='ocrx_word' id='word_1_616' title='bbox 2731 4964 2792 5018; x_wconf 89' lang='lat' dir='ltr'><strong>T.</strong></span> <span class='ocrx_word' id='word_1_617' title='bbox 2817 4964 2872 5027; x_wconf 66' lang='grc' dir='ltr'><strong>εὶ,</strong></span> <span class='ocrx_word' id='word_1_618' title='bbox 2906 4965 3085 5020; x_wconf 84' lang='lat' dir='ltr'><strong>Leulo.</strong></span> 
     </span>
    </p>
   </div>
   <div class='ocr_carea' id='block_1_106' title="bbox 2103 5034 3406 5104">
    <p class='ocr_par' dir='ltr' id='par_1_106' title="bbox 2103 5034 3406 5104">
     <span class='ocr_line' id='line_1_107' title="bbox 2103 5034 3406 5104; baseline -0.006 -13"><span class='ocrx_word' id='word_1_619' title='bbox 2103 5046 2127 5074; x_wconf 77' lang='grc' dir='ltr'><strong><em>ο</em></strong></span> <span class='ocrx_word' id='word_1_620' title='bbox 2168 5038 2229 5091; x_wconf 85' lang='grc' dir='ltr'><strong>Τ.</strong></span> <span class='ocrx_word' id='word_1_621' title='bbox 2258 5042 2309 5101; x_wconf 83' lang='lat' dir='ltr'><strong>I,</strong></span> <span class='ocrx_word' id='word_1_622' title='bbox 2339 5035 2394 5099; x_wconf 78' lang='lat'><strong>‘2,</strong></span> <span class='ocrx_word' id='word_1_623' title='bbox 2430 5034 2682 5088; x_wconf 84' lang='lat' dir='ltr'><strong>Paulinus</strong></span> <span class='ocrx_word' id='word_1_624' title='bbox 2714 5038 2825 5102; x_wconf 73' lang='lat' dir='ltr'><strong>inn.</strong></span> <span class='ocrx_word' id='word_1_625' title='bbox 2850 5037 3091 5104; x_wconf 79' lang='lat' dir='ltr'><strong>indignus</strong></span> <span class='ocrx_word' id='word_1_626' title='bbox 3119 5050 3406 5104; x_wconf 75' lang='lat' dir='ltr'><strong>episcopus.</strong></span> 
     </span>
    </p>
   </div>
   <div class='ocr_carea' id='block_1_107' title="bbox 2105 5104 3088 5168">
    <p class='ocr_par' dir='ltr' id='par_1_107' title="bbox 2105 5104 3088 5168">
     <span class='ocr_line' id='line_1_108' title="bbox 2105 5104 3088 5168; baseline -0.003 -8"><span class='ocrx_word' id='word_1_627' title='bbox 2105 5105 2123 5145; x_wconf 69' lang='grc' dir='ltr'>ί</span> <span class='ocrx_word' id='word_1_628' title='bbox 2168 5107 2229 5160; x_wconf 89' lang='grc' dir='ltr'><strong>Τ.</strong></span> <span class='ocrx_word' id='word_1_629' title='bbox 2264 5107 2319 5168; x_wconf 72' lang='lat'><strong>‘2,</strong></span> <span class='ocrx_word' id='word_1_630' title='bbox 2351 5106 2619 5159; x_wconf 80' lang='lat' dir='ltr'><strong>Placidus.</strong></span> <span class='ocrx_word' id='word_1_631' title='bbox 2647 5106 2711 5159; x_wconf 84' lang='grc' dir='ltr'><strong>Τ.</strong></span> <span class='ocrx_word' id='word_1_632' title='bbox 2748 5109 2799 5167; x_wconf 88' lang='lat' dir='ltr'><strong>I,</strong></span> <span class='ocrx_word' id='word_1_633' title='bbox 2830 5104 3088 5157; x_wconf 82' lang='lat' dir='ltr'><strong>Placitus.</strong></span> 
     </span>
    </p>
   </div>
   <div class='ocr_carea' id='block_1_108' title="bbox 2103 5171 3613 5239">
    <p class='ocr_par' dir='ltr' id='par_1_108' title="bbox 2103 5171 3613 5239">
     <span class='ocr_line' id='line_1_109' title="bbox 2103 5171 3613 5239; baseline -0.005 -10"><span class='ocrx_word' id='word_1_634' title='bbox 2103 5187 2126 5223; x_wconf 80' lang='grc' dir='ltr'>ε</span> <span class='ocrx_word' id='word_1_635' title='bbox 2171 5178 2449 5230; x_wconf 82' lang='lat' dir='ltr'><strong>Baudastis</strong></span> <span class='ocrx_word' id='word_1_636' title='bbox 2476 5186 2529 5231; x_wconf 92' lang='lat' dir='ltr'><strong>et</strong></span> <span class='ocrx_word' id='word_1_637' title='bbox 2558 5174 2823 5229; x_wconf 81' lang='lat' dir='ltr'><strong>Vincentii</strong></span> <span class='ocrx_word' id='word_1_638' title='bbox 2856 5172 3272 5239; x_wconf 82' lang='lat' dir='ltr'><strong>subscriptiones</strong></span> <span class='ocrx_word' id='word_1_639' title='bbox 3308 5171 3613 5236; x_wconf 70' lang='lat' dir='ltr'><strong>desumpta:</strong></span> 
     </span>
    </p>
   </div>
   <div class='ocr_carea' id='block_1_109' title="bbox 2115 5240 3611 5315">
    <p class='ocr_par' dir='ltr' id='par_1_109' title="bbox 2115 5240 3611 5315">
     <span class='ocr_line' id='line_1_110' title="bbox 2115 5240 3611 5315; baseline -0.005 -14"><span class='ocrx_word' id='word_1_640' title='bbox 2115 5257 2153 5302; x_wconf 80' lang='lat' dir='ltr'><strong>it</strong></span> <span class='ocrx_word' id='word_1_641' title='bbox 2181 5262 2244 5303; x_wconf 81' lang='lat' dir='ltr'><strong>ex</strong></span> <span class='ocrx_word' id='word_1_642' title='bbox 2276 5246 2391 5315; x_wconf 68' lang='lat'><strong>.45.,</strong></span> <span class='ocrx_word' id='word_1_643' title='bbox 2414 5262 2535 5303; x_wconf 91' lang='lat' dir='ltr'><strong>cum</strong></span> <span class='ocrx_word' id='word_1_644' title='bbox 2565 5246 2734 5301; x_wconf 83' lang='lat' dir='ltr'><strong>desint</strong></span> <span class='ocrx_word' id='word_1_645' title='bbox 2754 5242 2805 5295; x_wconf 89' lang='lat' dir='ltr'><strong>in</strong></span> <span class='ocrx_word' id='word_1_646' title='bbox 2830 5243 2888 5297; x_wconf 87' lang='grc' dir='ltr'><strong>Β.</strong></span> <span class='ocrx_word' id='word_1_647' title='bbox 2916 5240 2980 5295; x_wconf 75' lang='grc' dir='ltr'><strong>Β.</strong></span> <span class='ocrx_word' id='word_1_648' title='bbox 3003 5250 3053 5296; x_wconf 91' lang='lat' dir='ltr'><strong>et</strong></span> <span class='ocrx_word' id='word_1_649' title='bbox 3070 5240 3288 5310; x_wconf 67' lang='lat' dir='ltr'><strong>reliquis</strong></span> <span class='ocrx_word' id='word_1_650' title='bbox 3304 5240 3611 5298; x_wconf 82' lang='lat' dir='ltr'><strong>Codicibus.</strong></span> 
     </span>
    </p>
   </div>
   <div class='ocr_carea' id='block_1_110' title="bbox 2030 5257 2153 5303">
    <p class='ocr_par' dir='ltr' id='par_1_110' title="bbox 2030 5257 2153 5303">
     <span class='ocr_line' id='line_1_111' title="bbox 2030 5257 2153 5303; baseline 0 -1"><span class='ocrx_word' id='word_1_651' title='bbox 2030 5257 2153 5303; x_wconf 89' lang='lat' dir='ltr'><strong>sunt</strong></span> 
     </span>
    </p>
   </div>
  </div>
