4060 6184
400 391 3662 438 ____________________________—_.———-——————

1836 516 2200 589 XXXIII

1322 661 1986 751 CONCILIUM
2060 653 2761 743 EPAUNENSE

1491 845 1733 888 VIGINTI
1779 839 2077 895 quaruoa
2125 827 2149 854 ⁸
2196 834 2661 879 EPISCOPORUM.

516 985 556 1039 I.
600 981 724 1037 Non
751 979 902 1034 liceat
931 974 1204 1044 episcopis,
1236 972 1560 1041 presbyteris,
1588 972 1887 1024 diaconibus

608 1067 756 1106 canes
785 1051 851 1102 ad
884 1046 1164 1101 venandum
1196 1044 1273 1097 rel
1299 1045 1566 1114 accipitres
1595 1045 1799 1096 habere.

488 1143 767 1213 Episcopis
789 1184 805 1210 ,
851 1136 1177 1208 presbyteris
1198 1176 1213 1201 ,
1260 1134 1576 1189 diaconibus
1616 1148 1779 1187 canes
1808 1131 1872 1184 ad
1904 1145 1997 1185 ve-

415 1238 647 1294 nandum
689 1245 744 1289 et
788 1232 1076 1299 accipitres
1126 1228 1323 1283 habere
1366 1243 1470 1281 non
1520 1227 1717 1281 liccat:
1769 1224 1909 1294 quod
1956 1223 1999 1277 si

413 1329 533 1399 quis
562 1327 742 1381 talium
773 1336 1121 1394 personarum
1154 1320 1205 1373 in
1240 1319 1339 1371 hac
1370 1316 1529 1372 fuerit
1556 1317 1825 1369 voluntate
1854 1314 2000 1367 dete-

417 1432 556 1489 ctus,
589 1423 632 1478 si
661 1420 943 1488 episcopus
969 1424 1074 1479 est,
1107 1414 1274 1468 tribus
1304 1411 1577 1466 mensibus
1608 1424 1667 1463 se
1697 1425 1727 1463 a
1755 1423 2000 1461 commu-

423 1513 588 1567 nione
621 1507 947 1578 suspendat,
972 1503 1180 1558 duobus
1210 1500 1490 1570 presbyter
1515 1497 1866 1559 abstineatur,
1897 1509 2003 1548 uno

419 1604 673 1659 diaconus
701 1599 769 1653 ab
796 1595 941 1652 omni
969 1593 1146 1650 ofﬁcio
1177 1603 1233 1647 et
1257 1592 1632 1646 communione
1662 1588 1913 1643 cessabit.

526 1698 589 1751 II.
636 1694 710 1748 De
741 1692 1043 1764 presbyteris
1074 1690 1158 1764 vel
1177 1688 1476 1764 diaconibus
1504 1687 1613 1741 sine
1641 1684 1870 1755 epistolis

988 1760 1323 1833 proﬁciscenti
1330 1759 1441 1811 bus.

498 1855 820 1927 Presbytero
850 1852 932 1907 vel
965 1852 1195 1905 diacono
1224 1849 1340 1902 sine
1370 1845 1624 1900 antistitis
1651 1844 1729 1897 sui
1763 1842 2006 1913 epistolis

424 1946 714 2003 ambulanti
744 1944 1175 2001 communionem
1208 1940 1386 1995 nullus
1420 1938 1717 2007 impendat.

493 2035 579 2091 Ill.
617 2034 690 2088 De
714 2032 1016 2105 presbyteris
1047 2032 1133 2105 qui
1160 2029 1488 2105 dis'raa'erint
1519 2028 1581 2080 de
1609 2026 1938 2081 ecclesiasici

960 2103 1098 2173 juris
1127 2100 1460 2173 possessione.

500 2194 769 2264 Quidquid
814 2192 1190 2263 paruebiarum
1235 2187 1533 2259 presbyteri
1562 2189 1630 2243 de
1658 2186 2011 2242 ecclesiastici

428 2287 564 2356 juris
598 2285 939 2356 possessione
966 2282 1341 2345 distraxerint,
1374 2280 1529 2334 inane
1558 2278 1813 2334 habeatur
1837 2288 1891 2334 et
1918 2293 2009 2332 va-

427 2394 618 2433 luunt:
653 2378 704 2430 in
735 2375 1015 2431 venditare
1042 2373 1404 2442 comparantis
1436 2371 1574 2426 actio
1601 2369 1931 2426 reservanda
1961 2368 2010 2424 δ.

626 2468 711 2523 IV.
755 2466 827 2519 De
852 2466 1144 2537 pretbytero
1173 2466 1261 2535 qui
1290 2465 1550 2518 dimcesem
1579 2463 1812 2518 tenuerit.

505 2557 795 2627 Presbyter
822 2556 947 2607 dum
980 2556 1268 2609 dimcesem
1302 2562 1445 2609 tenet
1472 2555 1538 2607 de
1570 2554 1652 2607 his
1682 2569 1799 2622 quae
1830 2560 2016 2607 terrue-

443 2651 513 2703 rit
547 2659 568 2685 ε
602 2658 690 2701 aut
718 2646 956 2701 ecclesiae
991 2646 1207 2698 nomine
1235 2647 1553 2713 scripturam
1596 2644 1783 2709 faciat,
1829 2651 1921 2698 aut
1949 2643 2015 2696 ab

432 2739 550 2809 ejus
581 2752 737 2807 quam
774 2738 949 2791 tenuit
977 2734 1218 2789 ecclesiae
1250 2734 1586 2787 ordinatione
1624 2732 1885 2788 discedat.
1932 2731 2018 2787 Si-

434 2831 574 2884 tnilis
614 2842 825 2896 quoque
868 2826 932 2880 de
963 2824 1386 2890 venditionibus,
1421 2837 1553 2893 quas
1583 2823 1808 2877 abbates
1840 2822 2016 2877 facere

438 2917 912 2987 prmsumtserint,
951 2916 1115 2969 forma
1149 2914 1465 2980 servabitur,
1503 2922 1563 2969 ut
1601 2913 1856 2983 quidquid
1900 2913 2017 2968 sine

434 3013 809 3083 episroporum
854 3009 1039 3064 notitia
1084 3008 1359 3067 venditum
1403 3008 1563 3062 fuerit
1603 3007 1667 3061 ad
1700 3013 2015 3075 potestatem

436 3106 667 3173 episcopi
702 3112 1010 3163 revoretur;
1045 3100 1301 3169 mancipia
1317 3114 1443 3154 vero
1469 3099 1745 3152 monachis
1769 3098 1962 3151 donata
1990 3091 2017 3131 δ

436 3196 504 3250 ab
556 3195 745 3249 abbate
801 3210 905 3247 non
950 3193 1104 3246 liceat
1152 3191 1454 3245 manumitti
1507 3207 1517 3243 :
1573 3189 1828 3258 injustam
1878 3188 2017 3242 enim

443 3296 690 3356 putamus
724 3294 780 3337 nt
813 3283 1089 3337 monachis
1131 3282 1499 3349 quotidianum
1545 3280 1722 3333 rurale
1761 3294 1896 3347 opus
1939 3278 2016 3332 fa-

440 3378 705 3434 cientibus
733 3376 873 3431 servi
904 3390 1090 3429 eorum
1125 3373 1384 3428 libertatis
1414 3372 1527 3426 otio
1558 3372 1846 3441 potiantur.

568 3471 630 3528 V.
674 3470 758 3523 Ne
786 3486 915 3523 unus
944 3469 1097 3522 abbas
1129 3468 1324 3520 duobus
1358 3466 1530 3535 prwsit
1560 3466 1897 3519 monasteriis.

517 3562 690 3617 Unum
732 3561 979 3616 abbatem
1025 3559 1235 3614 duobus
1279 3556 1617 3611 monasteriis
1659 3555 2023 3609 IllIBI‘tIIt‘IIIItIS

439 3655 749 3724 praesidere.

644 3748 731 3799 VI.
778 3746 851 3798 De
889 3743 1030 3797 cellis
1058 3742 1199 3795 novis
1231 3750 1276 3794 et
1307 3738 1821 3811 congregatiunculis.

513 3835 686 3889 Cellas
716 3832 802 3904 ιτ,
835 3834 856 3887 I
887 3873 900 3898 ,
926 3831 961 3882 2
984 3873 996 3893 ,
1026 3827 1272 3898 cellulas]
1304 3843 1469 3883 novas
1498 3838 1588 3882 aut
1617 3827 2026 3899 congregatiun-

448 3928 600 3981 colas
630 3922 1014 3979 monachorum
1049 3921 1252 3990 absque
1281 3920 1469 3975 notitia
1499 3920 1740 3990 episcOpi
1773 3919 2027 3989 prohibe-

446 4032 564 4073 mus
597 4016 823 4069 institui.
902 4010 914 4021 “

447 4131 559 4187 VII.
603 4129 686 4184 Ne
723 4128 891 4183 clerici
916 4127 1024 4182 sine
1053 4124 1373 4179 ordinatione
1403 4122 1625 4193 episcopi
1655 4124 1739 4176 sui
1766 4122 2027 4192 publicum

1000 4198 1142 4252 adire
1174 4203 1502 4266 prwsumant.

519 4313 717 4372 Clerici
747 4312 861 4369 sine
890 4310 1229 4366 ordinatione
1258 4307 1491 4377 episcopi
1535 4305 1615 4359 sui
1653 4305 1802 4360 adire
1837 4306 1918 4360 vel
1952 4306 2033 4359 in-

455 4406 739 4476 terpellare
792 4401 1059 4470 publicum
1094 4414 1198 4453 non
1232 4409 1559 4467 prmsumant
1589 4416 1603 4463 ;
1635 4398 1729 4453 sed
1761 4397 1808 4451 si
1843 4398 2032 4466 pulsati

448 4499 674 4561 fuerint,
706 4494 854 4562 sequi
886 4491 950 4546 ad
982 4492 1236 4545 saeculare
1258 4490 1513 4558 judicium
1545 4504 1648 4543 non
1682 4498 1977 4543 morentur.

558 4586 716 4658 263
758 4583 892 4638 VIII.
930 4581 1003 4635 De
1029 4579 1175 4634 rebus
1210 4578 1453 4631 Ecclesia:
1483 4594 1584 4631 non
1614 4578 1924 4630 alienandis.

523 4677 708 4731 Nullus
738 4676 1019 4745 episcopus
1050 4672 1115 4726 de
1146 4672 1304 4725 rebus
1337 4668 1588 4723 Ecclesia:
1619 4683 1730 4721 suae
1767 4666 1881 4721 sine
1908 4680 2035 4720 con-

452 4770 674 4823 serentia
727 4766 1123 4835 metropolitani
1166 4763 1249 4817 sui
1289 4762 1555 4817 vendendi
1600 4758 1797 4829 aliquid
1844 4757 2038 4812 habeat

456 4868 817 4929 potestatein,
877 4856 992 4910 utili
1051 4863 1223 4907 tamen
1298 4852 1547 4906 omnibus
1619 4849 2037 4905 commutatione

455 4951 712 5023 permissa
748 4959 793 5002 ο.

668 5044 758 5100 IX.
790 5042 866 5097 De
890 5041 1084 5097 clericis
1116 5040 1234 5111 falsi
1265 5038 1537 5095 testimonii
1566 5034 1825 5089 convictis.

528 5138 581 5191 Si
610 5136 731 5207 quis
762 5132 991 5190 clericus
1021 5132 1073 5186 in
1106 5132 1240 5186 falso
1269 5129 1577 5185 testimonio
1615 5125 1888 5180 convictus
1922 5123 2039 5176 fue-

462 5229 519 5285 rit
542 5268 557 5296 ,
594 5244 717 5285 reus
745 5225 988 5299 capitalis
1018 5224 1259 5281 criminis
1288 5230 1594 5278 censeatur.

819 5317 887 5371 X.
932 5318 1006 5372 De
1036 5315 1385 5384 muniﬁcentia
1418 5311 1684 5365 Ecclesia.

531 5408 783 5477 Quisquis
811 5407 1038 5465 clericus
1065 5408 1263 5479 aliquid
1291 5406 1358 5461 de
1388 5400 1749 5458 muniﬁcentia
1782 5398 2033 5454 Ecclesia:

536 5568 562 5595 ⁸·
606 5562 681 5614 Es
706 5560 765 5616 Β.
787 5559 879 5624 IL,
899 5557 963 5631 'I‘.
988 5559 1040 5631 I,
1058 5559 1113 5624 Ξ,
1136 5557 1225 5631 IL,
1249 5556 1662 5631 G.,desumpt_us
1680 5560 2041 5631 estnumerus

462 5622 946 5700 episcoporntnqui
976 5622 1129 5700 deest
1156 5622 1217 5680 in
1240 5631 1390 5700 Aaet
1424 5622 1641 5697 reliquis
1671 5622 1976 5680 Codicibus.

536 5700 562 5739 δ
603 5696 663 5754 Βζ
691 5700 779 5765 ιι..
807 5698 849 5750 Τ
878 5696 955 5760 ’1,
984 5698 1039 5762 ‘2,
1070 5696 1382 5751 revertendo.

538 5780 559 5808 ε
600 5767 665 5825 Β.
693 5771 781 5825 ιι..
814 5766 900 5825 υ..
922 5767 1011 5825 ὓ..
1034 5766 1229 5821 emerit.

650 5808 665 5824 .
693 5781 781 5836 lt.,
815 5781 900 5834 U.,
922 5781 1011 5833 υ..
1034 5781 1229 5821 emerit.

2022 970 2067 1026 Α
2101 965 2187 1020 cni
2219 966 2480 1020 servierat
2509 963 2770 1031 adeptus.
2804 970 2858 1017 et
2899 960 2965 1015 ad
3009 975 3277 1017 summum
3323 958 3689 1018 sacerdotium

2097 1058 2318 1111 alterius
2344 1056 2579 1111 civitatis
2606 1063 2688 1109 est
2716 1064 2807 1107 ant
2851 1052 3008 1109 fuerit
3037 1055 3344 1120 ordinatus,
3378 1055 3517 1125 quod
3549 1058 3692 1113 dono

2098 1144 2305 1217 accepit
2335 1147 2419 1203 vel
2449 1147 2717 1215 acceperit
2745 1146 2977 1211 reddat;
3008 1146 3148 1215 quod
3181 1161 3281 1201 usu
3321 1147 3404 1202 vel
3450 1150 3690 1219 proprie-

2103 1250 2211 1296 late
2238 1239 2533 1296 secundum
2564 1238 2904 1293 instrumenti
2932 1238 3127 1293 seriem
3156 1238 3469 1308 probabitur
3494 1241 3693 1295 emisse

2103 1334 2395 1405 possideat.

2246 1424 2336 1481 XI.
2368 1424 2445 1479 De
2474 1423 2823 1478 hwreticornm
2851 1422 2926 1475 vel
2951 1420 3256 1475 ludworum
3282 1421 3541 1475 conviviis.

2175 1517 2230 1571 Si
2280 1516 2571 1585 superioris
2620 1513 2722 1567 loci
2769 1513 2996 1568 clericus
3043 1511 3281 1567 haeretici
3326 1512 3694 1583 cujuscunque

2104 1606 2286 1661 clerici
2316 1604 2563 1660 convivio
2595 1602 2930 1666 interfuerit,
2958 1602 3081 1657 anni
3111 1601 3341 1671 spatium
3376 1603 3463 1676 [Τ.
3496 1605 3544 1668 I,
3572 1620 3695 1673 spa-

2108 1697 2202 1770 tio]
2236 1714 2423 1766 partem
2458 1696 2556 1770 [Β.
2596 1696 2659 1751 li.
2685 1739 2700 1762 ,
2733 1694 2794 1750 T.
2830 1695 2855 1748 1
2887 1737 2901 1761 ,
2929 1694 2998 1758 2,
3031 1694 3254 1767 pacem]
3289 1696 3542 1751 Ecclesia:
3588 1714 3693 1753 non

2109 1792 2373 1846 habebit:
2434 1789 2575 1860 quod
2629 1786 2872 1857 iuniores
2927 1786 3111 1843 clerici
3158 1788 3204 1842 si
3252 1790 3695 1858 prtesumpserint

2113 1881 2461 1952 vapulabunt.
2490 1883 2531 1935 A
2561 1878 2868 1935 Judarcrum
2900 1892 3025 1934 vero
3053 1879 3312 1934 conviviis
3340 1878 3497 1935 etiam
3532 1881 3695 1936 laicus

2110 1975 2428 2031 constitutio
2473 1982 2654 2029 nostra
2698 1971 3002 2042 prohibuit,
3048 1986 3147 2027 nec
3186 1986 3305 2042 cum
3350 1970 3458 2024 ullo
3496 1971 3695 2025 clerico

2112 2076 2297 2121 nostro
2331 2080 2520 2135 panem
2552 2064 2800 2120 comedat
2827 2061 3069 2134 quisquis
3098 2062 3402 2118 Iudatorum
3449 2062 3696 2117 convivio

2115 2158 2271 2215 fuerit
2300 2157 2636 2227 inquinatus.

2545 2248 2655 2305 XII.
2688 2247 2761 2304 De
2787 2248 2958 2302 dando
2984 2247 3274 2301 chrismate.

2046 2314 2091 2376 Β
2189 2343 2534 2415 Presbyteros
2574 2354 2793 2413 propter
2833 2341 3055 2395 salutem
3099 2339 3424 2405 animarum,
3454 2352 3611 2407 quam
3646 2336 3701 2392 in

2116 2435 2326 2491 cunctis
2356 2442 2635 2505 optamus,
2669 2432 2970 2501 desperatis
3013 2437 3068 2485 et
3107 2429 3552 2485 decumbentibus
3593 2427 3703 2481 ha:-

2117 2528 2330 2592 retieis,
2361 2526 2406 2581 si
2434 2523 2843 2581 conversionem
2872 2536 3026 2576 suam
3058 2522 3283 2576 subitam
3315 2528 3529 2588 petant,
3560 2519 3701 2588 chri-

2116 2629 2288 2675 smate
2320 2618 2677 2688 permittimus
2709 2617 3037 2671 subvenire:
3079 2613 3222 2684 quod
3251 2628 3439 2667 omnes
3469 2627 3698 2669 conver-

2117 2713 2228 2768 suri
2259 2711 2304 2766 si
2336 2710 2450 2765 sani
2479 2716 2604 2763 sunt
2631 2707 2700 2763 ab
2730 2708 2983 2777 episcopo
3014 2708 3260 2761 noverint
3289 2704 3666 2774 expetendum.

2492 2798 2626 2854 XIII.
2671 2798 2747 2851 De
2775 2800 2999 2868 episcOpi
3027 2805 3345 2851 testamento.

2190 2895 2245 2951 Si
2289 2892 2577 2963 cpiscopus
2604 2890 2828 2947 condito
2860 2897 3180 2944 testamento
3212 2888 3409 2957 aliquid
3438 2889 3505 2944 de
3534 2888 3707 2943 cccle-

2120 2987 2319 3044 siastiei
2345 2985 2481 3056 juris
2513 2984 2843 3053 proprietate
2871 2981 3163 3051 legaverit,
3190 2981 3346 3034 aliter
3373 2995 3476 3034 non
3508 2980 3707 3035 valebit

2121 3079 2219 3133 nisi
2249 3079 2327 3133 vel
2358 3085 2560 3130 tantum
2587 3075 2655 3129 de
2676 3065 2811 3143 juris
2840 3072 3042 3143 proprii
3074 3070 3327 3126 facultate
3354 3070 3704 3141 suppleverit.

2300 3190 2439 3246 XIV.
2484 3187 2559 3243 De
2587 3187 2664 3241 Itis
2694 3187 2780 3256 qui
2809 3185 3271 3239 remunerationem
3299 3182 3523 3238 ecclesiis

2176 3312 2181 3319 .
2742 3258 3076 3328 posscderint.

2194 3352 2389 3408 Clerici
2422 3350 2562 3421 quod
2596 3350 2757 3406 etiam
2788 3348 2904 3402 sine
2956 3345 3270 3417 precatoriis
3312 3344 3549 3415 qualibet
3586 3342 3707 3396 diu.

2126 3447 2382 3501 tnrnitate
2414 3442 2673 3513 temporis
2704 3440 2770 3494 de
2798 3440 3039 3493 ecclesiae
3072 3436 3502 3492 remuneratione
3535 3449 3711 3504 posse-

2125 3540 2328 3601 derint,
2364 3553 2484 3592 cnm
2518 3534 2835 3589 auctoritate
2863 3530 3064 3585 domini
3100 3527 3472 3599 gloriosissimi
3516 3526 3710 3595 princi-

2054 3666 2099 3729 Ο
2132 3633 2211 3700 pis
2238 3628 2402 3684 nostri
2427 3627 2478 3681 in
2502 3626 2622 3695 jure
2650 3624 3059 3693 proprietarium
3093 3621 3209 3693 ψη
3235 3622 3285 3676 in
3306 3620 3392 3689 jus
3417 3617 3709 3690 proprium]

2133 3717 2538 3790 prwscriptione
2567 3713 2823 3781 temporis
2866 3728 2970 3766 non
3013 3720 3252 3776 vocetur,
3286 3711 3579 3765 dummodo
3610 3724 3701 3778 pa-

2134 3820 2242 3866 teat
2270 3806 2511 3864 ecclesiae
2541 3819 2653 3859 rem
2684 3804 2870 3857 fuisse.

2205 3922 2365 3995 264
2404 3920 2523 3976 XV.
2560 3919 2633 3974 De
2659 3920 2873 3995 diacono
2903 3927 2988 3970 aut
3020 3917 3311 3995 presbytero
3340 3916 3427 3984 qui
3457 3916 3645 3968 crimen

2624 3991 2847 4058 capitale
2885 3990 3211 4042 commiserit.

2207 4109 2260 4161 Si
2304 4106 2563 4161 diaconus
2603 4113 2693 4157 aut
2737 4102 3015 4171 presbyter
3053 4098 3253 4153 crimen
3293 4095 3521 4166 capitale
3545 4094 3720 4149 adrni-

2136 4199 2299 4264 seiit,
2348 4200 2414 4251 ab
2456 4195 2617 4249 ofﬁcii
2669 4194 2871 4247 honore
2916 4192 3192 4259 depositus
3232 4190 3286 4242 in
3334 4188 3728 4263 monasrcrium.

2139 4295 2484 4358 retrudatur,
2552 4291 2730 4359 ibique
2793 4284 3167 4341 tantummodo
3227 4282 3459 4353 quandiu
3524 4280 3721 4337 vixerit

2139 4384 2518 4440 communione
2548 4377 2827 4435 sumenda.

2468 4473 2604 4528 XVI.
2650 4469 2726 4523 De
2757 4467 3073 4539 professione
3100 4468 3398 4536 reformata.

2216 4570 2270 4625 Si
2299 4566 2420 4637 quis
2447 4572 2665 4633 accepta
2710 4559 3059 4630 professaque
3102 4554 3409 4625 poenitentia
3449 4552 3574 4609 boni
3619 4557 3722 4607 im-

2142 4676 2349 4717 memor
2374 4658 2438 4713 ad
2467 4654 2742 4712 saecularia
2767 4652 3059 4714 celabatur,
3089 4662 3305 4718 prorsus
3329 4646 3725 4703 communicare

2142 4768 2247 4806 non
2269 4750 2481 4820 poterit,
2502 4748 2601 4802 nisi
2626 4744 2958 4816 professione
2981 4739 3066 4812 [Β.
3086 4738 3176 4806 R.,
3204 4735 3543 4807 professioni]
3565 4748 3723 4804 quam

2144 4845 2328 4899 illicite
2356 4841 2775 4911 prmtermiserat
2804 4836 3145 4901 reformatur.

2290 4931 2451 4987 XVII.
2492 4931 2570 4983 De
2596 4929 2741 4982 Iaicis
2770 4928 2856 4998 qui
2879 4926 3065 4980 crimen
3092 4922 3289 4977 clericis
3311 4920 3579 4992 objiciunt.

2070 5016 2122 5075 Ι)
2221 5028 2394 5082 Laicis
2439 5034 2623 5081 contra
2667 5021 2949 5091 cujuslibet
2986 5017 3183 5090 gradus
3224 5015 3477 5070 clericum
3519 5013 3563 5064 si
3604 5007 3727 5079 quid

2144 5119 2421 5178 eriminale
2450 5124 2642 5186 parant
2666 5114 2922 5183 objicere,
2950 5110 3240 5167 dummodo
3268 5124 3392 5163 vera
3420 5111 3727 5176 suggerant,

2146 5207 2474 5282 proponendi
2508 5207 2864 5275 permittimus
2892 5212 3230 5273 potestatem.

2323 5298 2508 5353 XVIII.
2555 5297 2652 5352 Ubi
2690 5306 2945 5365 ponantur
2976 5294 3210 5363 reliquite
3235 5300 3556 5345 sanctorum.

2216 5393 2535 5448 Sanctorum
2567 5388 2801 5458 reliquiae
2833 5387 2881 5441 in
2914 5385 3164 5440 oratoriis
3193 5382 3462 5437 villaribns
3494 5394 3600 5433 non
3635 5390 3729 5447 ροη-

2224 5544 2248 5582 ά
2290 5544 2365 5599 Ex
2398 5541 2616 5612 reliquis
2645 5540 2929 5597 Codicibus
2959 5549 3156 5612 pratter
3193 5538 3256 5592 A.
3284 5579 3299 5604 ,
3331 5536 3386 5590 in
3414 5547 3520 5604 quo
3547 5530 3733 5587 scribi-

2267 5632 2279 5667 :
2385 5623 2398 5663 t
2438 5654 2452 5669 .

2154 5625 2253 5722 me
2301 5622 2494 5765 [3:00.
2522 5692 2909 5764 ,potestatem;
2940 5681 3082 5737 utilis
3126 5690 3295 5735 tamen
3338 5676 3571 5732 carnibus
3599 5689 3739 5730 com.

2160 5755 2372 5810 mutatio
2402 5755 2665 5827 permissa.
