4060 6184
433 302 527 359 291

1128 294 1510 353 COLLECTIO
1549 296 1876 356 CANONUM
1915 297 1973 357 S.
2015 295 2284 354 lSlDORO
2325 294 2569 352 [IISI’AL
2616 296 2972 353 ASCRIPTA.

3601 298 3707 357 292

431 415 657 473 ecclesia
698 413 929 470 civitatis
968 412 1082 481 ejus
1124 411 1245 483 {U.,
1275 409 1366 475 (2.,
1395 409 1573 481 hujus]
1603 411 1687 465 cui
1730 414 2012 482 episcopus
2043 416 2089 474 A
2117 421 2294 467 autem
2345 410 2569 480 amplius
2619 410 2770 464 fuerit
2800 455 2813 476 ,
2881 420 3094 480 propter
3151 414 3382 483 majores
3443 428 3709 483 expensas

433 515 653 576 praeest,
687 504 755 556 ita
799 513 879 557 cst
912 503 1099 555 idonea
1136 516 1189 554 ut
1210 501 1423 555 Christo
1455 502 1685 569 propitio
1716 502 1847 556 nihil
1878 504 2015 556 indi-

434 605 583 666 geat,
615 593 871 663 quidquid
921 592 1187 659 parochiis
1222 590 1380 644 fuerit
1424 591 1774 657 derelictum,
1807 593 2017 648 clericis

431 687 520 754 qui
554 686 681 753 ipsis
712 683 977 750 parochiis
1006 682 1314 735 deserviunt
1344 682 1426 734 vel
1468 682 1896 748 reparationibus
1925 684 2020 738 ba-

432 776 705 829 silicarum
737 772 1121 825 rationabiliter
1159 771 1497 836 diSpensetur
1530 787 1543 823 :
1576 772 1618 825 si
1655 787 1777 825 vero
1803 774 2021 841 episco-

436 882 560 931 pum
612 866 805 917 multas
851 876 1115 934 expensas
1169 862 1301 915 velﬂ
1357 863 1616 915 minorem
1669 863 2018 919 substantiam

442 956 643 1008 habere
686 953 1005 1016 consriterit,
1056 951 1323 1021 parocltiis
1373 952 1566 1021 quibus
1618 952 1813 1021 largior
1866 953 2023 1007 fuerit

443 1046 636 1097 collata
670 1044 988 1106 sobstantia,
1024 1043 1122 1096 hoc
1160 1052 1362 1096 tantum
1394 1043 1533 1111 quod
1579 1044 1791 1097 clericis
1821 1045 1900 1097 vel
1932 1060 2019 1097 ar-

436 1134 683 1189 chitectis
737 1134 1125 1188 rationabiliter
1190 1133 1418 1186 sufﬁciat
1482 1146 1838 1189 reservetur:
1886 1136 2022 1205 quod

508 1249 663 1315 0/13.,
698 1249 805 1302 scd.
841 1251 898 1302 Β.
936 1249 1023 1313 ιι,
1057 1249 1119 1301 Τ.
1154 1250 1207 1313 l,
1236 1248 1290 1313 ἓ,
1325 1247 1411 1310 U.,
1447 1250 1535 1313 6.,
1570 1259 1638 1301 et.

2121 504 2406 569 episcOpus
2436 499 2501 553 ad
2529 514 2588 553 se
2617 499 2811 554 debeat
2850 516 3125 570 revocare,
3172 503 3240 556 ita
3272 514 3451 557 tamen
3483 512 3540 557 ut
3580 506 3712 561 nihil

2122 591 2189 645 dc
2237 590 2536 643 facultatula
2590 592 2704 659 ipse
2750 589 2775 628 δ
2822 593 2905 645 vel
2958 593 3027 647 de
3092 594 3386 649 ministerio
3434 595 3567 649 eleri
3612 595 3710 652 loci

2125 684 2295 749 ipsius
2326 683 2592 737 licentiam
2626 686 2821 739 habeat
2854 687 3145 741 minuendi.

2197 782 2308 836 lloc
2336 784 2499 837 etiam
2545 784 2739 851 placuit
2772 786 3059 851 custodiri,
3092 796 3148 840 ttt
3190 788 3436 857 sequenti
3484 800 3630 841 anno
3662 787 3713 842 in
3796 802 3799 805 ‘

2129 876 2246 927 vico
2278 874 2496 927 Vasensi
2528 874 2715 928 debeat
2741 877 3028 929 concilium
3054 880 3389 949 congregari.

2198 967 2253 1020 lu
2287 966 2387 1021 hac
2416 969 2794 1023 constitutione
2824 970 3253 1041 subscripserunt
3291 974 3522 1043 episcopi
3553 974 3717 1045 quin-

2128 1054 2321 1110 decim.

2196 1249 2223 1289 b
2258 1251 2314 1305 Β.
2349 1252 2437 1318 n.,
2471 1253 2532 1308 Τ.
2566 1254 2706 1319 1,2,
2744 1255 2827 1319 υ..
2862 1256 2953 1323 G.,
2985 1259 3114 1327 ipsa.

440 1386 3708 1442 mm

1947 1498 2247 1573 XXXV

1014 1641 1686 1729 CONCILIUM
1759 1644 2558 1735 ARVERNENSE
2636 1656 3155 1743 PRIMUM.

695 1778 735 1831 1.
781 1777 915 1843 Quid
950 1776 1092 1846 prius
1120 1778 1173 1829 in
1202 1776 1400 1845 synodo
1430 1778 1773 1829 tractandum.

519 1868 573 1922 In
606 1868 789 1937 primis
816 1868 1032 1936 placuit,
1061 1874 1118 1941 ut
1146 1867 1352 1935 quoties
1382 1868 1671 1920 seettndum
1709 1875 1902 1920 statuta
1936 1866 2032 1920 Pa-

448 1970 589 2014 trum
630 1968 811 2011 sancta
852 1956 1087 2026 synodus
1131 1965 1500 2024 congregatur,
1537 1958 1712 2011 nullus
1754 1959 2034 2026 episcopo-

446 2069 566 2109 rum
600 2053 836 2121 aliquam
887 2052 1031 2119 prius
1072 2065 1285 2104 causam
1329 2066 1613 2119 suggerere
1642 2051 1833 2105 audeat
1874 2066 2031 2120 quam

446 2159 508 2199 ea
533 2157 651 2213 quae
681 2142 745 2196 ad
777 2140 1206 2196 emendationem
1239 2141 1376 2204 vitm,
1410 2140 1472 2193 ad
1504 2142 1840 2195 severitatem
1874 2157 2033 2211 regu-

450 2236 539 2301 la',
567 2234 632 2289 ad
664 2233 856 2288 anima:
889 2233 1124 2287 remedia
1154 2234 1421 2301 pertinent
1454 2232 1725 2287 finiantur.

838 2346 904 2401 ll.
948 2342 1021 2400 De
1047 2346 1295 2416 episcOpis
1324 2348 1644 2402 ordinandis.

522 2457 729 2513 Placuit
765 2457 926 2511 etiam
950 2496 964 2521 ,
997 2465 1055 2509 ut
1080 2470 1290 2511 sacrum
1329 2458 1447 2526 quis
1476 2457 1744 2525 pontificis
1776 2457 2033 2512 honorem

447 2566 554 2605 non
580 2548 813 2616 praemiis
834 2557 1040 2617 quarrat
1067 2548 1161 2600 sed
1190 2550 1412 2610 meritis.
1443 2564 1509 2602 ne
1534 2548 1767 2601 divinum
1797 2550 2036 2603 videatur

447 2654 641 2694 munus
674 2640 835 2693 rebus
863 2652 1175 2704 comparare
1202 2638 1294 2691 sed
1322 2639 1577 2706 moribus,
1608 2649 1765 2706 atque
1796 2639 2034 2693 eminen-

447 2730 667 2784 tissimre
707 2728 979 2798 dignitatis
1017 2727 1219 2795 apicem
1262 2729 1522 2793 e'ectione
1565 2729 1890 2783 conscendat
1918 2745 2035 2783 om-

447 2822 593 2875 nium
618 2860 633 2885 ,
664 2834 769 2874 non
816 2819 998 2872 favore
1029 2832 1339 2885 paucorum.
1375 2818 1455 2873 Sit
1489 2820 1539 2872 in
1571 2819 1829 2889 eligendis
1858 2834 2034 2874 sacer-

447 2909 660 2965 dotibus
687 2924 810 2963 cura
856 2908 1162 2978 prrecipua,
1209 2908 1330 2975 quia
1377 2908 1874 2977 irreprcbensibiles
1915 2924 2034 2965 esse

447 3004 701 3057 convenit
729 3015 861 3069 quos
894 3013 1125 3070 praeesse
1163 3014 1384 3054 necesse
1424 3008 1507 3055 est
1536 3003 1869 3071 corrigendis
1902 3018 1913 3054 :
1949 3003 2033 3058 di-

448 3094 678 3163 ligenter
718 3092 837 3161 quis
882 3089 1126 3158 inspiciat
1177 3091 1403 3157 pretium
1453 3090 1700 3145 dominici
1750 3092 1943 3161 gregis,
1977 3099 2029 3145 ut

446 3188 581 3241 sciat
606 3186 746 3253 quod
780 3184 1027 3238 meritum
1071 3182 1427 3237 constituendi
1458 3183 1645 3237 deceat
1684 3198 1803 3238 esse
1842 3198 2033 3238 sacer-

447 3277 609 3331 dotis.
647 3273 1019 3342 Episcopatum
1065 3287 1193 3342 ergo
1234 3272 1547 3327 desiderans
1576 3273 1838 3328 electione
1865 3275 2033 3329 cleri-

446 3381 632 3421 corum
681 3364 767 3418 vel
816 3364 1045 3428 civium,
1100 3373 1370 3417 consensu
1426 3364 1584 3416 etiam
1640 3363 2031 3432 metropolitani

445 3455 685 3522 ejusdem
723 3453 1041 3522 provinciae,
1077 3450 1315 3518 pontifex
1362 3453 1638 3507 ordinetur
1672 3472 1683 3506 :
1717 3469 1821 3507 non
1856 3463 2032 3521 patro-

444 3547 585 3601 cinia
619 3552 893 3615 potentum
936 3542 1220 3609 adhibeat,
1251 3557 1355 3596 nou
1397 3545 1685 3598 calliditate
1715 3543 1934 3597 subdola
1964 3543 2031 3597 ad

446 3641 895 3699 cortscribeodum
944 3639 1216 3693 decretum
1272 3639 1403 3691 alios
1460 3637 1701 3689 hortetur
1755 3636 2026 3703 prmmiis,

447 3734 581 3787 alios
612 3734 807 3785 timore
833 3731 1149 3796 compellat;
1177 3729 1315 3795 quod
1348 3728 1437 3796 qui
1468 3726 1651 3781 fecerit
1682 3726 1918 3781 ecclesiae
1944 3726 2031 3781 cui

450 3824 665 3890 indigne
690 3834 917 3887 prmessc
944 3820 1089 3887 cupit
1115 3817 1491 3874 communione
1520 3803 1833 3886 privabitur.

450 3932 537 3987 Ill.
581 3930 657 3985 De
688 3930 857 3999 palliis
879 3929 1103 3984 ecclesite
1126 3945 1145 3984 :
1178 3944 1239 3982 ne
1267 3930 1437 3982 clerici
1460 3946 1488 3981 α
1516 3928 1799 3999 potentibus
1828 3931 2031 3999 erigan-

646 4012 729 4054 tur
759 4016 776 4054 :
800 4001 930 4055 etde
957 4004 1257 4071 facultatum
1287 4001 1508 4054 ecclesia:
1529 4000 1837 4069 raptoribus.

519 4115 921 4171 Observandum
965 4114 1033 4171 de
1076 4115 1254 4184 palliis
1295 4113 1535 4169 ecclesia:
1591 4114 1670 4167 vel
1722 4114 2033 4170 ministeriis

450 4208 667 4273 divinis,
705 4222 773 4260 ne
800 4206 1171 4260 defunctorum
1204 4204 1514 4273 corpuscula
1557 4204 1925 4257 obvolvantur.
1957 4203 2033 4258 Ne

452 4314 481 4353 a
511 4300 815 4369 potentibus
847 4299 1023 4352 smeuli
1054 4297 1229 4351 clerici
1261 4307 1443 4350 contra
1472 4295 1751 4363 episcopos
1778 4309 1904 4349 suos
1925 4294 2033 4349 ullo

450 4392 609 4444 modo
651 4391 941 4457 erigantur.
975 4389 1074 4454 Qui
1113 4389 1369 4441 resculam
1399 4388 1641 4441 ecclesia:
1671 4388 1750 4441 vel
1795 4388 1912 4457 ejus
1950 4388 2033 4442 fa-

450 4482 756 4537 cultatulam
790 4478 1002 4535 auferre
1030 4479 1249 4548 cupiunt
1277 4479 1647 4535 excludantur.

589 4592 751 4663 269
788 4588 878 4645 ιν.
916 4589 998 4644 Ne
1029 4589 1304 4644 Christiani
1332 4588 1533 4643 Iudicis
1563 4592 1881 4649 matrimonio

1087 4664 1384 4731 iungantur.

521 4773 579 4829 Si
609 4773 727 4843 quis
759 4771 996 4828 Iudaica:
1035 4774 1278 4842 pravitati
1323 4772 1488 4842 jugali
1514 4772 1771 4828 societate
1799 4773 2025 4841 conjun-

452 4866 622 4935 gitur,
666 4863 716 4917 id
748 4871 832 4917 est
869 4864 913 4917 si
945 4878 1039 4917 seu
1086 4862 1388 4917 Christiano
1444 4862 1659 4928 Judaaa,
1706 4865 1818 4919 sive
1844 4864 2028 4918 Judzeo

449 4958 750 5014 Christiana
798 4957 993 5011 mulier
1019 4959 1215 5011 carnali
1245 4958 1516 5012 consortio
1556 4958 1866 5025 misceatur,
1914 4960 2030 5028 qui-

449 5064 659 5121 cunque
726 5052 913 5104 horum
963 5055 1164 5102 tantum
1196 5050 1348 5103 nefas
1390 5050 1671 5103 admisisse
1712 5060 2025 5118 noscuntur,

449 5161 476 5197 a
506 5142 809 5199 Christiano
858 5152 998 5197 caatu
1029 5149 1189 5212 atque
1218 5142 1464 5197 convivio
1494 5150 1547 5196 et
1595 5156 1624 5196 a
1653 5145 2030 5201 communione

453 5235 702 5291 Ecclesia:
730 5234 972 5304 protinus
1013 5244 1379 5305 segregentur.

731 5365 793 5418 V.
832 5366 904 5420 De
940 5368 1181 5422 dominici
1226 5368 1450 5440 corporis
1480 5368 1747 5422 velamine.

525 5474 601 5527 Ne
652 5475 924 5542 opertorio
979 5476 1230 5531 dominici
1284 5482 1526 5547 corporis
1579 5479 1873 5535 sacerdotis
1936 5495 2032 5534 un-

451 5578 610 5631 quam
640 5579 833 5629 corpus
862 5566 986 5619 dum
1018 5566 1084 5620 ad
1130 5568 1389 5621 tumulum
1447 5572 1689 5625 evehitur
1728 5572 2027 5639 obtegatur,

450 5662 507 5708 et
549 5668 703 5707 sacro
748 5657 1014 5711 velamine
1060 5657 1241 5711 usibus
1278 5656 1389 5709 suis
1431 5659 1661 5726 reddito,
1694 5662 1819 5716 dum
1865 5662 2030 5718 bono-

454 5753 638 5799 rantur
661 5759 907 5815 corpora,
941 5748 1126 5802 altaria
1158 5746 1487 5816 polluantur.

2314 1785 2401 1842 Vl.
2444 1787 2528 1841 Ne
2554 1789 2621 1841 ad
2650 1792 2943 1856 nuptiarum
2990 1804 3227 1849 ornatum
3256 1798 3535 1857 ministeria

2658 1862 2830 1913 divina
2870 1874 3191 1931 preestentur.

2207 1944 2285 2000 Ne
2312 1946 2378 2001 ad
2422 1950 2721 2018 nuptiarum
2750 1966 2996 2008 ornatum
3028 1956 3317 2014 ministeria
3365 1962 3545 2019 divina
3578 1982 3711 2035 prse-

2134 2048 2364 2106 stcntur,
2396 2056 2460 2095 ne
2484 2041 2607 2095 dum
2643 2044 3006 2112 improborum
3036 2058 3177 2103 tactu
3214 2052 3295 2106 vel
3324 2068 3514 2124 pompa
3543 2072 3712 2112 saecu-

2137 2130 2262 2183 laris
2293 2131 2514 2186 luxuricc
2546 2135 2873 2205 polluuntur,
2925 2137 2991 2191 ad
3022 2140 3195 2194 ofﬁcia
3241 2145 3379 2199 sacri
3423 2148 3709 2203 ministerii

2139 2220 2422 2277 videantur
2449 2224 2685 2294 indigna.

2347 2317 2457 2371 γη.
2501 2318 2584 2373 Ne
2609 2318 2912 2378 Christianis
2938 2323 3111 2380 λιιόωὶ
3130 2329 3493 2397 praeﬁciunt».

2205 2410 2281 2466 Ne
2310 2409 2479 2466 Judaei
2528 2409 2847 2468 Christianis
2889 2417 3097 2485 populis
3134 2420 3343 2488 judices
3394 2438 3711 2494 praeportan-

2137 2512 2245 2557 llll'.

2313 2572 2446 2628 Vlll.
2489 2570 2568 2627 De
2594 2575 2849 2651 parochiis
2876 2577 2937 2651 al;
2960 2578 3194 2651 epismpo
3226 2581 3394 2636 alieno
3434 2600 3537 2637 non

2758 2646 2975 2701 invaden
2984 2646 3082 2706 itis.

2204 2735 2280 2790 Ne
2311 2736 2594 2804 parochias
2626 2737 2912 2807 cujuslibet
2951 2742 3187 2809 episcopi
3236 2744 3456 2800 alterius
3485 2746 3714 2804 civitatis

2135 2825 2418 2895 episcopus
2463 2841 2728 2881 canonum
2782 2838 3071 2892 temerator
3122 2832 3353 2897 invadat,
3385 2838 3449 2905 iet
3503 2852 3712 2893 vesanae

2134 2918 2437 2986 cupiditatis
2488 2916 2692 2973 facibus
2739 2919 3118 2989 inflammatus,
3171 2924 3281 2979 suis
3311 2926 3711 2996 quodammodo

2135 3024 2241 3063 non
2274 3018 2577 3076 contentus,
2603 3010 2774 3079 rapiat
2812 3012 3002 3066 aliena.

2318 3099 2407 3154 IX.
2451 3100 2527 3153 De
2552 3100 2762 3155 alterius
2791 3103 2987 3157 clericis
3026 3122 3129 3159 non
3174 3109 3530 3177 suscipiendis.

2206 3188 2393 3243 Nullus
2420 3191 2701 3259 cpiscopus
2723 3192 2945 3246 alterius
2967 3194 3217 3249 clericum
3256 3209 3435 3253 contra
3464 3202 3710 3257 volun'a-

2136 3290 2240 3337 tem
2293 3284 2529 3352 episcopi
2579 3286 2659 3339 sui
2708 3287 2985 3354 suscijere
3039 3290 3231 3345 audeat
3278 3303 3369 3347 aut
3414 3296 3711 3353 sacerdotio

2135 3389 2424 3446 prorogare
2437 3417 2450 3430 .

2458 3469 2524 3523 X.
2568 3470 2645 3524 De
2686 3473 2886 3527 incestis
2928 3476 3385 3546 coniunctionibus.

2206 3561 2260 3616 Si
2287 3562 2405 3630 quis
2428 3562 2663 3615 relictam
2680 3562 2877 3629 fratris,
2904 3580 3143 3620 sororem
3168 3571 3370 3635 uxoris,
3393 3572 3705 3641 privignam,

2132 3650 2542 3715 consobrinam,
2595 3652 2865 3707 sobriuam
2917 3655 3001 3709 vel
3059 3657 3299 3713 relictam
3363 3660 3487 3714 item
3540 3664 3710 3728 patrui

2132 3750 2297 3811 atque
2330 3742 2577 3796 avunculi
2619 3744 2845 3797 carnalis
2876 3748 3102 3815 εοιιιηείἰ
3132 3749 3413 3803 crediderit
3441 3753 3709 3805 co;.sortio

2135 3834 2469 3901 violandam,
2524 3845 2576 3888 et
2607 3848 2737 3888 ausu
2788 3837 3048 3907 sacrilego
3097 3841 3462 3895 auctoritatem
3516 3842 3709 3895 divina:

2132 3923 2265 3993 legis
2291 3937 2354 3977 ac
2378 3923 2497 3993 jura
2543 3934 2747 3979 natura:
2774 3929 3110 3996 praeruperit,
3161 3939 3215 3983 et
3238 3932 3321 3984 cui
3348 3932 3621 3986 charitatis
3649 3948 3710 3987 ac

2132 4016 2202 4085 pii
2227 4015 2447 4070 allectus
2491 4016 2682 4071 solatia
2709 4017 2966 4072 exhibere
3014 4018 3268 4074 debuerat
3294 4037 3508 4076 suorum
3544 4024 3710 4079 hostis

2132 4125 2195 4165 ac
2249 4109 2516 4178 pudicitiae
2566 4121 2901 4181 expugnator
2975 4112 3081 4167 vim
3145 4114 3339 4168 inferre
3409 4116 3707 4179 tentaverit,

2132 4203 2439 4271 aposmlicae
2467 4204 2868 4258 constitutionis
2904 4206 3165 4260 sententia
3193 4206 3430 4272 feriatur,
3460 4218 3514 4264 et
3545 4225 3711 4275 ouan-

2132 4294 2221 4348 diu
2278 4292 2329 4347 in
2389 4302 2533 4348 tanto
2584 4303 2830 4349 versatur
2879 4296 3084 4350 scelere
3134 4312 3162 4350 a
3210 4296 3512 4353 Christiano
3567 4310 3709 4354 cmtu

2134 4392 2295 4453 atque
2343 4384 2590 4439 convivio
2637 4384 2903 4454 simulque
2943 4385 3197 4441 Ecclesiae
3246 4390 3430 4444 matris
3472 4405 3710 4445 commu-

2057 4490 2110 4551 Β
2136 4475 2296 4530 nione
2324 4474 2643 4544 privabitur.

2370 4567 2531 4635 270
2571 4565 2661 4622 XI.
2696 4566 2774 4620 De
2802 4568 3111 4621 continentia
3141 4569 3457 4624 clericorum.

2199 4656 2331 4712 Cum
2366 4657 2665 4727 presbyteri
2708 4668 2868 4729 atque
2915 4659 3122 4715 diaconi
3172 4660 3384 4714 sublimi
3440 4660 3709 4729 dignitatis

2135 4749 2290 4818 apice
2339 4758 2715 4818 prorogantur,
2786 4749 3097 4819 actibusque
3145 4748 3363 4804 omnino
3405 4752 3709 4805 renunti‘nt

2133 4841 2334 4903 saeculi,
2385 4850 2440 4896 et
2484 4841 2549 4893 ad
2580 4854 2789 4895 sacrum
2815 4842 2972 4895 electi
3002 4844 3309 4912 mysterium
3343 4840 3484 4913 [/E.,
3518 4840 3577 4894 Β.
3616 4840 3706 4905 Il.,

2135 4930 2511 5000 ministerium]
2544 4930 2823 4998 repudient
2869 4931 3085 4986 carnale
3132 4934 3455 4987 consortium
3504 4947 3565 4985 ac
3593 4947 3709 4996 pcr—

2133 5021 2405 5075 tnixtionis
2438 5022 2675 5088 pristina
2713 5022 3117 5076 contubernium
3171 5032 3472 5093 pcrmulent
3500 5039 3708 5095 germa-

2132 5114 2310 5166 nitatis
2382 5112 2572 5165 affectu
2625 5130 2638 5166 :
2695 5122 2748 5167 et
2829 5115 3066 5183 quisquis
3126 5116 3217 5169 ille
3292 5126 3374 5170 est
3428 5117 3707 5185 presbyter

2132 5211 2289 5271 atque
2317 5202 2594 5267 diaconus,
2621 5203 2798 5257 divino
2830 5220 3049 5259 munere
3090 5206 3460 5259 benedictione
3481 5220 3708 5273 percep-

2135 5305 2207 5360 ta,
2236 5294 2388 5349 uxori
2421 5297 2565 5362 prius
2588 5309 2697 5347 suae
2727 5295 2888 5348 frater
2911 5297 3054 5351 illico
3077 5295 3340 5350 efficiatur
3364 5311 3425 5350 ex
3461 5294 3701 5363 conjuge.

2423 5382 2537 5436 Xll.
2581 5380 2657 5435 De
2685 5385 3004 5435 sacerdotum
3036 5385 3418 5437 incontinentia.

2204 5474 2475 5540 Quosdam
2493 5472 2787 5539 reperimus
2804 5473 2994 5528 ardore
3010 5475 3244 5528 libidinis
3259 5475 3349 5528 iotl
3368 5474 3705 5527 unmatosab-

2130 5568 2273 5637 jccto
2309 5565 2514 5619 militiae
2545 5564 2759 5632 cingulo
2791 5567 3046 5619 vomitum
3087 5567 3365 5633 pristinum
3394 5577 3445 5620 et
3479 5566 3705 5619 inhibita

2135 5672 2317 5709 rursus
2335 5656 2580 5723 conjugia
2607 5655 2909 5723 repetiisse,
2933 5666 3091 5725 atque
3111 5658 3300 5712 incesti
3316 5656 3705 5726 quodammodo

2134 5746 2354 5801 crimine
2391 5744 2747 5802 sacerdotium
2788 5747 3036 5818 violasse,
3074 5750 3214 5819 quod
3267 5749 3377 5804 nati
3419 5748 3577 5802 etiam
3610 5746 3702 5799 filii
