4060 6184
312 260 414 316 295

308 463 454 521 omni
488 463 541 515 in
569 467 887 529 perpetuum
923 474 1081 527 quam
1111 460 1351 518 admisso
1377 462 1488 532 jam
1534 465 1759 518 crimine
1790 478 1904 531 pcr-

308 556 441 610 didit
471 551 734 621 dignitate
766 550 1079 619 privabitur.

784 642 905 698 XIII
932 641 1011 696 De
1034 644 1433 714 fraudatoribus.

378 742 437 797 Si
511 740 883 809 cujuscunque
954 740 1272 793 munuscula
1335 754 1650 811 quacunque
1705 742 1903 797 sanctis

310 834 579 902 scriptura
611 830 803 885 collata
850 830 1051 887 nefaria
1083 831 1204 899 quis
1236 830 1526 886 calliditate
1557 832 1899 899 fraudaverit,

314 922 599 988 invaserit,
654 921 1007 975 retentaverit
1054 933 1213 991 atque
1262 926 1643 991 suppresserit,
1697 934 1751 978 et
1798 942 1901 981 non

312 1015 495 1069 statim
530 1029 559 1067 a
588 1012 871 1067 sacerdote
910 1014 1274 1069 commonitus
1326 1014 1439 1068 Deo
1487 1016 1676 1070 collata
1726 1018 1904 1073 reddi-

312 1105 472 1169 derit,
503 1103 572 1157 ab
599 1102 856 1158 Ecclesia:
905 1103 1187 1157 catholicae
1217 1105 1595 1158 communione
1652 1106 1896 1173 pellatur.

419 1194 560 1249 XIV.
605 1192 683 1248 De
708 1194 985 1265 pra’cipuis
1030 1194 1384 1260 festivitatibus
1413 1211 1527 1247 cum
1557 1195 1793 1265 episwpo

775 1265 828 1316 in
871 1264 1069 1317 civitate
1111 1266 1433 1334 peragendis.

386 1356 443 1413 Si
471 1356 593 1426 quis
625 1356 908 1424 presbyter
939 1364 1033 1407 aut
1084 1354 1342 1409 diaconus
1392 1371 1566 1424 neque
1596 1358 1648 1411 in
1680 1358 1902 1413 civitate

311 1462 490 1518 neque
536 1447 589 1501 in
620 1445 889 1516 parochiis
916 1447 1207 1500 canonieus
1237 1460 1358 1501 esse
1408 1447 1759 1517 dignoscitur,
1806 1452 1901 1505 scd

312 1538 366 1593 in
400 1538 602 1593 villulis
632 1536 882 1591 habitans
915 1536 967 1590 in
996 1535 1244 1591 oratoriis
1273 1537 1451 1593 officio
1479 1551 1669 1595 sancto
1713 1541 1900 1596 descr-

307 1630 461 1686 viens
505 1629 745 1685 celebrat
790 1628 968 1683 divina
1018 1630 1291 1699 mysteria,
1353 1630 1672 1687 festivitates
1702 1636 1901 1701 pracci-

687 335 691 338 ι
1248 330 1270 342 _.
1310 257 1586 315 GALLLE
1626 259 1897 316 coxeru

2010 290 2079 302 —
2116 263 2602 322 ARVERNENSE.

309 369 665 444 prodiderunt
714 381 726 419 :
784 365 925 436 quod
982 366 1222 456 quisquis
1276 368 1473 425 fecisse
1526 370 1890 440 cognoscitur,
1930 376 1977 434 Α

3490 281 3595 337 294

2291 374 2405 428 XV.
2431 375 2505 429 De
2527 377 2656 431 bona
2676 378 2973 434 clericorum
2996 384 3309 441 testimonio.

2081 462 2402 533 Episcopus,
2455 468 2737 539 presbyter
2782 480 2941 541 atque
2980 472 3237 531 diaconus
3277 480 3347 532 ita
3394 492 3593 535 sanctm

2006 554 2347 609 conscientia:
2380 557 2497 611 luce
2525 559 2924 627 reSplcndeant,
2957 575 3018 617 ut
3045 563 3303 636 eﬂugiant
3327 570 3592 638 probitate

2007 653 2221 699 actuum
2272 647 2659 704 maledicorum
2706 653 2957 723 obloquia
2994 672 3008 709 :
3040 658 3404 713 testimonium
3456 663 3506 716 in
3534 676 3594 718 se

2006 737 2241 793 divinum
2284 740 2508 811 implere
2549 745 2878 821 contendant
2898 748 3039 815 quod
3071 748 3328 807 Dominus
3349 752 3421 807 ait
3451 770 3466 808 :
3496 753 3590 808 Vi-

2006 829 2176 883 drntes
2206 840 2368 883 vestra
2406 830 2538 885 bona
2576 849 2729 904 Opera
2777 836 3065 905 gloriﬁcent
3114 838 3325 895 Patrem
3372 854 3595 898 vestrum

2005 918 2187 987 quiest
2212 918 2263 972 in
2295 920 2455 974 cwlis.

2109 1031 2267 1101 271
2309 1029 2451 1086 XVI.
2490 1031 2575 1087 Ne
2598 1034 2769 1087 clerici
2798 1051 2913 1089 cum
2956 1040 3210 1094 extraneis
3263 1040 3486 1097 habitent

2641 1106 2956 1161 mulieribus.

2076 1189 2241 1260 Igitur
2312 1193 2628 1249 auctoritate
2700 1198 2956 1253 canonica
3023 1210 3183 1270 atque
3232 1218 3483 1260 mansura
3538 1208 3594 1262 in

2007 1296 2181 1335 aevum
2226 1284 2609 1340 constitutione
2661 1289 2950 1355 sancimus,
2982 1301 3035 1345 ut
3064 1292 3294 1362 fugiatur
3321 1298 3388 1349 ab
3413 1298 3590 1352 oraui-

2006 1370 2109 1425 bus
2140 1372 2352 1427 clericis
2404 1385 2776 1432 extranearum
2808 1381 3089 1435 mulierum
3116 1385 3374 1453 culpanda
3418 1388 3583 1443 liber-

2003 1470 2085 1517 tas
2119 1481 2130 1516 :
2162 1472 2214 1517 et
2245 1472 2449 1519 tantum
2492 1481 2611 1521 cum
2667 1470 2802 1534 avia,
2849 1482 3042 1539 matre,
3074 1487 3260 1530 sorore
3289 1477 3372 1532 vel
3406 1486 3587 1549 nepte,

2002 1552 2047 1606 si
2077 1556 2365 1609 necessitas
2399 1557 2595 1624 tulerit,
2630 1558 2868 1613 habitent
2895 1577 2907 1612 :
2944 1562 3011 1615 de
3035 1564 3228 1631 quibus
3257 1568 3583 1635 nominibus,

1950 1710 1960 1720 .
2005 1650 2061 1696 ut
2107 1643 2344 1710 priorum
2396 1647 2558 1716 272
2605 1662 2870 1703 canonum
2919 1651 3088 1706 series
3137 1657 3406 1720 continet,
3441 1662 3589 1713 nefas

313 1736 468 1791 puas,
504 1722 713 1776 Domini
737 1720 944 1785 Natale,
973 1721 1197 1788 Pascha,
1224 1722 1599 1788 Pentecosten,
1630 1734 1683 1778 ct
1712 1725 1757 1779 si
1787 1742 1903 1794 quae
1941 1732 1981 1791 Β
2008 1742 2090 1786 est
2119 1733 2260 1788 aliud
2294 1750 2451 1804 quam
2506 1745 2695 1791 natura
2725 1740 2997 1796 constituit
3045 1746 3326 1813 suspicari.
3363 1748 3416 1801 In
3444 1749 3596 1803 cubi-

310 1814 635 1885 principales
662 1812 979 1869 festivitates
1010 1821 1135 1869 sunt
1164 1814 1404 1883 reliquae,
1434 1815 1739 1870 nullatenus
1772 1817 1898 1872 alibi

312 1906 415 1961 nisi
459 1921 581 1961 cum
609 1907 861 1975 episcopo
888 1921 985 1961 suo
1014 1906 1067 1960 in
1094 1906 1310 1960 civitate
1340 1914 1517 1960 teneat
1551 1922 1562 1958 :
1595 1907 1898 1978 quicunque

311 2006 438 2052 sunt
468 1998 616 2052 cives
645 2006 771 2050 natu
826 1995 1079 2066 majores,
1128 1995 1245 2067 pari
1293 1996 1452 2052 modo
1480 1997 1532 2051 in
1587 1998 1801 2054 urbibus
1832 2001 1897 2055 ad

309 2087 591 2156 pontifices
641 2100 769 2141 suos
815 2086 868 2139 in
910 2086 1182 2155 praedictis
1234 2086 1609 2143 festivitatibus
1661 2091 1892 2145 veniant.

307 2177 459 2244 Quod
518 2178 566 2232 si
646 2177 736 2245 qui
792 2176 1032 2245 improba
1091 2179 1388 2233 temeritate
1441 2183 1894 2248 contempserint,

311 2268 505 2321 iisdem
560 2266 961 2334 festivitatibus,
1023 2268 1075 2321 in
1127 2267 1320 2335 quibus
1370 2268 1421 2323 in
1471 2271 1684 2326 civitate
1712 2273 1899 2329 adesse

311 2357 622 2425 despiciunt
668 2357 1040 2412 communione
1074 2357 1358 2427 pellantur.

322 2506 3063 2532 ———————____.________.____.___________________

2005 1826 2127 1880 culo
2150 1828 2311 1881 etiam
2341 1828 2529 1883 borum
2550 1840 2708 1899 atque
2730 1832 2947 1887 cellario
2975 1835 3057 1889 vel
3080 1836 3325 1893 familiari
3352 1840 3589 1907 quolibet

2005 1921 2235 1975 servitio
2282 1937 2454 1990 neque
2501 1926 2923 1981 sanctimonialis
2962 1928 3069 1983 ulla
3116 1945 3288 1999 neque
3335 1941 3587 1987 extranea

2005 2011 2198 2065 mulier
2245 2012 2338 2077 sit,
2390 2028 2564 2082 neque
2614 2016 2808 2069 ancilla
2857 2017 2964 2071 ullo
3024 2021 3186 2074 modo
3232 2021 3588 2076 admittatur:

2005 2104 2146 2173 quod
2191 2108 2236 2159 si
2284 2105 2402 2173 quis
2428 2118 2815 2174 praeceptorum
2848 2109 2941 2163 Dei
2992 2111 3273 2165 immemor
3301 2112 3592 2167 crediderit

2005 2198 2475 2262 contemnendum,
2529 2199 2665 2251 sciat
2690 2213 2748 2251 se
2778 2202 3097 2256 auctoritate
3127 2202 3384 2258 canonica
3443 2219 3587 2259 cout-

2006 2286 2274 2340 munionis
2305 2286 2418 2341 sine
2442 2286 2601 2341 dubio
2630 2287 2808 2341 subire
2836 2288 3116 2356 jacturam.

1789 2591 2147 2667 XXXVI

309 2750 884 2839 EPISTOLA
938 2753 1169 2838 VEL
1245 2755 1917 2843 CONCILIUM
1996 2762 2155 2847 DE
2222 2765 2773 2850 CIVITATE
2828 2769 3591 2861 ARVEBNENSI

1330 2916 1410 2957 AD
1456 2914 1672 2962 REGEM
1720 2917 2242 2963 THEODOBERTUM
2288 2919 2588 2964 DIRECTA.

383 3040 613 3097 Domino
659 3041 1024 3098 illustrissimo
1056 3053 1216 3114 atque
1244 3045 1739 3114 praecellentissimo
1769 3035 1890 3103 ido-
1923 3047 1971 3111 C
2004 3055 2107 3100 tem
2137 3062 2301 3116 regno
2333 3056 2513 3102 vestro
2540 3058 2591 3102 et
2633 3050 3060 3115 repensationem
3106 3051 3339 3108 caelestis
3376 3051 3588 3110 Domini

311 3135 459 3190 mino
487 3142 543 3189 et
570 3135 680 3191 filio
711 3135 1090 3190 Theodoberto
1119 3136 1229 3206 regi
1264 3136 1590 3204 llouoratus,
1642 3138 1895 3207 Hilarius,

311 3225 622 3296 Gregorius,
676 3227 934 3290 Soricius,
983 3226 1253 3292 Necetius,
1312 3226 1546 3294 Flavius,
1606 3228 1897 3295 Domitius,

312 3315 623 3382 Dalmatius,
656 3316 856 3385 Lupus,
884 3316 1104 3386 Sperius
1144 3326 1198 3371 et
1224 3317 1564 3372 Desideratus
1592 3326 1639 3371 ⁸.

390 3409 525 3463 Dum
575 3410 629 3464 in
681 3412 922 3465 Arverna
974 3410 1105 3465 urbe
1158 3411 1222 3465 ad
1273 3410 1577 3479 replicanda
1635 3426 1897 3467 canonum

314 3510 513 3558 statuta
543 3502 627 3558 vel
658 3503 835 3559 studio
861 3503 1191 3558 elucidandae
1233 3504 1365 3573 legis
1413 3505 1786 3561 ecclesiasticae
1815 3507 1897 3563 bis

312 3595 404 3662 qui
437 3592 715 3648 dubietate
741 3594 988 3662 regendae
1018 3595 1142 3649 vitae
1170 3595 1398 3664 propria:
1427 3595 1649 3650 forsitan
1691 3612 1897 3666 preme-

311 3686 511 3740 bantur
540 3686 774 3741 cultores
802 3687 962 3740 vestri
988 3686 1332 3741 ecclesiarum
1377 3698 1672 3742 vestrarum
1700 3690 1897 3757 episco-

310 3777 361 3845 pi
389 3777 589 3846 pariter
617 3777 953 3843 sederemus,
978 3779 1331 3847 plurimorum
1356 3779 1421 3835 ad
1450 3794 1547 3835 nos
1578 3798 1688 3836 sua:
1709 3782 1897 3851 despe-

304 3870 533 3925 rationis
567 3871 863 3925 remedium
896 3870 1247 3942 flagilantium
1283 3876 1433 3928 turba
1464 3874 1743 3942 conllux’t,
1775 3892 1899 3946 spc-

303 3970 487 4015 rantes
516 3970 575 4014 ut
602 3977 707 4016 non
740 3962 915 4016 minus
942 3979 1036 4032 pro
1062 3965 1210 4034 regni
1235 3964 1397 4020 ve5tri
1436 3964 1707 4032 felicitate,
1737 3982 1895 4037 quam

304 4066 403 4120 pro
452 4066 551 4105 sua
599 4053 967 4109 Consolatione
1014 4056 1265 4125 pietatem
1299 4066 1531 4111 vestram
1583 4062 1893 4123 nostraJtu-

309 4144 517 4199 militas
550 4156 821 4215 exoraret,
856 4156 916 4201 ut
943 4164 1083 4203 nunc
1110 4163 1206 4217 per
1232 4151 1625 4220 suggestionem
1657 4161 1893 4206 nostram

299 4234 529 4304 iustitia:
560 4246 617 4291 et
665 4239 877 4307 pietatis
922 4250 1113 4295 vestra:
1166 4244 1382 4298 auribus
1431 4243 1786 4308 intimaretur.
1838 4254 1896 4299 ut

302 4326 507 4379 nullum
543 4326 610 4380 de
634 4327 797 4382 rebus
830 4330 912 4384 vel
944 4330 1011 4385 de
1036 4333 1480 4400 possessiunculis
1505 4336 1733 4403 propriis
1765 4336 1891 4391 alie-

2006 3151 2099 3205 per
2133 3136 2393 3191 indultam
2443 3138 2652 3207 pietatis
2680 3136 2708 3175 ιι
2754 3139 2977 3208 gratiam
3029 3140 3270 3195 habeatis
3322 3141 3464 3215 [151,
3497 3158 3589 3198 au-

2000 3227 2211 3298 geatis].
2253 3228 2404 3283 Unde
2447 3229 2879 3284 reverentissime
2927 3241 2985 3284 ut
3013 3230 3231 3300 dignum
3287 3244 3370 3287 est
3419 3234 3590 3303 εοερί-

2003 3324 2178 3370 tantes
2226 3331 2533 3385 quaesumus
2564 3327 2621 3371 ut
2649 3317 2750 3372 hoc
2783 3328 2980 3373 nostra:
3009 3321 3252 3388 petitioni
3283 3322 3464 3376 divino
3510 3325 3589 3377 in-

2002 3405 2134 3459 tuitu
2168 3406 2334 3474 pietas
2361 3416 2539 3461 vestra
2584 3422 2691 3462 non
2734 3409 2981 3477 deneget,
3016 3420 3067 3463 ut
3092 3418 3207 3464 tum
3238 3423 3473 3467 rectores
3499 3427 3589 3468 ec-

1998 3495 2281 3549 clesiarum
2316 3506 2640 3563 vestrarum,
2690 3512 2810 3552 cum
2843 3499 3120 3554 universos
3167 3500 3395 3555 clericos
3425 3510 3587 3572 atque

2001 3587 2162 3641 etiam
2195 3588 2482 3643 saecularcs
2512 3588 2613 3643 sub
2638 3589 2789 3659 regni
2820 3590 2983 3644 vestri
3013 3590 3322 3660 conditione
3352 3606 3589 3647 maneur-

2002 3689 2101 3744 tes,
2131 3695 2229 3735 nec
2264 3695 2369 3734 non
2404 3681 2469 3734 ad
2496 3696 2779 3751 regnorum
2811 3692 3018 3751 patrum
3073 3692 3366 3738 vestrorum
3414 3685 3587 3741 domi-

2003 3770 2149 3823 nium
2178 3771 2533 3839 pertinentes,
2582 3773 2649 3826 de
2702 3786 2808 3842 quo
2835 3772 2888 3826 in
2917 3782 3062 3827 sorte
3091 3782 3267 3827 vestra
3297 3784 3378 3829 est
3403 3786 3583 3831 extra-

1999 3875 2154 3924 neos,
2182 3861 2249 3914 tle
2275 3875 2383 3928 quo
2416 3861 2612 3917 habere
2640 3866 2912 3930 proprium
2942 3878 3157 3932 semper
3184 3865 3280 3920 visi
3307 3876 3448 3931 sunt,
3476 3885 3584 3924 non

1999 3952 2317 4021 permittatis
2344 3952 2595 4016 existere,
2633 3964 2688 4005 ut
2711 3967 2933 4008 securus
2959 3955 3264 4023 quicunque
3293 3958 3588 4024 proprieta-

1998 4052 2102 4097 tem
2131 4056 2279 4095 suam
2312 4041 2596 4110 possidens
2617 4042 2798 4096 debita
2845 4044 3039 4097 tributa
3074 4044 3333 4099 diswlvat
3362 4047 3583 4105 domino

1997 4135 2048 4188 in
2081 4132 2236 4202 cujus
2266 4140 2411 4188 sorte
2439 4133 2707 4202 possessio
2750 4146 2845 4187 sua
2876 4134 3135 4202 pervenit,
3194 4135 3335 4203 quod
3367 4146 3421 4190 et
3466 4138 3585 4193 the-

1996 4228 2175 4281 sauris
2204 4224 2399 4279 vestris
2430 4224 2651 4280 omnino
2685 4224 2865 4280 utilius
2890 4240 3011 4281 esse
3039 4240 3344 4292 censemus,
3374 4228 3417 4280 si
3442 4243 3585 4282 sem-

1994 4331 2090 4387 per
2121 4318 2374 4386 pictatem
2428 4324 2665 4371 vestram
2697 4318 2900 4370 salvata
2932 4316 3201 4386 possessio
3241 4319 3585 4373 consuetudi-

298 4432 427 4470 num
473 4416 641 4484 pietas
677 4428 854 4474 vestra
895 4422 1247 4489 permitteret,
1285 4434 1343 4477 ut
1382 4424 1507 4477 dum
1551 4425 1706 4479 unius
1749 4426 1889 4497 regis

1999 4408 2199 4462 nariam
2267 4406 2508 4473 intulerit
2569 4406 2932 4474 iunctionem,
3002 4415 3058 4463 et
3106 4422 3203 4461 nos
3257 4408 3582 4476 peculiarius

296 4508 532 4578 quisque
554 4512 801 4578 potestati
823 4528 882 4566 ac
896 4512 1134 4569 dominio
1147 4514 1408 4584 subjacet,
1431 4516 1481 4570 in
1501 4516 1721 4571 alterius
1742 4527 1889 4574 sorte

297 4604 532 4668 positam
557 4600 1198 4672 cujuscunqueutassolct
1217 4606 1544 4674 impetitione
1558 4624 1662 4663 non
1677 4610 1887 4665 amitte-

296 4703 376 4747 ret
418 4691 734 4748 facultatem
774 4714 784 4747 :
820 4699 957 4765 quod
990 4712 1087 4751 nos
1119 4698 1185 4752 de
1216 4697 1377 4751 vestri
1401 4699 1644 4753 culminis
1684 4699 1883 4767 iustitia

288 4796 348 4839 ‘ct
402 4785 613 4856 pietate
662 4787 888 4842 fidentes
937 4805 1042 4843 nnu
1091 4790 1361 4845 credimus
1408 4791 1801 4861 denegandum,
1833 4804 1891 4849 ut

291 4874 420 4929 dum
463 4876 818 4944 plurimorum
851 4882 1258 4936 necessitatibus
1287 4881 1425 4950 justa
1456 4892 1512 4937 ut
1541 4885 1808 4939 credimus
1837 4896 1891 4940 et

292 4967 407 5023 Deo
470 4970 744 5036 placentes
791 4974 1129 5042 Suggestiauc
1168 4976 1513 5040 consulimus,
1560 4976 1884 5046 prosperita-

360 5108 387 5135 ⁸
432 5098 560 5163 ΑΞ..
596 5102 937 5173 Domiti-mus,
993 5104 1287 5165 Deuterins.
1318 5107 1519 5170 Callus,
1575 5106 1883 5173 Dalmatius,

292 5166 613 5252 Venautius,
646 5172 993 5231 Crametiws.
1036 5176 1232 5246 Lupus,
1262 5166 1516 5246 Spcrius,
1558 5166 1886 5232 Desideratus

350 5255 544 5294 ιεσουι.

283 5255 587 5391 Ὗῗφΐῗιῆ,
616 5329 705 5391 per
732 5314 985 5371 indultam
1017 5318 1274 5389 pietatem.
1310 5318 1452 5387 122,
1487 5333 1575 5390 per
1620 5318 1889 5390 indulgen-

287 5385 422 5431 tiam
448 5385 682 5449 pietatis.
1017 5385 1026 5389 ’
1380 5414 1397 5421 ν·

1997 4496 2278 4551 clemeutia
2308 4505 2483 4551 vestra
2510 4499 2837 4563 consolatur,
2870 4499 2914 4552 si
2945 4498 3162 4552 obtentu
3207 4499 3580 4566 hujuscemodi

1998 4590 2266 4657 petitionis
2289 4604 2387 4644 nos
2414 4604 2624 4659 quoque
2651 4600 2824 4644 vestra
2855 4589 3038 4644 fecerit
3068 4590 3319 4659 gratulari
3358 4598 3576 4645 statuta.

1982 4680 2106 4736 Deo
2136 4680 2370 4749 propitio
2399 4680 2637 4747 synodus
2680 4680 3015 4748 infrascripta
3049 4688 3071 4717 ο
3105 4679 3245 4749 apud
3286 4681 3580 4736 Ecclesiam

1996 4774 2295 4825 Arvernam
2344 4772 2445 4825 sub
2472 4772 2561 4825 die
2592 4786 2644 4825 vt
2695 4773 2813 4827 idus
2841 4770 3156 4828 Novembris
3186 4782 3306 4842 post
3333 4775 3580 4829 consula-

1999 4874 2105 4917 tum
2141 4862 2344 4917 Paulini
2372 4862 2632 4918 Junioris.

2071 5119 2091 5146 ο
2141 5108 2371 5176 Epistula
2428 5105 2541 5159 hmc
2572 5107 2823 5175 supponit
2854 5103 3222 5158 remissionem
3253 5097 3573 5177 exeinnlaris

1994 5178 2273 5247 Cuiusdam
2306 5178 2369 5248 ad
2399 5192 2593 5248 regem
2622 5177 3052 5248 'l‘beodobertum
3085 5191 3098 5222 :
3126 5183 3365 5248 quamvis
3394 5179 3570 5219 autent

1998 5238 2111 5316 ipsa
2144 5250 2195 5300 in
2234 5238 2517 5301 Codicibus
2546 5241 3138 5317 concilio_Arverriensi
3169 5238 3404 5317 secundo
3436 5252 3574 5301 pra:-

1998 5312 2245 5387 ponatur,
2294 5329 2411 5369 eam
2469 5323 2646 5367 tanien
2679 5315 2743 5365 ad
2779 5312 3120 5387 Arvernense
3152 5312 3377 5375 primum
3412 5322 3572 5361 revo-

2000 5378 2247 5455 candam,
2281 5394 2334 5439 et
2361 5392 2647 5439 contextus
2669 5393 2721 5438 et
2743 5378 2947 5451 epocha
2968 5378 3360 5435 demonstrant.
