  <div class='ocr_page' id='page_1' title='image "/cluster/home/n/w/nwhite01/storage/ocr_20150623/84/hvd.32044054758883/153.png"; bbox 0 0 4060 6184; ppageno 0'>
   <div class='ocr_carea' id='block_1_1' title="bbox 447 355 3713 415">
    <p class='ocr_par' dir='ltr' id='par_1_1' title="bbox 447 355 3713 415">
     <span class='ocr_line' id='line_1_1' title="bbox 447 355 3713 415; baseline 0.001 -18"><span class='ocrx_word' id='word_1_1' title='bbox 447 355 3713 415; x_wconf 55' lang='lat' dir='ltr'>W</span> 
     </span>
    </p>
   </div>
   <div class='ocr_carea' id='block_1_2' title="bbox 924 451 2025 658">
    <p class='ocr_par' dir='ltr' id='par_1_2' title="bbox 924 451 2025 655">
     <span class='ocr_line' id='line_1_2' title="bbox 924 451 2025 655; baseline 0.002 -3"><span class='ocrx_word' id='word_1_2' title='bbox 924 567 1579 653; x_wconf 77' lang='lat' dir='ltr'><strong>CONCILIUM</strong></span> <span class='ocrx_word' id='word_1_3' title='bbox 1657 451 2025 655; x_wconf 53' lang='lat' dir='ltr'><strong>ARV];</strong></span> 
     </span>
    </p>
   </div>
   <div class='ocr_carea' id='block_1_3' title="bbox 2123 451 3220 658">
    <p class='ocr_par' dir='ltr' id='par_1_3' title="bbox 2123 454 3220 658">
     <span class='ocr_line' id='line_1_3' title="bbox 2123 454 3220 658; baseline -0.002 -3"><span class='ocrx_word' id='word_1_4' title='bbox 2123 454 2444 658; x_wconf 49' lang='grc' dir='ltr'><strong>ῗέἓΞΕ</strong></span> <span class='ocrx_word' id='word_1_5' title='bbox 2520 573 3220 658; x_wconf 82' lang='lat' dir='ltr'><strong>SECUNDUM.</strong></span> 
     </span>
    </p>
   </div>
   <div class='ocr_carea' id='block_1_4' title="bbox 500 736 2025 822">
    <p class='ocr_par' dir='ltr' id='par_1_4' title="bbox 500 746 2023 822">
     <span class='ocr_line' id='line_1_4' title="bbox 500 746 2023 822; baseline 0.001 -16"><span class='ocrx_word' id='word_1_6' title='bbox 500 746 853 818; x_wconf 68' lang='grc'><strong>273-274.</strong></span> <span class='ocrx_word' id='word_1_7' title='bbox 882 747 980 801; x_wconf 78' lang='lat' dir='ltr'><strong>Ubi</strong></span> <span class='ocrx_word' id='word_1_8' title='bbox 1013 748 1194 801; x_wconf 88' lang='lat' dir='ltr'><strong>beatus</strong></span> <span class='ocrx_word' id='word_1_9' title='bbox 1225 746 1409 803; x_wconf 85' lang='lat' dir='ltr'><strong>Petrus</strong></span> <span class='ocrx_word' id='word_1_10' title='bbox 1437 750 1686 805; x_wconf 86' lang='lat' dir='ltr'><strong>divinitus</strong></span> <span class='ocrx_word' id='word_1_11' title='bbox 1716 750 2023 822; x_wconf 65' lang='lat' dir='ltr'><strong>inspiratus,</strong></span> 
     </span>
    </p>
   </div>
   <div class='ocr_carea' id='block_1_5' title="bbox 2123 736 3709 822">
    <p class='ocr_par' dir='ltr' id='par_1_5' title="bbox 2129 736 3709 807">
     <span class='ocr_line' id='line_1_5' title="bbox 2129 736 3709 807; baseline 0.004 -19"><span class='ocrx_word' id='word_1_12' title='bbox 2129 737 2251 790; x_wconf 71' lang='lat' dir='ltr'><strong>vita:</strong></span> <span class='ocrx_word' id='word_1_13' title='bbox 2281 751 2394 790; x_wconf 73' lang='lat' dir='ltr'><strong>sua:</strong></span> <span class='ocrx_word' id='word_1_14' title='bbox 2424 737 2494 790; x_wconf 88' lang='lat' dir='ltr'><strong>ab</strong></span> <span class='ocrx_word' id='word_1_15' title='bbox 2522 736 2710 791; x_wconf 89' lang='lat' dir='ltr'><strong>ordine</strong></span> <span class='ocrx_word' id='word_1_16' title='bbox 2740 739 2944 807; x_wconf 89' lang='lat' dir='ltr'><strong>accepti</strong></span> <span class='ocrx_word' id='word_1_17' title='bbox 2978 738 3202 803; x_wconf 75' lang='lat' dir='ltr'><strong>ordinis,</strong></span> <span class='ocrx_word' id='word_1_18' title='bbox 3231 740 3366 794; x_wconf 88' lang='lat' dir='ltr'><strong>sicut</strong></span> <span class='ocrx_word' id='word_1_19' title='bbox 3394 740 3592 798; x_wconf 79' lang='lat' dir='ltr'><strong>habent</strong></span> <span class='ocrx_word' id='word_1_20' title='bbox 3615 744 3709 797; x_wconf 77' lang='lat' dir='ltr'><strong>Pa.</strong></span> 
     </span>
    </p>
   </div>
   <div class='ocr_carea' id='block_1_6' title="bbox 431 839 2015 910">
    <p class='ocr_par' dir='ltr' id='par_1_6' title="bbox 431 839 2015 910">
     <span class='ocr_line' id='line_1_6' title="bbox 431 839 2015 910; baseline 0.004 -20"><span class='ocrx_word' id='word_1_21' title='bbox 431 847 488 890; x_wconf 88' lang='lat' dir='ltr'><strong>et</strong></span> <span class='ocrx_word' id='word_1_22' title='bbox 517 839 853 892; x_wconf 66' lang='lat' dir='ltr'><strong>confessione</strong></span> <span class='ocrx_word' id='word_1_23' title='bbox 880 854 973 889; x_wconf 86' lang='lat' dir='ltr'><strong>sna</strong></span> <span class='ocrx_word' id='word_1_24' title='bbox 1003 839 1245 891; x_wconf 71' lang='lat' dir='ltr'><strong>ointiibus</strong></span> <span class='ocrx_word' id='word_1_25' title='bbox 1285 840 1625 896; x_wconf 87' lang='lat' dir='ltr'><strong>credentibus</strong></span> <span class='ocrx_word' id='word_1_26' title='bbox 1675 841 1977 910; x_wconf 75' lang='lat' dir='ltr'><strong>pzofutuous</strong></span> <span class='ocrx_word' id='word_1_27' title='bbox 2004 861 2015 895; x_wconf 91' lang='lat'><strong>:</strong></span> 
     </span>
    </p>
   </div>
   <div class='ocr_carea' id='block_1_7' title="bbox 435 929 2022 997">
    <p class='ocr_par' dir='ltr' id='par_1_7' title="bbox 435 929 2022 997">
     <span class='ocr_line' id='line_1_7' title="bbox 435 929 2022 997; baseline 0.004 -16"><span class='ocrx_word' id='word_1_28' title='bbox 435 930 514 981; x_wconf 83' lang='lat' dir='ltr'><strong>Tu</strong></span> <span class='ocrx_word' id='word_1_29' title='bbox 537 945 610 995; x_wconf 84' lang='lat' dir='ltr'><strong>es,</strong></span> <span class='ocrx_word' id='word_1_30' title='bbox 647 929 840 997; x_wconf 77' lang='lat' dir='ltr'><strong>inquit,</strong></span> <span class='ocrx_word' id='word_1_31' title='bbox 873 931 1105 982; x_wconf 81' lang='lat' dir='ltr'><strong>Christus</strong></span> <span class='ocrx_word' id='word_1_32' title='bbox 1143 930 1309 983; x_wconf 81' lang='lat' dir='ltr'><strong>Filius</strong></span> <span class='ocrx_word' id='word_1_33' title='bbox 1345 932 1437 985; x_wconf 79' lang='lat' dir='ltr'><strong>Dei</strong></span> <span class='ocrx_word' id='word_1_34' title='bbox 1466 934 1582 996; x_wconf 85' lang='lat' dir='ltr'><strong>vivi,</strong></span> <span class='ocrx_word' id='word_1_35' title='bbox 1625 948 1722 986; x_wconf 89' lang='lat' dir='ltr'><strong>nec</strong></span> <span class='ocrx_word' id='word_1_36' title='bbox 1755 933 2022 987; x_wconf 85' lang='lat' dir='ltr'><strong>immerito</strong></span> 
     </span>
    </p>
   </div>
   <div class='ocr_carea' id='block_1_8' title="bbox 428 1018 2023 1090">
    <p class='ocr_par' dir='ltr' id='par_1_8' title="bbox 428 1018 2023 1090">
     <span class='ocr_line' id='line_1_8' title="bbox 428 1018 2023 1090; baseline 0.003 -18"><span class='ocrx_word' id='word_1_37' title='bbox 428 1018 615 1073; x_wconf 83' lang='lat' dir='ltr'><strong>beatus</strong></span> <span class='ocrx_word' id='word_1_38' title='bbox 643 1022 1016 1087; x_wconf 64' lang='lat' dir='ltr'><strong>pronuntiatur</strong></span> <span class='ocrx_word' id='word_1_39' title='bbox 1043 1038 1070 1071; x_wconf 86' lang='lat' dir='ltr'><strong>a</strong></span> <span class='ocrx_word' id='word_1_40' title='bbox 1097 1020 1340 1087; x_wconf 69' lang='lat' dir='ltr'><strong>Domino,</strong></span> <span class='ocrx_word' id='word_1_41' title='bbox 1371 1032 1472 1084; x_wconf 82' lang='lat' dir='ltr'><strong>et._a</strong></span> <span class='ocrx_word' id='word_1_42' title='bbox 1499 1023 1776 1090; x_wconf 70' lang='lat' dir='ltr'><strong>principali</strong></span> <span class='ocrx_word' id='word_1_43' title='bbox 1805 1024 1868 1075; x_wconf 89' lang='lat' dir='ltr'><strong>ad</strong></span> <span class='ocrx_word' id='word_1_44' title='bbox 1899 1024 2023 1077; x_wconf 88' lang='lat' dir='ltr'><strong>divi-</strong></span> 
     </span>
    </p>
   </div>
   <div class='ocr_carea' id='block_1_9' title="bbox 433 1110 2022 1182">
    <p class='ocr_par' dir='ltr' id='par_1_9' title="bbox 433 1110 2022 1182">
     <span class='ocr_line' id='line_1_9' title="bbox 433 1110 2022 1182; baseline 0.003 -21"><span class='ocrx_word' id='word_1_45' title='bbox 433 1126 552 1161; x_wconf 81' lang='lat' dir='ltr'><strong>nam</strong></span> <span class='ocrx_word' id='word_1_46' title='bbox 585 1110 806 1178; x_wconf 82' lang='lat' dir='ltr'><strong>gratiam</strong></span> <span class='ocrx_word' id='word_1_47' title='bbox 861 1111 1196 1165; x_wconf 83' lang='lat' dir='ltr'><strong>referendum</strong></span> <span class='ocrx_word' id='word_1_48' title='bbox 1248 1124 1350 1175; x_wconf 64' lang='grc' dir='ltr'><strong>ρηι,</strong></span> <span class='ocrx_word' id='word_1_49' title='bbox 1407 1114 1619 1180; x_wconf 88' lang='lat' dir='ltr'><strong>quando</strong></span> <span class='ocrx_word' id='word_1_50' title='bbox 1668 1123 1790 1165; x_wconf 84' lang='lat' dir='ltr'><strong>vota</strong></span> <span class='ocrx_word' id='word_1_51' title='bbox 1826 1115 2022 1182; x_wconf 87' lang='lat' dir='ltr'><strong>princi-</strong></span> 
     </span>
    </p>
   </div>
   <div class='ocr_carea' id='block_1_10' title="bbox 433 1203 2019 1275">
    <p class='ocr_par' dir='ltr' id='par_1_10' title="bbox 433 1203 2019 1275">
     <span class='ocr_line' id='line_1_10' title="bbox 433 1203 2019 1275; baseline 0.004 -23"><span class='ocrx_word' id='word_1_52' title='bbox 433 1216 558 1267; x_wconf 92' lang='lat' dir='ltr'><strong>pum</strong></span> <span class='ocrx_word' id='word_1_53' title='bbox 581 1203 907 1256; x_wconf 80' lang='lat' dir='ltr'><strong>concordant</strong></span> <span class='ocrx_word' id='word_1_54' title='bbox 937 1205 1124 1256; x_wconf 84' lang='lat' dir='ltr'><strong>animis</strong></span> <span class='ocrx_word' id='word_1_55' title='bbox 1153 1206 1484 1257; x_wconf 74' lang='lat' dir='ltr'><strong>sacerdotum</strong></span> <span class='ocrx_word' id='word_1_56' title='bbox 1509 1221 1522 1268; x_wconf 93' lang='lat'>;</span> <span class='ocrx_word' id='word_1_57' title='bbox 1563 1215 1615 1257; x_wconf 91' lang='lat' dir='ltr'><strong>ut</strong></span> <span class='ocrx_word' id='word_1_58' title='bbox 1646 1205 1769 1258; x_wconf 86' lang='lat' dir='ltr'><strong>dum</strong></span> <span class='ocrx_word' id='word_1_59' title='bbox 1793 1207 1860 1258; x_wconf 90' lang='lat' dir='ltr'><strong>sit</strong></span> <span class='ocrx_word' id='word_1_60' title='bbox 1889 1221 2019 1275; x_wconf 84' lang='lat' dir='ltr'><strong>pon-</strong></span> 
     </span>
    </p>
   </div>
   <div class='ocr_carea' id='block_1_11' title="bbox 443 1291 2014 1363">
    <p class='ocr_par' dir='ltr' id='par_1_11' title="bbox 443 1291 2014 1363">
     <span class='ocr_line' id='line_1_11' title="bbox 443 1291 2014 1363; baseline 0.003 -22"><span class='ocrx_word' id='word_1_61' title='bbox 443 1291 634 1346; x_wconf 85' lang='lat' dir='ltr'><strong>tificale</strong></span> <span class='ocrx_word' id='word_1_62' title='bbox 661 1293 964 1357; x_wconf 82' lang='lat' dir='ltr'><strong>concilium,</strong></span> <span class='ocrx_word' id='word_1_63' title='bbox 997 1310 1236 1347; x_wconf 88' lang='lat' dir='ltr'><strong>normam</strong></span> <span class='ocrx_word' id='word_1_64' title='bbox 1271 1297 1477 1347; x_wconf 90' lang='lat' dir='ltr'><strong>vivendi</strong></span> <span class='ocrx_word' id='word_1_65' title='bbox 1507 1303 1682 1348; x_wconf 80' lang='lat' dir='ltr'><strong>teneat</strong></span> <span class='ocrx_word' id='word_1_66' title='bbox 1707 1297 2014 1363; x_wconf 70' lang='lat' dir='ltr'><strong>capittilatio</strong></span> 
     </span>
    </p>
   </div>
   <div class='ocr_carea' id='block_1_12' title="bbox 431 1382 2022 1457">
    <p class='ocr_par' dir='ltr' id='par_1_12' title="bbox 431 1382 2022 1457">
     <span class='ocr_line' id='line_1_12' title="bbox 431 1382 2022 1457; baseline 0.004 -21"><span class='ocrx_word' id='word_1_67' title='bbox 431 1382 579 1457; x_wconf 62' lang='grc' dir='ltr'><strong>[Λῐη</strong></span> <span class='ocrx_word' id='word_1_68' title='bbox 612 1385 1001 1456; x_wconf 79' lang='lat' dir='ltr'><strong>recapitulatio]</strong></span> <span class='ocrx_word' id='word_1_69' title='bbox 1026 1389 1237 1455; x_wconf 85' lang='lat' dir='ltr'><strong>antiqua</strong></span> <span class='ocrx_word' id='word_1_70' title='bbox 1261 1402 1522 1440; x_wconf 90' lang='lat' dir='ltr'><strong>canonum</strong></span> <span class='ocrx_word' id='word_1_71' title='bbox 1551 1387 1628 1440; x_wconf 86' lang='lat' dir='ltr'><strong>vel</strong></span> <span class='ocrx_word' id='word_1_72' title='bbox 1649 1401 1699 1439; x_wconf 90' lang='lat' dir='ltr'><strong>ut</strong></span> <span class='ocrx_word' id='word_1_73' title='bbox 1721 1387 1870 1441; x_wconf 85' lang='lat' dir='ltr'><strong>locus</strong></span> <span class='ocrx_word' id='word_1_74' title='bbox 1887 1397 2022 1442; x_wconf 87' lang='lat' dir='ltr'><strong>tem-</strong></span> 
     </span>
    </p>
   </div>
   <div class='ocr_carea' id='block_1_13' title="bbox 437 1476 2022 1544">
    <p class='ocr_par' dir='ltr' id='par_1_13' title="bbox 437 1476 2022 1544">
     <span class='ocr_line' id='line_1_13' title="bbox 437 1476 2022 1544; baseline 0.006 -18"><span class='ocrx_word' id='word_1_75' title='bbox 437 1490 641 1542; x_wconf 85' lang='lat' dir='ltr'><strong>pusque</strong></span> <span class='ocrx_word' id='word_1_76' title='bbox 657 1486 757 1539; x_wconf 57' lang='lat' dir='ltr'><strong>est,</strong></span> <span class='ocrx_word' id='word_1_77' title='bbox 785 1477 834 1527; x_wconf 90' lang='lat' dir='ltr'><strong>in</strong></span> <span class='ocrx_word' id='word_1_78' title='bbox 859 1476 1256 1544; x_wconf 75' lang='lat' dir='ltr'><strong>quibusrunque</strong></span> <span class='ocrx_word' id='word_1_79' title='bbox 1276 1478 1439 1530; x_wconf 85' lang='lat' dir='ltr'><strong>titulis</strong></span> <span class='ocrx_word' id='word_1_80' title='bbox 1455 1478 1722 1531; x_wconf 87' lang='lat' dir='ltr'><strong>veteribus</strong></span> <span class='ocrx_word' id='word_1_81' title='bbox 1741 1478 2022 1535; x_wconf 72' lang='lat' dir='ltr'><strong>adhmrens</strong></span> 
     </span>
    </p>
   </div>
   <div class='ocr_carea' id='block_1_14' title="bbox 433 1568 2020 1638">
    <p class='ocr_par' dir='ltr' id='par_1_14' title="bbox 433 1568 2020 1638">
     <span class='ocr_line' id='line_1_14' title="bbox 433 1568 2020 1638; baseline 0.004 -19"><span class='ocrx_word' id='word_1_82' title='bbox 433 1581 568 1619; x_wconf 83' lang='lat' dir='ltr'><strong>nova</strong></span> <span class='ocrx_word' id='word_1_83' title='bbox 600 1568 910 1621; x_wconf 83' lang='lat' dir='ltr'><strong>constitutio</strong></span> <span class='ocrx_word' id='word_1_84' title='bbox 957 1570 1311 1624; x_wconf 75' lang='lat' dir='ltr'><strong>sanctionum.</strong></span> <span class='ocrx_word' id='word_1_85' title='bbox 1367 1571 1528 1638; x_wconf 84' lang='lat' dir='ltr'><strong>Igitur</strong></span> <span class='ocrx_word' id='word_1_86' title='bbox 1558 1583 1678 1624; x_wconf 85' lang='lat' dir='ltr'><strong>cum</strong></span> <span class='ocrx_word' id='word_1_87' title='bbox 1709 1570 2020 1626; x_wconf 84' lang='lat' dir='ltr'><strong>clementis-</strong></span> 
     </span>
    </p>
   </div>
   <div class='ocr_carea' id='block_1_15' title="bbox 437 1659 2018 1728">
    <p class='ocr_par' dir='ltr' id='par_1_15' title="bbox 437 1659 2018 1728">
     <span class='ocr_line' id='line_1_15' title="bbox 437 1659 2018 1728; baseline 0.006 -21"><span class='ocrx_word' id='word_1_88' title='bbox 437 1659 606 1708; x_wconf 84' lang='lat' dir='ltr'><strong>simus</strong></span> <span class='ocrx_word' id='word_1_89' title='bbox 639 1659 884 1725; x_wconf 75' lang='lat' dir='ltr'><strong>princeps</strong></span> <span class='ocrx_word' id='word_1_90' title='bbox 916 1659 1164 1713; x_wconf 90' lang='lat' dir='ltr'><strong>dominus</strong></span> <span class='ocrx_word' id='word_1_91' title='bbox 1193 1667 1217 1694; x_wconf 77' lang='grc' dir='ltr'><strong>ει</strong></span> <span class='ocrx_word' id='word_1_92' title='bbox 1249 1661 1632 1728; x_wconf 85' lang='lat' dir='ltr'><strong>triumphorum</strong></span> <span class='ocrx_word' id='word_1_93' title='bbox 1659 1661 1826 1715; x_wconf 86' lang='lat' dir='ltr'><strong>titulis</strong></span> <span class='ocrx_word' id='word_1_94' title='bbox 1848 1662 2018 1717; x_wconf 83' lang='lat' dir='ltr'><strong>invic-</strong></span> 
     </span>
    </p>
   </div>
   <div class='ocr_carea' id='block_1_16' title="bbox 435 1749 2022 1818">
    <p class='ocr_par' dir='ltr' id='par_1_16' title="bbox 435 1749 2022 1818">
     <span class='ocr_line' id='line_1_16' title="bbox 435 1749 2022 1818; baseline 0.005 -17"><span class='ocrx_word' id='word_1_95' title='bbox 435 1749 668 1803; x_wconf 86' lang='lat' dir='ltr'><strong>tissimus</strong></span> <span class='ocrx_word' id='word_1_96' title='bbox 697 1749 1070 1803; x_wconf 74' lang='lat' dir='ltr'><strong>(Lbildehertus</strong></span> <span class='ocrx_word' id='word_1_97' title='bbox 1102 1766 1188 1805; x_wconf 67' lang='lat' dir='ltr'><strong>res</strong></span> <span class='ocrx_word' id='word_1_98' title='bbox 1225 1766 1318 1818; x_wconf 66' lang='lat' dir='ltr'><strong>per</strong></span> <span class='ocrx_word' id='word_1_99' title='bbox 1348 1767 1582 1806; x_wconf 88' lang='lat' dir='ltr'><strong>amorem</strong></span> <span class='ocrx_word' id='word_1_100' title='bbox 1629 1767 1798 1807; x_wconf 72' lang='lat' dir='ltr'><strong>sacra:</strong></span> <span class='ocrx_word' id='word_1_101' title='bbox 1821 1753 1941 1808; x_wconf 89' lang='lat' dir='ltr'><strong>lidei</strong></span> <span class='ocrx_word' id='word_1_102' title='bbox 1967 1763 2022 1809; x_wconf 84' lang='lat' dir='ltr'><strong>et</strong></span> 
     </span>
    </p>
   </div>
   <div class='ocr_carea' id='block_1_17' title="bbox 430 1841 2020 1914">
    <p class='ocr_par' dir='ltr' id='par_1_17' title="bbox 430 1841 2020 1914">
     <span class='ocr_line' id='line_1_17' title="bbox 430 1841 2020 1914; baseline 0.006 -23"><span class='ocrx_word' id='word_1_103' title='bbox 430 1847 628 1892; x_wconf 85' lang='lat' dir='ltr'><strong>statum</strong></span> <span class='ocrx_word' id='word_1_104' title='bbox 669 1842 938 1910; x_wconf 69' lang='lat' dir='ltr'><strong>religionis</strong></span> <span class='ocrx_word' id='word_1_105' title='bbox 981 1842 1032 1894; x_wconf 90' lang='lat' dir='ltr'><strong>in</strong></span> <span class='ocrx_word' id='word_1_106' title='bbox 1081 1841 1445 1896; x_wconf 84' lang='lat' dir='ltr'><strong>Aurelianensi</strong></span> <span class='ocrx_word' id='word_1_107' title='bbox 1479 1843 1609 1898; x_wconf 83' lang='lat' dir='ltr'><strong>urbe</strong></span> <span class='ocrx_word' id='word_1_108' title='bbox 1639 1855 2020 1914; x_wconf 78' lang='lat' dir='ltr'><strong>congregasset</strong></span> 
     </span>
    </p>
   </div>
   <div class='ocr_carea' id='block_1_18' title="bbox 425 1931 2018 2003">
    <p class='ocr_par' dir='ltr' id='par_1_18' title="bbox 425 1931 2018 2003">
     <span class='ocr_line' id='line_1_18' title="bbox 425 1931 2018 2003; baseline 0.006 -19"><span class='ocrx_word' id='word_1_109' title='bbox 425 1931 480 1984; x_wconf 88' lang='lat' dir='ltr'><strong>in</strong></span> <span class='ocrx_word' id='word_1_110' title='bbox 513 1947 672 1986; x_wconf 88' lang='lat' dir='ltr'><strong>unum</strong></span> <span class='ocrx_word' id='word_1_111' title='bbox 698 1933 798 1986; x_wconf 82' lang='lat' dir='ltr'><strong>Dei</strong></span> <span class='ocrx_word' id='word_1_112' title='bbox 828 1934 1156 2000; x_wconf 83' lang='lat' dir='ltr'><strong>sacerdotes,</strong></span> <span class='ocrx_word' id='word_1_113' title='bbox 1200 1938 1420 2003; x_wconf 69' lang='lat' dir='ltr'><strong>cupiens</strong></span> <span class='ocrx_word' id='word_1_114' title='bbox 1447 1952 1510 1991; x_wconf 86' lang='lat' dir='ltr'><strong>ex</strong></span> <span class='ocrx_word' id='word_1_115' title='bbox 1549 1952 1643 1991; x_wconf 92' lang='lat' dir='ltr'><strong>ore</strong></span> <span class='ocrx_word' id='word_1_116' title='bbox 1680 1936 1893 1992; x_wconf 86' lang='lat' dir='ltr'><strong>Patrum</strong></span> <span class='ocrx_word' id='word_1_117' title='bbox 1925 1954 2018 1994; x_wconf 87' lang='lat' dir='ltr'><strong>au-</strong></span> 
     </span>
    </p>
   </div>
   <div class='ocr_carea' id='block_1_19' title="bbox 430 2022 2014 2094">
    <p class='ocr_par' dir='ltr' id='par_1_19' title="bbox 430 2022 2014 2094">
     <span class='ocr_line' id='line_1_19' title="bbox 430 2022 2014 2094; baseline 0.006 -19"><span class='ocrx_word' id='word_1_118' title='bbox 430 2022 548 2077; x_wconf 89' lang='lat' dir='ltr'><strong>dire</strong></span> <span class='ocrx_word' id='word_1_119' title='bbox 578 2027 714 2086; x_wconf 58' lang='lat' dir='ltr'><strong>quod</strong></span> <span class='ocrx_word' id='word_1_120' title='bbox 745 2039 953 2078; x_wconf 88' lang='lat' dir='ltr'><strong>sacrum</strong></span> <span class='ocrx_word' id='word_1_121' title='bbox 981 2033 1084 2091; x_wconf 89' lang='lat' dir='ltr'><strong>est,</strong></span> <span class='ocrx_word' id='word_1_122' title='bbox 1133 2027 1269 2094; x_wconf 89' lang='lat' dir='ltr'><strong>quod</strong></span> <span class='ocrx_word' id='word_1_123' title='bbox 1304 2042 1399 2094; x_wconf 91' lang='lat' dir='ltr'><strong>pro</strong></span> <span class='ocrx_word' id='word_1_124' title='bbox 1426 2027 1797 2083; x_wconf 65' lang='lat' dir='ltr'><strong>ecclesiastico</strong></span> <span class='ocrx_word' id='word_1_125' title='bbox 1826 2031 2014 2086; x_wconf 89' lang='lat' dir='ltr'><strong>ordine</strong></span> 
     </span>
    </p>
   </div>
   <div class='ocr_carea' id='block_1_20' title="bbox 426 2107 2097 2186">
    <p class='ocr_par' dir='ltr' id='par_1_20' title="bbox 426 2107 2097 2186">
     <span class='ocr_line' id='line_1_20' title="bbox 426 2107 2097 2186; baseline 0.005 -19"><span class='ocrx_word' id='word_1_126' title='bbox 426 2118 741 2170; x_wconf 86' lang='lat' dir='ltr'><strong>auctoritate</strong></span> <span class='ocrx_word' id='word_1_127' title='bbox 801 2119 1062 2184; x_wconf 86' lang='lat' dir='ltr'><strong>promitur</strong></span> <span class='ocrx_word' id='word_1_128' title='bbox 1123 2120 1412 2186; x_wconf 82' lang='lat' dir='ltr'><strong>pastorali,</strong></span> <span class='ocrx_word' id='word_1_129' title='bbox 1467 2128 1520 2174; x_wconf 89' lang='lat' dir='ltr'><strong>et</strong></span> <span class='ocrx_word' id='word_1_130' title='bbox 1568 2121 1902 2176; x_wconf 83' lang='lat' dir='ltr'><strong>venientibus</strong></span> <span class='ocrx_word' id='word_1_131' title='bbox 1951 2127 2020 2176; x_wconf 87' lang='lat' dir='ltr'><strong>sit</strong></span> <span class='ocrx_word' id='word_1_132' title='bbox 2050 2107 2097 2168; x_wconf 83' lang='grc' dir='ltr'><strong>Β</strong></span> 
     </span>
    </p>
   </div>
   <div class='ocr_carea' id='block_1_21' title="bbox 431 2209 2018 2278">
    <p class='ocr_par' dir='ltr' id='par_1_21' title="bbox 431 2209 2018 2278">
     <span class='ocr_line' id='line_1_21' title="bbox 431 2209 2018 2278; baseline 0.004 -19"><span class='ocrx_word' id='word_1_133' title='bbox 431 2221 616 2259; x_wconf 86' lang='lat' dir='ltr'><strong>norma</strong></span> <span class='ocrx_word' id='word_1_134' title='bbox 646 2219 698 2260; x_wconf 90' lang='lat' dir='ltr'><strong>et</strong></span> <span class='ocrx_word' id='word_1_135' title='bbox 735 2209 1083 2273; x_wconf 69' lang='lat' dir='ltr'><strong>rrwsentibus</strong></span> <span class='ocrx_word' id='word_1_136' title='bbox 1131 2209 1409 2277; x_wconf 85' lang='lat' dir='ltr'><strong>disciplina</strong></span> <span class='ocrx_word' id='word_1_137' title='bbox 1451 2224 1570 2278; x_wconf 70' lang='lat' dir='ltr'><strong>quae</strong></span> <span class='ocrx_word' id='word_1_138' title='bbox 1615 2213 1933 2265; x_wconf 84' lang='lat' dir='ltr'><strong>conveniant</strong></span> <span class='ocrx_word' id='word_1_139' title='bbox 1988 2227 2018 2266; x_wconf 90' lang='lat' dir='ltr'><strong>a</strong></span> 
     </span>
    </p>
   </div>
   <div class='ocr_carea' id='block_1_22' title="bbox 428 2300 2020 2373">
    <p class='ocr_par' dir='ltr' id='par_1_22' title="bbox 428 2300 2020 2373">
     <span class='ocr_line' id='line_1_22' title="bbox 428 2300 2020 2373; baseline 0.006 -24"><span class='ocrx_word' id='word_1_140' title='bbox 428 2301 677 2366; x_wconf 81' lang='lat' dir='ltr'><strong>praesenti</strong></span> <span class='ocrx_word' id='word_1_141' title='bbox 713 2308 952 2368; x_wconf 89' lang='lat' dir='ltr'><strong>tempore</strong></span> <span class='ocrx_word' id='word_1_142' title='bbox 982 2300 1034 2355; x_wconf 89' lang='lat' dir='ltr'><strong>in</strong></span> <span class='ocrx_word' id='word_1_143' title='bbox 1068 2310 1339 2370; x_wconf 88' lang='lat' dir='ltr'><strong>posterum</strong></span> <span class='ocrx_word' id='word_1_144' title='bbox 1371 2304 1636 2357; x_wconf 77' lang='lat' dir='ltr'><strong>custodire</strong></span> <span class='ocrx_word' id='word_1_145' title='bbox 1662 2343 1677 2369; x_wconf 93' lang='lat'><strong>,</strong></span> <span class='ocrx_word' id='word_1_146' title='bbox 1733 2313 2020 2373; x_wconf 87' lang='lat' dir='ltr'><strong>praestante</strong></span> 
     </span>
    </p>
   </div>
   <div class='ocr_carea' id='block_1_23' title="bbox 429 2388 1587 2464">
    <p class='ocr_par' dir='ltr' id='par_1_23' title="bbox 429 2388 1587 2464">
     <span class='ocr_line' id='line_1_23' title="bbox 429 2388 1587 2464; baseline 0.007 -22"><span class='ocrx_word' id='word_1_147' title='bbox 429 2388 546 2454; x_wconf 22' lang='lat' dir='ltr'><strong>[,U.,</strong></span> <span class='ocrx_word' id='word_1_148' title='bbox 579 2392 843 2454; x_wconf 86' lang='lat' dir='ltr'><strong>separaril</strong></span> <span class='ocrx_word' id='word_1_149' title='bbox 875 2394 982 2448; x_wconf 87' lang='lat' dir='ltr'><strong>Deo</strong></span> <span class='ocrx_word' id='word_1_150' title='bbox 1009 2395 1279 2464; x_wconf 81' lang='lat' dir='ltr'><strong>signanter</strong></span> <span class='ocrx_word' id='word_1_151' title='bbox 1305 2409 1368 2450; x_wconf 81' lang='lat' dir='ltr'><strong>ex</strong></span> <span class='ocrx_word' id='word_1_152' title='bbox 1399 2395 1587 2450; x_wconf 88' lang='lat' dir='ltr'><strong>titulis.</strong></span> 
     </span>
    </p>
   </div>
   <div class='ocr_carea' id='block_1_24' title="bbox 429 2497 2018 2580">
    <p class='ocr_par' dir='ltr' id='par_1_24' title="bbox 429 2497 2018 2580">
     <span class='ocr_line' id='line_1_24' title="bbox 429 2497 2018 2580; baseline 0.006 -28"><span class='ocrx_word' id='word_1_153' title='bbox 429 2497 470 2552; x_wconf 89' lang='grc' dir='ltr'><strong>Ι.</strong></span> <span class='ocrx_word' id='word_1_154' title='bbox 515 2498 592 2553; x_wconf 81' lang='lat' dir='ltr'><strong>De</strong></span> <span class='ocrx_word' id='word_1_155' title='bbox 621 2503 1008 2569; x_wconf 80' lang='lat' dir='ltr'><strong>coiiﬁrntatione</strong></span> <span class='ocrx_word' id='word_1_156' title='bbox 1048 2505 1388 2580; x_wconf 67' lang='lat' dir='ltr'><strong>damnationis</strong></span> <span class='ocrx_word' id='word_1_157' title='bbox 1429 2516 1686 2560; x_wconf 76' lang='lat' dir='ltr'><strong>scctai&#39;um</strong></span> <span class='ocrx_word' id='word_1_158' title='bbox 1723 2507 2018 2580; x_wconf 78' lang='lat' dir='ltr'><strong>Eutychetis</strong></span> 
     </span>
    </p>
   </div>
   <div class='ocr_carea' id='block_1_25' title="bbox 1053 2575 1380 2628">
    <p class='ocr_par' dir='ltr' id='par_1_25' title="bbox 1053 2575 1380 2628">
     <span class='ocr_line' id='line_1_25' title="bbox 1053 2575 1380 2628; baseline 0.006 -2"><span class='ocrx_word' id='word_1_159' title='bbox 1053 2585 1099 2626; x_wconf 81' lang='lat' dir='ltr'><strong>et</strong></span> <span class='ocrx_word' id='word_1_160' title='bbox 1135 2575 1380 2628; x_wconf 78' lang='lat' dir='ltr'><strong>Nestorii.</strong></span> 
     </span>
    </p>
   </div>
   <div class='ocr_carea' id='block_1_26' title="bbox 503 2678 2018 2758">
    <p class='ocr_par' dir='ltr' id='par_1_26' title="bbox 503 2678 2018 2758">
     <span class='ocr_line' id='line_1_26' title="bbox 503 2678 2018 2758; baseline 0.011 -26"><span class='ocrx_word' id='word_1_161' title='bbox 503 2678 826 2733; x_wconf 77' lang='lat' dir='ltr'><strong>Renovatazn</strong></span> <span class='ocrx_word' id='word_1_162' title='bbox 861 2680 1037 2751; x_wconf 84' lang='lat' dir='ltr'><strong>itaque</strong></span> <span class='ocrx_word' id='word_1_163' title='bbox 1086 2683 1345 2738; x_wconf 78' lang='lat' dir='ltr'><strong>nefariam</strong></span> <span class='ocrx_word' id='word_1_164' title='bbox 1375 2696 1600 2754; x_wconf 87' lang='lat' dir='ltr'><strong>sectam,</strong></span> <span class='ocrx_word' id='word_1_165' title='bbox 1635 2705 1792 2758; x_wconf 89' lang='lat' dir='ltr'><strong>quam</strong></span> <span class='ocrx_word' id='word_1_166' title='bbox 1828 2703 2018 2748; x_wconf 85' lang='lat' dir='ltr'><strong>auctor</strong></span> 
     </span>
    </p>
   </div>
   <div class='ocr_carea' id='block_1_27' title="bbox 428 2769 2018 2839">
    <p class='ocr_par' dir='ltr' id='par_1_27' title="bbox 428 2769 2018 2839">
     <span class='ocr_line' id='line_1_27' title="bbox 428 2769 2018 2839; baseline 0.01 -16"><span class='ocrx_word' id='word_1_167' title='bbox 428 2770 567 2823; x_wconf 83' lang='lat' dir='ltr'><strong>male</strong></span> <span class='ocrx_word' id='word_1_168' title='bbox 597 2769 697 2823; x_wconf 89' lang='lat' dir='ltr'><strong>sibi</strong></span> <span class='ocrx_word' id='word_1_169' title='bbox 736 2777 1006 2837; x_wconf 79' lang='lat' dir='ltr'><strong>conscius,</strong></span> <span class='ocrx_word' id='word_1_170' title='bbox 1039 2783 1092 2827; x_wconf 91' lang='lat' dir='ltr'><strong>et</strong></span> <span class='ocrx_word' id='word_1_171' title='bbox 1137 2789 1165 2828; x_wconf 70' lang='grc' dir='ltr'><strong>ι</strong></span> <span class='ocrx_word' id='word_1_172' title='bbox 1197 2777 1316 2829; x_wconf 90' lang='lat' dir='ltr'><strong>vivo</strong></span> <span class='ocrx_word' id='word_1_173' title='bbox 1364 2786 1560 2832; x_wconf 73' lang='lat' dir='ltr'><strong>sanctae</strong></span> <span class='ocrx_word' id='word_1_174' title='bbox 1589 2778 1709 2834; x_wconf 83' lang='lat' dir='ltr'><strong>ﬁdei</strong></span> <span class='ocrx_word' id='word_1_175' title='bbox 1735 2781 2018 2839; x_wconf 78' lang='lat' dir='ltr'><strong>catholica:</strong></span> 
     </span>
    </p>
   </div>
   <div class='ocr_carea' id='block_1_28' title="bbox 429 2859 2015 2945">
    <p class='ocr_par' dir='ltr' id='par_1_28' title="bbox 429 2859 2015 2945">
     <span class='ocr_line' id='line_1_28' title="bbox 429 2859 2015 2945; baseline 0.009 -34"><span class='ocrx_word' id='word_1_176' title='bbox 429 2859 573 2913; x_wconf 82' lang='lat' dir='ltr'><strong>fonte</strong></span> <span class='ocrx_word' id='word_1_177' title='bbox 621 2859 900 2915; x_wconf 83' lang='lat' dir='ltr'><strong>discedens</strong></span> <span class='ocrx_word' id='word_1_178' title='bbox 948 2865 1239 2935; x_wconf 79' lang='lat' dir='ltr'><strong>sacrilegus</strong></span> <span class='ocrx_word' id='word_1_179' title='bbox 1271 2868 1534 2936; x_wconf 79' lang='lat' dir='ltr'><strong>quondam</strong></span> <span class='ocrx_word' id='word_1_180' title='bbox 1568 2870 1809 2925; x_wconf 86' lang='lat' dir='ltr'><strong>condidit</strong></span> <span class='ocrx_word' id='word_1_181' title='bbox 1850 2873 2015 2945; x_wconf 85' lang='lat' dir='ltr'><strong>Euty-</strong></span> 
     </span>
    </p>
   </div>
   <div class='ocr_carea' id='block_1_29' title="bbox 429 2951 2020 3031">
    <p class='ocr_par' dir='ltr' id='par_1_29' title="bbox 429 2951 2020 3031">
     <span class='ocr_line' id='line_1_29' title="bbox 429 2951 2020 3031; baseline 0.013 -31"><span class='ocrx_word' id='word_1_182' title='bbox 429 2951 556 3002; x_wconf 85' lang='lat' dir='ltr'><strong>chcs</strong></span> <span class='ocrx_word' id='word_1_183' title='bbox 605 2951 686 3004; x_wconf 90' lang='lat' dir='ltr'><strong>vel</strong></span> <span class='ocrx_word' id='word_1_184' title='bbox 715 2952 757 3004; x_wconf 91' lang='lat' dir='ltr'><strong>si</strong></span> <span class='ocrx_word' id='word_1_185' title='bbox 780 2967 1003 3021; x_wconf 68' lang='lat' dir='ltr'><strong>quaeque</strong></span> <span class='ocrx_word' id='word_1_186' title='bbox 1032 2969 1063 3008; x_wconf 89' lang='lat' dir='ltr'><strong>a</strong></span> <span class='ocrx_word' id='word_1_187' title='bbox 1101 2957 1341 3010; x_wconf 88' lang='lat' dir='ltr'><strong>veneﬁco</strong></span> <span class='ocrx_word' id='word_1_188' title='bbox 1386 2959 1632 3013; x_wconf 87' lang='lat' dir='ltr'><strong>similiter</strong></span> <span class='ocrx_word' id='word_1_189' title='bbox 1682 2962 1846 3031; x_wconf 85' lang='lat' dir='ltr'><strong>impio</strong></span> <span class='ocrx_word' id='word_1_190' title='bbox 1895 2974 2020 3020; x_wconf 87' lang='lat' dir='ltr'><strong>sunt</strong></span> 
     </span>
    </p>
   </div>
   <div class='ocr_carea' id='block_1_30' title="bbox 432 3041 2017 3121">
    <p class='ocr_par' dir='ltr' id='par_1_30' title="bbox 432 3041 2017 3121">
     <span class='ocr_line' id='line_1_30' title="bbox 432 3041 2017 3121; baseline 0.011 -29"><span class='ocrx_word' id='word_1_191' title='bbox 432 3041 636 3109; x_wconf 81' lang='lat' dir='ltr'><strong>prolata</strong></span> <span class='ocrx_word' id='word_1_192' title='bbox 665 3042 933 3109; x_wconf 74' lang='lat' dir='ltr'><strong>Nestorio,</strong></span> <span class='ocrx_word' id='word_1_193' title='bbox 965 3061 1098 3115; x_wconf 89' lang='lat' dir='ltr'><strong>quas</strong></span> <span class='ocrx_word' id='word_1_194' title='bbox 1130 3047 1290 3102; x_wconf 89' lang='lat' dir='ltr'><strong>etiam</strong></span> <span class='ocrx_word' id='word_1_195' title='bbox 1323 3059 1498 3104; x_wconf 86' lang='lat' dir='ltr'><strong>sectas</strong></span> <span class='ocrx_word' id='word_1_196' title='bbox 1527 3051 1683 3106; x_wconf 83' lang='lat' dir='ltr'><strong>sedes</strong></span> <span class='ocrx_word' id='word_1_197' title='bbox 1728 3055 2017 3121; x_wconf 88' lang='lat' dir='ltr'><strong>apostolica</strong></span> 
     </span>
    </p>
   </div>
   <div class='ocr_carea' id='block_1_31' title="bbox 428 3134 2020 3213">
    <p class='ocr_par' dir='ltr' id='par_1_31' title="bbox 428 3134 2020 3213">
     <span class='ocr_line' id='line_1_31' title="bbox 428 3134 2020 3213; baseline 0.009 -28"><span class='ocrx_word' id='word_1_198' title='bbox 428 3142 610 3186; x_wconf 81' lang='lat' dir='ltr'><strong>sancta</strong></span> <span class='ocrx_word' id='word_1_199' title='bbox 634 3134 978 3201; x_wconf 88' lang='lat' dir='ltr'><strong>condemnat,</strong></span> <span class='ocrx_word' id='word_1_200' title='bbox 1011 3138 1258 3193; x_wconf 84' lang='lat' dir='ltr'><strong>similiter</strong></span> <span class='ocrx_word' id='word_1_201' title='bbox 1279 3152 1331 3194; x_wconf 92' lang='lat' dir='ltr'><strong>et</strong></span> <span class='ocrx_word' id='word_1_202' title='bbox 1361 3154 1460 3194; x_wconf 90' lang='lat' dir='ltr'><strong>nos</strong></span> <span class='ocrx_word' id='word_1_203' title='bbox 1493 3142 1726 3210; x_wconf 76' lang='lat' dir='ltr'><strong>easdem,</strong></span> <span class='ocrx_word' id='word_1_204' title='bbox 1759 3160 1878 3213; x_wconf 80' lang='lat' dir='ltr'><strong>cum</strong></span> <span class='ocrx_word' id='word_1_205' title='bbox 1909 3145 2020 3200; x_wconf 82' lang='lat' dir='ltr'><strong>suis</strong></span> 
     </span>
    </p>
   </div>
   <div class='ocr_carea' id='block_1_32' title="bbox 427 3225 2017 3304">
    <p class='ocr_par' dir='ltr' id='par_1_32' title="bbox 427 3225 2017 3304">
     <span class='ocr_line' id='line_1_32' title="bbox 427 3225 2017 3304; baseline 0.011 -28"><span class='ocrx_word' id='word_1_206' title='bbox 427 3225 736 3288; x_wconf 77' lang='lat' dir='ltr'><strong>auctoribus</strong></span> <span class='ocrx_word' id='word_1_207' title='bbox 757 3235 813 3282; x_wconf 87' lang='lat' dir='ltr'><strong>et</strong></span> <span class='ocrx_word' id='word_1_208' title='bbox 846 3229 1200 3286; x_wconf 85' lang='lat' dir='ltr'><strong>sectatoribus</strong></span> <span class='ocrx_word' id='word_1_209' title='bbox 1229 3243 1540 3288; x_wconf 87' lang='lat' dir='ltr'><strong>execrantes</strong></span> <span class='ocrx_word' id='word_1_210' title='bbox 1570 3237 1850 3304; x_wconf 63' lang='lat' dir='ltr'><strong>praesentis</strong></span> <span class='ocrx_word' id='word_1_211' title='bbox 1876 3251 2017 3295; x_wconf 89' lang='lat' dir='ltr'><strong>con-</strong></span> 
     </span>
    </p>
   </div>
   <div class='ocr_carea' id='block_1_33' title="bbox 429 3315 2011 3395">
    <p class='ocr_par' dir='ltr' id='par_1_33' title="bbox 429 3315 2011 3395">
     <span class='ocr_line' id='line_1_33' title="bbox 429 3315 2011 3395; baseline 0.009 -27"><span class='ocrx_word' id='word_1_212' title='bbox 429 3315 722 3370; x_wconf 88' lang='lat' dir='ltr'><strong>stitutionis</strong></span> <span class='ocrx_word' id='word_1_213' title='bbox 751 3318 933 3389; x_wconf 78' lang='lat' dir='ltr'><strong>vigore</strong></span> <span class='ocrx_word' id='word_1_214' title='bbox 961 3321 1474 3380; x_wconf 82' lang='lat' dir='ltr'><strong>anathematizamus</strong></span> <span class='ocrx_word' id='word_1_215' title='bbox 1494 3332 1653 3394; x_wconf 88' lang='lat' dir='ltr'><strong>atque</strong></span> <span class='ocrx_word' id='word_1_216' title='bbox 1674 3329 2011 3395; x_wconf 83' lang='lat' dir='ltr'><strong>damnamus,</strong></span> 
     </span>
    </p>
   </div>
   <div class='ocr_carea' id='block_1_34' title="bbox 433 3413 2016 3480">
    <p class='ocr_par' dir='ltr' id='par_1_34' title="bbox 433 3413 2016 3480">
     <span class='ocr_line' id='line_1_34' title="bbox 433 3413 2016 3480; baseline 0.008 -20"><span class='ocrx_word' id='word_1_217' title='bbox 433 3419 642 3462; x_wconf 85' lang='lat' dir='ltr'><strong>rectum</strong></span> <span class='ocrx_word' id='word_1_218' title='bbox 694 3419 854 3479; x_wconf 89' lang='lat' dir='ltr'><strong>atque</strong></span> <span class='ocrx_word' id='word_1_219' title='bbox 893 3413 1245 3480; x_wconf 83' lang='lat' dir='ltr'><strong>apostolicum</strong></span> <span class='ocrx_word' id='word_1_220' title='bbox 1299 3415 1351 3468; x_wconf 90' lang='lat' dir='ltr'><strong>in</strong></span> <span class='ocrx_word' id='word_1_221' title='bbox 1382 3415 1581 3470; x_wconf 80' lang='lat' dir='ltr'><strong>Christi</strong></span> <span class='ocrx_word' id='word_1_222' title='bbox 1631 3418 1844 3473; x_wconf 89' lang='lat' dir='ltr'><strong>nomine</strong></span> <span class='ocrx_word' id='word_1_223' title='bbox 1895 3417 2016 3474; x_wconf 88' lang='lat' dir='ltr'><strong>ﬁdei</strong></span> 
     </span>
    </p>
   </div>
   <div class='ocr_carea' id='block_1_35' title="bbox 434 3503 1083 3572">
    <p class='ocr_par' dir='ltr' id='par_1_35' title="bbox 434 3503 1083 3572">
     <span class='ocr_line' id='line_1_35' title="bbox 434 3503 1083 3572; baseline 0.009 -20"><span class='ocrx_word' id='word_1_224' title='bbox 434 3503 676 3557; x_wconf 87' lang='lat' dir='ltr'><strong>ordinem</strong></span> <span class='ocrx_word' id='word_1_225' title='bbox 711 3504 1083 3572; x_wconf 68' lang='lat' dir='ltr'><strong>prtedicantes.</strong></span> 
     </span>
    </p>
   </div>
   <div class='ocr_carea' id='block_1_36' title="bbox 432 3598 2018 3723">
    <p class='ocr_par' dir='ltr' id='par_1_36' title="bbox 432 3598 2018 3723">
     <span class='ocr_line' id='line_1_36' title="bbox 432 3598 2018 3723; baseline 0.005 -71"><span class='ocrx_word' id='word_1_226' title='bbox 432 3598 496 3652; x_wconf 88' lang='lat' dir='ltr'><strong>ll.</strong></span> <span class='ocrx_word' id='word_1_227' title='bbox 552 3598 630 3654; x_wconf 85' lang='lat' dir='ltr'><strong>De</strong></span> <span class='ocrx_word' id='word_1_228' title='bbox 695 3603 1255 3723; x_wconf 59' lang='lat' dir='ltr'><strong>excommunicatizned</strong></span> <span class='ocrx_word' id='word_1_229' title='bbox 1280 3618 1373 3669; x_wconf 87' lang='lat' dir='ltr'><strong>pro</strong></span> <span class='ocrx_word' id='word_1_230' title='bbox 1412 3603 1601 3658; x_wconf 84' lang='lat' dir='ltr'><strong>levibus</strong></span> <span class='ocrx_word' id='word_1_231' title='bbox 1647 3621 1774 3670; x_wconf 42' lang='lat' dir='ltr'><strong>.non</strong></span> <span class='ocrx_word' id='word_1_232' title='bbox 1819 3606 2018 3676; x_wconf 83' lang='lat' dir='ltr'><strong>impen-</strong></span> 
     </span>
     <span class='ocr_line' id='line_1_37' title="bbox 1157 3687 1309 3723; baseline 0 0"><span class='ocrx_word' id='word_1_233' title='bbox 1157 3687 1217 3723; x_wconf 85' lang='lat' dir='ltr'><strong>en</strong></span> <span class='ocrx_word' id='word_1_234' title='bbox 1258 3689 1309 3723; x_wconf 89' lang='lat' dir='ltr'><strong>a.</strong></span> 
     </span>
    </p>
   </div>
   <div class='ocr_carea' id='block_1_37' title="bbox 1157 3687 1309 3726">
    <p class='ocr_par' dir='ltr' id='par_1_37' title="bbox 1157 3687 1309 3726">
     <span class='ocr_line' id='line_1_38' title="bbox 1157 3687 1309 3726; baseline 0.013 -2"><span class='ocrx_word' id='word_1_235' title='bbox 1157 3687 1309 3726; x_wconf 85' lang='lat' dir='ltr'><strong>enaa.</strong></span> 
     </span>
    </p>
   </div>
   <div class='ocr_carea' id='block_1_38' title="bbox 500 3757 2015 3829">
    <p class='ocr_par' dir='ltr' id='par_1_38' title="bbox 500 3757 2015 3829">
     <span class='ocr_line' id='line_1_39' title="bbox 500 3757 2015 3829; baseline 0.005 -17"><span class='ocrx_word' id='word_1_236' title='bbox 500 3757 685 3812; x_wconf 85' lang='lat' dir='ltr'><strong>Nullus</strong></span> <span class='ocrx_word' id='word_1_237' title='bbox 717 3757 1050 3813; x_wconf 57' lang='lat' dir='ltr'><strong>sacerdotum</strong></span> <span class='ocrx_word' id='word_1_238' title='bbox 1083 3775 1400 3829; x_wconf 87' lang='lat' dir='ltr'><strong>quemquam</strong></span> <span class='ocrx_word' id='word_1_239' title='bbox 1455 3771 1615 3816; x_wconf 73' lang='lat' dir='ltr'><strong>recta:</strong></span> <span class='ocrx_word' id='word_1_240' title='bbox 1665 3761 1786 3818; x_wconf 76' lang='lat' dir='ltr'><strong>ﬁdei</strong></span> <span class='ocrx_word' id='word_1_241' title='bbox 1838 3765 2015 3819; x_wconf 84' lang='lat' dir='ltr'><strong>homi-</strong></span> 
     </span>
    </p>
   </div>
   <div class='ocr_carea' id='block_1_39' title="bbox 431 3850 2020 3918">
    <p class='ocr_par' dir='ltr' id='par_1_39' title="bbox 431 3850 2020 3918">
     <span class='ocr_line' id='line_1_40' title="bbox 431 3850 2020 3918; baseline 0.006 -14"><span class='ocrx_word' id='word_1_242' title='bbox 431 3864 552 3906; x_wconf 87' lang='lat' dir='ltr'><strong>nem</strong></span> <span class='ocrx_word' id='word_1_243' title='bbox 583 3864 679 3918; x_wconf 92' lang='lat' dir='ltr'><strong>pro</strong></span> <span class='ocrx_word' id='word_1_244' title='bbox 705 3850 877 3918; x_wconf 81' lang='lat' dir='ltr'><strong>parvis</strong></span> <span class='ocrx_word' id='word_1_245' title='bbox 905 3861 958 3905; x_wconf 88' lang='lat' dir='ltr'><strong>et</strong></span> <span class='ocrx_word' id='word_1_246' title='bbox 987 3851 1188 3906; x_wconf 88' lang='lat' dir='ltr'><strong>levibus</strong></span> <span class='ocrx_word' id='word_1_247' title='bbox 1215 3852 1435 3906; x_wconf 85' lang='lat' dir='ltr'><strong>causisa</strong></span> <span class='ocrx_word' id='word_1_248' title='bbox 1467 3856 1846 3911; x_wconf 88' lang='lat' dir='ltr'><strong>communione</strong></span> <span class='ocrx_word' id='word_1_249' title='bbox 1896 3873 2020 3914; x_wconf 89' lang='lat' dir='ltr'><strong>sus-</strong></span> 
     </span>
    </p>
   </div>
   <div class='ocr_carea' id='block_1_40' title="bbox 432 3941 2021 4018">
    <p class='ocr_par' dir='ltr' id='par_1_40' title="bbox 432 3941 2021 4018">
     <span class='ocr_line' id='line_1_41' title="bbox 432 3941 2021 4018; baseline 0.007 -23"><span class='ocrx_word' id='word_1_250' title='bbox 432 3941 650 4011; x_wconf 90' lang='lat' dir='ltr'><strong>pendat,</strong></span> <span class='ocrx_word' id='word_1_251' title='bbox 683 3950 876 4010; x_wconf 80' lang='lat' dir='ltr'><strong>practer</strong></span> <span class='ocrx_word' id='word_1_252' title='bbox 903 3957 995 3997; x_wconf 87' lang='lat' dir='ltr'><strong>eas</strong></span> <span class='ocrx_word' id='word_1_253' title='bbox 1035 3944 1218 4014; x_wconf 82' lang='lat' dir='ltr'><strong>culpas</strong></span> <span class='ocrx_word' id='word_1_254' title='bbox 1252 3959 1346 4015; x_wconf 91' lang='lat' dir='ltr'><strong>pro</strong></span> <span class='ocrx_word' id='word_1_255' title='bbox 1375 3947 1565 4015; x_wconf 88' lang='lat' dir='ltr'><strong>quibus</strong></span> <span class='ocrx_word' id='word_1_256' title='bbox 1607 3947 1808 4018; x_wconf 89' lang='lat' dir='ltr'><strong>antiqui</strong></span> <span class='ocrx_word' id='word_1_257' title='bbox 1836 3948 2021 4006; x_wconf 88' lang='lat' dir='ltr'><strong>Patres</strong></span> 
     </span>
    </p>
   </div>
   <div class='ocr_carea' id='block_1_41' title="bbox 430 4033 1700 4104">
    <p class='ocr_par' dir='ltr' id='par_1_41' title="bbox 430 4033 1700 4104">
     <span class='ocr_line' id='line_1_42' title="bbox 430 4033 1700 4104; baseline 0.004 -19"><span class='ocrx_word' id='word_1_258' title='bbox 430 4033 499 4086; x_wconf 84' lang='lat' dir='ltr'><strong>ab</strong></span> <span class='ocrx_word' id='word_1_259' title='bbox 531 4033 765 4087; x_wconf 80' lang='lat' dir='ltr'><strong>Ecclesia</strong></span> <span class='ocrx_word' id='word_1_260' title='bbox 793 4033 960 4088; x_wconf 88' lang='lat' dir='ltr'><strong>arceri</strong></span> <span class='ocrx_word' id='word_1_261' title='bbox 986 4033 1261 4104; x_wconf 84' lang='lat' dir='ltr'><strong>jusserunt</strong></span> <span class='ocrx_word' id='word_1_262' title='bbox 1287 4039 1700 4092; x_wconf 87' lang='lat' dir='ltr'><strong>committentes.</strong></span> 
     </span>
    </p>
   </div>
   <div class='ocr_carea' id='block_1_42' title="bbox 502 4126 1944 4185">
    <p class='ocr_par' dir='ltr' id='par_1_42' title="bbox 502 4126 1944 4185">
     <span class='ocr_line' id='line_1_43' title="bbox 502 4126 1944 4185; baseline 0.002 -3"><span class='ocrx_word' id='word_1_263' title='bbox 502 4127 592 4182; x_wconf 84' lang='grc' dir='ltr'><strong>ΙΙΙ.</strong></span> <span class='ocrx_word' id='word_1_264' title='bbox 625 4126 709 4182; x_wconf 86' lang='lat' dir='ltr'><strong>Ne</strong></span> <span class='ocrx_word' id='word_1_265' title='bbox 737 4128 909 4182; x_wconf 80' lang='lat' dir='ltr'><strong>clerici</strong></span> <span class='ocrx_word' id='word_1_266' title='bbox 948 4145 1064 4182; x_wconf 85' lang='lat' dir='ltr'><strong>cum</strong></span> <span class='ocrx_word' id='word_1_267' title='bbox 1093 4130 1344 4184; x_wconf 82' lang='lat' dir='ltr'><strong>extraneis</strong></span> <span class='ocrx_word' id='word_1_268' title='bbox 1374 4131 1668 4183; x_wconf 78' lang='lat' dir='ltr'><strong>mulieribus</strong></span> <span class='ocrx_word' id='word_1_269' title='bbox 1697 4128 1944 4185; x_wconf 76' lang='lat' dir='ltr'><strong>habitent.</strong></span> 
     </span>
    </p>
   </div>
   <div class='ocr_carea' id='block_1_43' title="bbox 507 4219 2023 4291">
    <p class='ocr_par' dir='ltr' id='par_1_43' title="bbox 507 4219 2023 4291">
     <span class='ocr_line' id='line_1_44' title="bbox 507 4219 2023 4291; baseline 0.001 -15"><span class='ocrx_word' id='word_1_270' title='bbox 507 4219 574 4276; x_wconf 86' lang='lat' dir='ltr'><strong>Ut</strong></span> <span class='ocrx_word' id='word_1_271' title='bbox 601 4221 778 4274; x_wconf 85' lang='lat' dir='ltr'><strong>nullus</strong></span> <span class='ocrx_word' id='word_1_272' title='bbox 807 4220 1114 4291; x_wconf 80' lang='lat' dir='ltr'><strong>episcOpus,</strong></span> <span class='ocrx_word' id='word_1_273' title='bbox 1145 4220 1422 4291; x_wconf 61' lang='lat' dir='ltr'><strong>presbyter</strong></span> <span class='ocrx_word' id='word_1_274' title='bbox 1443 4230 1532 4274; x_wconf 92' lang='lat' dir='ltr'><strong>aut</strong></span> <span class='ocrx_word' id='word_1_275' title='bbox 1561 4221 1814 4274; x_wconf 87' lang='lat' dir='ltr'><strong>diaconus</strong></span> <span class='ocrx_word' id='word_1_276' title='bbox 1843 4230 2023 4277; x_wconf 82' lang='lat' dir='ltr'><strong>extra-</strong></span> 
     </span>
    </p>
   </div>
   <div class='ocr_carea' id='block_1_44' title="bbox 439 4311 2024 4379">
    <p class='ocr_par' dir='ltr' id='par_1_44' title="bbox 439 4311 2024 4379">
     <span class='ocr_line' id='line_1_45' title="bbox 439 4311 2024 4379; baseline -0.001 -12"><span class='ocrx_word' id='word_1_277' title='bbox 439 4326 660 4367; x_wconf 88' lang='lat' dir='ltr'><strong>nearum</strong></span> <span class='ocrx_word' id='word_1_278' title='bbox 677 4312 958 4365; x_wconf 88' lang='lat' dir='ltr'><strong>mulierum</strong></span> <span class='ocrx_word' id='word_1_279' title='bbox 977 4313 1110 4364; x_wconf 86' lang='lat' dir='ltr'><strong>intra</strong></span> <span class='ocrx_word' id='word_1_280' title='bbox 1125 4312 1339 4364; x_wconf 90' lang='lat' dir='ltr'><strong>domum</strong></span> <span class='ocrx_word' id='word_1_281' title='bbox 1361 4311 1854 4379; x_wconf 70' lang='lat' dir='ltr'><strong>praesumathahcre</strong></span> <span class='ocrx_word' id='word_1_282' title='bbox 1881 4312 2024 4366; x_wconf 90' lang='lat' dir='ltr'><strong>sola-</strong></span> 
     </span>
    </p>
   </div>
   <div class='ocr_carea' id='block_1_45' title="bbox 433 4402 2023 4472">
    <p class='ocr_par' dir='ltr' id='par_1_45' title="bbox 433 4402 2023 4472">
     <span class='ocr_line' id='line_1_46' title="bbox 433 4402 2023 4472; baseline 0.002 -14"><span class='ocrx_word' id='word_1_283' title='bbox 433 4409 591 4469; x_wconf 85' lang='lat' dir='ltr'><strong>tium,</strong></span> <span class='ocrx_word' id='word_1_284' title='bbox 615 4413 666 4458; x_wconf 90' lang='lat' dir='ltr'><strong>et</strong></span> <span class='ocrx_word' id='word_1_285' title='bbox 691 4402 773 4458; x_wconf 92' lang='lat' dir='ltr'><strong>cui</strong></span> <span class='ocrx_word' id='word_1_286' title='bbox 796 4403 957 4457; x_wconf 89' lang='lat' dir='ltr'><strong>etiam</strong></span> <span class='ocrx_word' id='word_1_287' title='bbox 983 4417 1076 4470; x_wconf 88' lang='lat' dir='ltr'><strong>pro</strong></span> <span class='ocrx_word' id='word_1_288' title='bbox 1100 4402 1325 4456; x_wconf 90' lang='lat' dir='ltr'><strong>utilitate</strong></span> <span class='ocrx_word' id='word_1_289' title='bbox 1342 4416 1436 4456; x_wconf 90' lang='lat' dir='ltr'><strong>sua</strong></span> <span class='ocrx_word' id='word_1_290' title='bbox 1451 4403 1678 4472; x_wconf 85' lang='lat' dir='ltr'><strong>aliquam</strong></span> <span class='ocrx_word' id='word_1_291' title='bbox 1710 4403 2023 4461; x_wconf 75' lang='lat' dir='ltr'><strong>familiarius</strong></span> 
     </span>
    </p>
   </div>
   <div class='ocr_carea' id='block_1_46' title="bbox 439 4493 2022 4566">
    <p class='ocr_par' dir='ltr' id='par_1_46' title="bbox 439 4493 2022 4566">
     <span class='ocr_line' id='line_1_47' title="bbox 439 4493 2022 4566; baseline 0.001 -15"><span class='ocrx_word' id='word_1_292' title='bbox 439 4495 728 4566; x_wconf 76' lang='lat' dir='ltr'><strong>regendam</strong></span> <span class='ocrx_word' id='word_1_293' title='bbox 743 4494 1060 4558; x_wconf 86' lang='lat' dir='ltr'><strong>committat,</strong></span> <span class='ocrx_word' id='word_1_294' title='bbox 1075 4493 1214 4562; x_wconf 90' lang='lat' dir='ltr'><strong>quod</strong></span> <span class='ocrx_word' id='word_1_295' title='bbox 1235 4493 1394 4548; x_wconf 89' lang='lat' dir='ltr'><strong>etiam</strong></span> <span class='ocrx_word' id='word_1_296' title='bbox 1416 4505 1470 4549; x_wconf 89' lang='lat' dir='ltr'><strong>et</strong></span> <span class='ocrx_word' id='word_1_297' title='bbox 1487 4495 1793 4565; x_wconf 78' lang='lat' dir='ltr'><strong>propinquis</strong></span> <span class='ocrx_word' id='word_1_298' title='bbox 1809 4495 2022 4552; x_wconf 80' lang='lat' dir='ltr'><strong>feminis</strong></span> 
     </span>
    </p>
   </div>
   <div class='ocr_carea' id='block_1_47' title="bbox 438 4584 2025 4654">
    <p class='ocr_par' dir='ltr' id='par_1_47' title="bbox 438 4584 2025 4654">
     <span class='ocr_line' id='line_1_48' title="bbox 438 4584 2025 4654; baseline -0.001 -12"><span class='ocrx_word' id='word_1_299' title='bbox 438 4586 586 4642; x_wconf 85' lang='lat' dir='ltr'><strong>horis</strong></span> <span class='ocrx_word' id='word_1_300' title='bbox 608 4584 982 4642; x_wconf 88' lang='lat' dir='ltr'><strong>indecentibns</strong></span> <span class='ocrx_word' id='word_1_301' title='bbox 1014 4585 1260 4640; x_wconf 85' lang='lat' dir='ltr'><strong>similiter</strong></span> <span class='ocrx_word' id='word_1_302' title='bbox 1288 4585 1655 4654; x_wconf 89' lang='lat' dir='ltr'><strong>prohibemus,</strong></span> <span class='ocrx_word' id='word_1_303' title='bbox 1683 4599 1750 4640; x_wconf 81' lang='lat' dir='ltr'><strong>ne</strong></span> <span class='ocrx_word' id='word_1_304' title='bbox 1775 4585 1877 4641; x_wconf 90' lang='lat' dir='ltr'><strong>sub</strong></span> <span class='ocrx_word' id='word_1_305' title='bbox 1901 4601 2025 4642; x_wconf 90' lang='lat' dir='ltr'><strong>con-</strong></span> 
     </span>
    </p>
   </div>
   <div class='ocr_carea' id='block_1_48' title="bbox 429 4657 2023 4746">
    <p class='ocr_par' dir='ltr' id='par_1_48' title="bbox 429 4657 2023 4746">
     <span class='ocr_line' id='line_1_49' title="bbox 429 4657 2023 4746; baseline 0 -13"><span class='ocrx_word' id='word_1_306' title='bbox 429 4691 586 4733; x_wconf 84' lang='lat' dir='ltr'><strong>cessa</strong></span> <span class='ocrx_word' id='word_1_307' title='bbox 615 4677 715 4732; x_wconf 89' lang='lat' dir='ltr'><strong>sibi</strong></span> <span class='ocrx_word' id='word_1_308' title='bbox 743 4677 957 4732; x_wconf 83' lang='lat' dir='ltr'><strong>licentia</strong></span> <span class='ocrx_word' id='word_1_309' title='bbox 983 4675 1242 4746; x_wconf 89' lang='lat' dir='ltr'><strong>parentali</strong></span> <span class='ocrx_word' id='word_1_310' title='bbox 1271 4675 1337 4729; x_wconf 89' lang='lat' dir='ltr'><strong>ab</strong></span> <span class='ocrx_word' id='word_1_311' title='bbox 1365 4657 1887 4746; x_wconf 47' lang='lat' dir='ltr'><strong>earum&#39;seqnipedis</strong></span> <span class='ocrx_word' id='word_1_312' title='bbox 1912 4691 2023 4733; x_wconf 81' lang='lat' dir='ltr'><strong>me-</strong></span> 
     </span>
    </p>
   </div>
   <div class='ocr_carea' id='block_1_49' title="bbox 431 4769 2020 4841">
    <p class='ocr_par' dir='ltr' id='par_1_49' title="bbox 431 4769 2020 4841">
     <span class='ocr_line' id='line_1_50' title="bbox 431 4769 2020 4841; baseline -0.002 -15"><span class='ocrx_word' id='word_1_313' title='bbox 431 4780 763 4826; x_wconf 81' lang='lat' dir='ltr'><strong>moratorum</strong></span> <span class='ocrx_word' id='word_1_314' title='bbox 791 4772 900 4826; x_wconf 87' lang='lat' dir='ltr'><strong>vita</strong></span> <span class='ocrx_word' id='word_1_315' title='bbox 924 4769 1008 4825; x_wconf 89' lang='lat' dir='ltr'><strong>vel</strong></span> <span class='ocrx_word' id='word_1_316' title='bbox 1035 4769 1216 4841; x_wconf 85' lang='lat' dir='ltr'><strong>opinio</strong></span> <span class='ocrx_word' id='word_1_317' title='bbox 1240 4769 1532 4836; x_wconf 88' lang='lat' dir='ltr'><strong>polluatur.</strong></span> <span class='ocrx_word' id='word_1_318' title='bbox 1565 4770 1716 4839; x_wconf 86' lang='lat' dir='ltr'><strong>Quod</strong></span> <span class='ocrx_word' id='word_1_319' title='bbox 1746 4770 1789 4824; x_wconf 74' lang='lat' dir='ltr'><strong>si</strong></span> <span class='ocrx_word' id='word_1_320' title='bbox 1813 4771 2020 4841; x_wconf 85' lang='lat' dir='ltr'><strong>episco-</strong></span> 
     </span>
    </p>
   </div>
   <div class='ocr_carea' id='block_1_50' title="bbox 440 4864 2022 4934">
    <p class='ocr_par' dir='ltr' id='par_1_50' title="bbox 440 4864 2022 4934">
     <span class='ocr_line' id='line_1_51' title="bbox 440 4864 2022 4934; baseline 0.004 -21"><span class='ocrx_word' id='word_1_321' title='bbox 440 4864 493 4931; x_wconf 89' lang='lat' dir='ltr'><strong>pi</strong></span> <span class='ocrx_word' id='word_1_322' title='bbox 541 4879 684 4918; x_wconf 89' lang='lat' dir='ltr'><strong>nunc</strong></span> <span class='ocrx_word' id='word_1_323' title='bbox 714 4866 874 4919; x_wconf 89' lang='lat' dir='ltr'><strong>vetita</strong></span> <span class='ocrx_word' id='word_1_324' title='bbox 920 4866 993 4918; x_wconf 93' lang='lat' dir='ltr'><strong>uti</strong></span> <span class='ocrx_word' id='word_1_325' title='bbox 1044 4865 1143 4919; x_wconf 88' lang='lat' dir='ltr'><strong>sibi</strong></span> <span class='ocrx_word' id='word_1_326' title='bbox 1186 4865 1286 4917; x_wconf 93' lang='lat' dir='ltr'><strong>sub</strong></span> <span class='ocrx_word' id='word_1_327' title='bbox 1329 4865 1558 4934; x_wconf 90' lang='lat' dir='ltr'><strong>quadam</strong></span> <span class='ocrx_word' id='word_1_328' title='bbox 1601 4865 2022 4934; x_wconf 65' lang='lat' dir='ltr'><strong>praesumptione</strong></span> 
     </span>
    </p>
   </div>
   <div class='ocr_carea' id='block_1_51' title="bbox 438 4953 2024 5023">
    <p class='ocr_par' dir='ltr' id='par_1_51' title="bbox 438 4953 2024 5023">
     <span class='ocr_line' id='line_1_52' title="bbox 438 4953 2024 5023; baseline 0.001 -17"><span class='ocrx_word' id='word_1_329' title='bbox 438 4953 727 5016; x_wconf 64' lang='lat' dir='ltr'><strong>voluerint,</strong></span> <span class='ocrx_word' id='word_1_330' title='bbox 780 4970 922 5007; x_wconf 89' lang='lat' dir='ltr'><strong>anno</strong></span> <span class='ocrx_word' id='word_1_331' title='bbox 953 4970 1058 5006; x_wconf 89' lang='lat' dir='ltr'><strong>uno</strong></span> <span class='ocrx_word' id='word_1_332' title='bbox 1087 4969 1116 5006; x_wconf 88' lang='lat' dir='ltr'><strong>a</strong></span> <span class='ocrx_word' id='word_1_333' title='bbox 1150 4956 1562 5023; x_wconf 88' lang='lat' dir='ltr'><strong>metropolitano</strong></span> <span class='ocrx_word' id='word_1_334' title='bbox 1609 4956 1689 5010; x_wconf 84' lang='lat' dir='ltr'><strong>vel</strong></span> <span class='ocrx_word' id='word_1_335' title='bbox 1722 4970 1750 5008; x_wconf 91' lang='lat' dir='ltr'><strong>a</strong></span> <span class='ocrx_word' id='word_1_336' title='bbox 1775 4969 2024 5023; x_wconf 89' lang='lat' dir='ltr'><strong>compro-</strong></span> 
     </span>
    </p>
   </div>
   <div class='ocr_carea' id='block_1_52' title="bbox 441 5043 2023 5116">
    <p class='ocr_par' dir='ltr' id='par_1_52' title="bbox 441 5043 2023 5116">
     <span class='ocr_line' id='line_1_53' title="bbox 441 5043 2023 5116; baseline -0.001 -16"><span class='ocrx_word' id='word_1_337' title='bbox 441 5045 756 5100; x_wconf 85' lang='lat' dir='ltr'><strong>vincialibus</strong></span> <span class='ocrx_word' id='word_1_338' title='bbox 808 5043 876 5096; x_wconf 87' lang='lat' dir='ltr'><strong>ab</strong></span> <span class='ocrx_word' id='word_1_339' title='bbox 904 5043 1085 5097; x_wconf 87' lang='lat' dir='ltr'><strong>ofﬁcio</strong></span> <span class='ocrx_word' id='word_1_340' title='bbox 1130 5045 1466 5114; x_wconf 89' lang='lat' dir='ltr'><strong>deponantur</strong></span> <span class='ocrx_word' id='word_1_341' title='bbox 1495 5043 1638 5116; x_wconf 58' lang='grc' dir='ltr'><strong>[Αζη</strong></span> <span class='ocrx_word' id='word_1_342' title='bbox 1672 5043 1731 5098; x_wconf 88' lang='grc' dir='ltr'><strong>Β.</strong></span> <span class='ocrx_word' id='word_1_343' title='bbox 1763 5043 1855 5109; x_wconf 67' lang='lat' dir='ltr'><strong>IL,</strong></span> <span class='ocrx_word' id='word_1_344' title='bbox 1883 5045 1944 5098; x_wconf 85' lang='grc' dir='ltr'><strong>Τ.</strong></span> <span class='ocrx_word' id='word_1_345' title='bbox 1971 5047 2023 5112; x_wconf 83' lang='grc'><strong>1,</strong></span> 
     </span>
    </p>
   </div>
   <div class='ocr_carea' id='block_1_53' title="bbox 435 5134 2023 5208">
    <p class='ocr_par' dir='ltr' id='par_1_53' title="bbox 435 5134 2023 5208">
     <span class='ocr_line' id='line_1_54' title="bbox 435 5134 2023 5208; baseline 0.001 -17"><span class='ocrx_word' id='word_1_346' title='bbox 435 5134 890 5207; x_wconf 67' lang='lat' dir='ltr'><strong>suspendantur]:</strong></span> <span class='ocrx_word' id='word_1_347' title='bbox 941 5136 1123 5192; x_wconf 81' lang='lat' dir='ltr'><strong>clerici</strong></span> <span class='ocrx_word' id='word_1_348' title='bbox 1165 5148 1342 5192; x_wconf 88' lang='lat' dir='ltr'><strong>autem</strong></span> <span class='ocrx_word' id='word_1_349' title='bbox 1405 5153 1434 5190; x_wconf 92' lang='lat' dir='ltr'><strong>a</strong></span> <span class='ocrx_word' id='word_1_350' title='bbox 1483 5137 1710 5207; x_wconf 88' lang='lat' dir='ltr'><strong>propriis</strong></span> <span class='ocrx_word' id='word_1_351' title='bbox 1758 5138 2023 5208; x_wconf 85' lang='lat' dir='ltr'><strong>episcopis</strong></span> 
     </span>
    </p>
   </div>
   <div class='ocr_carea' id='block_1_54' title="bbox 438 5226 1664 5299">
    <p class='ocr_par' dir='ltr' id='par_1_54' title="bbox 438 5226 1664 5299">
     <span class='ocr_line' id='line_1_55' title="bbox 438 5226 1664 5299; baseline 0.001 -18"><span class='ocrx_word' id='word_1_352' title='bbox 438 5229 598 5282; x_wconf 88' lang='lat' dir='ltr'><strong>ntodo</strong></span> <span class='ocrx_word' id='word_1_353' title='bbox 625 5229 714 5298; x_wconf 89' lang='lat' dir='ltr'><strong>qui</strong></span> <span class='ocrx_word' id='word_1_354' title='bbox 745 5242 904 5299; x_wconf 84' lang='lat' dir='ltr'><strong>supra</strong></span> <span class='ocrx_word' id='word_1_355' title='bbox 936 5226 1166 5299; x_wconf 90' lang='lat' dir='ltr'><strong>scriptus</strong></span> <span class='ocrx_word' id='word_1_356' title='bbox 1196 5237 1280 5284; x_wconf 82' lang='lat' dir='ltr'><strong>est</strong></span> <span class='ocrx_word' id='word_1_357' title='bbox 1308 5228 1664 5298; x_wconf 83' lang='lat' dir='ltr'><strong>corrigantur.</strong></span> 
     </span>
    </p>
   </div>
   <div class='ocr_carea' id='block_1_55' title="bbox 845 5319 1613 5392">
    <p class='ocr_par' dir='ltr' id='par_1_55' title="bbox 845 5319 1613 5392">
     <span class='ocr_line' id='line_1_56' title="bbox 845 5319 1613 5392; baseline -0.003 -18"><span class='ocrx_word' id='word_1_358' title='bbox 845 5321 931 5376; x_wconf 87' lang='lat' dir='ltr'><strong>IV.</strong></span> <span class='ocrx_word' id='word_1_359' title='bbox 969 5320 1045 5375; x_wconf 81' lang='lat' dir='ltr'><strong>De</strong></span> <span class='ocrx_word' id='word_1_360' title='bbox 1082 5321 1278 5376; x_wconf 80' lang='lat' dir='ltr'><strong>clericis</strong></span> <span class='ocrx_word' id='word_1_361' title='bbox 1305 5319 1613 5392; x_wconf 84' lang='lat' dir='ltr'><strong>conjugatis.</strong></span> 
     </span>
    </p>
   </div>
   <div class='ocr_carea' id='block_1_56' title="bbox 2124 833 3710 904">
    <p class='ocr_par' dir='ltr' id='par_1_56' title="bbox 2124 833 3710 904">
     <span class='ocr_line' id='line_1_57' title="bbox 2124 833 3710 904; baseline 0.008 -20"><span class='ocrx_word' id='word_1_362' title='bbox 2124 840 2262 884; x_wconf 85' lang='lat' dir='ltr'><strong>trum</strong></span> <span class='ocrx_word' id='word_1_363' title='bbox 2293 833 2498 902; x_wconf 85' lang='lat' dir='ltr'><strong>antiqui</strong></span> <span class='ocrx_word' id='word_1_364' title='bbox 2520 847 2776 895; x_wconf 85' lang='lat' dir='ltr'><strong>canones,</strong></span> <span class='ocrx_word' id='word_1_365' title='bbox 2809 848 2873 886; x_wconf 87' lang='lat' dir='ltr'><strong>ac</strong></span> <span class='ocrx_word' id='word_1_366' title='bbox 2899 834 3078 888; x_wconf 61' lang='lat' dir='ltr'><strong>ofﬁcio</strong></span> <span class='ocrx_word' id='word_1_367' title='bbox 3107 834 3448 904; x_wconf 48' lang='lat' dir='ltr'><strong>.dcpnnatur,</strong></span> <span class='ocrx_word' id='word_1_368' title='bbox 3485 840 3532 894; x_wconf 87' lang='lat' dir='ltr'><strong>ei</strong></span> <span class='ocrx_word' id='word_1_369' title='bbox 3582 852 3710 896; x_wconf 89' lang='lat' dir='ltr'><strong>tan-</strong></span> 
     </span>
    </p>
   </div>
   <div class='ocr_carea' id='block_1_57' title="bbox 2125 921 3114 979">
    <p class='ocr_par' dir='ltr' id='par_1_57' title="bbox 2125 921 3114 979">
     <span class='ocr_line' id='line_1_58' title="bbox 2125 921 3114 979; baseline 0.004 -4"><span class='ocrx_word' id='word_1_370' title='bbox 2125 921 2398 976; x_wconf 84' lang='lat' dir='ltr'><strong>tummodo</strong></span> <span class='ocrx_word' id='word_1_371' title='bbox 2429 925 2806 978; x_wconf 85' lang='lat' dir='ltr'><strong>cummunione</strong></span> <span class='ocrx_word' id='word_1_372' title='bbox 2836 939 3114 979; x_wconf 72' lang='lat' dir='ltr'><strong>concessa.</strong></span> 
     </span>
    </p>
   </div>
   <div class='ocr_carea' id='block_1_58' title="bbox 2232 1011 3597 1088">
    <p class='ocr_par' dir='ltr' id='par_1_58' title="bbox 2232 1011 3597 1088">
     <span class='ocr_line' id='line_1_59' title="bbox 2232 1011 3597 1088; baseline 0.009 -25"><span class='ocrx_word' id='word_1_373' title='bbox 2232 1012 2292 1063; x_wconf 88' lang='lat' dir='ltr'><strong>V.</strong></span> <span class='ocrx_word' id='word_1_374' title='bbox 2352 1011 2430 1065; x_wconf 85' lang='lat' dir='ltr'><strong>Ne</strong></span> <span class='ocrx_word' id='word_1_375' title='bbox 2455 1016 2720 1082; x_wconf 78' lang='lat' dir='ltr'><strong>cpiscopus</strong></span> <span class='ocrx_word' id='word_1_376' title='bbox 2761 1014 2987 1067; x_wconf 82' lang='lat' dir='ltr'><strong>alienum</strong></span> <span class='ocrx_word' id='word_1_377' title='bbox 3018 1015 3256 1068; x_wconf 75' lang='lat' dir='ltr'><strong>clrricum</strong></span> <span class='ocrx_word' id='word_1_378' title='bbox 3285 1029 3597 1088; x_wconf 79' lang='lat' dir='ltr'><strong>promoveat.</strong></span> 
     </span>
    </p>
   </div>
   <div class='ocr_carea' id='block_1_59' title="bbox 2197 1101 3708 1166">
    <p class='ocr_par' dir='ltr' id='par_1_59' title="bbox 2197 1101 3708 1166">
     <span class='ocr_line' id='line_1_60' title="bbox 2197 1101 3708 1166; baseline 0.007 -10"><span class='ocrx_word' id='word_1_379' title='bbox 2197 1101 2261 1156; x_wconf 87' lang='lat' dir='ltr'><strong>Ut</strong></span> <span class='ocrx_word' id='word_1_380' title='bbox 2287 1103 2461 1156; x_wconf 85' lang='lat' dir='ltr'><strong>nullus</strong></span> <span class='ocrx_word' id='word_1_381' title='bbox 2489 1102 2741 1157; x_wconf 77' lang='lat' dir='ltr'><strong>clericum</strong></span> <span class='ocrx_word' id='word_1_382' title='bbox 2768 1119 2861 1158; x_wconf 74' lang='lat' dir='ltr'><strong>seu</strong></span> <span class='ocrx_word' id='word_1_383' title='bbox 2891 1105 3148 1159; x_wconf 86' lang='lat' dir='ltr'><strong>lectorem</strong></span> <span class='ocrx_word' id='word_1_384' title='bbox 3197 1108 3432 1162; x_wconf 88' lang='lat' dir='ltr'><strong>alienum</strong></span> <span class='ocrx_word' id='word_1_385' title='bbox 3479 1113 3596 1164; x_wconf 87' lang='lat' dir='ltr'><strong>sine</strong></span> <span class='ocrx_word' id='word_1_386' title='bbox 3625 1113 3708 1166; x_wconf 84' lang='lat' dir='ltr'><strong>sui</strong></span> 
     </span>
    </p>
   </div>
   <div class='ocr_carea' id='block_1_60' title="bbox 2121 1193 3708 1272">
    <p class='ocr_par' dir='ltr' id='par_1_60' title="bbox 2121 1193 3708 1272">
     <span class='ocr_line' id='line_1_61' title="bbox 2121 1193 3708 1272; baseline 0.007 -27"><span class='ocrx_word' id='word_1_387' title='bbox 2121 1193 2368 1248; x_wconf 78' lang='lat' dir='ltr'><strong>cessinne</strong></span> <span class='ocrx_word' id='word_1_388' title='bbox 2401 1193 2666 1261; x_wconf 82' lang='lat' dir='ltr'><strong>pontificis</strong></span> <span class='ocrx_word' id='word_1_389' title='bbox 2691 1194 2770 1248; x_wconf 88' lang='lat' dir='ltr'><strong>vel</strong></span> <span class='ocrx_word' id='word_1_390' title='bbox 2824 1209 3138 1262; x_wconf 73' lang='lat' dir='ltr'><strong>iromovere</strong></span> <span class='ocrx_word' id='word_1_391' title='bbox 3171 1200 3254 1250; x_wconf 86' lang='lat' dir='ltr'><strong>vel</strong></span> <span class='ocrx_word' id='word_1_392' title='bbox 3282 1199 3384 1253; x_wconf 87' lang='lat' dir='ltr'><strong>sibi</strong></span> <span class='ocrx_word' id='word_1_393' title='bbox 3408 1202 3708 1272; x_wconf 62' lang='lat' dir='ltr'><strong>quibusque</strong></span> 
     </span>
    </p>
   </div>
   <div class='ocr_carea' id='block_1_61' title="bbox 2121 1284 3708 1358">
    <p class='ocr_par' dir='ltr' id='par_1_61' title="bbox 2121 1284 3708 1358">
     <span class='ocr_line' id='line_1_62' title="bbox 2121 1284 3708 1358; baseline 0.007 -22"><span class='ocrx_word' id='word_1_394' title='bbox 2121 1284 2520 1337; x_wconf 88' lang='lat' dir='ltr'><strong>condi.ionibus</strong></span> <span class='ocrx_word' id='word_1_395' title='bbox 2566 1285 2761 1339; x_wconf 85' lang='lat' dir='ltr'><strong>audeat</strong></span> <span class='ocrx_word' id='word_1_396' title='bbox 2802 1285 3113 1340; x_wconf 88' lang='lat' dir='ltr'><strong>vindicare:</strong></span> <span class='ocrx_word' id='word_1_397' title='bbox 3164 1287 3305 1354; x_wconf 82' lang='lat' dir='ltr'><strong>quod</strong></span> <span class='ocrx_word' id='word_1_398' title='bbox 3345 1290 3390 1341; x_wconf 83' lang='lat' dir='ltr'><strong>si</strong></span> <span class='ocrx_word' id='word_1_399' title='bbox 3423 1291 3538 1358; x_wconf 87' lang='lat' dir='ltr'><strong>quis</strong></span> <span class='ocrx_word' id='word_1_400' title='bbox 3572 1293 3708 1347; x_wconf 87' lang='lat' dir='ltr'><strong>hanc</strong></span> 
     </span>
    </p>
   </div>
   <div class='ocr_carea' id='block_1_62' title="bbox 2121 1375 3708 1448">
    <p class='ocr_par' dir='ltr' id='par_1_62' title="bbox 2121 1375 3708 1448">
     <span class='ocr_line' id='line_1_63' title="bbox 2121 1375 3708 1448; baseline 0.007 -19"><span class='ocrx_word' id='word_1_401' title='bbox 2121 1376 2550 1432; x_wconf 85' lang='lat' dir='ltr'><strong>constitutionem</strong></span> <span class='ocrx_word' id='word_1_402' title='bbox 2566 1375 3053 1448; x_wconf 86' lang='lat' dir='ltr'><strong>fueritquacunque</strong></span> <span class='ocrx_word' id='word_1_403' title='bbox 3086 1382 3502 1448; x_wconf 74' lang='lat' dir='ltr'><strong>pra-sumptioae</strong></span> <span class='ocrx_word' id='word_1_404' title='bbox 3527 1393 3708 1440; x_wconf 87' lang='lat' dir='ltr'><strong>trans-</strong></span> 
     </span>
    </p>
   </div>
   <div class='ocr_carea' id='block_1_63' title="bbox 2120 1473 3708 1540">
    <p class='ocr_par' dir='ltr' id='par_1_63' title="bbox 2120 1473 3708 1540">
     <span class='ocr_line' id='line_1_64' title="bbox 2120 1473 3708 1540; baseline 0.006 -17"><span class='ocrx_word' id='word_1_405' title='bbox 2120 1485 2357 1538; x_wconf 65' lang='lat' dir='ltr'><strong>gressu&lt;,</strong></span> <span class='ocrx_word' id='word_1_406' title='bbox 2384 1481 2692 1525; x_wconf 72' lang='lat' dir='ltr'><strong>memorata:</strong></span> <span class='ocrx_word' id='word_1_407' title='bbox 2723 1487 2964 1540; x_wconf 72' lang='lat' dir='ltr'><strong>persona:</strong></span> <span class='ocrx_word' id='word_1_408' title='bbox 3005 1473 3074 1528; x_wconf 90' lang='lat' dir='ltr'><strong>ab</strong></span> <span class='ocrx_word' id='word_1_409' title='bbox 3102 1488 3187 1540; x_wconf 90' lang='lat' dir='ltr'><strong>eo,</strong></span> <span class='ocrx_word' id='word_1_410' title='bbox 3249 1474 3331 1527; x_wconf 90' lang='lat' dir='ltr'><strong>cui</strong></span> <span class='ocrx_word' id='word_1_411' title='bbox 3365 1485 3487 1528; x_wconf 88' lang='lat' dir='ltr'><strong>sunt</strong></span> <span class='ocrx_word' id='word_1_412' title='bbox 3515 1477 3708 1532; x_wconf 48' lang='lat' dir='ltr'><strong>debitae</strong></span> 
     </span>
    </p>
   </div>
   <div class='ocr_carea' id='block_1_64' title="bbox 2123 1561 3706 1635">
    <p class='ocr_par' dir='ltr' id='par_1_64' title="bbox 2123 1561 3706 1635">
     <span class='ocr_line' id='line_1_65' title="bbox 2123 1561 3706 1635; baseline 0.006 -22"><span class='ocrx_word' id='word_1_413' title='bbox 2123 1575 2218 1615; x_wconf 89' lang='lat' dir='ltr'><strong>seu</strong></span> <span class='ocrx_word' id='word_1_414' title='bbox 2247 1561 2615 1616; x_wconf 78' lang='lat' dir='ltr'><strong>ecclesiastico</strong></span> <span class='ocrx_word' id='word_1_415' title='bbox 2641 1561 2763 1630; x_wconf 88' lang='lat' dir='ltr'><strong>jure</strong></span> <span class='ocrx_word' id='word_1_416' title='bbox 2792 1562 2905 1618; x_wconf 88' lang='lat' dir='ltr'><strong>sive</strong></span> <span class='ocrx_word' id='word_1_417' title='bbox 2943 1565 3183 1632; x_wconf 86' lang='lat' dir='ltr'><strong>proprio,</strong></span> <span class='ocrx_word' id='word_1_418' title='bbox 3234 1573 3529 1629; x_wconf 72' lang='lat' dir='ltr'><strong>revocata-2,</strong></span> <span class='ocrx_word' id='word_1_419' title='bbox 3583 1569 3706 1635; x_wconf 85' lang='lat' dir='ltr'><strong>quia</strong></span> 
     </span>
    </p>
   </div>
   <div class='ocr_carea' id='block_1_65' title="bbox 2123 1655 3707 1728">
    <p class='ocr_par' dir='ltr' id='par_1_65' title="bbox 2123 1655 3707 1728">
     <span class='ocr_line' id='line_1_66' title="bbox 2123 1655 3707 1728; baseline 0.004 -20"><span class='ocrx_word' id='word_1_420' title='bbox 2123 1655 2306 1709; x_wconf 88' lang='lat' dir='ltr'><strong>illicita</strong></span> <span class='ocrx_word' id='word_1_421' title='bbox 2353 1657 2632 1710; x_wconf 85' lang='lat' dir='ltr'><strong>vacatione</strong></span> <span class='ocrx_word' id='word_1_422' title='bbox 2672 1655 2758 1728; x_wconf 81' lang='grc' dir='ltr'><strong>[Β.</strong></span> <span class='ocrx_word' id='word_1_423' title='bbox 2795 1655 2886 1720; x_wconf 86' lang='lat' dir='ltr'><strong>R.,</strong></span> <span class='ocrx_word' id='word_1_424' title='bbox 2923 1655 2982 1710; x_wconf 82' lang='grc' dir='ltr'><strong>Τ.</strong></span> <span class='ocrx_word' id='word_1_425' title='bbox 3021 1659 3068 1720; x_wconf 81' lang='lat' dir='ltr'><strong>i,</strong></span> <span class='ocrx_word' id='word_1_426' title='bbox 3104 1655 3404 1728; x_wconf 66' lang='lat' dir='ltr'><strong>vocatione]</strong></span> <span class='ocrx_word' id='word_1_427' title='bbox 3434 1658 3707 1714; x_wconf 59' lang='lat' dir='ltr'><strong>discesse-</strong></span> 
     </span>
    </p>
   </div>
   <div class='ocr_carea' id='block_1_66' title="bbox 2123 1745 3705 1816">
    <p class='ocr_par' dir='ltr' id='par_1_66' title="bbox 2123 1745 3705 1816">
     <span class='ocr_line' id='line_1_67' title="bbox 2123 1745 3705 1816; baseline 0.004 -18"><span class='ocrx_word' id='word_1_428' title='bbox 2123 1757 2264 1813; x_wconf 90' lang='lat' dir='ltr'><strong>runt,</strong></span> <span class='ocrx_word' id='word_1_429' title='bbox 2301 1747 2369 1799; x_wconf 89' lang='lat' dir='ltr'><strong>ab</strong></span> <span class='ocrx_word' id='word_1_430' title='bbox 2399 1746 2578 1800; x_wconf 81' lang='lat' dir='ltr'><strong>oliicio</strong></span> <span class='ocrx_word' id='word_1_431' title='bbox 2600 1747 2682 1800; x_wconf 86' lang='lat' dir='ltr'><strong>vel</strong></span> <span class='ocrx_word' id='word_1_432' title='bbox 2713 1748 2915 1800; x_wconf 88' lang='lat' dir='ltr'><strong>honore</strong></span> <span class='ocrx_word' id='word_1_433' title='bbox 2952 1756 3200 1814; x_wconf 88' lang='lat' dir='ltr'><strong>suscepto</strong></span> <span class='ocrx_word' id='word_1_434' title='bbox 3239 1745 3389 1816; x_wconf 80' lang='lat' dir='ltr'><strong>juxta</strong></span> <span class='ocrx_word' id='word_1_435' title='bbox 3421 1745 3705 1804; x_wconf 88' lang='lat' dir='ltr'><strong>arbitrium</strong></span> 
     </span>
    </p>
   </div>
   <div class='ocr_carea' id='block_1_67' title="bbox 2120 1839 3707 1911">
    <p class='ocr_par' dir='ltr' id='par_1_67' title="bbox 2120 1839 3707 1911">
     <span class='ocr_line' id='line_1_68' title="bbox 2120 1839 3707 1911; baseline 0 -17"><span class='ocrx_word' id='word_1_436' title='bbox 2120 1840 2202 1894; x_wconf 90' lang='lat' dir='ltr'><strong>sui</strong></span> <span class='ocrx_word' id='word_1_437' title='bbox 2234 1839 2502 1909; x_wconf 87' lang='lat' dir='ltr'><strong>pontificis</strong></span> <span class='ocrx_word' id='word_1_438' title='bbox 2532 1840 2965 1910; x_wconf 86' lang='lat' dir='ltr'><strong>suspendantur:</strong></span> <span class='ocrx_word' id='word_1_439' title='bbox 2999 1840 3282 1910; x_wconf 85' lang='lat' dir='ltr'><strong>episcopus</strong></span> <span class='ocrx_word' id='word_1_440' title='bbox 3330 1854 3458 1896; x_wconf 89' lang='lat' dir='ltr'><strong>vero</strong></span> <span class='ocrx_word' id='word_1_441' title='bbox 3485 1845 3574 1911; x_wconf 91' lang='lat' dir='ltr'><strong>qui</strong></span> <span class='ocrx_word' id='word_1_442' title='bbox 3621 1857 3707 1896; x_wconf 88' lang='lat' dir='ltr'><strong>or-</strong></span> 
     </span>
    </p>
   </div>
   <div class='ocr_carea' id='block_1_68' title="bbox 2120 1931 3706 1998">
    <p class='ocr_par' dir='ltr' id='par_1_68' title="bbox 2120 1931 3706 1998">
     <span class='ocr_line' id='line_1_69' title="bbox 2120 1931 3706 1998; baseline 0.003 -14"><span class='ocrx_word' id='word_1_443' title='bbox 2120 1931 2405 1998; x_wconf 84' lang='lat' dir='ltr'><strong>dinaverit,</strong></span> <span class='ocrx_word' id='word_1_444' title='bbox 2459 1946 2556 1989; x_wconf 81' lang='lat' dir='ltr'><strong>sex</strong></span> <span class='ocrx_word' id='word_1_445' title='bbox 2613 1943 2829 1989; x_wconf 88' lang='lat' dir='ltr'><strong>menses</strong></span> <span class='ocrx_word' id='word_1_446' title='bbox 2876 1942 3078 1988; x_wconf 87' lang='lat' dir='ltr'><strong>tantum</strong></span> <span class='ocrx_word' id='word_1_447' title='bbox 3141 1934 3330 1990; x_wconf 84' lang='lat' dir='ltr'><strong>missas</strong></span> <span class='ocrx_word' id='word_1_448' title='bbox 3380 1933 3557 1990; x_wconf 86' lang='lat' dir='ltr'><strong>facere</strong></span> <span class='ocrx_word' id='word_1_449' title='bbox 3602 1951 3706 1990; x_wconf 92' lang='lat' dir='ltr'><strong>non</strong></span> 
     </span>
    </p>
   </div>
   <div class='ocr_carea' id='block_1_69' title="bbox 2120 2033 2425 2092">
    <p class='ocr_par' dir='ltr' id='par_1_69' title="bbox 2120 2033 2425 2092">
     <span class='ocr_line' id='line_1_70' title="bbox 2120 2033 2425 2092; baseline 0.003 -15"><span class='ocrx_word' id='word_1_450' title='bbox 2120 2033 2425 2092; x_wconf 69' lang='lat' dir='ltr'><strong>prmsumat.</strong></span> 
     </span>
    </p>
   </div>
   <div class='ocr_carea' id='block_1_70' title="bbox 2548 2115 3275 2174">
    <p class='ocr_par' dir='ltr' id='par_1_70' title="bbox 2548 2115 3275 2174">
     <span class='ocr_line' id='line_1_71' title="bbox 2548 2115 3275 2174; baseline 0.001 -2"><span class='ocrx_word' id='word_1_451' title='bbox 2548 2115 2634 2172; x_wconf 80' lang='grc' dir='ltr'><strong>γι.</strong></span> <span class='ocrx_word' id='word_1_452' title='bbox 2686 2115 2770 2172; x_wconf 87' lang='lat' dir='ltr'><strong>Ne</strong></span> <span class='ocrx_word' id='word_1_453' title='bbox 2797 2119 2926 2171; x_wconf 77' lang='lat' dir='ltr'><strong>servi</strong></span> <span class='ocrx_word' id='word_1_454' title='bbox 2955 2117 3275 2174; x_wconf 78' lang='lat' dir='ltr'><strong>ordinentur.</strong></span> 
     </span>
    </p>
   </div>
   <div class='ocr_carea' id='block_1_71' title="bbox 2197 2208 3703 2282">
    <p class='ocr_par' dir='ltr' id='par_1_71' title="bbox 2197 2208 3703 2282">
     <span class='ocr_line' id='line_1_72' title="bbox 2197 2208 3703 2282; baseline 0.002 -17"><span class='ocrx_word' id='word_1_455' title='bbox 2197 2208 2265 2265; x_wconf 88' lang='lat' dir='ltr'><strong>Ut</strong></span> <span class='ocrx_word' id='word_1_456' title='bbox 2289 2224 2500 2265; x_wconf 88' lang='lat' dir='ltr'><strong>servum</strong></span> <span class='ocrx_word' id='word_1_457' title='bbox 2533 2211 2621 2280; x_wconf 93' lang='lat' dir='ltr'><strong>qui</strong></span> <span class='ocrx_word' id='word_1_458' title='bbox 2654 2209 2952 2266; x_wconf 88' lang='lat' dir='ltr'><strong>libertatem</strong></span> <span class='ocrx_word' id='word_1_459' title='bbox 2984 2225 3011 2263; x_wconf 89' lang='lat' dir='ltr'><strong>a</strong></span> <span class='ocrx_word' id='word_1_460' title='bbox 3043 2210 3274 2266; x_wconf 87' lang='lat' dir='ltr'><strong>dominis</strong></span> <span class='ocrx_word' id='word_1_461' title='bbox 3320 2213 3552 2282; x_wconf 88' lang='lat' dir='ltr'><strong>propriis</strong></span> <span class='ocrx_word' id='word_1_462' title='bbox 3596 2228 3703 2269; x_wconf 88' lang='lat' dir='ltr'><strong>non</strong></span> 
     </span>
    </p>
   </div>
   <div class='ocr_carea' id='block_1_72' title="bbox 2123 2287 3699 2372">
    <p class='ocr_par' dir='ltr' id='par_1_72' title="bbox 2123 2287 3699 2372">
     <span class='ocr_line' id='line_1_73' title="bbox 2123 2287 3699 2372; baseline 0.003 -19"><span class='ocrx_word' id='word_1_463' title='bbox 2123 2303 2391 2368; x_wconf 84' lang='lat' dir='ltr'><strong>acceperit</strong></span> <span class='ocrx_word' id='word_1_464' title='bbox 2419 2308 2510 2354; x_wconf 88' lang='lat' dir='ltr'><strong>aut</strong></span> <span class='ocrx_word' id='word_1_465' title='bbox 2535 2301 2694 2356; x_wconf 83' lang='lat' dir='ltr'><strong>etiam</strong></span> <span class='ocrx_word' id='word_1_466' title='bbox 2715 2299 2938 2356; x_wconf 84' lang='lat' dir='ltr'><strong>liberum</strong></span> <span class='ocrx_word' id='word_1_467' title='bbox 2969 2287 3144 2356; x_wconf 87' lang='lat' dir='ltr'><strong>nullus</strong></span> <span class='ocrx_word' id='word_1_468' title='bbox 3172 2303 3542 2372; x_wconf 81' lang='lat' dir='ltr'><strong>episcOpurum</strong></span> <span class='ocrx_word' id='word_1_469' title='bbox 3573 2305 3699 2358; x_wconf 88' lang='lat' dir='ltr'><strong>abs-</strong></span> 
     </span>
    </p>
   </div>
   <div class='ocr_carea' id='block_1_73' title="bbox 2127 2391 3704 2462">
    <p class='ocr_par' dir='ltr' id='par_1_73' title="bbox 2127 2391 3704 2462">
     <span class='ocr_line' id='line_1_74' title="bbox 2127 2391 3704 2462; baseline 0.003 -18"><span class='ocrx_word' id='word_1_470' title='bbox 2127 2406 2230 2459; x_wconf 89' lang='lat' dir='ltr'><strong>que</strong></span> <span class='ocrx_word' id='word_1_471' title='bbox 2261 2391 2377 2460; x_wconf 87' lang='lat' dir='ltr'><strong>ejus</strong></span> <span class='ocrx_word' id='word_1_472' title='bbox 2405 2400 2609 2445; x_wconf 88' lang='lat' dir='ltr'><strong>tantutn</strong></span> <span class='ocrx_word' id='word_1_473' title='bbox 2670 2393 2944 2446; x_wconf 84' lang='lat' dir='ltr'><strong>voluntate</strong></span> <span class='ocrx_word' id='word_1_474' title='bbox 2971 2393 3122 2462; x_wconf 88' lang='lat' dir='ltr'><strong>cujus</strong></span> <span class='ocrx_word' id='word_1_475' title='bbox 3153 2403 3244 2447; x_wconf 85' lang='lat' dir='ltr'><strong>aut</strong></span> <span class='ocrx_word' id='word_1_476' title='bbox 3269 2406 3456 2450; x_wconf 85' lang='lat' dir='ltr'><strong>servus</strong></span> <span class='ocrx_word' id='word_1_477' title='bbox 3501 2403 3586 2449; x_wconf 89' lang='lat' dir='ltr'><strong>est</strong></span> <span class='ocrx_word' id='word_1_478' title='bbox 3612 2403 3704 2449; x_wconf 90' lang='lat' dir='ltr'><strong>aut</strong></span> 
     </span>
    </p>
   </div>
   <div class='ocr_carea' id='block_1_74' title="bbox 2121 2480 3700 2554">
    <p class='ocr_par' dir='ltr' id='par_1_74' title="bbox 2121 2480 3700 2554">
     <span class='ocr_line' id='line_1_75' title="bbox 2121 2480 3700 2554; baseline 0.004 -20"><span class='ocrx_word' id='word_1_479' title='bbox 2121 2482 2415 2537; x_wconf 86' lang='lat' dir='ltr'><strong>absolvisse</strong></span> <span class='ocrx_word' id='word_1_480' title='bbox 2445 2480 2563 2554; x_wconf 74' lang='lat'><strong>[1].,</strong></span> <span class='ocrx_word' id='word_1_481' title='bbox 2596 2482 2870 2538; x_wconf 88' lang='lat' dir='ltr'><strong>absolutus</strong></span> <span class='ocrx_word' id='word_1_482' title='bbox 2892 2483 3031 2553; x_wconf 90' lang='lat' dir='ltr'><strong>esse]</strong></span> <span class='ocrx_word' id='word_1_483' title='bbox 3071 2483 3420 2554; x_wconf 82' lang='lat' dir='ltr'><strong>dignoscitur,</strong></span> <span class='ocrx_word' id='word_1_484' title='bbox 3445 2486 3700 2540; x_wconf 89' lang='lat' dir='ltr'><strong>clericum</strong></span> 
     </span>
    </p>
   </div>
   <div class='ocr_carea' id='block_1_75' title="bbox 2121 2574 3699 2645">
    <p class='ocr_par' dir='ltr' id='par_1_75' title="bbox 2121 2574 3699 2645">
     <span class='ocr_line' id='line_1_76' title="bbox 2121 2574 3699 2645; baseline 0.003 -18"><span class='ocrx_word' id='word_1_485' title='bbox 2121 2575 2314 2629; x_wconf 83' lang='lat' dir='ltr'><strong>amicat</strong></span> <span class='ocrx_word' id='word_1_486' title='bbox 2339 2574 2587 2629; x_wconf 90' lang='lat' dir='ltr'><strong>ordinare</strong></span> <span class='ocrx_word' id='word_1_487' title='bbox 2615 2592 2626 2626; x_wconf 90' lang='lat'><strong>:</strong></span> <span class='ocrx_word' id='word_1_488' title='bbox 2659 2575 2802 2644; x_wconf 88' lang='lat' dir='ltr'><strong>quod</strong></span> <span class='ocrx_word' id='word_1_489' title='bbox 2830 2575 3074 2645; x_wconf 89' lang='lat' dir='ltr'><strong>quisquis</strong></span> <span class='ocrx_word' id='word_1_490' title='bbox 3095 2574 3305 2643; x_wconf 89' lang='lat' dir='ltr'><strong>fecerit,</strong></span> <span class='ocrx_word' id='word_1_491' title='bbox 3351 2578 3394 2632; x_wconf 91' lang='lat' dir='ltr'><strong>is</strong></span> <span class='ocrx_word' id='word_1_492' title='bbox 3423 2579 3506 2645; x_wconf 91' lang='lat' dir='ltr'><strong>qui</strong></span> <span class='ocrx_word' id='word_1_493' title='bbox 3550 2578 3699 2631; x_wconf 83' lang='lat' dir='ltr'><strong>ordi-</strong></span> 
     </span>
    </p>
   </div>
   <div class='ocr_carea' id='block_1_76' title="bbox 2122 2665 3702 2740">
    <p class='ocr_par' dir='ltr' id='par_1_76' title="bbox 2122 2665 3702 2740">
     <span class='ocr_line' id='line_1_77' title="bbox 2122 2665 3702 2740; baseline 0.001 -19"><span class='ocrx_word' id='word_1_494' title='bbox 2122 2678 2277 2721; x_wconf 89' lang='lat' dir='ltr'><strong>natus</strong></span> <span class='ocrx_word' id='word_1_495' title='bbox 2307 2678 2389 2721; x_wconf 88' lang='lat' dir='ltr'><strong>est</strong></span> <span class='ocrx_word' id='word_1_496' title='bbox 2419 2681 2447 2719; x_wconf 91' lang='lat' dir='ltr'><strong>a</strong></span> <span class='ocrx_word' id='word_1_497' title='bbox 2485 2665 2703 2722; x_wconf 90' lang='lat' dir='ltr'><strong>domino</strong></span> <span class='ocrx_word' id='word_1_498' title='bbox 2733 2677 3048 2735; x_wconf 85' lang='lat' dir='ltr'><strong>revocetur;</strong></span> <span class='ocrx_word' id='word_1_499' title='bbox 3079 2680 3131 2722; x_wconf 89' lang='lat' dir='ltr'><strong>et</strong></span> <span class='ocrx_word' id='word_1_500' title='bbox 3158 2668 3247 2723; x_wconf 87' lang='lat' dir='ltr'><strong>ille</strong></span> <span class='ocrx_word' id='word_1_501' title='bbox 3276 2669 3364 2738; x_wconf 88' lang='lat' dir='ltr'><strong>qui</strong></span> <span class='ocrx_word' id='word_1_502' title='bbox 3410 2679 3493 2722; x_wconf 90' lang='lat' dir='ltr'><strong>est</strong></span> <span class='ocrx_word' id='word_1_503' title='bbox 3519 2671 3702 2740; x_wconf 73' lang='lat' dir='ltr'><strong>rolla-</strong></span> 
     </span>
    </p>
   </div>
   <div class='ocr_carea' id='block_1_77' title="bbox 2125 2757 3705 2827">
    <p class='ocr_par' dir='ltr' id='par_1_77' title="bbox 2125 2757 3705 2827">
     <span class='ocr_line' id='line_1_78' title="bbox 2125 2757 3705 2827; baseline 0 -13"><span class='ocrx_word' id='word_1_504' title='bbox 2125 2769 2209 2814; x_wconf 90' lang='lat' dir='ltr'><strong>tor</strong></span> <span class='ocrx_word' id='word_1_505' title='bbox 2229 2757 2456 2824; x_wconf 85' lang='lat' dir='ltr'><strong>ordinis,</strong></span> <span class='ocrx_word' id='word_1_506' title='bbox 2483 2758 2526 2812; x_wconf 89' lang='lat' dir='ltr'><strong>si</strong></span> <span class='ocrx_word' id='word_1_507' title='bbox 2555 2759 2732 2812; x_wconf 89' lang='lat' dir='ltr'><strong>sciens</strong></span> <span class='ocrx_word' id='word_1_508' title='bbox 2774 2758 2963 2813; x_wconf 89' lang='lat' dir='ltr'><strong>fecisse</strong></span> <span class='ocrx_word' id='word_1_509' title='bbox 3007 2759 3278 2827; x_wconf 85' lang='lat' dir='ltr'><strong>probatur,</strong></span> <span class='ocrx_word' id='word_1_510' title='bbox 3310 2771 3402 2813; x_wconf 78' lang='lat' dir='ltr'><strong>sex</strong></span> <span class='ocrx_word' id='word_1_511' title='bbox 3433 2761 3705 2814; x_wconf 85' lang='lat' dir='ltr'><strong>mensibus</strong></span> 
     </span>
    </p>
   </div>
   <div class='ocr_carea' id='block_1_78' title="bbox 2125 2846 3703 2918">
    <p class='ocr_par' dir='ltr' id='par_1_78' title="bbox 2125 2846 3703 2918">
     <span class='ocr_line' id='line_1_79' title="bbox 2125 2846 3703 2918; baseline 0.001 -15"><span class='ocrx_word' id='word_1_512' title='bbox 2125 2857 2324 2903; x_wconf 88' lang='lat' dir='ltr'><strong>tantum</strong></span> <span class='ocrx_word' id='word_1_513' title='bbox 2357 2846 2516 2918; x_wconf 82' lang='lat'><strong>275</strong></span> <span class='ocrx_word' id='word_1_514' title='bbox 2549 2847 2765 2904; x_wconf 89' lang='lat' dir='ltr'><strong>missam</strong></span> <span class='ocrx_word' id='word_1_515' title='bbox 2796 2847 2971 2903; x_wconf 90' lang='lat' dir='ltr'><strong>facere</strong></span> <span class='ocrx_word' id='word_1_516' title='bbox 2999 2864 3101 2902; x_wconf 89' lang='lat' dir='ltr'><strong>non</strong></span> <span class='ocrx_word' id='word_1_517' title='bbox 3137 2857 3445 2917; x_wconf 67' lang='lat' dir='ltr'><strong>praesumat.</strong></span> <span class='ocrx_word' id='word_1_518' title='bbox 3483 2849 3541 2903; x_wconf 91' lang='lat' dir='ltr'><strong>Si</strong></span> <span class='ocrx_word' id='word_1_519' title='bbox 3574 2865 3703 2905; x_wconf 88' lang='lat' dir='ltr'><strong>vero</strong></span> 
     </span>
    </p>
   </div>
   <div class='ocr_carea' id='block_1_79' title="bbox 2120 2939 3706 3010">
    <p class='ocr_par' dir='ltr' id='par_1_79' title="bbox 2120 2939 3706 3010">
     <span class='ocr_line' id='line_1_80' title="bbox 2120 2939 3706 3010; baseline 0.002 -17"><span class='ocrx_word' id='word_1_520' title='bbox 2120 2941 2457 2994; x_wconf 74' lang='lat' dir='ltr'><strong>smcularium</strong></span> <span class='ocrx_word' id='word_1_521' title='bbox 2495 2952 2680 2994; x_wconf 89' lang='lat' dir='ltr'><strong>servus</strong></span> <span class='ocrx_word' id='word_1_522' title='bbox 2704 2953 2822 2994; x_wconf 88' lang='lat' dir='ltr'><strong>esse</strong></span> <span class='ocrx_word' id='word_1_523' title='bbox 2850 2939 3204 3005; x_wconf 85' lang='lat' dir='ltr'><strong>convincitur,</strong></span> <span class='ocrx_word' id='word_1_524' title='bbox 3238 2941 3286 2994; x_wconf 91' lang='lat' dir='ltr'><strong>ei</strong></span> <span class='ocrx_word' id='word_1_525' title='bbox 3311 2939 3402 3010; x_wconf 91' lang='lat' dir='ltr'><strong>qui</strong></span> <span class='ocrx_word' id='word_1_526' title='bbox 3427 2940 3706 2996; x_wconf 90' lang='lat' dir='ltr'><strong>ordinatus</strong></span> 
     </span>
    </p>
   </div>
   <div class='ocr_carea' id='block_1_80' title="bbox 2123 3029 3706 3095">
    <p class='ocr_par' dir='ltr' id='par_1_80' title="bbox 2123 3029 3706 3095">
     <span class='ocr_line' id='line_1_81' title="bbox 2123 3029 3706 3095; baseline 0.001 -11"><span class='ocrx_word' id='word_1_527' title='bbox 2123 3040 2204 3086; x_wconf 86' lang='lat' dir='ltr'><strong>est</strong></span> <span class='ocrx_word' id='word_1_528' title='bbox 2230 3031 2602 3086; x_wconf 86' lang='lat' dir='ltr'><strong>benedictione</strong></span> <span class='ocrx_word' id='word_1_529' title='bbox 2628 3039 2859 3095; x_wconf 89' lang='lat' dir='ltr'><strong>servata,</strong></span> <span class='ocrx_word' id='word_1_530' title='bbox 2891 3029 3118 3084; x_wconf 91' lang='lat' dir='ltr'><strong>honesto</strong></span> <span class='ocrx_word' id='word_1_531' title='bbox 3148 3030 3336 3085; x_wconf 87' lang='lat' dir='ltr'><strong>ordine</strong></span> <span class='ocrx_word' id='word_1_532' title='bbox 3365 3031 3583 3084; x_wconf 91' lang='lat' dir='ltr'><strong>domino</strong></span> <span class='ocrx_word' id='word_1_533' title='bbox 3604 3045 3706 3086; x_wconf 90' lang='lat' dir='ltr'><strong>suo</strong></span> 
     </span>
    </p>
   </div>
   <div class='ocr_carea' id='block_1_81' title="bbox 2123 3121 3705 3192">
    <p class='ocr_par' dir='ltr' id='par_1_81' title="bbox 2123 3121 3705 3192">
     <span class='ocr_line' id='line_1_82' title="bbox 2123 3121 3705 3192; baseline 0.001 -16"><span class='ocrx_word' id='word_1_534' title='bbox 2123 3124 2396 3192; x_wconf 88' lang='lat' dir='ltr'><strong>impendat</strong></span> <span class='ocrx_word' id='word_1_535' title='bbox 2455 3122 2810 3191; x_wconf 87' lang='lat' dir='ltr'><strong>obsequium;</strong></span> <span class='ocrx_word' id='word_1_536' title='bbox 2860 3121 3001 3192; x_wconf 91' lang='lat' dir='ltr'><strong>quod</strong></span> <span class='ocrx_word' id='word_1_537' title='bbox 3051 3121 3096 3176; x_wconf 90' lang='lat' dir='ltr'><strong>si</strong></span> <span class='ocrx_word' id='word_1_538' title='bbox 3145 3121 3419 3177; x_wconf 83' lang='lat' dir='ltr'><strong>saecularis</strong></span> <span class='ocrx_word' id='word_1_539' title='bbox 3457 3121 3705 3178; x_wconf 88' lang='lat' dir='ltr'><strong>dominus</strong></span> 
     </span>
    </p>
   </div>
   <div class='ocr_carea' id='block_1_82' title="bbox 2121 3211 3706 3281">
    <p class='ocr_par' dir='ltr' id='par_1_82' title="bbox 2121 3211 3706 3281">
     <span class='ocr_line' id='line_1_83' title="bbox 2121 3211 3706 3281; baseline 0.001 -16"><span class='ocrx_word' id='word_1_540' title='bbox 2121 3213 2348 3281; x_wconf 89' lang='lat' dir='ltr'><strong>amplius</strong></span> <span class='ocrx_word' id='word_1_541' title='bbox 2376 3227 2497 3268; x_wconf 88' lang='lat' dir='ltr'><strong>eum</strong></span> <span class='ocrx_word' id='word_1_542' title='bbox 2546 3212 2770 3266; x_wconf 91' lang='lat' dir='ltr'><strong>voluerit</strong></span> <span class='ocrx_word' id='word_1_543' title='bbox 2802 3211 3080 3277; x_wconf 86' lang='lat' dir='ltr'><strong>inclinare,</strong></span> <span class='ocrx_word' id='word_1_544' title='bbox 3122 3220 3180 3265; x_wconf 90' lang='lat' dir='ltr'><strong>ut</strong></span> <span class='ocrx_word' id='word_1_545' title='bbox 3223 3225 3374 3266; x_wconf 88' lang='lat' dir='ltr'><strong>sacro</strong></span> <span class='ocrx_word' id='word_1_546' title='bbox 3403 3211 3576 3266; x_wconf 89' lang='lat' dir='ltr'><strong>ordini</strong></span> <span class='ocrx_word' id='word_1_547' title='bbox 3619 3212 3706 3267; x_wconf 89' lang='lat' dir='ltr'><strong>in-</strong></span> 
     </span>
    </p>
   </div>
   <div class='ocr_carea' id='block_1_83' title="bbox 2121 3304 3710 3375">
    <p class='ocr_par' dir='ltr' id='par_1_83' title="bbox 2121 3304 3710 3375">
     <span class='ocr_line' id='line_1_84' title="bbox 2121 3304 3710 3375; baseline 0.003 -18"><span class='ocrx_word' id='word_1_548' title='bbox 2121 3305 2259 3361; x_wconf 75' lang='lat' dir='ltr'><strong>ferre</strong></span> <span class='ocrx_word' id='word_1_549' title='bbox 2298 3306 2541 3360; x_wconf 88' lang='lat' dir='ltr'><strong>videatur</strong></span> <span class='ocrx_word' id='word_1_550' title='bbox 2578 3304 2864 3375; x_wconf 90' lang='lat' dir='ltr'><strong>injuriam,</strong></span> <span class='ocrx_word' id='word_1_551' title='bbox 2909 3305 3046 3358; x_wconf 90' lang='lat' dir='ltr'><strong>duos</strong></span> <span class='ocrx_word' id='word_1_552' title='bbox 3076 3319 3282 3372; x_wconf 89' lang='lat' dir='ltr'><strong>servos,</strong></span> <span class='ocrx_word' id='word_1_553' title='bbox 3321 3306 3459 3361; x_wconf 84' lang='lat' dir='ltr'><strong>sicut</strong></span> <span class='ocrx_word' id='word_1_554' title='bbox 3485 3313 3538 3360; x_wconf 88' lang='lat' dir='ltr'><strong>et</strong></span> <span class='ocrx_word' id='word_1_555' title='bbox 3564 3307 3710 3362; x_wconf 90' lang='lat' dir='ltr'><strong>anti-</strong></span> 
     </span>
    </p>
   </div>
   <div class='ocr_carea' id='block_1_84' title="bbox 2123 3397 3704 3470">
    <p class='ocr_par' dir='ltr' id='par_1_84' title="bbox 2123 3397 3704 3470">
     <span class='ocr_line' id='line_1_85' title="bbox 2123 3397 3704 3470; baseline -0.001 -17"><span class='ocrx_word' id='word_1_556' title='bbox 2123 3401 2212 3470; x_wconf 91' lang='lat' dir='ltr'><strong>qui</strong></span> <span class='ocrx_word' id='word_1_557' title='bbox 2241 3413 2474 3454; x_wconf 87' lang='lat' dir='ltr'><strong>canones</strong></span> <span class='ocrx_word' id='word_1_558' title='bbox 2505 3397 2721 3463; x_wconf 87' lang='lat' dir='ltr'><strong>habent,</strong></span> <span class='ocrx_word' id='word_1_559' title='bbox 2749 3398 3033 3466; x_wconf 89' lang='lat' dir='ltr'><strong>episcopus</strong></span> <span class='ocrx_word' id='word_1_560' title='bbox 3052 3397 3140 3464; x_wconf 93' lang='lat' dir='ltr'><strong>qui</strong></span> <span class='ocrx_word' id='word_1_561' title='bbox 3163 3412 3282 3451; x_wconf 89' lang='lat' dir='ltr'><strong>eum</strong></span> <span class='ocrx_word' id='word_1_562' title='bbox 3308 3397 3576 3452; x_wconf 87' lang='lat' dir='ltr'><strong>ordinavit</strong></span> <span class='ocrx_word' id='word_1_563' title='bbox 3601 3397 3704 3452; x_wconf 92' lang='lat' dir='ltr'><strong>do-</strong></span> 
     </span>
    </p>
   </div>
   <div class='ocr_carea' id='block_1_85' title="bbox 2125 3488 3707 3558">
    <p class='ocr_par' dir='ltr' id='par_1_85' title="bbox 2125 3488 3707 3558">
     <span class='ocr_line' id='line_1_86' title="bbox 2125 3488 3707 3558; baseline -0.002 -14"><span class='ocrx_word' id='word_1_564' title='bbox 2125 3493 2272 3546; x_wconf 84' lang='lat' dir='ltr'><strong>mino</strong></span> <span class='ocrx_word' id='word_1_565' title='bbox 2301 3488 2542 3544; x_wconf 66' lang='lat' dir='ltr'><strong>simulari</strong></span> <span class='ocrx_word' id='word_1_566' title='bbox 2574 3489 2817 3544; x_wconf 76' lang='lat' dir='ltr'><strong>restituat</strong></span> <span class='ocrx_word' id='word_1_567' title='bbox 2843 3504 2858 3554; x_wconf 90' lang='lat'><strong>;</strong></span> <span class='ocrx_word' id='word_1_568' title='bbox 2886 3498 2939 3543; x_wconf 91' lang='lat' dir='ltr'><strong>et</strong></span> <span class='ocrx_word' id='word_1_569' title='bbox 2965 3489 3248 3558; x_wconf 89' lang='lat' dir='ltr'><strong>episcopus</strong></span> <span class='ocrx_word' id='word_1_570' title='bbox 3277 3502 3400 3542; x_wconf 91' lang='lat' dir='ltr'><strong>eum</strong></span> <span class='ocrx_word' id='word_1_571' title='bbox 3428 3503 3583 3558; x_wconf 89' lang='lat' dir='ltr'><strong>quem</strong></span> <span class='ocrx_word' id='word_1_572' title='bbox 3615 3503 3707 3542; x_wconf 86' lang='lat' dir='ltr'><strong>or-</strong></span> 
     </span>
    </p>
   </div>
   <div class='ocr_carea' id='block_1_86' title="bbox 2121 3580 3710 3650">
    <p class='ocr_par' dir='ltr' id='par_1_86' title="bbox 2121 3580 3710 3650">
     <span class='ocr_line' id='line_1_87' title="bbox 2121 3580 3710 3650; baseline 0.001 -14"><span class='ocrx_word' id='word_1_573' title='bbox 2121 3582 2325 3637; x_wconf 76' lang='lat' dir='ltr'><strong>dinavit</strong></span> <span class='ocrx_word' id='word_1_574' title='bbox 2349 3581 2414 3637; x_wconf 88' lang='lat' dir='ltr'><strong>ad</strong></span> <span class='ocrx_word' id='word_1_575' title='bbox 2442 3581 2732 3637; x_wconf 87' lang='lat' dir='ltr'><strong>Ecclesiam</strong></span> <span class='ocrx_word' id='word_1_576' title='bbox 2762 3595 2912 3635; x_wconf 89' lang='lat' dir='ltr'><strong>suam</strong></span> <span class='ocrx_word' id='word_1_577' title='bbox 2943 3580 3227 3636; x_wconf 85' lang='lat' dir='ltr'><strong>revocandi</strong></span> <span class='ocrx_word' id='word_1_578' title='bbox 3251 3580 3446 3637; x_wconf 87' lang='lat' dir='ltr'><strong>habeat</strong></span> <span class='ocrx_word' id='word_1_579' title='bbox 3473 3591 3710 3650; x_wconf 85' lang='lat' dir='ltr'><strong>potesta-</strong></span> 
     </span>
    </p>
   </div>
   <div class='ocr_carea' id='block_1_87' title="bbox 2122 3685 2249 3730">
    <p class='ocr_par' dir='ltr' id='par_1_87' title="bbox 2122 3685 2249 3730">
     <span class='ocr_line' id='line_1_88' title="bbox 2122 3685 2249 3730; baseline -0.016 0"><span class='ocrx_word' id='word_1_580' title='bbox 2122 3685 2226 3730; x_wconf 88' lang='lat' dir='ltr'><strong>tem</strong></span> <span class='ocrx_word' id='word_1_581' title='bbox 2235 3712 2249 3728; x_wconf 86' lang='lat'><strong>.</strong></span> 
     </span>
    </p>
   </div>
   <div class='ocr_carea' id='block_1_88' title="bbox 2439 3763 3344 3820">
    <p class='ocr_par' dir='ltr' id='par_1_88' title="bbox 2439 3763 3344 3820">
     <span class='ocr_line' id='line_1_89' title="bbox 2439 3763 3344 3820; baseline -0.002 0"><span class='ocrx_word' id='word_1_582' title='bbox 2439 3763 2546 3820; x_wconf 85' lang='lat' dir='ltr'><strong>VII.</strong></span> <span class='ocrx_word' id='word_1_583' title='bbox 2581 3764 2653 3820; x_wconf 77' lang='lat' dir='ltr'><strong>De</strong></span> <span class='ocrx_word' id='word_1_584' title='bbox 2680 3765 3006 3820; x_wconf 79' lang='lat' dir='ltr'><strong>manumissis</strong></span> <span class='ocrx_word' id='word_1_585' title='bbox 3028 3766 3082 3819; x_wconf 89' lang='lat' dir='ltr'><strong>in</strong></span> <span class='ocrx_word' id='word_1_586' title='bbox 3108 3766 3344 3820; x_wconf 81' lang='lat' dir='ltr'><strong>ecclesia.</strong></span> 
     </span>
    </p>
   </div>
   <div class='ocr_carea' id='block_1_89' title="bbox 2196 3854 3704 3926">
    <p class='ocr_par' dir='ltr' id='par_1_89' title="bbox 2196 3854 3704 3926">
     <span class='ocr_line' id='line_1_90' title="bbox 2196 3854 3704 3926; baseline -0.001 -16"><span class='ocrx_word' id='word_1_587' title='bbox 2196 3855 2262 3910; x_wconf 85' lang='lat' dir='ltr'><strong>Et</strong></span> <span class='ocrx_word' id='word_1_588' title='bbox 2290 3854 2409 3925; x_wconf 87' lang='lat' dir='ltr'><strong>quia</strong></span> <span class='ocrx_word' id='word_1_589' title='bbox 2445 3854 2794 3923; x_wconf 90' lang='lat' dir='ltr'><strong>plurimorum</strong></span> <span class='ocrx_word' id='word_1_590' title='bbox 2825 3858 3166 3926; x_wconf 83' lang='lat' dir='ltr'><strong>suggestione</strong></span> <span class='ocrx_word' id='word_1_591' title='bbox 3193 3854 3554 3925; x_wconf 88' lang='lat' dir='ltr'><strong>comperimus</strong></span> <span class='ocrx_word' id='word_1_592' title='bbox 3585 3869 3704 3921; x_wconf 87' lang='lat' dir='ltr'><strong>eos,</strong></span> 
     </span>
    </p>
   </div>
   <div class='ocr_carea' id='block_1_90' title="bbox 2123 3945 3712 4019">
    <p class='ocr_par' dir='ltr' id='par_1_90' title="bbox 2123 3945 3712 4019">
     <span class='ocr_line' id='line_1_91' title="bbox 2123 3945 3712 4019; baseline 0.001 -17"><span class='ocrx_word' id='word_1_593' title='bbox 2123 3948 2210 4019; x_wconf 87' lang='lat' dir='ltr'><strong>qui</strong></span> <span class='ocrx_word' id='word_1_594' title='bbox 2240 3947 2291 4002; x_wconf 91' lang='lat' dir='ltr'><strong>in</strong></span> <span class='ocrx_word' id='word_1_595' title='bbox 2316 3947 2556 4003; x_wconf 91' lang='lat' dir='ltr'><strong>ecclesiis</strong></span> <span class='ocrx_word' id='word_1_596' title='bbox 2582 3946 2732 4016; x_wconf 81' lang='lat' dir='ltr'><strong>juxta</strong></span> <span class='ocrx_word' id='word_1_597' title='bbox 2760 3949 3160 4017; x_wconf 85' lang='lat' dir='ltr'><strong>parochitanam</strong></span> <span class='ocrx_word' id='word_1_598' title='bbox 3185 3945 3626 4002; x_wconf 87' lang='lat' dir='ltr'><strong>consuetudinem</strong></span> <span class='ocrx_word' id='word_1_599' title='bbox 3679 3963 3712 4003; x_wconf 80' lang='lat' dir='ltr'><strong>a</strong></span> 
     </span>
    </p>
   </div>
   <div class='ocr_carea' id='block_1_91' title="bbox 2125 4039 3718 4110">
    <p class='ocr_par' dir='ltr' id='par_1_91' title="bbox 2125 4039 3718 4110">
     <span class='ocr_line' id='line_1_92' title="bbox 2125 4039 3718 4110; baseline -0.001 -13"><span class='ocrx_word' id='word_1_600' title='bbox 2125 4042 2346 4097; x_wconf 87' lang='lat' dir='ltr'><strong>servitio</strong></span> <span class='ocrx_word' id='word_1_601' title='bbox 2372 4041 2604 4097; x_wconf 78' lang='lat' dir='ltr'><strong>fuissent</strong></span> <span class='ocrx_word' id='word_1_602' title='bbox 2630 4040 2881 4107; x_wconf 90' lang='lat' dir='ltr'><strong>absoluti,</strong></span> <span class='ocrx_word' id='word_1_603' title='bbox 2929 4055 3023 4110; x_wconf 90' lang='lat' dir='ltr'><strong>pro</strong></span> <span class='ocrx_word' id='word_1_604' title='bbox 3071 4039 3222 4094; x_wconf 89' lang='lat' dir='ltr'><strong>lihitu</strong></span> <span class='ocrx_word' id='word_1_605' title='bbox 3270 4055 3718 4109; x_wconf 72' lang='lat' dir='ltr'><strong>quorumcumque</strong></span> 
     </span>
    </p>
   </div>
   <div class='ocr_carea' id='block_1_92' title="bbox 2123 4117 3716 4200">
    <p class='ocr_par' dir='ltr' id='par_1_92' title="bbox 2123 4117 3716 4200">
     <span class='ocr_line' id='line_1_93' title="bbox 2123 4117 3716 4200; baseline 0.001 -16"><span class='ocrx_word' id='word_1_606' title='bbox 2123 4117 2317 4188; x_wconf 65' lang='lat' dir='ltr'><strong>iteFum</strong></span> <span class='ocrx_word' id='word_1_607' title='bbox 2349 4132 2413 4186; x_wconf 89' lang='lat' dir='ltr'><strong>ad</strong></span> <span class='ocrx_word' id='word_1_608' title='bbox 2438 4131 2714 4186; x_wconf 88' lang='lat' dir='ltr'><strong>servitium</strong></span> <span class='ocrx_word' id='word_1_609' title='bbox 2755 4130 3020 4198; x_wconf 86' lang='lat' dir='ltr'><strong>revocari,</strong></span> <span class='ocrx_word' id='word_1_610' title='bbox 3059 4129 3280 4200; x_wconf 90' lang='lat' dir='ltr'><strong>impium</strong></span> <span class='ocrx_word' id='word_1_611' title='bbox 3310 4144 3430 4184; x_wconf 85' lang='lat' dir='ltr'><strong>esse</strong></span> <span class='ocrx_word' id='word_1_612' title='bbox 3457 4133 3716 4186; x_wconf 82' lang='lat' dir='ltr'><strong>tractavi-</strong></span> 
     </span>
    </p>
   </div>
   <div class='ocr_carea' id='block_1_93' title="bbox 2124 4223 3719 4295">
    <p class='ocr_par' dir='ltr' id='par_1_93' title="bbox 2124 4223 3719 4295">
     <span class='ocr_line' id='line_1_94' title="bbox 2124 4223 3719 4295; baseline -0.001 -15"><span class='ocrx_word' id='word_1_613' title='bbox 2124 4239 2264 4291; x_wconf 87' lang='lat' dir='ltr'><strong>mus,</strong></span> <span class='ocrx_word' id='word_1_614' title='bbox 2291 4233 2348 4280; x_wconf 92' lang='lat' dir='ltr'><strong>ut</strong></span> <span class='ocrx_word' id='word_1_615' title='bbox 2387 4223 2529 4295; x_wconf 90' lang='lat' dir='ltr'><strong>quod</strong></span> <span class='ocrx_word' id='word_1_616' title='bbox 2570 4225 2622 4280; x_wconf 92' lang='lat' dir='ltr'><strong>in</strong></span> <span class='ocrx_word' id='word_1_617' title='bbox 2666 4224 2894 4279; x_wconf 86' lang='lat' dir='ltr'><strong>ecclesia</strong></span> <span class='ocrx_word' id='word_1_618' title='bbox 2943 4223 3035 4279; x_wconf 88' lang='lat' dir='ltr'><strong>Dei</strong></span> <span class='ocrx_word' id='word_1_619' title='bbox 3080 4223 3508 4278; x_wconf 85' lang='lat' dir='ltr'><strong>consideratione</strong></span> <span class='ocrx_word' id='word_1_620' title='bbox 3537 4237 3568 4277; x_wconf 88' lang='lat' dir='ltr'><strong>a</strong></span> <span class='ocrx_word' id='word_1_621' title='bbox 3595 4225 3719 4278; x_wconf 87' lang='lat' dir='ltr'><strong>vin-</strong></span> 
     </span>
    </p>
   </div>
   <div class='ocr_carea' id='block_1_94' title="bbox 2123 4312 3720 4372">
    <p class='ocr_par' dir='ltr' id='par_1_94' title="bbox 2123 4312 3720 4372">
     <span class='ocr_line' id='line_1_95' title="bbox 2123 4312 3720 4372; baseline -0.003 -1"><span class='ocrx_word' id='word_1_622' title='bbox 2123 4315 2247 4372; x_wconf 92' lang='lat' dir='ltr'><strong>culo</strong></span> <span class='ocrx_word' id='word_1_623' title='bbox 2293 4313 2567 4370; x_wconf 85' lang='lat' dir='ltr'><strong>servitutis</strong></span> <span class='ocrx_word' id='word_1_624' title='bbox 2627 4313 2922 4370; x_wconf 89' lang='lat' dir='ltr'><strong>absolvitur</strong></span> <span class='ocrx_word' id='word_1_625' title='bbox 2967 4315 3178 4369; x_wconf 88' lang='lat' dir='ltr'><strong>irritum</strong></span> <span class='ocrx_word' id='word_1_626' title='bbox 3231 4312 3512 4368; x_wconf 88' lang='lat' dir='ltr'><strong>habeatur.</strong></span> <span class='ocrx_word' id='word_1_627' title='bbox 3561 4313 3720 4367; x_wconf 87' lang='lat' dir='ltr'><strong>Adeo</strong></span> 
     </span>
    </p>
   </div>
   <div class='ocr_carea' id='block_1_95' title="bbox 2124 4410 3718 4481">
    <p class='ocr_par' dir='ltr' id='par_1_95' title="bbox 2124 4410 3718 4481">
     <span class='ocr_line' id='line_1_96' title="bbox 2124 4410 3718 4481; baseline 0.001 -17"><span class='ocrx_word' id='word_1_628' title='bbox 2124 4410 2337 4481; x_wconf 88' lang='lat' dir='ltr'><strong>pietatis</strong></span> <span class='ocrx_word' id='word_1_629' title='bbox 2381 4424 2541 4466; x_wconf 87' lang='lat' dir='ltr'><strong>causa</strong></span> <span class='ocrx_word' id='word_1_630' title='bbox 2583 4410 2856 4465; x_wconf 90' lang='lat' dir='ltr'><strong>communi</strong></span> <span class='ocrx_word' id='word_1_631' title='bbox 2902 4411 3126 4465; x_wconf 88' lang='lat' dir='ltr'><strong>consilio</strong></span> <span class='ocrx_word' id='word_1_632' title='bbox 3176 4410 3376 4479; x_wconf 87' lang='lat' dir='ltr'><strong>placuit</strong></span> <span class='ocrx_word' id='word_1_633' title='bbox 3417 4410 3718 4465; x_wconf 77' lang='lat' dir='ltr'><strong>observan-</strong></span> 
     </span>
    </p>
   </div>
   <div class='ocr_carea' id='block_1_96' title="bbox 2125 4501 3720 4573">
    <p class='ocr_par' dir='ltr' id='par_1_96' title="bbox 2125 4501 3720 4573">
     <span class='ocr_line' id='line_1_97' title="bbox 2125 4501 3720 4573; baseline -0.001 -15"><span class='ocrx_word' id='word_1_634' title='bbox 2125 4502 2273 4569; x_wconf 88' lang='lat' dir='ltr'><strong>dum,</strong></span> <span class='ocrx_word' id='word_1_635' title='bbox 2304 4513 2366 4558; x_wconf 89' lang='lat' dir='ltr'><strong>ut</strong></span> <span class='ocrx_word' id='word_1_636' title='bbox 2393 4516 2726 4573; x_wconf 58' lang='lat' dir='ltr'><strong>quascunque</strong></span> <span class='ocrx_word' id='word_1_637' title='bbox 2772 4501 3034 4572; x_wconf 86' lang='lat' dir='ltr'><strong>mancipia</strong></span> <span class='ocrx_word' id='word_1_638' title='bbox 3086 4501 3156 4557; x_wconf 90' lang='lat' dir='ltr'><strong>ab</strong></span> <span class='ocrx_word' id='word_1_639' title='bbox 3195 4501 3438 4573; x_wconf 74' lang='lat' dir='ltr'><strong>ingenuis</strong></span> <span class='ocrx_word' id='word_1_640' title='bbox 3476 4501 3720 4556; x_wconf 86' lang='lat' dir='ltr'><strong>dominis</strong></span> 
     </span>
    </p>
   </div>
   <div class='ocr_carea' id='block_1_97' title="bbox 2125 4595 3716 4664">
    <p class='ocr_par' dir='ltr' id='par_1_97' title="bbox 2125 4595 3716 4664">
     <span class='ocr_line' id='line_1_98' title="bbox 2125 4595 3716 4664; baseline -0.001 -14"><span class='ocrx_word' id='word_1_641' title='bbox 2125 4595 2381 4652; x_wconf 83' lang='lat' dir='ltr'><strong>servitute</strong></span> <span class='ocrx_word' id='word_1_642' title='bbox 2426 4595 2692 4663; x_wconf 82' lang='lat' dir='ltr'><strong>laxantur,</strong></span> <span class='ocrx_word' id='word_1_643' title='bbox 2745 4595 2797 4650; x_wconf 92' lang='lat' dir='ltr'><strong>in</strong></span> <span class='ocrx_word' id='word_1_644' title='bbox 2841 4609 2905 4650; x_wconf 90' lang='lat' dir='ltr'><strong>ea</strong></span> <span class='ocrx_word' id='word_1_645' title='bbox 2960 4595 3206 4649; x_wconf 88' lang='lat' dir='ltr'><strong>libertate</strong></span> <span class='ocrx_word' id='word_1_646' title='bbox 3249 4602 3502 4649; x_wconf 88' lang='lat' dir='ltr'><strong>maneant</strong></span> <span class='ocrx_word' id='word_1_647' title='bbox 3545 4607 3716 4664; x_wconf 81' lang='lat' dir='ltr'><strong>quam</strong></span> 
     </span>
    </p>
   </div>
   <div class='ocr_carea' id='block_1_98' title="bbox 2128 4687 3720 4761">
    <p class='ocr_par' dir='ltr' id='par_1_98' title="bbox 2128 4687 3720 4761">
     <span class='ocr_line' id='line_1_99' title="bbox 2128 4687 3720 4761; baseline -0.001 -18"><span class='ocrx_word' id='word_1_648' title='bbox 2128 4698 2256 4746; x_wconf 90' lang='lat' dir='ltr'><strong>tunc</strong></span> <span class='ocrx_word' id='word_1_649' title='bbox 2301 4704 2332 4745; x_wconf 90' lang='lat' dir='ltr'><strong>a</strong></span> <span class='ocrx_word' id='word_1_650' title='bbox 2361 4689 2590 4746; x_wconf 87' lang='lat' dir='ltr'><strong>dominis</strong></span> <span class='ocrx_word' id='word_1_651' title='bbox 2635 4699 3022 4761; x_wconf 88' lang='lat' dir='ltr'><strong>perceperant:</strong></span> <span class='ocrx_word' id='word_1_652' title='bbox 3059 4689 3363 4755; x_wconf 84' lang='lat' dir='ltr'><strong>hujusmodi</strong></span> <span class='ocrx_word' id='word_1_653' title='bbox 3406 4701 3617 4758; x_wconf 89' lang='lat' dir='ltr'><strong>quoque</strong></span> <span class='ocrx_word' id='word_1_654' title='bbox 3643 4687 3720 4742; x_wconf 86' lang='lat' dir='ltr'><strong>li-</strong></span> 
     </span>
    </p>
   </div>
   <div class='ocr_carea' id='block_1_99' title="bbox 2127 4779 3718 4854">
    <p class='ocr_par' dir='ltr' id='par_1_99' title="bbox 2127 4779 3718 4854">
     <span class='ocr_line' id='line_1_100' title="bbox 2127 4779 3718 4854; baseline -0.004 -14"><span class='ocrx_word' id='word_1_655' title='bbox 2127 4785 2324 4852; x_wconf 89' lang='lat' dir='ltr'><strong>bertas,</strong></span> <span class='ocrx_word' id='word_1_656' title='bbox 2357 4784 2464 4839; x_wconf 89' lang='lat' dir='ltr'><strong>sia</strong></span> <span class='ocrx_word' id='word_1_657' title='bbox 2508 4797 2827 4854; x_wconf 90' lang='lat' dir='ltr'><strong>quocunque</strong></span> <span class='ocrx_word' id='word_1_658' title='bbox 2870 4782 3072 4853; x_wconf 74' lang='lat' dir='ltr'><strong>pulsata</strong></span> <span class='ocrx_word' id='word_1_659' title='bbox 3121 4781 3302 4847; x_wconf 86' lang='lat' dir='ltr'><strong>fuerit,</strong></span> <span class='ocrx_word' id='word_1_660' title='bbox 3337 4795 3459 4836; x_wconf 88' lang='lat' dir='ltr'><strong>cum</strong></span> <span class='ocrx_word' id='word_1_661' title='bbox 3503 4779 3718 4848; x_wconf 76' lang='lat' dir='ltr'><strong>iustitia</strong></span> 
     </span>
    </p>
   </div>
   <div class='ocr_carea' id='block_1_100' title="bbox 2055 4872 3724 4944">
    <p class='ocr_par' dir='ltr' id='par_1_100' title="bbox 2055 4872 3724 4944">
     <span class='ocr_line' id='line_1_101' title="bbox 2055 4872 3724 4944; baseline -0.001 -14"><span class='ocrx_word' id='word_1_662' title='bbox 2055 4872 2094 4944; x_wconf 51' lang='grc' dir='ltr'><em>ξ</em></span> <span class='ocrx_word' id='word_1_663' title='bbox 2127 4877 2197 4933; x_wconf 90' lang='lat' dir='ltr'><strong>ab</strong></span> <span class='ocrx_word' id='word_1_664' title='bbox 2219 4876 2462 4933; x_wconf 89' lang='lat' dir='ltr'><strong>ecclesiis</strong></span> <span class='ocrx_word' id='word_1_665' title='bbox 2483 4875 2821 4942; x_wconf 85' lang='lat' dir='ltr'><strong>defendatur,</strong></span> <span class='ocrx_word' id='word_1_666' title='bbox 2845 4884 3040 4944; x_wconf 81' lang='lat' dir='ltr'><strong>praeter</strong></span> <span class='ocrx_word' id='word_1_667' title='bbox 3067 4889 3158 4929; x_wconf 89' lang='lat' dir='ltr'><strong>eas</strong></span> <span class='ocrx_word' id='word_1_668' title='bbox 3190 4875 3380 4944; x_wconf 87' lang='lat' dir='ltr'><strong>culpas</strong></span> <span class='ocrx_word' id='word_1_669' title='bbox 3409 4873 3602 4943; x_wconf 91' lang='lat' dir='ltr'><strong>quibus</strong></span> <span class='ocrx_word' id='word_1_670' title='bbox 3634 4872 3724 4928; x_wconf 80' lang='lat' dir='ltr'><strong>le-</strong></span> 
     </span>
    </p>
   </div>
   <div class='ocr_carea' id='block_1_101' title="bbox 2128 4965 3563 5040">
    <p class='ocr_par' dir='ltr' id='par_1_101' title="bbox 2128 4965 3563 5040">
     <span class='ocr_line' id='line_1_102' title="bbox 2128 4965 3563 5040; baseline -0.006 -15"><span class='ocrx_word' id='word_1_671' title='bbox 2128 4983 2222 5040; x_wconf 78' lang='lat' dir='ltr'><strong>ges</strong></span> <span class='ocrx_word' id='word_1_672' title='bbox 2249 4968 2470 5024; x_wconf 91' lang='lat' dir='ltr'><strong>collatas</strong></span> <span class='ocrx_word' id='word_1_673' title='bbox 2499 4967 2666 5022; x_wconf 90' lang='lat' dir='ltr'><strong>servis</strong></span> <span class='ocrx_word' id='word_1_674' title='bbox 2692 4981 2945 5023; x_wconf 87' lang='lat' dir='ltr'><strong>revocare</strong></span> <span class='ocrx_word' id='word_1_675' title='bbox 2967 4967 3239 5035; x_wconf 50' lang='lat' dir='ltr'><strong>jusserant</strong></span> <span class='ocrx_word' id='word_1_676' title='bbox 3266 4965 3563 5020; x_wconf 89' lang='lat' dir='ltr'><strong>libertates.</strong></span> 
     </span>
    </p>
   </div>
   <div class='ocr_carea' id='block_1_102' title="bbox 2223 5057 3613 5179">
    <p class='ocr_par' dir='ltr' id='par_1_102' title="bbox 2223 5057 3613 5179">
     <span class='ocr_line' id='line_1_103' title="bbox 2223 5057 3613 5179; baseline -0.003 -68"><span class='ocrx_word' id='word_1_677' title='bbox 2223 5057 2357 5114; x_wconf 81' lang='lat' dir='ltr'><strong>Vlll.</strong></span> <span class='ocrx_word' id='word_1_678' title='bbox 2393 5058 2474 5112; x_wconf 83' lang='lat' dir='ltr'><strong>Nc</strong></span> <span class='ocrx_word' id='word_1_679' title='bbox 2497 5058 2610 5128; x_wconf 83' lang='lat' dir='ltr'><strong>quis</strong></span> <span class='ocrx_word' id='word_1_680' title='bbox 2649 5058 2895 5128; x_wconf 81' lang='lat' dir='ltr'><strong>defuncto</strong></span> <span class='ocrx_word' id='word_1_681' title='bbox 2930 5058 3164 5179; x_wconf 52' lang='lat' dir='ltr'><strong>episcopo</strong></span> <span class='ocrx_word' id='word_1_682' title='bbox 3201 5059 3310 5118; x_wconf 81' lang='lat' dir='ltr'><strong>eius</strong></span> <span class='ocrx_word' id='word_1_683' title='bbox 3342 5057 3613 5120; x_wconf 76' lang='lat' dir='ltr'><strong>facultates</strong></span> 
     </span>
     <span class='ocr_line' id='line_1_104' title="bbox 2780 5144 3034 5179; baseline 0 0"><span class='ocrx_word' id='word_1_684' title='bbox 2780 5144 2987 5179; x_wconf 81' lang='lat' dir='ltr'><strong>assumo</strong></span> <span class='ocrx_word' id='word_1_685' title='bbox 3019 5163 3034 5179; x_wconf 97' lang='lat'><strong>.</strong></span> 
     </span>
    </p>
   </div>
   <div class='ocr_carea' id='block_1_103' title="bbox 2780 5144 3034 5182">
    <p class='ocr_par' dir='ltr' id='par_1_103' title="bbox 2780 5144 3034 5182">
     <span class='ocr_line' id='line_1_105' title="bbox 2780 5144 3034 5182; baseline -0.004 -2"><span class='ocrx_word' id='word_1_686' title='bbox 2780 5144 3034 5182; x_wconf 80' lang='lat' dir='ltr'><strong>assumat.</strong></span> 
     </span>
    </p>
   </div>
   <div class='ocr_carea' id='block_1_104' title="bbox 2205 5213 3728 5288">
    <p class='ocr_par' dir='ltr' id='par_1_104' title="bbox 2205 5213 3728 5288">
     <span class='ocr_line' id='line_1_106' title="bbox 2205 5213 3728 5288; baseline -0.006 -13"><span class='ocrx_word' id='word_1_687' title='bbox 2205 5219 2272 5275; x_wconf 90' lang='lat' dir='ltr'><strong>Ut</strong></span> <span class='ocrx_word' id='word_1_688' title='bbox 2301 5220 2352 5274; x_wconf 90' lang='lat' dir='ltr'><strong>in</strong></span> <span class='ocrx_word' id='word_1_689' title='bbox 2379 5218 2599 5275; x_wconf 81' lang='lat' dir='ltr'><strong>civitate</strong></span> <span class='ocrx_word' id='word_1_690' title='bbox 2629 5218 2719 5273; x_wconf 91' lang='lat' dir='ltr'><strong>ubi</strong></span> <span class='ocrx_word' id='word_1_691' title='bbox 2753 5219 2987 5288; x_wconf 81' lang='lat' dir='ltr'><strong>pontifex</strong></span> <span class='ocrx_word' id='word_1_692' title='bbox 3019 5219 3145 5285; x_wconf 89' lang='lat' dir='ltr'><strong>jure</strong></span> <span class='ocrx_word' id='word_1_693' title='bbox 3175 5218 3423 5271; x_wconf 73' lang='lat' dir='ltr'><strong>humana:</strong></span> <span class='ocrx_word' id='word_1_694' title='bbox 3449 5213 3728 5269; x_wconf 61' lang='lat' dir='ltr'><strong>conditio-</strong></span> 
     </span>
    </p>
   </div>
   <div class='ocr_carea' id='block_1_105' title="bbox 2130 5306 3728 5378">
    <p class='ocr_par' dir='ltr' id='par_1_105' title="bbox 2130 5306 3728 5378">
     <span class='ocr_line' id='line_1_107' title="bbox 2130 5306 3728 5378; baseline -0.003 -14"><span class='ocrx_word' id='word_1_695' title='bbox 2130 5309 2212 5364; x_wconf 90' lang='lat' dir='ltr'><strong>nis</strong></span> <span class='ocrx_word' id='word_1_696' title='bbox 2251 5309 2464 5372; x_wconf 87' lang='lat' dir='ltr'><strong>ohierit,</strong></span> <span class='ocrx_word' id='word_1_697' title='bbox 2510 5308 2684 5362; x_wconf 88' lang='lat' dir='ltr'><strong>nullus</strong></span> <span class='ocrx_word' id='word_1_698' title='bbox 2715 5311 2999 5378; x_wconf 77' lang='lat' dir='ltr'><strong>episcOpus</strong></span> <span class='ocrx_word' id='word_1_699' title='bbox 3040 5317 3171 5364; x_wconf 88' lang='lat' dir='ltr'><strong>ante</strong></span> <span class='ocrx_word' id='word_1_700' title='bbox 3209 5306 3728 5363; x_wconf 86' lang='lat' dir='ltr'><strong>subinstitutionem</strong></span> 
     </span>
    </p>
   </div>
   <div class='ocr_carea' id='block_1_106' title="bbox 2127 5397 3734 5471">
    <p class='ocr_par' dir='ltr' id='par_1_106' title="bbox 2127 5397 3734 5471">
     <span class='ocr_line' id='line_1_108' title="bbox 2127 5397 3734 5471; baseline -0.004 -15"><span class='ocrx_word' id='word_1_701' title='bbox 2127 5403 2358 5470; x_wconf 89' lang='lat' dir='ltr'><strong>reparati</strong></span> <span class='ocrx_word' id='word_1_702' title='bbox 2388 5417 2482 5471; x_wconf 87' lang='lat' dir='ltr'><strong>per</strong></span> <span class='ocrx_word' id='word_1_703' title='bbox 2513 5401 2759 5456; x_wconf 89' lang='lat' dir='ltr'><strong>ordinem</strong></span> <span class='ocrx_word' id='word_1_704' title='bbox 2804 5400 3138 5458; x_wconf 80' lang='lat' dir='ltr'><strong>successoris</strong></span> <span class='ocrx_word' id='word_1_705' title='bbox 3163 5408 3255 5456; x_wconf 88' lang='lat' dir='ltr'><strong>aut</strong></span> <span class='ocrx_word' id='word_1_706' title='bbox 3286 5399 3339 5452; x_wconf 89' lang='lat' dir='ltr'><strong>in</strong></span> <span class='ocrx_word' id='word_1_707' title='bbox 3371 5397 3590 5451; x_wconf 86' lang='lat' dir='ltr'><strong>civitate</strong></span> <span class='ocrx_word' id='word_1_708' title='bbox 3620 5406 3734 5449; x_wconf 67' lang='lat' dir='ltr'><strong>aut</strong></span> 
     </span>
    </p>
   </div>
   <div class='ocr_carea' id='block_1_107' title="bbox 2127 5485 3734 5565">
    <p class='ocr_par' dir='ltr' id='par_1_107' title="bbox 2127 5485 3734 5565">
     <span class='ocr_line' id='line_1_109' title="bbox 2127 5485 3734 5565; baseline -0.005 -15"><span class='ocrx_word' id='word_1_709' title='bbox 2127 5509 2223 5563; x_wconf 88' lang='lat' dir='ltr'><strong>per</strong></span> <span class='ocrx_word' id='word_1_710' title='bbox 2275 5494 2556 5565; x_wconf 83' lang='lat' dir='ltr'><strong>parochias</strong></span> <span class='ocrx_word' id='word_1_711' title='bbox 2605 5493 2858 5550; x_wconf 87' lang='lat' dir='ltr'><strong>ordinare</strong></span> <span class='ocrx_word' id='word_1_712' title='bbox 2909 5495 3136 5549; x_wconf 88' lang='lat' dir='ltr'><strong>clericos</strong></span> <span class='ocrx_word' id='word_1_713' title='bbox 3165 5503 3260 5547; x_wconf 88' lang='lat' dir='ltr'><strong>aut</strong></span> <span class='ocrx_word' id='word_1_714' title='bbox 3293 5488 3483 5546; x_wconf 88' lang='lat' dir='ltr'><strong>altaria</strong></span> <span class='ocrx_word' id='word_1_715' title='bbox 3512 5485 3734 5542; x_wconf 83' lang='lat' dir='ltr'><strong>audeat</strong></span> 
     </span>
    </p>
   </div>
   <div class='ocr_carea' id='block_1_108' title="bbox 2125 5581 3734 5658">
    <p class='ocr_par' dir='ltr' id='par_1_108' title="bbox 2125 5581 3734 5658">
     <span class='ocr_line' id='line_1_110' title="bbox 2125 5581 3734 5658; baseline -0.003 -18"><span class='ocrx_word' id='word_1_716' title='bbox 2125 5600 2466 5655; x_wconf 83' lang='lat' dir='ltr'><strong>consecrare,</strong></span> <span class='ocrx_word' id='word_1_717' title='bbox 2495 5585 2581 5644; x_wconf 84' lang='lat' dir='ltr'><strong>vel</strong></span> <span class='ocrx_word' id='word_1_718' title='bbox 2610 5586 2896 5658; x_wconf 88' lang='lat' dir='ltr'><strong>quidquam</strong></span> <span class='ocrx_word' id='word_1_719' title='bbox 2927 5585 2992 5642; x_wconf 88' lang='lat' dir='ltr'><strong>de</strong></span> <span class='ocrx_word' id='word_1_720' title='bbox 3033 5585 3193 5644; x_wconf 87' lang='lat' dir='ltr'><strong>rebus</strong></span> <span class='ocrx_word' id='word_1_721' title='bbox 3222 5581 3480 5641; x_wconf 70' lang='lat' dir='ltr'><strong>Ecclesiae</strong></span> <span class='ocrx_word' id='word_1_722' title='bbox 3513 5583 3734 5651; x_wconf 67' lang='lat' dir='ltr'><strong>prmter</strong></span> 
     </span>
    </p>
   </div>
   <div class='ocr_carea' id='block_1_109' title="bbox 509 5408 2018 5478">
    <p class='ocr_par' dir='ltr' id='par_1_109' title="bbox 509 5408 2018 5478">
     <span class='ocr_line' id='line_1_111' title="bbox 509 5408 2018 5478; baseline -0.002 -15"><span class='ocrx_word' id='word_1_723' title='bbox 509 5408 565 5464; x_wconf 87' lang='lat' dir='ltr'><strong>Si</strong></span> <span class='ocrx_word' id='word_1_724' title='bbox 588 5409 710 5478; x_wconf 88' lang='lat' dir='ltr'><strong>quis</strong></span> <span class='ocrx_word' id='word_1_725' title='bbox 736 5409 966 5465; x_wconf 85' lang='lat' dir='ltr'><strong>clericus</strong></span> <span class='ocrx_word' id='word_1_726' title='bbox 991 5422 1104 5477; x_wconf 83' lang='lat' dir='ltr'><strong>post</strong></span> <span class='ocrx_word' id='word_1_727' title='bbox 1134 5421 1307 5466; x_wconf 86' lang='lat' dir='ltr'><strong>actam</strong></span> <span class='ocrx_word' id='word_1_728' title='bbox 1338 5409 1762 5465; x_wconf 84' lang='lat' dir='ltr'><strong>benedictionem</strong></span> <span class='ocrx_word' id='word_1_729' title='bbox 1795 5408 2018 5477; x_wconf 82' lang='lat' dir='ltr'><strong>cujusli-</strong></span> 
     </span>
    </p>
   </div>
   <div class='ocr_carea' id='block_1_110' title="bbox 437 5498 2014 5572">
    <p class='ocr_par' dir='ltr' id='par_1_110' title="bbox 437 5498 2014 5572">
     <span class='ocr_line' id='line_1_112' title="bbox 437 5498 2014 5572; baseline -0.002 -18"><span class='ocrx_word' id='word_1_730' title='bbox 437 5499 528 5554; x_wconf 89' lang='lat' dir='ltr'><strong>bet</strong></span> <span class='ocrx_word' id='word_1_731' title='bbox 559 5502 656 5553; x_wconf 90' lang='lat' dir='ltr'><strong>loci</strong></span> <span class='ocrx_word' id='word_1_732' title='bbox 690 5501 776 5555; x_wconf 88' lang='lat' dir='ltr'><strong>vel</strong></span> <span class='ocrx_word' id='word_1_733' title='bbox 803 5499 1010 5555; x_wconf 90' lang='lat' dir='ltr'><strong>ordinis</strong></span> <span class='ocrx_word' id='word_1_734' title='bbox 1039 5501 1104 5555; x_wconf 81' lang='lat' dir='ltr'><strong>ad</strong></span> <span class='ocrx_word' id='word_1_735' title='bbox 1145 5501 1425 5572; x_wconf 73' lang='lat' dir='ltr'><strong>coniugale</strong></span> <span class='ocrx_word' id='word_1_736' title='bbox 1454 5511 1623 5557; x_wconf 90' lang='lat' dir='ltr'><strong>torum</strong></span> <span class='ocrx_word' id='word_1_737' title='bbox 1655 5499 1866 5564; x_wconf 88' lang='lat' dir='ltr'><strong>denuo,</strong></span> <span class='ocrx_word' id='word_1_738' title='bbox 1902 5498 2014 5564; x_wconf 88' lang='lat' dir='ltr'><strong>jam</strong></span> 
     </span>
    </p>
   </div>
   <div class='ocr_carea' id='block_1_111' title="bbox 435 5589 2014 5661">
    <p class='ocr_par' dir='ltr' id='par_1_111' title="bbox 435 5589 2014 5661">
     <span class='ocr_line' id='line_1_113' title="bbox 435 5589 2014 5661; baseline -0.001 -17"><span class='ocrx_word' id='word_1_739' title='bbox 435 5589 537 5644; x_wconf 84' lang='lat' dir='ltr'><strong>sibi</strong></span> <span class='ocrx_word' id='word_1_740' title='bbox 586 5590 852 5658; x_wconf 89' lang='lat' dir='ltr'><strong>illicitum,</strong></span> <span class='ocrx_word' id='word_1_741' title='bbox 903 5591 1079 5646; x_wconf 89' lang='lat' dir='ltr'><strong>redire</strong></span> <span class='ocrx_word' id='word_1_742' title='bbox 1127 5593 1548 5660; x_wconf 64' lang='lat' dir='ltr'><strong>praesumpserit,</strong></span> <span class='ocrx_word' id='word_1_743' title='bbox 1579 5606 1747 5661; x_wconf 89' lang='lat' dir='ltr'><strong>usque</strong></span> <span class='ocrx_word' id='word_1_744' title='bbox 1775 5589 1828 5643; x_wconf 91' lang='lat' dir='ltr'><strong>in</strong></span> <span class='ocrx_word' id='word_1_745' title='bbox 1872 5589 2014 5643; x_wconf 89' lang='lat' dir='ltr'><strong>diem</strong></span> 
     </span>
    </p>
   </div>
   <div class='ocr_carea' id='block_1_112' title="bbox 510 5699 2186 5776">
    <p class='ocr_par' dir='ltr' id='par_1_112' title="bbox 510 5699 2186 5776">
     <span class='ocr_line' id='line_1_114' title="bbox 510 5699 2186 5776; baseline 0 -19"><span class='ocrx_word' id='word_1_746' title='bbox 510 5712 536 5741; x_wconf 72' lang='grc' dir='ltr'>ι</span> <span class='ocrx_word' id='word_1_747' title='bbox 572 5701 633 5757; x_wconf 89' lang='lat' dir='ltr'><strong>U.</strong></span> <span class='ocrx_word' id='word_1_748' title='bbox 659 5741 673 5768; x_wconf 98' lang='lat'><strong>,</strong></span> <span class='ocrx_word' id='word_1_749' title='bbox 713 5703 949 5776; x_wconf 74' lang='lat' dir='ltr'><strong>princeps</strong></span> <span class='ocrx_word' id='word_1_750' title='bbox 994 5713 1043 5760; x_wconf 86' lang='lat' dir='ltr'><strong>et</strong></span> <span class='ocrx_word' id='word_1_751' title='bbox 1093 5702 1452 5760; x_wconf 79' lang='lat' dir='ltr'><strong>invictissimus</strong></span> <span class='ocrx_word' id='word_1_752' title='bbox 1501 5703 1741 5759; x_wconf 82' lang='lat' dir='ltr'><strong>dominus</strong></span> <span class='ocrx_word' id='word_1_753' title='bbox 1782 5699 2186 5758; x_wconf 77' lang='lat' dir='ltr'><strong>Theodobertus.</strong></span> 
     </span>
    </p>
   </div>
  </div>
