4060 6184
298 331 391 387 £97
1247 341 1527 401 GALLIAE
1569 350 1902 410 CONTIIJA.
1944 386 2015 399 --
2057 358 2517 426 ARVIZRNENSE
2556 370 2619 425 II.
3474 398 3577 453 298

295 445 679 502 humanitatem
701 453 1401 527 prmotmatauferrerqnnd
1417 462 1717 534 siquisquis
1740 478 1895 523 teme-
1924 471 1971 531 Α
2002 473 2258 532 charitate
2312 494 2626 551 suSpeasus,
2661 486 2835 544 donec
2867 491 2963 559 ipsi
3005 492 3257 555 Ecclesia:
3295 504 3445 574 cujus
3496 511 3577 567 di.

295 540 579 574 parium-cn
611 551 803 574 ciosum
857 546 1237 574 ιιιιηοη.ιηι1...;ι
1321 566 1480 574 ..,...--_
1527 562 1605 574 ι-.-
1646 556 1698 574 -t,
1739 558 1750 568 -
1827 559 1860 574 ,ο
2259 571 2289 574 -,

2410 540 2421 551 _
2615 540 2626 551 ,
2672 540 2679 541 ,
2779 540 2832 544 --
2867 540 2963 559 τ..-
3005 540 3187 553 ---ψη

294 540 579 593 rarioausu
611 551 803 593 statuta
857 546 1262 611 transcenderit,
1317 562 1609 608 conventus
1642 556 1708 607 ab
1739 558 1889 612 insti-
1992 576 2138 619 recto
2176 571 2364 628 ordine
2389 575 2525 643 juris
2571 588 2650 634 est
2700 583 2873 637 ablati
2925 588 3188 644 restituat.

292 640 405 682 tuto
448 631 730 699 pontifice,
759 637 1099 690 verecundiae
1144 643 1432 697 consulens
1479 646 1597 701 sine
1634 648 1885 706 dilatione
1987 660 2148 730 277
2175 661 2328 722 «ixv'
2367 669 2441 722 De
2466 680 2845 732 conservam“
2863 683 3169 739 xenodochﬁ
3192 688 3570 761 Lugdunensis.

292 714 403 761 ixi-7-
450 721 709 761 dilnlinnn
737 723 935 761 thnlti
966 727 1209 761 metu...”
1258 732 1309 761 ct
1345 748 1467 761 πη-..
1492 752 1599 761 ........
1629 739 1778 761 HL--.
1820 743 1881 761 ,κ
2062 752 2093 761 κ

1987 714 2079 728 --
2104 714 2133 730 -
2216 714 2257 717 -Ἶ
2284 714 2291 716 ‘
2315 714 2328 722 τ
2367 714 2399 720 ν
2416 714 2438 722 ν
2466 714 2630 727 ννσῑννι
2651 714 2844 732 υιιιιυηο
2863 714 3166 739 ιυῧσιυυυιιιί

287 714 709 785 [.E.,dilatione
736 723 935 794 ablati]
966 727 1214 781 restituat
1258 732 1309 785 Si
1345 748 1469 787 vero
1491 752 1599 789 sure
1628 739 1883 795 libertatis
2058 752 2133 807 De
2164 771 2301 811 χειιο
2323 762 2493 816 [nemo
2520 781 2645 820 vero
2668 772 2808 836 quod
2842 772 3113 837 Fiissimus
3142 794 3232 834 rex
3259 782 3568 843 Chi'deber-

287 815 510 843 ,ποιέο-ἀλ
534 817 1064 843 Ι*Δ1ηιιιιωιι.“ηιιηΑ-.Α
1086 824 1245 843 κμλ-ῗί
1270 839 1327 843 υ-
1360 841 1369 843 Α
1391 836 1447 843 -.ν

284 815 511 868 arbitrio
534 817 611 869 vel
627 833 1066 886 quorumcunque
1085 824 1329 889 precibus
1350 836 1498 880 actus
1515 844 1882 900 quamcunque

287 918 569 969 personam
601 916 688 958 aut
716 921 1031 973 promovere
1062 921 1151 963 aut
1177 925 1364 967 contra
1395 915 1497 970 hoc
1532 918 1873 975 interdictum

285 1010 358 1047 tre
386 1001 810 1065 przcsumpscrit,
843 1015 983 1054 anno
1011 1001 1219 1074 integro
1243 1008 1433 1063 missas
1467 1018 1667 1065 tantum
1701 1014 1876 1070 facere

282 1099 384 1137 n0u
416 1096 724 1149 praesumat.
1478 1096 1481 1099 ’

352 1174 444 1227 IL.
482 1175 681 1231 Nullus
705 1180 869 1233 laicus
894 1187 1165 1306 antedanni
1194 1191 1571 1246 conuersionem
1601 1196 1872 1264 epismpus

939 1271 996 1306 or
1037 1268 1226 1306 matur.

939 1268 1226 1311 eratnetur.

352 1335 414 1390 Ut
446 1338 621 1392 nullus
650 1354 713 1393 ex
758 1341 909 1396 laicis
940 1347 1143 1415 absque
1183 1350 1306 1403 anni
1340 1354 1690 1411 conversione
1733 1374 1867 1427 prte-

278 1428 439 1480 missa
472 1431 758 1499 episcopus
799 1434 1099 1499 ordinetur,
1146 1440 1216 1493 ita
1272 1456 1326 1495 ut
1374 1442 1511 1497 intra
1572 1447 1700 1501 anni
1745 1464 1865 1517 spa-

279 1519 406 1573 tium
440 1538 469 1573 a
498 1524 674 1577 ductis
705 1534 754 1579 e’t
790 1527 1028 1593 probatis
1069 1532 1197 1585 viris
1240 1533 1541 1602 disciplinis
1571 1548 1625 1592 et
1667 1544 1862 1609 regulis

1984 847 2068 893 tus
2110 846 2188 898 vel
2222 850 2517 920 conjugalis
2548 871 2641 909 sua
2693 859 3019 933 Guldragoto
3052 870 3229 937 regina
3260 873 3311 926 itt
3357 875 3569 947 Lugdu-

1982 930 2129 983 nensi
2163 934 2290 989 urbe
2319 940 2609 1007 inspirante
2640 946 2862 1002 Domino
2893 955 3275 1026 condiderunt,
3306 966 3457 1035 Cujus
3486 972 3566 1025 itt-

1979 1017 2269 1077 stitntionis
2286 1029 2527 1084 ordinem
2554 1036 2632 1089 vel
2653 1052 2961 1109 expensam,
2988 1048 3247 1106 rationem
3265 1060 3566 1125 petentibus

2950 1106 2956 1109 ν
3265 1106 3561 1125 r__-_---.,_-

1978 1106 2129 1175 ipsis,
2165 1128 2415 1172 manuum
2451 1134 2752 1180 nostrarum
2786 1131 3179 1203 subscriptione
3211 1144 3561 1221 firmavimus,

3001 1197 3011 1203 .
3317 1197 3557 1221 '~--—---‘-"1

1974 1197 2147 1256 visum
2180 1215 2260 1259 est
2308 1224 2403 1277 pro
2456 1212 2549 1268 Dei
2583 1224 3036 1289 contemplatione
3079 1228 3279 1297 junctis
3325 1240 3557 1297 nobisin

1975 1303 2135 1344 unuut
2194 1311 2538 1362 permansura
2591 1310 2907 1366 auctoritate
2937 1315 3265 1390 decernere,
3310 1339 3364 1380 ut
3408 1334 3559 1398 quid—

1970 1381 2101 1447 quid
2172 1390 2391 1455 prmfato
2443 1399 2783 1457 xequmhLo
2836 1416 2928 1459 aut
2985 1423 3078 1477 per
3132 1417 3556 1483 supradictorutn

1969 1483 2149 1538 regum
2178 1475 2501 1536 oblationem
2553 1498 2644 1540 aut
2693 1507 2786 1557 per
2834 1510 3271 1573 quorumcunque
3320 1508 3553 1566 fidelium

274 1613 639 1679 spir'ttttalibus
668 1617 876 1684 plenius
898 1620 1205 1676 instituatur
1232 1624 1346 1695 [U..
1378 1626 1469 1693 6.,
1503 1630 1857 1703 instruatur]:

273 1706 411 1773 quod
443 1706 489 1760 si
521 1707 625 1762 hoc
660 1711 888 1779 quisque
919 1714 1293 1783 episcoporum
1328 1724 1704 1779 transcendere
1728 1741 1858 1794 qua-

271 1808 479 1865 cunque
503 1798 813 1854 couditione
847 1807 1245 1872 praesumpserit
1276 1816 1325 1874 α,
1375 1812 1539 1881 276
1582 1827 1722 1868 anno
1770 1816 1855 1871 in-

270 1894 417 1952 tegro
446 1888 514 1941 ab
554 1889 735 1945 officio
784 1893 866 1946 vel
897 1893 1155 1952 charitate
1196 1897 1418 1955 fratrum
1475 1904 1735 1961 habeatur
1766 1924 1860 1964 ex-

268 1985 504 2031 traneus.

400 2065 593 2123 Nullus
622 2072 972 2140 cpiscOpatum
1001 2077 1166 2147 pretio
1194 2089 1284 2132 aut
1311 2083 1535 2147 prtcmiis
1572 2086 1815 2141 obtineat.

337 2156 403 2210 Ut
432 2160 567 2213 nulli
611 2163 979 2233 episcOpatum
1029 2170 1267 2235 quolibet
1314 2183 1467 2240 pacto
1523 2177 1680 2231 liceat
1719 2195 1854 2248 prac-

258 2247 495 2303 miisaut
524 2257 929 2321 comparatione
959 2260 1205 2329 adipisci,
1242 2264 1335 2317 sed
1368 2266 1507 2321 sicut
1534 2271 1584 2322 in
1615 2273 1851 2342 antiquis

253 2338 557 2391 canonibus
586 2350 793 2397 tenetur
821 2350 1082 2413 scriptum
1127 2366 1245 2404 t'um
1302 2368 1567 2410 consen~u
1625 2360 1753 2416 cieri
1790 2374 1849 2419 et

252 2425 434 2491 plebis
465 2443 494 2481 a
528 2435 935 2501 metrop«-litano
991 2441 1074 2494 vel
1124 2459 1281 2511 quem
1325 2445 1377 2499 in
1413 2449 1525 2504 tice
1577 2466 1671 2506 sua
1723 2472 1845 2522 pcr-

251 2516 468 2573 tniserit
523 2535 643 2575 cum
683 2530 1219 2594 comprovincialibus
1274 2539 1513 2605 pontifex
1566 2558 1847 2604 con-ecre-

252 2617 377 2662 tur:
427 2616 569 2680 quod
611 2617 655 2669 si
709 2620 829 2687 quis
880 2621 1016 2677 hanc
1057 2627 1292 2694 regulam
1352 2645 1446 2699 per
1492 2639 1843 2707 contemptio-

249 2714 371 2753 nem
416 2702 573 2771 hujus
626 2717 824 2763 sancta:
881 2714 1281 2770 constitutionis
1334 2726 1665 2790 excesserit,
1716 2744 1837 2785 eum

247 2790 337 2858 qui
378 2807 475 2860 per
519 2800 741 2864 prtetnia
793 2801 1069 2859 ordinatus
1125 2806 1288 2863 fuerit
1332 2814 1614 2872 statuimus
1667 2834 1839 2876 rettto-

248 2884 498 2940 vendum.

458 2979 548 3033 XI.
579 2982 772 3039 Nullus
811 2988 993 3044 invitus
1029 2992 1291 3048 ordinetur
1323 2998 1611 3071 episcopus.

314 3066 446 3120 Item
479 3070 616 3126 sicut
639 3076 839 3145 antiqui
886 3094 1119 3136 canones
1150 3084 1507 3143 decreverunt
1550 3093 1722 3149 nullus
1757 3097 1833 3151 in-

242 3155 363 3209 vitis
393 3158 552 3213 detur
574 3159 601 3197 ι)
644 3166 948 3238 episcopus,
979 3171 1070 3225 sed
1129 3189 1228 3229 nec
1269 3181 1616 3247 oppressione
1650 3196 1827 3252 potea-
1860 3182 1907 3247 C

244 3246 372 3300 tium
400 3263 753 3317 personarum
782 3261 845 3308 ad
880 3273 1201 3316 consenSum
1238 3266 1537 3323 faciendum
1571 3273 1714 3329 cives
1739 3286 1829 3331 aut

239 3335 448 3404 clerici,
506 3346 643 3411 quod
685 3348 788 3401 dici
849 3351 998 3405 nefas
1054 3346 1154 3419 est,
1188 3357 1539 3427 inclinentur;
1590 3368 1729 3432 quod
1782 3371 1829 3424 si

241 3428 444 3485 factum
477 3433 652 3505 fuerit,
671 3438 785 3506 ipse
807 3442 1089 3514 episctvpus
1109 3448 1194 3515 qui
1223 3452 1388 3520 magis
1407 3468 1498 3520 per
1519 3456 1824 3515 violentiam

236 3536 393 3590 quam
426 3540 523 3593 per
544 3528 819 3586 decretum
851 3535 1143 3605 legitimum
1176 3542 1477 3612 ordinatur,
1511 3549 1576 3603 ab
1607 3550 1823 3621 indepto

236 3615 569 3678 pontificatus
625 3621 831 3679 honore
888 3626 939 3680 in
993 3642 1306 3700 perpetumn
1338 3632 1424 3705 [T.
1462 3638 1514 3701 I,
1548 3639 1600 3705 Ξ,
1633 3615 1820 3712 perpe-

234 3704 364 3775 tuo]
397 3708 717 3776 deponatur.

373 3799 484 3855 XII.
558 3803 752 3860 Nullus
805 3810 995 3866 vivente
1039 3815 1275 3886 episcOpo
1332 3834 1672 3891 supponatur.

306 3887 368 3941 Lit
410 3892 588 3946 nullus
623 3901 830 3954 vivente
875 3904 1131 3975 episcopo
1158 3910 1294 3964 alius
1341 3926 1673 3983 supponatur
1722 3929 1814 3975 aut

229 3984 665 4046 superordinctur
712 3992 992 4061 episcopus
1025 3999 1075 4049 ni
1113 4000 1124 4050 i
1155 3998 1376 4055 forsitan
1405 4005 1457 4059 in
1488 4008 1604 4077 ejus
1635 4009 1809 4066 locum

229 4084 378 4135 quem
403 4076 651 4142 Capitalis
672 4082 827 4149 culpa
860 4085 1141 4151 dejecerit.

454 4166 593 4220 XIII.
634 4171 705 4223 De
739 4175 1070 4247 eleemosynis
1116 4198 1217 4235 non
1258 4185 1562 4242 alienandis.

296 4252 369 4307 Ne
416 4255 502 4309 Cui
538 4258 693 4313 liccat
726 4277 812 4317 tes
845 4268 928 4320 vel
970 4267 1247 4327 facultates
1278 4278 1519 4333 ecclesiis
1561 4289 1652 4335 aut
1692 4300 1805 4337 mo-

222 4347 471 4399 nasteriis
502 4354 582 4403 vel
618 4355 965 4411 xenodochiis
997 4375 1094 4427 pro
1125 4378 1438 4436 quacunque
1463 4371 1798 4445 olcemosyua

220 4435 493 4506 delegatus
527 4451 547 4478 ε
584 4454 876 4510 retentare,
935 4452 1169 4508 alienare
1216 4468 1375 4526 atque
1425 4462 1744 4521 subtrahere
1778 4485 1790 4519 :

1968 1559 2363 1635 eleemosynam
2394 1573 2645 1630 collatum
2670 1590 2761 1635 aut
2790 1585 3170 1647 conferendum
3203 1607 3314 1662 est,
3355 1603 3406 1654 in
3431 1605 3553 1672 qui-

1966 1653 2272 1727 httscunque
2318 1665 2478 1719 rebus
2527 1679 2617 1723 aut
2662 1680 3005 1747 corporibus,
3058 1686 3185 1741 nihil
3240 1694 3435 1751 exinde
3485 1698 3551 1752 ad

1962 1755 2021 1796 se
2041 1749 2277 1814 quolibet
2297 1760 2535 1823 tempore
2554 1764 2775 1820 antistes
2795 1770 3043 1829 Ecclesiae
3062 1775 3430 1848 Lugdunensis
3456 1804 3552 1846 vo-

1890 1828 1936 1889 B
1964 1840 2331 1909 cetautadjus
2352 1845 2605 1906 Ecclesiae
2632 1858 3049 1919 transleratmut
3068 1872 3418 1933 Succedentes
3448 1881 3551 1936 sibi

1966 1939 2059 1992 per
2099 1939 2396 2010 temporum
2447 1942 2691 2001 ordinem
2732 1952 3041 2011 sacerdotes
3095 1975 3200 2017 non
3253 1967 3424 2024 solum
3458 1983 3551 2028 aut

1959 2019 2026 2075 de
2058 2022 2304 2084 facultate
2340 2036 2657 2094 xenodochii
2702 2042 2867 2112 ipsius
2904 2051 3140 2108 stabilita
3170 2066 3263 2112 aut
3306 2061 3375 2117 de
3412 2078 3545 2121 cono

1956 2116 2235 2176 stitutione
2298 2125 2429 2180 nihil
2479 2131 2749 2199 minuant,
2802 2140 2896 2192 sed
2926 2140 3056 2197 dent
3101 2161 3319 2215 operam
3368 2156 3542 2222 quali-

1956 2212 2036 2258 tt-r
2066 2210 2140 2263 rei
2172 2211 2335 2280 ipsius
2368 2221 2633 2278 stabilitas
2667 2227 2730 2280 -in
2766 2229 2959 2284 nullam
2996 2244 3197 2299 partem
3251 2242 3541 2300 detrimen-

1954 2303 2063 2351 tum
2093 2311 2183 2355 aut
2214 2304 2619 2368 diminutionem
2651 2316 2702 2370 in
2736 2319 2913 2389 aliquo
2960 2328 3222 2395 patiatur;
3258 2337 3541 2400 provideo.

1954 2397 2030 2443 tes
2057 2390 2247 2448 intuitu
2278 2399 2651 2460 retributionis
2678 2418 2915 2476 (uterum,
2947 2424 3001 2468 nt
3026 2426 3295 2489 praepositi
3328 2442 3540 2497 semper

1950 2484 2155 2537 strenui
2187 2500 2248 2539 ac
2273 2487 2440 2545 Deum
2476 2493 2724 2553 timentes
2755 2502 3137 2563 decedentibus
3166 2512 3533 2588 instituantur,

1946 2579 2001 2625 et
2029 2589 2154 2629 cura
2189 2586 2560 2648 a'grotanlium
2592 2604 2657 2644 ac
2689 2608 2942 2650 ttutncrus
2995 2601 3077 2654 vel
3118 2608 3359 2675 exceptio
3384 2626 3536 2680 pere-

1943 2662 2217 2730 grinorum
2268 2676 2561 2731 secundum
2612 2679 2835 2738 inditam
2879 2686 3266 2750 institutionem
3312 2697 3534 2759 inviola-

1943 2753 2032 2809 hili
2064 2772 2279 2828 semper
2323 2767 2614 2825 stabilitate
2650 2787 2981 2841 permaneat.
3014 2780 3169 2848 Quod
3196 2785 3243 2841 si
3275 2792 3411 2859 quis,
3438 2808 3532 2849 cu-

1936 2842 2160 2910 juslibet
2188 2857 2468 2920 potestatis
2506 2869 2598 2915 aut
2624 2865 2827 2921 ordinis
2862 2884 3124 2939 persona,
3170 2842 3354 2936 contra
3391 2886 3528 2942 hanc

1940 2935 2326 2999 institutionem
2370 2959 2607 3006 nostram
2639 2958 2822 3014 venire
2870 2968 3176 3034 tentaverit,
3204 2980 3294 3024 aut
3322 2974 3521 3044 aliquid

1938 3025 2005 3081 de
2038 3036 2426 3093 consuetudine
2446 3042 2529 3094 vel
2578 3046 2826 3103 facultate
2856 3025 3174 3111 xenodocltii
3208 3059 3374 3128 ipsius
3401 3025 3523 3123 abs-

1940 3120 2139 3187 tulerit,
2172 3137 2262 3180 aut
2299 3132 2687 3191 xenodochium
2711 3178 2726 3204 ,
2774 3141 2916 3209 quod
2961 3156 3169 3204 avertat
3200 3151 3359 3219 Deus,
3403 3172 3522 3215 esse

1938 3212 2170 3280 desinat,
2223 3229 2279 3273 ut
2328 3235 2546 3280 necator
2577 3244 2867 3300 pauperum
2917 3237 3256 3300 irrevocabili
3300 3253 3520 3308 anathe-

1933 3314 2077 3360 mate
2104 3307 2342 3365 feriatur.

1986 3396 2121 3452 XVI.
2150 3401 2225 3456 De
2263 3421 2363 3460 non
2393 3411 2688 3481 auferendi:
2729 3416 3056 3475 ecclesiarum
3099 3426 3456 3489 oblationibus.

1998 3488 2249 3561 Quisquis
2270 3498 2429 3553 etiam
2459 3512 2551 3555 aut
2590 3504 2852 3574 majorum
2883 3521 2972 3565 aut
3017 3516 3364 3575 mediocrium
3397 3538 3512 3593 per-

1925 3593 2176 3636 sonarum
2205 3602 2523 3660 quocunque
2550 3609 2770 3651 munere
2797 3601 2876 3654 vel
2912 3600 3187 3661 facultates
3221 3616 3507 3670 sacerdoti-

1922 3668 2040 3737 bus,
2073 3684 2164 3728 aut
2187 3680 2451 3746 ecclesiis,
2474 3693 2560 3736 aut
2590 3686 2914 3753 quibuslibet
2944 3693 3074 3750 locis
3104 3702 3304 3756 sanctis
3331 3707 3509 3762 studio

1922 3766 2181 3819 mercedis
2232 3783 2325 3835 pro
2374 3771 2464 3825 Dei
2514 3779 2965 3846 contemplatione
2992 3786 3250 3857 collatas,
3306 3804 3397 3848 aut
3440 3812 3502 3852 ea

1918 3870 2036 3925 qua:
2089 3875 2119 3913 a
2173 3864 2476 3929 parentibus
2531 3868 2724 3925 donata
2782 3888 3120 3945 noscuntur,
3166 3888 3502 3951 postmodum

1918 3947 2127 4004 auferre
2154 3956 2571 4022 praesumpserit,
2599 3963 2861 4028 superiori
2890 3973 3153 4024 sententia
3186 3984 3243 4027 ut
3272 3985 3497 4033 necator

1917 4054 2207 4110 pauperum
2235 4061 2261 4096 a
2290 4051 2663 4106 communione
2690 4054 2941 4122 privetur.

2058 4152 2216 4209 XVII.
2248 4156 2513 4222 Quomodo
2532 4161 2876 4220 Ecclesiarum
2900 4184 3068 4226 causa:
3094 4174 3350 4242 ﬁniendae.

1984 4262 2185 4320 Placuit
2233 4270 2426 4337 etiam,
2477 4282 2533 4328 ιιι
2566 4276 2609 4331 si
2656 4294 2988 4352 quaecunque
3037 4302 3259 4355 persona
3305 4303 3490 4350 contra

1907 4352 2212 4423 episc0pum
2244 4361 2321 4414 vel
2348 4372 2554 4420 actores
2580 4366 2832 4447 Ecclesiae
2862 4388 2921 4428 se
2952 4380 3218 4447 proprium
3247 4385 3489 4442 credide-

1907 4441 1975 4494 rit
1998 4441 2195 4500 habere
2227 4452 2522 4522 negotium,
2548 4456 2695 4525 prius
2718 4439 2786 4513 ad
2810 4475 2930 4515 eum
2956 4480 3193 4524 recurrat
3218 4476 3489 4531 charitatis

217 4529 361 4592 quod
396 4532 638 4600 quisquis
669 4535 875 4602 fecerit,
925 4550 1173 4611 tanquam
1228 4562 1448 4603 necatur
1484 4568 1792 4625 pauperum,
1830 4547 1879 4606 Β
1906 4534 2114 4599 ειυόίο,
2165 4548 2220 4591 ut
2263 4541 2509 4598 familiari
2537 4549 2807 4605 atldtttone
2833 4567 3063 4611 munitus
3088 4574 3275 4615 sanare
3305 4578 3363 4616 ea
3393 4567 3487 4620 de-

214 4621 558 4687 antiquorutn
609 4640 874 4683 canonum
915 4636 1197 4691 Sententiis
1236 4641 1558 4699 cunstricms
1606 4648 1673 4700 ab
1712 4663 1800 4702 ec-

211 4708 395 4763 clesia:
434 4712 703 4771 liminibus
736 4723 914 4775 tandiu
943 4728 1259 4782 excludatur
1306 4735 1539 4799 quandiu
1584 4738 1652 4791 ab
1681 4737 1798 4809 ipso

206 4813 271 4851 ea
304 4816 424 4869 qua:
452 4817 575 4859 sunt
604 4810 776 4865 ablata
808 4816 891 4870 vel
920 4826 1124 4873 retenta
1157 4822 1465 4878 reddantur.

242 4887 387 4945 XIV.
429 4893 626 4950 tVuttus
679 4904 887 4956 alterius
935 4906 1181 4989 Ecclesia:
1235 4929 1315 4967 res
1353 4915 1583 4985 accipere
1627 4935 1761 4989 prte-

909 4988 1096 5031 Sumat.

280 5052 347 5108 Ut
369 5056 541 5111 nul'us
580 5060 951 5132 episcopatum
1006 5082 1096 5123 aut
1129 5073 1405 5140 cujuslibet
1441 5079 1647 5135 ordinis
1680 5085 1791 5139 cle-

196 5142 351 5197 ricus
381 5148 460 5199 vel
490 5150 594 5204 alia
634 5169 861 5224 qumque
891 5174 1115 5226 persona
1171 5166 1494 5233 quibuslibet
1525 5174 1790 5229 c0nditio-

192 5234 361 5289 nibus
408 5252 500 5291 seu
543 5240 595 5294 in
642 5260 749 5299 uno
773 5263 938 5318 regno
968 5267 1061 5305 seu
1109 5253 1160 5308 in
1191 5257 1296 5310 alio
1334 5260 1539 5327 positus
1571 5265 1790 5323 alterius

186 5325 574 5399 cujuscunque
610 5335 864 5393 Ecclesia:
919 5358 1006 5395 res
1053 5354 1145 5399 aut
1189 5359 1333 5416 petat
1385 5361 1473 5404 aut
1506 5369 1789 5421 prazsumat

1906 4625 2026 4681 beat
2049 4645 2168 4699 qua:
2199 4632 2249 4685 itt
2281 4638 2670 4703 querimoniam
2703 4642 3065 4714 deducuntur;
3094 4667 3250 4720 quam
3296 4670 3408 4711 retu
3439 4658 3485 4714 si

1902 4718 2116 4775 differre
2144 4724 2389 4796 voluerit,
2443 4736 2565 4783 tunc
2596 4732 2809 4788 demum
2854 4738 2918 4791 ad
2952 4742 3339 4809 metropolitani
3389 4764 3488 4804 au-

1899 4811 2149 4865 dientiam
2185 4816 2427 4871 veniatur
2456 4837 2469 4872 :
2501 4821 2565 4873 de
2591 4838 2693 4892 qua
2724 4840 2783 4880 re
2805 4831 3104 4902 Cllil1278
3124 4831 3329 4890 litteras
3361 4854 3484 4895 suas

1900 4908 2338 4977 ntetropolitanus
2368 4913 2432 4965 ad
2464 4919 2962 4984 comprovincialem
2993 4937 3145 4980 suum
3169 4928 3479 5000 episcopum

1897 4994 2138 5065 dederit,
2200 5011 2253 5056 et
2302 5018 2461 5059 causa
2514 5006 2625 5076 ipsa
2680 5009 2817 5065 inter
2868 5023 3114 5086 utrosque
3162 5035 3477 5091 quacunque

1898 5096 2254 5151 transactione
2302 5100 2488 5155 amicis
2547 5103 2739 5159 mediis
2781 5122 2884 5161 non
2936 5108 3090 5164 fuerit
3130 5112 3369 5179 definita,
3422 5125 3478 5170 nt

1896 5181 1993 5247 ipsi
2025 5189 2434 5255 metropolitano
2465 5196 2827 5250 necessarium
2859 5200 2929 5251 sit
2964 5201 3014 5251 in
3045 5200 3229 5254 eodem
3259 5207 3473 5275 negetio

1894 5273 2086 5327 iterare
2118 5278 2459 5347 rescriptum,
2509 5291 2564 5337 et
2614 5286 2848 5339 secundo
2895 5288 3194 5344 admonitus
3244 5308 3471 5367 sanare,

1894 5364 2103 5417 mittere
2132 5374 2221 5419 aut
2266 5368 2446 5423 venire
2475 5371 2773 5442 distulerit,
2810 5377 2987 5431 tanditt
3015 5395 3042 5432 a
3074 5382 3331 5441 charitate
3361 5405 3474 5443 me:

180 5418 447 5484 accipere
490 5439 505 5475 :
549 5427 689 5486 quod
722 5430 766 5482 si
801 5430 1007 5498 fecerit,
1041 5438 1220 5492 tandiu
1280 5441 1543 5499 habeatur
1583 5464 1611 5500 a
1643 5465 1788 5505 com-

1894 5456 2197 5522 tropolitani
2238 5459 2316 5512 sui
2365 5475 2422 5514 se
2467 5466 2673 5518 noverit
2709 5480 2829 5521 esse
2858 5485 3172 5539 suSpensum
3197 5474 3369 5534 donec
3400 5480 3467 5537 ad

178 5511 457 5567 munione
484 5515 668 5571 altaris
700 5522 781 5576 vel
816 5525 883 5577 ab
928 5530 1163 5583 omnium
1196 5532 1415 5589 fratrum
1458 5552 1523 5593 ac
1552 5540 1783 5599 filiorum

1891 5552 2223 5617 praesentiam
2256 5557 2368 5626 ejus
2398 5560 2614 5616 veniens
2645 5578 2802 5620 causa
2850 5567 3013 5637 ipsius
3042 5570 3107 5624 de
3136 5586 3237 5641 qua
3272 5576 3467 5643 petitur

1962 5684 2169 5769 sitit,
2209 5686 2272 5743 Τ.
2307 5689 2359 5769 l,
2388 5691 2443 5753 2.
2470 5692 2558 5754 U..
2585 5697 2839 5769 religatas.

1955 5754 1979 5834 (ξ
2008 5755 2099 5809 llic
2129 5774 2298 5843 canon
2318 5764 2641 5843 '(leSll‘lItpllls
2677 5754 2766 5825 est
2793 5788 2856 5825 ex
2891 5770 3087 5829 Codice
3115 5777 3228 5843 18.;
3258 5796 3376 5835 natu
3407 5782 3455 5838 in

1887 5825 2099 5894 reliqus
2131 5828 2410 5887 Collicibus
2436 5825 2629 5891 deficit.

264 5652 290 5678 ⁸
320 5644 377 5697 lu
409 5644 694 5736 Codicibus
719 5670 731 5703 :
759 5664 1141 5736 prosumpserit
1170 5666 1553 5736 ordinandum;
1585 5675 1779 5731 omissa

174 5726 262 5768 23'
294 5733 391 5767 Vm
426 5721 791 5782 ordinandum,
827 5737 881 5778 nt
914 5721 1063 5782 in'U.

259 5786 285 5820 δ
326 5788 490 5855 Β.Ιῖ.,
512 5790 574 5842 Τ.
608 5790 736 5857 ίμὶὶ,
775 5795 862 5858 U.,
896 5801 1082 5853 inritus
1113 5806 1400 5865 ordinetur.

560 5881 835 5942 amnt.
885 5889 1235 5954 LXXXIV.
2002 5881 2014 5894 ’
3000 5938 3071 5995 to
