4060 6184
508 358 616 413 1199

1206 358 1591 417 COLLECTIO
1632 361 1959 418 CANUNURI
2003 363 2057 417 S.
2103 362 2372 420 ISIDORU
2414 363 2677 420 IIISI‘AL.
2726 364 3086 422 ASCRIPTA.

3689 378 3792 431 509

510 474 797 531 reddiderit
854 475 1137 529 rationem.
1200 474 1349 543 Quod
1403 476 1448 529 si
1504 476 1733 546 patuerit
1779 478 2088 549 episcopum
2121 480 2168 540 Λ
2201 485 2362 534 tatem
2410 480 2704 536 incurrisse
2759 491 2864 537 tam
2920 484 3173 539 territorii
3217 485 3299 541 sui
3349 502 3506 556 quam
3564 490 3793 549 civitatis

510 580 681 634 Ipsum
704 573 890 620 contra
920 562 1183 633 justitiam
1217 563 1515 634 fatigatum,
1545 575 1598 620 et
1638 567 1682 620 is
1706 567 1794 635 qui
1822 582 1945 621 eum
1979 567 2098 621 fati-

482 668 598 728 gat
651 655 846 726 iniusta
902 655 1336 725 interpellatione
1383 656 1643 727 pulsavit,
1678 660 1800 711 anni
1851 658 2023 726 Spalio
2068 671 2098 712 a

507 748 885 804 communione
913 748 1271 802 ecclesiastica
1295 748 1667 817 suspendatur.
1699 748 1757 805 Si
1791 749 2097 818 metropoli-

470 876 473 879 λ
509 853 664 898 tanus
685 858 715 897 a
744 856 1059 910 quocunque
1085 843 1518 911 comprovinciali
1548 842 1800 912 episc0p0
1832 843 1915 897 bis
1944 843 2101 897 fuerit

505 936 560 991 in
585 952 742 992 causa
766 933 984 1004 propria
1012 935 1327 1004 appellatus,
1356 944 1412 988 et
1441 950 1561 990 eum
1590 937 1777 991 audire
1807 935 2093 1003 distulerit,

504 1028 569 1081 ad
621 1027 920 1093 proximam
979 1026 1241 1098 synodum
1282 1041 1400 1095 qua:
1430 1030 1783 1083 co’nstitnetnr
1830 1028 2096 1097 negotium

503 1132 659 1171 suum
692 1117 743 1171 in
790 1117 1017 1171 concilio
1045 1116 1240 1172 habeat
1280 1116 1547 1172 licentiam
1579 1118 1868 1174 exercendi
1901 1136 1913 1171 :
1945 1118 2098 1188 quid-

503 1209 628 1278 quid
664 1223 761 1277 pro
788 1208 990 1279 justitia
1029 1223 1057 1261 a
1101 1209 1640 1277 comprovincialibus
1682 1209 1795 1264 suis
1840 1217 2096 1263 statutum

506 1301 683 1364 fuerit,
712 1299 923 1354 studeat
946 1300 1154 1355 servari
1181 1307 1228 1355 ⁸.

541 1410 724 1466 XVIII.
756 1410 779 1445 ι’
806 1409 1270 1479 Cornprovinciales
1298 1412 1367 1464 ad
1393 1412 1667 1466 concilium
1696 1411 1855 1465 uocati
1893 1412 2065 1466 venire

1162 1490 1453 1535 teneantur.
1788 1492 1789 1495 “

576 1574 629 1629 Id
661 1575 821 1629 etiam
855 1573 978 1627 huic
1008 1572 1227 1629 decreto
1252 1573 1528 1656 credimus
1559 1572 1901 1628 inserendum
1922 1616 1937 1641 ,
1972 1582 2028 1627 ut
2053 1572 2096 1626 si

504 1667 626 1735 quis
655 1666 721 1721 de
745 1666 1286 1736 comprovincialibus
1326 1666 1595 1735 epi:copis
1626 1681 1653 1719 a
1685 1664 2097 1735 metropolitano

502 1773 601 1812 suo
622 1757 688 1811 ad
717 1757 1003 1812 concilium
1054 1759 1188 1811 intra
1216 1771 1365 1810 suam
1411 1756 1734 1826 provinciam
1779 1755 1939 1811 fuerit
1966 1772 2096 1811 evo-

503 1858 672 1917 catus,
703 1860 757 1904 et
788 1859 980 1920 prazter
1009 1849 1308 1904 evidentem
1334 1849 1697 1903 inlirmitatem
1725 1850 1789 1902 ad
1812 1850 2091 1903 concilium
2131 1836 2172 1895 Β

491 1943 685 1997 venire
727 1940 1014 2007 distulerit,
1069 1949 1229 2009 atque
1258 1955 1287 1994 a
1338 1940 1582 2011 synodali
1638 1950 1901 1995 contentu
1944 1949 2095 1994 ante-

503 2049 660 2103 quam
708 2043 897 2089 cuncta
953 2033 1278 2087 conveniant
1332 2033 1449 2085 sine
1513 2041 1814 2086 commeatu
1876 2030 2088 2085 concilii

501 2128 669 2197 Ipsius
714 2126 991 2183 discedere
1043 2125 1269 2181 fortasse
1333 2125 1766 2194 priesttmpserit,
1830 2124 1967 2179 sicut
2012 2132 2095 2178 est

499 2220 921 2291 praecedentibus
958 2219 1154 2289 regulis
1186 2225 1438 2273 statutum
1471 2232 1563 2272 sex
1599 2216 1871 2271 mensibus
1901 2231 1927 2269 a
1961 2216 2092 2270 mis-

499 2328 676 2367 sarum
703 2311 880 2367 ollIcio
908 2311 1266 2381 suspendatur
1292 2327 1304 2364 :
1338 2310 1476 2380 quod
1508 2310 1550 2363 si
1582 2309 1862 2364 concilium
1890 2308 2092 2363 facien-

500 2406 623 2459 dum
652 2419 982 2475 qumcunquc
1013 2404 1303 2459 necessitas
1329 2404 1471 2457 illata
1500 2401 1802 2467 distulerit,
1833 2417 1861 2453 a
1889 2409 2092 2456 metros

502 2498 736 2567 politano
767 2513 863 2551 suo
897 2498 1103 2549 veniam
1137 2497 1412 2564 postulans
1435 2537 1449 2561 ,
1480 2494 1544 2549 ad
1574 2496 1855 2549 missarum
1889 2493 2092 2548 facien-

502 2587 688 2642 darum
713 2588 940 2655 gratiam
974 2597 1275 2639 revocetur.

650 2688 793 2755 XIX.
823 2699 900 2754 De
926 2699 1182 2753 oblatione
1208 2698 1498 2766 puellarum
1525 2698 1577 2751 in
1609 2699 1948 2754 monasteriis.

576 2816 914 2885 Qumeunqne
975 2815 1136 2869 etiam
1182 2813 1392 2885 puellae,
1420 2828 1513 2870 seu
1559 2814 1768 2883 propria
1820 2813 2092 2869 voluntate

493 2910 893 2964 monasterium
941 2916 1226 2976 expetunt,
1254 2921 1348 2961 seu
1374 2920 1403 2960 a
1436 2907 1742 2975 parentibus
1773 2904 2088 2969 oll‘eruntur,

499 3016 695 3056 annum
734 3002 785 3055 in
817 3001 927 3070 ipsa
973 3000 1151 3067 inqua
1182 2998 1500 3054 intraverint
1538 3009 1686 3053 veste
1717 3008 2087 3067 permaneant;

501 3095 554 3149 in
598 3093 682 3149 his
708 3109 834 3148 vero
866 3109 933 3147 mi
959 3092 1209 3147 nasteriis
1253 3091 1343 3146 ubi
1392 3107 1498 3148 non
1550 3104 1805 3163 perpetuo
1850 3102 2093 3148 tenentur

2199 572 2551 641 agnmerint‘,
2601 574 2667 629 de
2697 573 2859 630 domo
2906 576 3148 631 ecclesia:
3190 575 3336 647 juxta
3390 580 3792 649 possibilitatem

2199 664 2359 718 victui
2391 675 2443 720 et
2474 666 2687 722 vestitui
2717 670 3017 723 necessaria
3076 669 3521 739 subministrent,
3572 684 3629 729 ut
3688 692 3791 730 non

2201 755 2283 809 bi's
2308 756 2446 810 desit
2492 760 2876 819 misericordi-'3
2907 776 3034 815 cura
3065 777 3200 830 quos
3232 777 3325 830 per
3353 762 3538 818 duram
3569 766 3789 821 inﬁrmi-

2200 859 2361 905 tatem
2395 853 2745 909 intolerabilis
2773 856 3095 925 constringit
3128 855 3328 925 inopia.

2260 961 2423 1016 XXII.
2457 961 2532 1017 De
2557 982 2733 1019 annua
2756 967 2943 1037 synodi
2966 967 3293 1034 provincialis
3322 968 3662 1025 celebratione
3684 982 3732 1026 et

2443 1041 2507 1090 de
2534 1038 2912 1107 pra’tcritorum
2942 1054 3197 1091 canonum
3219 1038 3558 1095 observantia.

2273 1151 2365 1205 llis
2399 1153 2578 1220 itaque
2608 1151 2835 1208 Domino
2862 1151 3090 1222 propitio
3118 1151 3454 1220 constitutis,
3485 1154 3626 1223 quod
3659 1170 3792 1223 pra:-

2199 1245 2354 1315 cipue
2384 1246 2434 1299 in
2456 1245 2705 1300 omnibus
2734 1245 2950 1300 Patrum
3000 1245 3242 1300 conciliis
3274 1245 3498 1300 habetur
3533 1246 3789 1315 scriptum

2198 1352 2430 1406 congrua
2484 1337 2796 1393 delinitiotte
2824 1339 3133 1394 salteimus:
3189 1339 3324 1392 intra
3356 1340 3480 1393 anni
3530 1339 3791 1395 circulum

2199 1428 2568 1499 unusquisque
2620 1413 3064 1497 metropolitanus
3133 1429 3420 1500 episcopus
3472 1429 3676 1500 junctis
3735 1432 3790 1485 in

2201 1535 2365 1574 unum
2410 1521 2584 1575 locum
2645 1521 3183 1592 comprovincialibus
3229 1522 3340 1575 suis
3385 1521 3520 1577 intra
3569 1523 3790 1592 provin-

2202 1615 2339 1669 ciam
2369 1629 2519 1669 suam
2558 1614 2773 1669 studeat
2800 1613 2998 1670 habere
3027 1614 3346 1681 concilium,
3393 1622 3451 1669 ut
3495 1626 3585 1668 aut
3614 1616 3658 1669 si
3686 1630 3790 1685 qua

2199 1708 2532 1764 accesserint
2559 1707 2834 1762 cbaritatis
2865 1707 3219 1762 emendentur
3247 1706 3458 1769 studio,
3490 1717 3583 1761 aut
3611 1706 3656 1761 si
3690 1723 3789 1775 pax

2202 1801 2396 1871 regulis
2428 1801 2508 1856 vel
2539 1799 2837 1869 disciplinis
2881 1800 3136 1869 injunctis
3189 1799 3296 1854 Deo
3346 1799 3630 1868 adjttvante
3668 1814 3790 1867 per-

2200 1892 2475 1955 manserit,
2505 1902 2724 1947 auctore
2770 1893 3033 1947 bonorum
3086 1892 3326 1946 omnium
3380 1890 3488 1946 Deo
3525 1891 3789 1946 charitate

2195 1990 2248 2036 et
2296 1986 2581 2051 praesentia
2630 1983 2987 2052 gratulentur.
3048 1982 3171 2038 lla'c
3218 1997 3347 2051 ergo
3396 1982 3506 2037 Deo
3557 1982 3792 2053 propitio

2195 2085 2509 2129 constanter
2557 2083 2609 2129 et
2669 2075 2986 2130 unanimiter
3034 2074 3252 2129 deﬁnita
3306 2086 3585 2130 servantes
3626 2076 3788 2131 etiam

2198 2169 2592 2236 praeteritorum
2646 2177 2841 2223 statuta
2895 2182 3158 2223 canonum
3210 2167 3261 2222 id
3307 2167 3686 2235 decernimus,
3732 2178 3791 2222 nt

2194 2254 2407 2313 Christo
2428 2269 2646 2313 auctore
2676 2258 2927 2326 deinceps
2955 2258 3267 2312 ineonvnlsa
3298 2259 3544 2312 universa
3567 2273 3788 2313 serven-

2198 2359 2281 2405 tur
2305 2390 2321 2416 ,
2364 2362 2420 2405 ut
2450 2360 2701 2406 manente
2726 2351 3038 2417 concordia,
3068 2367 3187 2421 qua:
3222 2352 3403 2405 divina
3436 2350 3787 2419 inspiratione

2195 2442 2477 2499 salubriter
2506 2443 2559 2497 in
2591 2445 2837 2513 prresenti
2873 2451 3115 2512 tempore
3166 2444 3384 2498 definita
3434 2452 3559 2498 sunt
3590 2443 3787 2497 amodo

2192 2545 2248 2592 et
2277 2536 2508 2590 habeant
2538 2536 2795 2605 vigorem,
2827 2544 2882 2592 et
2910 2535 3213 2591 custodiant
3241 2536 3579 2591 charitatem.

2267 2626 2321 2681 ln
2352 2628 2549 2680 Christi
2584 2627 2797 2683 nomine
2822 2629 3074 2684 sacerdos
3120 2628 3373 2684 Ecclesia:
3413 2628 3785 2698 Lugdunensis

2193 2718 2634 2773 constitutionem
2665 2728 2900 2773 nostram
2941 2720 3102 2788 relegi
3136 2728 3191 2773 et
3215 2718 3527 2788 subscripsi.

2267 2817 2289 2846 ε
2308 2807 2601 2877 llesychius
2619 2808 2873 2864 Ecclesia:
2889 2808 3142 2863 Viliensis
3164 2808 3446 2878 episcopus
3470 2808 3780 2878 subscripsi.

2266 2897 2501 2955 Nicetius
2531 2899 2787 2955 Ecclesia:
2810 2900 3056 2954 Trevera:
3087 2900 3370 2970 episcopus
3396 2900 3708 2969 subscripsi.

2267 2990 2609 3047 Desideratus
2650 2991 2906 3048 Ecclesiae
2938 2992 3184 3047 Biturica:
3221 2995 3510 3060 episcopus
3547 2989 3785 3045 subseri-

2198 3096 2305 3151 psi.

502 3184 751 3249 inclusxe,
784 3183 1071 3239 triennium
1106 3183 1157 3237 in
1189 3197 1253 3239 ea
1296 3199 1399 3253 qua
1448 3184 1759 3241 intraverint
1788 3196 1935 3240 veste
1964 3200 2087 3254 per-
2119 3189 2165 3251 C
2266 3174 2523 3244 Aspasius
2552 3174 2808 3231 Ecclesia:
2840 3174 3016 3231 Elusa:
3052 3174 3339 3245 episcopus
3364 3174 3679 3241 subscripsi.

502 3286 772 3342 maneant,
799 3286 853 3331 et
880 3275 1218 3346 postmodum
1250 3276 1544 3331 secundum
1577 3286 1777 3333 statuta
1824 3287 2096 3334 monaste-

502 3367 566 3421 rii
614 3367 781 3437 ipsius
806 3367 857 3420 in
888 3382 993 3437 quo
1018 3366 1294 3435 elegerint
1322 3381 1638 3435 permanere
1667 3369 1979 3424 vestimenta
2010 3385 2096 3425 rev

504 3457 717 3527 Iigionis
742 3457 1025 3527 accipiant.
1046 3458 1174 3525 Qum
1190 3459 1233 3513 si
1265 3458 1541 3527 deinceps,
1565 3474 1714 3515 sacra
1735 3462 2095 3531 relinquentes

505 3550 649 3614 loca,
680 3558 921 3602 sanctum
955 3549 1283 3617 pmpositum
1315 3550 1555 3604 saeculari
1586 3551 1879 3607 ambitione
1920 3562 2095 3606 trans-

485 3641 803 3701 cenderint,
858 3640 939 3693 vel
991 3640 1096 3693 illa:
1135 3654 1256 3707 quae
1302 3641 1352 3694 in
1399 3640 1645 3695 domibus
1676 3643 1939 3711 propriis,
1985 3653 2091 3698 tam

488 3730 691 3800 puella:
723 3744 880 3797 quam
917 3729 1109 3793 viduae,
1138 3732 1478 3785 commutatis
1511 3731 1746 3787 vestibus
1768 3744 2091 3788 convertun-

504 3830 608 3886 tur,
640 3834 762 3874 cum
796 3820 873 3873 his
896 3820 1092 3891 quibus
1113 3819 1363 3891 conjugio
1390 3822 1707 3892 copulantur
1735 3824 1803 3879 ab
1839 3825 2094 3881 Ecclesia:

492 3910 881 3966 communione
912 3912 1228 3979 priventur:
1280 3928 1413 3969 sane
1448 3914 1493 3969 si
1526 3915 1737 3985 culpam
1783 3927 2090 3982 sequestra-

502 4008 648 4064 tione
671 4007 977 4064 sanaverint
1001 4008 1066 4062 ad
1089 4009 1484 4063 communionis
1504 4010 1729 4078 gratiam
1753 4020 2088 4065 revocentur.

693 4100 856 4172 279
888 4098 1003 4155 XX.
1041 4098 1116 4155 De
1141 4100 1430 4155 risitalione
1454 4101 1904 4155 incarceretorunt.

566 4192 625 4249 ald
686 4194 845 4247 etiam
898 4191 1255 4246 miserationis
1307 4191 1501 4245 intuitu
1566 4206 1777 4261 acquum
1846 4192 2093 4248 duximus

501 4285 776 4350 custodiri,
813 4292 867 4337 ut
897 4284 988 4353 qui
1037 4300 1135 4354 pro
1167 4284 1573 4353 quibuscunque
1602 4284 1773 4353 culpis
1804 4283 1857 4338 in
1906 4299 2091 4339 carce-

503 4379 651 4434 ribus
705 4377 1069 4446 deputantur,
1121 4376 1188 4430 ab
1237 4374 1617 4431 archidiacono
1661 4390 1755 4431 seu
1802 4376 2092 4445 przeposito

500 4470 745 4527 ecclesia:
800 4467 987 4523 diebus
1040 4467 1265 4537 singulis
1322 4464 1604 4522 dominicis
1654 4467 2011 4534 requirantur,
2038 4477 2092 4520 et

2270 3268 2435 3340 280
2462 3267 2797 3323 Coustitutus
2839 3267 3095 3323 Ecclesia:
3121 3266 3473 3339 ,Synocynica:
3497 3266 3787 3334 episcOpus

2195 3359 2515 3431 subscripsi.

2269 3451 2519 3506 Placidus
2551 3451 2811 3506 Ecclesia:
2842 3447 3128 3505 Mitieensis
3158 3453 3441 3518 episcopus
3467 3445 3781 3516 subscripsi.

2270 3542 2347 3596 Fi:
2364 3542 2541 3595 minus
2569 3541 2826 3596 Ecclesia:
2858 3540 3049 3595 Ucenae
3075 3540 3357 3610 episcopus
3378 3538 3690 3606 subscripsi.

2267 3630 2512 3700 Agricola
2564 3629 2817 3685 Ecclesia:
2870 3628 3263 3684 Cabillonensis
3310 3628 3597 3698 episcopus
3653 3624 3785 3679 sub-

2195 3720 2406 3787 scripsi.

2266 3814 2491 3871 Urbicus
2526 3814 2779 3870 Etclesia:
2822 3811 3110 3869 Trucensis
3135 3813 3420 3883 episcopus
3461 3812 3781 3883 subscripsi.

2268 3905 2438 3961 Rufos
2470 3905 2727 3962 Ecclesia:
2754 3904 3134 3961 Octodorensis
3153 3904 3436 3974 episc0pns
3465 3903 3788 3970 subscripsi.

2267 3999 2450 4055 Gallus
2482 3998 2745 4053 Ecclesia:
2775 3996 3126 4052 Arveruensis
3153 3998 3438 4068 episcopus
3466 3999 3790 4067 subscripsi.

2265 4090 2569 4145 Saliari-acus
2590 4089 2845 4144 Ecclesia:
2866 4088 3145 4143 Parisiacae
3168 4090 3450 4159 episcopus
3467 4090 3791 4158 subscripsi-

2269 4182 2597 4235 Domitianus
2623 4181 2873 4235 Ecclesia:
2891 4180 3148 4251 Tugcusis
3164 4182 3445 4251 episcopus
3465 4181 3791 4250 subscripsi.

2268 4277 2525 4330 Eleuther
2550 4275 2808 4329 Ecclesia:
2855 4276 3291 4333 Altisiodorensis
3334 4277 3615 4347 episcOpus
3659 4278 3802 4332 sub-

2192 4366 2406 4435 scripsi.

2266 4460 2393 4515 ltem
2427 4458 2774 4515 Desideratus
2807 4461 3057 4517 Ecclesiae
3085 4460 3475 4516 Vereduncnsis
3498 4460 3804 4531 episcopus

505 4561 798 4616 necessitas
826 4536 1447 4614 vinctornmisecundum
1480 4564 1806 4629 prmceptum
1846 4556 2086 4610 divinum
2118 4536 2171 4598 υ
2196 4551 2506 4621 subscripsi.

506 4650 919 4706 misericorditer
960 4651 1291 4719 sublevetur,
1323 4658 1482 4720 atque
1529 4664 1558 4702 a
1608 4647 1854 4718 poutilice
1895 4656 2033 4701 statu
2059 4662 2089 4699 a

505 4743 647 4795 tideli
680 4752 733 4796 et
761 4744 836 4797 dil
861 4744 1000 4814 genti
1029 4757 1278 4811 persona,
1309 4757 1427 4811 quae
1460 4740 1761 4797 necessaria
1792 4738 2085 4807 provideat,

2264 4630 2599 4700 Gramaticns
2652 4646 2902 4701 Ecclesize
2935 4644 3288 4701 Viudoneusis
3331 4644 3619 4715 episcopus
3657 4645 3808 4698 sub-

2192 4751 2402 4806 scripsi.

2264 4829 2518 4885 Tretecus
2550 4830 2802 4886 Ecclesia:
2832 4830 3132 4899 Lingonica:
3163 4829 3446 4897 episcopus
3462 4826 3814 4897 subscripsi.

2261 4923 2537 4978 Nectarius
2563 4924 2811 4979 Ecclesia:
2834 4920 3329 4994 Augustodunensis
3354 4920 3638 4991 episcopos
3660 4925 3819 4978 sub-

500 4833 577 4887 eis
603 4842 913 4901 c0mpetens
942 4834 1111 4887 victus
1142 4832 1209 4886 de
1232 4833 1392 4887 domo
1423 4832 1668 4887 ecclesiae
1696 4831 1974 4883 tribuatur.

860 4926 898 4980 Χ
916 4927 1000 4981 XI.
1036 4924 1111 4978 De
1131 4927 1474 4980 sustentandis
1497 4925 1733 4996 leprosis.

572 5020 721 5075 Licet
763 5019 993 5088 propitio
1045 5016 1152 5071 Deo
1200 5018 1438 5071 omnium
1497 5016 1587 5069 Dei
1638 5013 1975 5068 sacerdotum
2006 5016 2086 5070 vel
2190 5015 2399 5085 scripsi.

498 5124 935 5180 quoruincunque
983 5108 1095 5163 lucc
1145 5122 1273 5163 cura
1328 5106 1495 5175 possit
1546 5120 1666 5160 esse
1709 5104 1981 5169 ﬁdelium,
2034 5119 2090 5160 nt
2265 5105 2523 5161 Eusebius
2568 5106 2818 5161 Ecclesia:
2846 5105 3182 5162 Sanctonica:
3211 5105 3493 5174 episc0pus
3541 5102 3781 5159 διώμτί
3809 5139 3825 5148 .

501 5202 780 5269 egentibus
812 5198 1111 5254 necrssaria
1143 5198 1374 5255 debeant
1405 5197 1737 5263 ntimstrare,
1787 5196 2089 5266 specialter
2191 5199 2291 5269 psi.
2329 5243 2338 5253 .

500 5304 681 5345 tannn
733 5292 800 5345 de
834 5290 1057 5359 Ieprosis
1108 5291 1158 5346 id
1217 5291 1429 5358 pietatis
1479 5304 1636 5344 causa
1693 5289 1979 5351 convenit,
2034 5299 2090 5342 ut
2266 5288 2648 5343 l‘roculeianus
2688 5287 2942 5343 Ecclesia:
2974 5288 3204 5343 Ausiciae
3224 5287 3509 5359 episcopus
3539 5285 3830 5341 subscu-

507 5383 870 5453 ttnusquisque
898 5386 1115 5453 cpiscop
1140 5400 1270 5437 -rnm
1302 5396 1438 5453 quos
1463 5382 1667 5436 incolas
1695 5381 1830 5434 hanc
1867 5380 2089 5434 inlirnti-
2192 5401 2223 5452 p
2258 5387 2296 5439 i.

2190 5540 2374 5594 decem
2424 5548 2627 5610 tantum
2657 5539 3070 5610 denumerantur
3116 5539 3394 5610 episeopj:
3450 5536 3785 5610 Hesychius
3823 5584 3839 5609 τ

2197 5610 2425 5681 Nicetius
2446 5650 2459 5676 ,
2493 5609 2846 5681 Qesiderutus.
2882 5606 3169 5681 Aspasius,
3200 5606 3472 5681 Agricola,
3501 5606 3653 5681 Urbi:
3666 5606 3855 5681 junci

2192 5681 2278 5747 (Τ.
2311 5683 2362 5748 ι,
2396 5679 2452 5748 9.,
2488 5678 2748 5752 Urbicus),
2786 5679 2988 5752 Rufus,
3026 5677 3272 5745 Basilius,
3318 5680 3504 5734 Aeolus
3532 5686 3580 5731 et
3626 5677 3686 5732 ιε
3706 5684 3853 5738 ita-

2190 5768 2315 5804 rtus.

576 5546 601 5572 ⁸³
633 5539 696 5590 Τ.
730 5539 783 5603 1,
814 5537 869 5600 ‘2,
902 5538 991 5600 U.,
1022 5536 1115 5599 (3.,
1147 5536 1426 5591 observare.

576 5605 603 5645 δ
636 5607 729 5662 lltc
756 5618 809 5663 et
838 5616 1121 5675 sequentes
1143 5622 1375 5662 canones
1402 5623 1461 5660 ex
1485 5606 1572 5661 ΑΞ.
1598 5606 1793 5663 Codice
1821 5605 2086 5673 desumpti

508 5686 631 5731 sunt
659 5695 670 5728 :
706 5680 897 5732 desunt
927 5682 975 5732 in
1004 5682 1065 5730 Α.
1095 5687 1145 5731 et
1177 5678 1387 5731 caneris
1417 5676 1721 5731 (Iudicibus.

582 5760 601 5782 ο
627 5748 873 5800 Omnium
908 5749 1278 5816 cpiscottorum
1327 5746 1741 5816 solueriptiones
1770 5762 1832 5801 ex
1865 5745 1951 5800 ᾸΞ.
1985 5746 2086 5798 (Zo-

506 5817 623 5872 dice
671 5817 999 5889 deprompta:
1041 5815 1181 5873 sunt.
1218 5817 1274 5871 lu
1329 5819 1394 5872 Α.
1446 5815 1625 5870 cmtcri
1658 5833 1758 5887 que
1804 5816 2085 5872 Codicitus
