  <div class='ocr_page' id='page_1' title='image "/cluster/home/n/w/nwhite01/storage/ocr_20150623/84/hvd.32044054758883/157.png"; bbox 0 0 4060 6184; ppageno 0'>
   <div class='ocr_carea' id='block_1_1' title="bbox 472 360 604 417">
    <p class='ocr_par' dir='ltr' id='par_1_1' title="bbox 472 360 604 417">
     <span class='ocr_line' id='line_1_1' title="bbox 472 360 604 417; baseline -0.008 0"><span class='ocrx_word' id='word_1_1' title='bbox 472 360 604 417; x_wconf 68' lang='grc' dir='ltr'><strong>ῗὸθῦ</strong></span> 
     </span>
    </p>
   </div>
   <div class='ocr_carea' id='block_1_2' title="bbox 1175 332 3056 408">
    <p class='ocr_par' dir='ltr' id='par_1_2' title="bbox 1175 332 3056 408">
     <span class='ocr_line' id='line_1_2' title="bbox 1175 332 3056 408; baseline -0.01 -1"><span class='ocrx_word' id='word_1_2' title='bbox 1175 350 1556 408; x_wconf 77' lang='lat' dir='ltr'><strong>(IOLLECTIO</strong></span> <span class='ocrx_word' id='word_1_3' title='bbox 1596 345 1929 403; x_wconf 70' lang='lat' dir='ltr'><strong>CANONUM</strong></span> <span class='ocrx_word' id='word_1_4' title='bbox 1966 345 2023 399; x_wconf 88' lang='lat' dir='ltr'><strong>S.</strong></span> <span class='ocrx_word' id='word_1_5' title='bbox 2070 338 2342 395; x_wconf 72' lang='lat' dir='ltr'><strong>ISIDORO</strong></span> <span class='ocrx_word' id='word_1_6' title='bbox 2386 336 2648 392; x_wconf 72' lang='lat' dir='ltr'><strong>illSI‘Al..</strong></span> <span class='ocrx_word' id='word_1_7' title='bbox 2695 332 3056 389; x_wconf 72' lang='lat' dir='ltr'><strong>ASCRII‘TA.</strong></span> 
     </span>
    </p>
   </div>
   <div class='ocr_carea' id='block_1_3' title="bbox 3649 330 3756 383">
    <p class='ocr_par' dir='ltr' id='par_1_3' title="bbox 3649 330 3756 383">
     <span class='ocr_line' id='line_1_3' title="bbox 3649 330 3756 383; baseline -0.009 0"><span class='ocrx_word' id='word_1_8' title='bbox 3649 331 3695 383; x_wconf 60' lang='grc' dir='ltr'><strong>ὃς</strong></span> <span class='ocrx_word' id='word_1_9' title='bbox 3706 330 3756 382; x_wconf 69' lang='grc' dir='ltr'><strong>ιι</strong></span> 
     </span>
    </p>
   </div>
   <div class='ocr_carea' id='block_1_4' title="bbox 493 439 3759 537">
    <p class='ocr_par' dir='ltr' id='par_1_4' title="bbox 493 439 3759 537">
     <span class='ocr_line' id='line_1_4' title="bbox 493 439 3759 537; baseline -0.01 -12"><span class='ocrx_word' id='word_1_10' title='bbox 493 471 610 526; x_wconf 77' lang='lat' dir='ltr'><strong>sine</strong></span> <span class='ocrx_word' id='word_1_11' title='bbox 644 469 940 525; x_wconf 68' lang='lat' dir='ltr'><strong>idololatria</strong></span> <span class='ocrx_word' id='word_1_12' title='bbox 973 469 1228 537; x_wconf 86' lang='lat' dir='ltr'><strong>perﬁcere</strong></span> <span class='ocrx_word' id='word_1_13' title='bbox 1268 467 1440 520; x_wconf 78' lang='lat' dir='ltr'><strong>scelus</strong></span> <span class='ocrx_word' id='word_1_14' title='bbox 1486 480 1596 518; x_wconf 85' lang='lat' dir='ltr'><strong>non</strong></span> <span class='ocrx_word' id='word_1_15' title='bbox 1654 463 1843 530; x_wconf 84' lang='lat' dir='ltr'><strong>potuit,</strong></span> <span class='ocrx_word' id='word_1_16' title='bbox 1871 474 1967 512; x_wconf 89' lang='lat' dir='ltr'><strong>nec</strong></span> <span class='ocrx_word' id='word_1_17' title='bbox 2010 457 2059 509; x_wconf 89' lang='lat' dir='ltr'><strong>in</strong></span> <span class='ocrx_word' id='word_1_18' title='bbox 2092 455 2132 511; x_wconf 79' lang='grc' dir='ltr'><strong>Α</strong></span> <span class='ocrx_word' id='word_1_19' title='bbox 2169 451 2562 505; x_wconf 85' lang='lat' dir='ltr'><strong>matrimonium</strong></span> <span class='ocrx_word' id='word_1_20' title='bbox 2620 448 2807 501; x_wconf 73' lang='lat' dir='ltr'><strong>datnlte</strong></span> <span class='ocrx_word' id='word_1_21' title='bbox 2862 453 2987 500; x_wconf 84' lang='lat' dir='ltr'><strong>sunt</strong></span> <span class='ocrx_word' id='word_1_22' title='bbox 3038 441 3270 511; x_wconf 78' lang='lat' dir='ltr'><strong>virgines</strong></span> <span class='ocrx_word' id='word_1_23' title='bbox 3319 439 3665 501; x_wconf 63' lang='lat' dir='ltr'><strong>(Iliristiana‘,</strong></span> <span class='ocrx_word' id='word_1_24' title='bbox 3693 458 3759 497; x_wconf 84' lang='lat' dir='ltr'><strong>ne</strong></span> 
     </span>
    </p>
   </div>
   <div class='ocr_carea' id='block_1_5' title="bbox 500 547 2069 630">
    <p class='ocr_par' dir='ltr' id='par_1_5' title="bbox 500 547 2069 630">
     <span class='ocr_line' id='line_1_5' title="bbox 500 547 2069 630; baseline -0.013 -12"><span class='ocrx_word' id='word_1_25' title='bbox 500 563 658 617; x_wconf 88' lang='lat' dir='ltr'><strong>ﬁnetn</strong></span> <span class='ocrx_word' id='word_1_26' title='bbox 685 560 1086 630; x_wconf 88' lang='lat' dir='ltr'><strong>impertiendam</strong></span> <span class='ocrx_word' id='word_1_27' title='bbox 1114 573 1230 611; x_wconf 90' lang='lat' dir='ltr'><strong>esse</strong></span> <span class='ocrx_word' id='word_1_28' title='bbox 1266 557 1337 610; x_wconf 87' lang='lat' dir='ltr'><strong>illi</strong></span> <span class='ocrx_word' id='word_1_29' title='bbox 1381 555 1401 628; x_wconf 84' lang='lat'>[</span> <span class='ocrx_word' id='word_1_30' title='bbox 1430 554 1496 609; x_wconf 80' lang='grc' dir='ltr'><strong>υ.</strong></span> <span class='ocrx_word' id='word_1_31' title='bbox 1520 595 1533 620; x_wconf 91' lang='grc'><strong><em>,</em></strong></span> <span class='ocrx_word' id='word_1_32' title='bbox 1564 554 1661 618; x_wconf 68' lang='lat'><strong>6.,</strong></span> <span class='ocrx_word' id='word_1_33' title='bbox 1695 547 1782 619; x_wconf 89' lang='lat' dir='ltr'><strong>ei]</strong></span> <span class='ocrx_word' id='word_1_34' title='bbox 1834 563 2069 604; x_wconf 87' lang='lat' dir='ltr'><strong>commu-</strong></span> 
     </span>
    </p>
   </div>
   <div class='ocr_carea' id='block_1_6' title="bbox 494 653 837 709">
    <p class='ocr_par' dir='ltr' id='par_1_6' title="bbox 494 653 837 709">
     <span class='ocr_line' id='line_1_6' title="bbox 494 653 837 709; baseline -0.012 0"><span class='ocrx_word' id='word_1_35' title='bbox 494 653 727 709; x_wconf 80' lang='lat' dir='ltr'><strong>nionem.</strong></span> <span class='ocrx_word' id='word_1_36' title='bbox 834 656 837 659; x_wconf 83' lang='grc'>’</span> 
     </span>
    </p>
   </div>
   <div class='ocr_carea' id='block_1_7' title="bbox 491 734 2065 811">
    <p class='ocr_par' dir='ltr' id='par_1_7' title="bbox 491 734 2065 811">
     <span class='ocr_line' id='line_1_7' title="bbox 491 734 2065 811; baseline -0.008 -12"><span class='ocrx_word' id='word_1_37' title='bbox 491 744 613 799; x_wconf 77' lang='lat' dir='ltr'><strong>VII.</strong></span> <span class='ocrx_word' id='word_1_38' title='bbox 669 743 744 796; x_wconf 81' lang='lat' dir='ltr'><strong>De</strong></span> <span class='ocrx_word' id='word_1_39' title='bbox 784 740 1138 811; x_wconf 77' lang='lat' dir='ltr'><strong>pwnitentibus</strong></span> <span class='ocrx_word' id='word_1_40' title='bbox 1169 740 1392 794; x_wconf 63' lang='lat' dir='ltr'><strong>inachiae</strong></span> <span class='ocrx_word' id='word_1_41' title='bbox 1416 739 1459 792; x_wconf 84' lang='lat' dir='ltr'><strong>si</strong></span> <span class='ocrx_word' id='word_1_42' title='bbox 1481 754 1659 791; x_wconf 78' lang='lat' dir='ltr'><strong><em>rursus</em></strong></span> <span class='ocrx_word' id='word_1_43' title='bbox 1698 734 2065 791; x_wconf 68' lang='lat' dir='ltr'><strong>nime/iuverint.</strong></span> 
     </span>
    </p>
   </div>
   <div class='ocr_carea' id='block_1_8' title="bbox 564 828 2072 902">
    <p class='ocr_par' dir='ltr' id='par_1_8' title="bbox 564 828 2072 902">
     <span class='ocr_line' id='line_1_8' title="bbox 564 828 2072 902; baseline -0.007 -16"><span class='ocrx_word' id='word_1_44' title='bbox 564 833 619 886; x_wconf 90' lang='lat' dir='ltr'><strong>Si</strong></span> <span class='ocrx_word' id='word_1_45' title='bbox 648 835 767 902; x_wconf 87' lang='lat' dir='ltr'><strong>quis</strong></span> <span class='ocrx_word' id='word_1_46' title='bbox 787 835 919 885; x_wconf 74' lang='lat' dir='ltr'><strong>forte</strong></span> <span class='ocrx_word' id='word_1_47' title='bbox 940 832 1113 885; x_wconf 88' lang='lat' dir='ltr'><strong>ﬁdelis</strong></span> <span class='ocrx_word' id='word_1_48' title='bbox 1135 840 1252 899; x_wconf 90' lang='lat' dir='ltr'><strong>post</strong></span> <span class='ocrx_word' id='word_1_49' title='bbox 1277 831 1477 898; x_wconf 90' lang='lat' dir='ltr'><strong>lapsum</strong></span> <span class='ocrx_word' id='word_1_50' title='bbox 1509 828 1774 895; x_wconf 66' lang='lat' dir='ltr'><strong>maecltiae,</strong></span> <span class='ocrx_word' id='word_1_51' title='bbox 1794 834 1913 893; x_wconf 91' lang='lat' dir='ltr'><strong>post</strong></span> <span class='ocrx_word' id='word_1_52' title='bbox 1939 836 2072 877; x_wconf 90' lang='lat' dir='ltr'><strong>tem-</strong></span> 
     </span>
    </p>
   </div>
   <div class='ocr_carea' id='block_1_9' title="bbox 480 914 2070 991">
    <p class='ocr_par' dir='ltr' id='par_1_9' title="bbox 480 914 2070 991">
     <span class='ocr_line' id='line_1_9' title="bbox 480 914 2070 991; baseline -0.008 -14"><span class='ocrx_word' id='word_1_53' title='bbox 480 938 628 991; x_wconf 81' lang='lat' dir='ltr'><strong>pora</strong></span> <span class='ocrx_word' id='word_1_54' title='bbox 681 922 963 978; x_wconf 67' lang='lat' dir='ltr'><strong>consdtnta</strong></span> <span class='ocrx_word' id='word_1_55' title='bbox 1016 930 1132 974; x_wconf 88' lang='lat' dir='ltr'><strong>acta</strong></span> <span class='ocrx_word' id='word_1_56' title='bbox 1186 922 1515 990; x_wconf 61' lang='lat' dir='ltr'><strong>penitentia,</strong></span> <span class='ocrx_word' id='word_1_57' title='bbox 1545 919 1719 972; x_wconf 89' lang='lat' dir='ltr'><strong>denuo</strong></span> <span class='ocrx_word' id='word_1_58' title='bbox 1762 916 1919 971; x_wconf 80' lang='lat' dir='ltr'><strong>fuerit</strong></span> <span class='ocrx_word' id='word_1_59' title='bbox 1961 914 2070 967; x_wconf 13' lang='lat' dir='ltr'><strong>fir-</strong></span> 
     </span>
    </p>
   </div>
   <div class='ocr_carea' id='block_1_10' title="bbox 499 1006 2073 1082">
    <p class='ocr_par' dir='ltr' id='par_1_10' title="bbox 499 1006 2073 1082">
     <span class='ocr_line' id='line_1_10' title="bbox 499 1006 2073 1082; baseline -0.007 -14"><span class='ocrx_word' id='word_1_60' title='bbox 499 1014 727 1082; x_wconf 87' lang='lat' dir='ltr'><strong>nicatus,</strong></span> <span class='ocrx_word' id='word_1_61' title='bbox 761 1011 958 1081; x_wconf 79' lang='lat' dir='ltr'><strong>placuit</strong></span> <span class='ocrx_word' id='word_1_62' title='bbox 980 1027 1077 1067; x_wconf 87' lang='lat' dir='ltr'><strong>nec</strong></span> <span class='ocrx_word' id='word_1_63' title='bbox 1106 1014 1157 1066; x_wconf 90' lang='lat' dir='ltr'><strong>in</strong></span> <span class='ocrx_word' id='word_1_64' title='bbox 1187 1014 1344 1067; x_wconf 87' lang='lat' dir='ltr'><strong>tinem</strong></span> <span class='ocrx_word' id='word_1_65' title='bbox 1379 1012 1573 1064; x_wconf 86' lang='lat' dir='ltr'><strong>habere</strong></span> <span class='ocrx_word' id='word_1_66' title='bbox 1597 1025 1715 1065; x_wconf 91' lang='lat' dir='ltr'><strong>eum</strong></span> <span class='ocrx_word' id='word_1_67' title='bbox 1748 1006 2073 1062; x_wconf 86' lang='lat' dir='ltr'><strong>communio-</strong></span> 
     </span>
    </p>
   </div>
   <div class='ocr_carea' id='block_1_11' title="bbox 500 1121 637 1159">
    <p class='ocr_par' dir='ltr' id='par_1_11' title="bbox 500 1121 637 1159">
     <span class='ocr_line' id='line_1_11' title="bbox 500 1121 637 1159; baseline 0.007 -1"><span class='ocrx_word' id='word_1_68' title='bbox 500 1121 637 1159; x_wconf 80' lang='lat' dir='ltr'><strong>DCIII.</strong></span> 
     </span>
    </p>
   </div>
   <div class='ocr_carea' id='block_1_12' title="bbox 503 1189 2069 1266">
    <p class='ocr_par' dir='ltr' id='par_1_12' title="bbox 503 1189 2069 1266">
     <span class='ocr_line' id='line_1_12' title="bbox 503 1189 2069 1266; baseline -0.006 -14"><span class='ocrx_word' id='word_1_69' title='bbox 503 1197 634 1252; x_wconf 88' lang='lat' dir='ltr'><strong>VIII.</strong></span> <span class='ocrx_word' id='word_1_70' title='bbox 680 1196 755 1249; x_wconf 85' lang='lat' dir='ltr'><strong>De</strong></span> <span class='ocrx_word' id='word_1_71' title='bbox 798 1197 995 1266; x_wconf 77' lang='lat' dir='ltr'><strong>frminis</strong></span> <span class='ocrx_word' id='word_1_72' title='bbox 1050 1212 1162 1265; x_wconf 80' lang='lat' dir='ltr'><strong>qua:</strong></span> <span class='ocrx_word' id='word_1_73' title='bbox 1200 1195 1389 1248; x_wconf 68' lang='lat' dir='ltr'><strong>relictis</strong></span> <span class='ocrx_word' id='word_1_74' title='bbox 1422 1194 1539 1247; x_wconf 80' lang='lat' dir='ltr'><strong>viris</strong></span> <span class='ocrx_word' id='word_1_75' title='bbox 1569 1192 1673 1246; x_wconf 87' lang='lat' dir='ltr'><strong>suis</strong></span> <span class='ocrx_word' id='word_1_76' title='bbox 1705 1192 1820 1244; x_wconf 88' lang='lat' dir='ltr'><strong>aliis</strong></span> <span class='ocrx_word' id='word_1_77' title='bbox 1854 1189 2069 1243; x_wconf 86' lang='lat' dir='ltr'><strong>nubunt.</strong></span> 
     </span>
    </p>
   </div>
   <div class='ocr_carea' id='block_1_13' title="bbox 570 1280 2073 1353">
    <p class='ocr_par' dir='ltr' id='par_1_13' title="bbox 570 1280 2073 1353">
     <span class='ocr_line' id='line_1_13' title="bbox 570 1280 2073 1353; baseline -0.006 -13"><span class='ocrx_word' id='word_1_78' title='bbox 570 1290 696 1341; x_wconf 89' lang='lat' dir='ltr'><strong>Item</strong></span> <span class='ocrx_word' id='word_1_79' title='bbox 727 1288 952 1350; x_wconf 68' lang='lat' dir='ltr'><strong>tendum,</strong></span> <span class='ocrx_word' id='word_1_80' title='bbox 983 1301 1098 1353; x_wconf 79' lang='lat' dir='ltr'><strong>qua:</strong></span> <span class='ocrx_word' id='word_1_81' title='bbox 1123 1285 1265 1339; x_wconf 89' lang='lat' dir='ltr'><strong>nulla</strong></span> <span class='ocrx_word' id='word_1_82' title='bbox 1292 1283 1627 1353; x_wconf 78' lang='lat' dir='ltr'><strong>przccedente</strong></span> <span class='ocrx_word' id='word_1_83' title='bbox 1656 1295 1812 1335; x_wconf 89' lang='lat' dir='ltr'><strong>causa</strong></span> <span class='ocrx_word' id='word_1_84' title='bbox 1847 1280 2073 1347; x_wconf 78' lang='lat' dir='ltr'><strong>relique-</strong></span> 
     </span>
    </p>
   </div>
   <div class='ocr_carea' id='block_1_14' title="bbox 495 1371 2072 1442">
    <p class='ocr_par' dir='ltr' id='par_1_14' title="bbox 495 1371 2072 1442">
     <span class='ocr_line' id='line_1_14' title="bbox 495 1371 2072 1442; baseline -0.005 -12"><span class='ocrx_word' id='word_1_85' title='bbox 495 1379 599 1431; x_wconf 92' lang='lat' dir='ltr'><strong>rint</strong></span> <span class='ocrx_word' id='word_1_86' title='bbox 629 1378 769 1430; x_wconf 85' lang='lat' dir='ltr'><strong>viros</strong></span> <span class='ocrx_word' id='word_1_87' title='bbox 791 1390 916 1429; x_wconf 90' lang='lat' dir='ltr'><strong>suos</strong></span> <span class='ocrx_word' id='word_1_88' title='bbox 939 1385 990 1429; x_wconf 91' lang='lat' dir='ltr'><strong>ct</strong></span> <span class='ocrx_word' id='word_1_89' title='bbox 1012 1376 1193 1428; x_wconf 79' lang='lat' dir='ltr'><strong>alteris</strong></span> <span class='ocrx_word' id='word_1_90' title='bbox 1212 1391 1269 1429; x_wconf 83' lang='lat' dir='ltr'><strong>se</strong></span> <span class='ocrx_word' id='word_1_91' title='bbox 1293 1374 1680 1442; x_wconf 88' lang='lat' dir='ltr'><strong>copulaverint,</strong></span> <span class='ocrx_word' id='word_1_92' title='bbox 1716 1386 1813 1425; x_wconf 73' lang='lat' dir='ltr'><strong>nec</strong></span> <span class='ocrx_word' id='word_1_93' title='bbox 1839 1371 1890 1425; x_wconf 90' lang='lat' dir='ltr'><strong>in</strong></span> <span class='ocrx_word' id='word_1_94' title='bbox 1916 1372 2072 1423; x_wconf 84' lang='lat' dir='ltr'><strong>linem</strong></span> 
     </span>
    </p>
   </div>
   <div class='ocr_carea' id='block_1_15' title="bbox 497 1466 1241 1535">
    <p class='ocr_par' dir='ltr' id='par_1_15' title="bbox 497 1466 1241 1535">
     <span class='ocr_line' id='line_1_15' title="bbox 497 1466 1241 1535; baseline -0.004 -14"><span class='ocrx_word' id='word_1_95' title='bbox 497 1469 757 1535; x_wconf 68' lang='lat' dir='ltr'><strong>accipiant</strong></span> <span class='ocrx_word' id='word_1_96' title='bbox 783 1466 1241 1521; x_wconf 83' lang='lat' dir='ltr'><strong>communionem.</strong></span> 
     </span>
    </p>
   </div>
   <div class='ocr_carea' id='block_1_16' title="bbox 503 1554 2075 1681">
    <p class='ocr_par' dir='ltr' id='par_1_16' title="bbox 503 1554 2075 1681">
     <span class='ocr_line' id='line_1_16' title="bbox 503 1554 2075 1681; baseline -0.006 -66"><span class='ocrx_word' id='word_1_97' title='bbox 503 1562 591 1615; x_wconf 81' lang='lat' dir='ltr'><strong>IX.</strong></span> <span class='ocrx_word' id='word_1_98' title='bbox 625 1561 697 1613; x_wconf 81' lang='lat' dir='ltr'><strong>De</strong></span> <span class='ocrx_word' id='word_1_99' title='bbox 726 1560 927 1630; x_wconf 76' lang='lat' dir='ltr'><strong>feminis</strong></span> <span class='ocrx_word' id='word_1_100' title='bbox 971 1574 1086 1628; x_wconf 73' lang='lat' dir='ltr'><strong>qua:</strong></span> <span class='ocrx_word' id='word_1_101' title='bbox 1123 1558 1383 1681; x_wconf 65' lang='lat' dir='ltr'><strong>qdultcrobs</strong></span> <span class='ocrx_word' id='word_1_102' title='bbox 1434 1556 1645 1610; x_wconf 88' lang='lat' dir='ltr'><strong>mari‘os</strong></span> <span class='ocrx_word' id='word_1_103' title='bbox 1682 1554 1976 1624; x_wconf 84' lang='lat' dir='ltr'><strong>relinquunt</strong></span> <span class='ocrx_word' id='word_1_104' title='bbox 2032 1562 2075 1606; x_wconf 86' lang='lat' dir='ltr'><strong>et</strong></span> 
     </span>
     <span class='ocr_line' id='line_1_17' title="bbox 1101 1630 1475 1681; baseline 0.003 -2"><span class='ocrx_word' id='word_1_105' title='bbox 1101 1646 1129 1680; x_wconf 85' lang='grc' dir='ltr'><strong>(ι</strong></span> <span class='ocrx_word' id='word_1_106' title='bbox 1157 1630 1218 1681; x_wconf 82' lang='lat' dir='ltr'><strong>iis</strong></span> <span class='ocrx_word' id='word_1_107' title='bbox 1258 1645 1325 1680; x_wconf 88' lang='lat' dir='ltr'><strong>nu</strong></span> <span class='ocrx_word' id='word_1_108' title='bbox 1365 1637 1475 1680; x_wconf 85' lang='lat' dir='ltr'><strong>unt.</strong></span> 
     </span>
    </p>
   </div>
   <div class='ocr_carea' id='block_1_17' title="bbox 1101 1630 1475 1681">
    <p class='ocr_par' dir='ltr' id='par_1_17' title="bbox 1101 1630 1475 1681">
     <span class='ocr_line' id='line_1_18' title="bbox 1101 1630 1475 1681; baseline 0.003 -2"><span class='ocrx_word' id='word_1_109' title='bbox 1101 1630 1218 1681; x_wconf 82' lang='lat' dir='ltr'><strong>aliis</strong></span> <span class='ocrx_word' id='word_1_110' title='bbox 1258 1630 1475 1680; x_wconf 87' lang='lat' dir='ltr'><strong>nubunt.</strong></span> 
     </span>
    </p>
   </div>
   <div class='ocr_carea' id='block_1_18' title="bbox 572 1714 2072 1786">
    <p class='ocr_par' dir='ltr' id='par_1_18' title="bbox 572 1714 2072 1786">
     <span class='ocr_line' id='line_1_19' title="bbox 572 1714 2072 1786; baseline -0.007 -10"><span class='ocrx_word' id='word_1_111' title='bbox 572 1724 694 1776; x_wconf 83' lang='lat' dir='ltr'><strong>Item</strong></span> <span class='ocrx_word' id='word_1_112' title='bbox 728 1721 921 1775; x_wconf 79' lang='lat' dir='ltr'><strong>femina</strong></span> <span class='ocrx_word' id='word_1_113' title='bbox 956 1720 1146 1786; x_wconf 74' lang='lat' dir='ltr'><strong>ﬁdelis,</strong></span> <span class='ocrx_word' id='word_1_114' title='bbox 1183 1735 1300 1785; x_wconf 76' lang='lat' dir='ltr'><strong>qua:</strong></span> <span class='ocrx_word' id='word_1_115' title='bbox 1330 1718 1632 1772; x_wconf 81' lang='lat' dir='ltr'><strong>adulterum</strong></span> <span class='ocrx_word' id='word_1_116' title='bbox 1670 1717 1914 1771; x_wconf 90' lang='lat' dir='ltr'><strong>maritum</strong></span> <span class='ocrx_word' id='word_1_117' title='bbox 1949 1714 2072 1770; x_wconf 82' lang='lat' dir='ltr'><strong>reli-</strong></span> 
     </span>
    </p>
   </div>
   <div class='ocr_carea' id='block_1_19' title="bbox 2171 534 3755 599">
    <p class='ocr_par' dir='ltr' id='par_1_19' title="bbox 2171 534 3755 599">
     <span class='ocr_line' id='line_1_20' title="bbox 2171 534 3755 599; baseline -0.011 0"><span class='ocrx_word' id='word_1_118' title='bbox 2171 557 2300 599; x_wconf 67' lang='lat' dir='ltr'><strong>ictas</strong></span> <span class='ocrx_word' id='word_1_119' title='bbox 2334 546 2381 597; x_wconf 91' lang='lat' dir='ltr'><strong>in</strong></span> <span class='ocrx_word' id='word_1_120' title='bbox 2412 545 2541 597; x_wconf 83' lang='lat' dir='ltr'><strong>ﬂore</strong></span> <span class='ocrx_word' id='word_1_121' title='bbox 2566 554 2775 595; x_wconf 91' lang='lat' dir='ltr'><strong>tumens</strong></span> <span class='ocrx_word' id='word_1_122' title='bbox 2804 541 2854 592; x_wconf 91' lang='lat' dir='ltr'><strong>in</strong></span> <span class='ocrx_word' id='word_1_123' title='bbox 2883 537 3198 591; x_wconf 83' lang='lat' dir='ltr'><strong>adulterium</strong></span> <span class='ocrx_word' id='word_1_124' title='bbox 3222 534 3412 588; x_wconf 78' lang='lat' dir='ltr'><strong>anima:</strong></span> <span class='ocrx_word' id='word_1_125' title='bbox 3435 534 3755 591; x_wconf 76' lang='lat' dir='ltr'><strong>resolvatur,</strong></span> 
     </span>
    </p>
   </div>
   <div class='ocr_carea' id='block_1_20' title="bbox 2173 626 3757 701">
    <p class='ocr_par' dir='ltr' id='par_1_20' title="bbox 2173 626 3757 701">
     <span class='ocr_line' id='line_1_21' title="bbox 2173 626 3757 701; baseline -0.006 -13"><span class='ocrx_word' id='word_1_126' title='bbox 2173 635 2308 688; x_wconf 72' lang='lat' dir='ltr'><strong>XVI.</strong></span> <span class='ocrx_word' id='word_1_127' title='bbox 2338 636 2410 687; x_wconf 87' lang='lat' dir='ltr'><strong>De</strong></span> <span class='ocrx_word' id='word_1_128' title='bbox 2439 634 2620 701; x_wconf 87' lang='lat' dir='ltr'><strong>puellis</strong></span> <span class='ocrx_word' id='word_1_129' title='bbox 2648 630 2885 700; x_wconf 80' lang='lat' dir='ltr'><strong>ﬁdelibus</strong></span> <span class='ocrx_word' id='word_1_130' title='bbox 2917 646 2978 681; x_wconf 85' lang='lat' dir='ltr'><strong>ne</strong></span> <span class='ocrx_word' id='word_1_131' title='bbox 3015 626 3307 695; x_wconf 77' lang='lat' dir='ltr'><strong>infidelibus</strong></span> <span class='ocrx_word' id='word_1_132' title='bbox 3353 628 3757 694; x_wconf 78' lang='lat' dir='ltr'><strong>conjuugantur.</strong></span> 
     </span>
    </p>
   </div>
   <div class='ocr_carea' id='block_1_21' title="bbox 2246 718 3757 781">
    <p class='ocr_par' dir='ltr' id='par_1_21' title="bbox 2246 718 3757 781">
     <span class='ocr_line' id='line_1_22' title="bbox 2246 718 3757 781; baseline -0.008 -2"><span class='ocrx_word' id='word_1_133' title='bbox 2246 728 2489 781; x_wconf 76' lang='lat' dir='ltr'><strong>literetici</strong></span> <span class='ocrx_word' id='word_1_134' title='bbox 2521 727 2562 779; x_wconf 79' lang='lat' dir='ltr'><strong>si</strong></span> <span class='ocrx_word' id='word_1_135' title='bbox 2606 741 2664 780; x_wconf 86' lang='lat' dir='ltr'><strong>se</strong></span> <span class='ocrx_word' id='word_1_136' title='bbox 2690 723 2977 778; x_wconf 79' lang='lat' dir='ltr'><strong>transferre</strong></span> <span class='ocrx_word' id='word_1_137' title='bbox 3027 722 3291 775; x_wconf 89' lang='lat' dir='ltr'><strong>noluerint</strong></span> <span class='ocrx_word' id='word_1_138' title='bbox 3340 720 3404 770; x_wconf 83' lang='lat' dir='ltr'><strong>ad</strong></span> <span class='ocrx_word' id='word_1_139' title='bbox 3464 718 3757 771; x_wconf 78' lang='lat' dir='ltr'><strong>Ecclesium</strong></span> 
     </span>
    </p>
   </div>
   <div class='ocr_carea' id='block_1_22' title="bbox 2171 810 3754 883">
    <p class='ocr_par' dir='ltr' id='par_1_22' title="bbox 2171 810 3754 883">
     <span class='ocr_line' id='line_1_23' title="bbox 2171 810 3754 883; baseline -0.007 -10"><span class='ocrx_word' id='word_1_140' title='bbox 2171 820 2511 881; x_wconf 80' lang='lat' dir='ltr'><strong>catholicam,</strong></span> <span class='ocrx_word' id='word_1_141' title='bbox 2548 833 2645 872; x_wconf 90' lang='lat' dir='ltr'><strong>nec</strong></span> <span class='ocrx_word' id='word_1_142' title='bbox 2677 818 2806 883; x_wconf 78' lang='lat' dir='ltr'><strong>ipsis</strong></span> <span class='ocrx_word' id='word_1_143' title='bbox 2829 814 3121 870; x_wconf 76' lang='lat' dir='ltr'><strong>catholicas</strong></span> <span class='ocrx_word' id='word_1_144' title='bbox 3143 812 3347 865; x_wconf 64' lang='lat' dir='ltr'><strong>dandas</strong></span> <span class='ocrx_word' id='word_1_145' title='bbox 3371 824 3491 863; x_wconf 55' lang='lat' dir='ltr'><strong>esse</strong></span> <span class='ocrx_word' id='word_1_146' title='bbox 3517 810 3754 879; x_wconf 79' lang='lat' dir='ltr'><strong>puellus;</strong></span> 
     </span>
    </p>
   </div>
   <div class='ocr_carea' id='block_1_23' title="bbox 2172 899 3760 978">
    <p class='ocr_par' dir='ltr' id='par_1_23' title="bbox 2172 899 3760 978">
     <span class='ocr_line' id='line_1_24' title="bbox 2172 899 3760 978; baseline -0.009 -14"><span class='ocrx_word' id='word_1_147' title='bbox 2172 909 2264 964; x_wconf 89' lang='lat' dir='ltr'><strong>sed</strong></span> <span class='ocrx_word' id='word_1_148' title='bbox 2298 924 2469 978; x_wconf 83' lang='lat' dir='ltr'><strong>neque</strong></span> <span class='ocrx_word' id='word_1_149' title='bbox 2491 907 2690 963; x_wconf 61' lang='lat' dir='ltr'><strong>Iudicis</strong></span> <span class='ocrx_word' id='word_1_150' title='bbox 2719 921 2891 975; x_wconf 76' lang='lat' dir='ltr'><strong>neque</strong></span> <span class='ocrx_word' id='word_1_151' title='bbox 2925 904 3192 958; x_wconf 70' lang='lat' dir='ltr'><strong>hmreticis</strong></span> <span class='ocrx_word' id='word_1_152' title='bbox 3247 902 3375 955; x_wconf 90' lang='lat' dir='ltr'><strong>dare</strong></span> <span class='ocrx_word' id='word_1_153' title='bbox 3426 899 3657 965; x_wconf 83' lang='lat' dir='ltr'><strong>placuit,</strong></span> <span class='ocrx_word' id='word_1_154' title='bbox 3693 915 3760 952; x_wconf 82' lang='lat' dir='ltr'><strong>eo</strong></span> 
     </span>
    </p>
   </div>
   <div class='ocr_carea' id='block_1_24' title="bbox 2173 991 3756 1069">
    <p class='ocr_par' dir='ltr' id='par_1_24' title="bbox 2173 991 3756 1069">
     <span class='ocr_line' id='line_1_25' title="bbox 2173 991 3756 1069; baseline -0.006 -16"><span class='ocrx_word' id='word_1_155' title='bbox 2173 1000 2311 1069; x_wconf 87' lang='lat' dir='ltr'><strong>quod</strong></span> <span class='ocrx_word' id='word_1_156' title='bbox 2343 1001 2481 1053; x_wconf 89' lang='lat' dir='ltr'><strong>nulla</strong></span> <span class='ocrx_word' id='word_1_157' title='bbox 2518 998 2686 1065; x_wconf 84' lang='lat' dir='ltr'><strong>possit</strong></span> <span class='ocrx_word' id='word_1_158' title='bbox 2706 1012 2826 1052; x_wconf 85' lang='lat' dir='ltr'><strong>esse</strong></span> <span class='ocrx_word' id='word_1_159' title='bbox 2855 996 3085 1049; x_wconf 84' lang='lat' dir='ltr'><strong>societas</strong></span> <span class='ocrx_word' id='word_1_160' title='bbox 3116 993 3255 1046; x_wconf 80' lang='lat' dir='ltr'><strong>fideli</strong></span> <span class='ocrx_word' id='word_1_161' title='bbox 3303 1007 3423 1044; x_wconf 90' lang='lat' dir='ltr'><strong>cum</strong></span> <span class='ocrx_word' id='word_1_162' title='bbox 3465 991 3686 1045; x_wconf 87' lang='lat' dir='ltr'><strong>iulidele</strong></span> <span class='ocrx_word' id='word_1_163' title='bbox 3746 1010 3756 1043; x_wconf 91' lang='lat'>:</span> 
     </span>
    </p>
   </div>
   <div class='ocr_carea' id='block_1_25' title="bbox 2174 1082 3762 1157">
    <p class='ocr_par' dir='ltr' id='par_1_25' title="bbox 2174 1082 3762 1157">
     <span class='ocr_line' id='line_1_26' title="bbox 2174 1082 3762 1157; baseline -0.007 -14"><span class='ocrx_word' id='word_1_164' title='bbox 2174 1093 2215 1143; x_wconf 92' lang='lat' dir='ltr'><strong>si</strong></span> <span class='ocrx_word' id='word_1_165' title='bbox 2240 1102 2424 1143; x_wconf 86' lang='lat' dir='ltr'><strong>contra</strong></span> <span class='ocrx_word' id='word_1_166' title='bbox 2458 1088 2796 1141; x_wconf 81' lang='lat' dir='ltr'><strong>interdictum</strong></span> <span class='ocrx_word' id='word_1_167' title='bbox 2830 1088 2992 1157; x_wconf 73' lang='lat'><strong>285</strong></span> <span class='ocrx_word' id='word_1_168' title='bbox 3027 1084 3249 1138; x_wconf 83' lang='lat' dir='ltr'><strong>fecerint</strong></span> <span class='ocrx_word' id='word_1_169' title='bbox 3280 1095 3529 1149; x_wconf 80' lang='lat' dir='ltr'><strong>parentes</strong></span> <span class='ocrx_word' id='word_1_170' title='bbox 3554 1122 3570 1145; x_wconf 89' lang='lat'><strong>,</strong></span> <span class='ocrx_word' id='word_1_171' title='bbox 3596 1082 3762 1135; x_wconf 84' lang='lat' dir='ltr'><strong>absti-</strong></span> 
     </span>
    </p>
   </div>
   <div class='ocr_carea' id='block_1_26' title="bbox 2176 1177 3108 1249">
    <p class='ocr_par' dir='ltr' id='par_1_26' title="bbox 2176 1177 3108 1249">
     <span class='ocr_line' id='line_1_27' title="bbox 2176 1177 3108 1249; baseline -0.005 -14"><span class='ocrx_word' id='word_1_172' title='bbox 2176 1184 2288 1235; x_wconf 78' lang='lat' dir='ltr'><strong>nr-ri</strong></span> <span class='ocrx_word' id='word_1_173' title='bbox 2340 1196 2435 1247; x_wconf 89' lang='lat' dir='ltr'><strong>per</strong></span> <span class='ocrx_word' id='word_1_174' title='bbox 2466 1177 2887 1249; x_wconf 78' lang='lat' dir='ltr'><strong>quinquennium</strong></span> <span class='ocrx_word' id='word_1_175' title='bbox 2920 1178 3108 1244; x_wconf 86' lang='lat' dir='ltr'><strong>placet.</strong></span> 
     </span>
    </p>
   </div>
   <div class='ocr_carea' id='block_1_27' title="bbox 2231 1260 3714 1336">
    <p class='ocr_par' dir='ltr' id='par_1_27' title="bbox 2231 1260 3714 1336">
     <span class='ocr_line' id='line_1_28' title="bbox 2231 1260 3714 1336; baseline -0.007 -12"><span class='ocrx_word' id='word_1_176' title='bbox 2231 1270 2390 1324; x_wconf 92' lang='lat' dir='ltr'><strong>XVII.</strong></span> <span class='ocrx_word' id='word_1_177' title='bbox 2426 1269 2500 1321; x_wconf 89' lang='lat' dir='ltr'><strong>De</strong></span> <span class='ocrx_word' id='word_1_178' title='bbox 2530 1269 2608 1321; x_wconf 86' lang='lat' dir='ltr'><strong>Itis</strong></span> <span class='ocrx_word' id='word_1_179' title='bbox 2642 1270 2733 1336; x_wconf 82' lang='lat' dir='ltr'><strong>qui</strong></span> <span class='ocrx_word' id='word_1_180' title='bbox 2762 1266 2900 1334; x_wconf 84' lang='lat' dir='ltr'><strong>ﬁlias</strong></span> <span class='ocrx_word' id='word_1_181' title='bbox 2928 1282 3045 1318; x_wconf 88' lang='lat' dir='ltr'><strong>suas</strong></span> <span class='ocrx_word' id='word_1_182' title='bbox 3073 1263 3417 1317; x_wconf 74' lang='lat' dir='ltr'><strong>sacerdotibus</strong></span> <span class='ocrx_word' id='word_1_183' title='bbox 3438 1260 3714 1316; x_wconf 75' lang='lat' dir='ltr'><strong>Gentilium</strong></span> 
     </span>
    </p>
   </div>
   <div class='ocr_carea' id='block_1_28' title="bbox 2781 1339 3119 1407">
    <p class='ocr_par' dir='ltr' id='par_1_28' title="bbox 2781 1339 3119 1407">
     <span class='ocr_line' id='line_1_29' title="bbox 2781 1339 3119 1407; baseline -0.012 -17"><span class='ocrx_word' id='word_1_184' title='bbox 2781 1339 3119 1407; x_wconf 40' lang='lat' dir='ltr'><strong>con-iungunt.</strong></span> 
     </span>
    </p>
   </div>
   <div class='ocr_carea' id='block_1_29' title="bbox 2246 1420 3764 1496">
    <p class='ocr_par' dir='ltr' id='par_1_29' title="bbox 2246 1420 3764 1496">
     <span class='ocr_line' id='line_1_30' title="bbox 2246 1420 3764 1496; baseline -0.005 -13"><span class='ocrx_word' id='word_1_185' title='bbox 2246 1430 2299 1483; x_wconf 89' lang='lat' dir='ltr'><strong>Si</strong></span> <span class='ocrx_word' id='word_1_186' title='bbox 2326 1430 2410 1496; x_wconf 86' lang='lat' dir='ltr'><strong>qui</strong></span> <span class='ocrx_word' id='word_1_187' title='bbox 2436 1428 2569 1481; x_wconf 80' lang='lat' dir='ltr'><strong>forte</strong></span> <span class='ocrx_word' id='word_1_188' title='bbox 2598 1425 2962 1481; x_wconf 80' lang='lat' dir='ltr'><strong>sacerdotibus</strong></span> <span class='ocrx_word' id='word_1_189' title='bbox 2986 1423 3245 1478; x_wconf 89' lang='lat' dir='ltr'><strong>idolorum</strong></span> <span class='ocrx_word' id='word_1_190' title='bbox 3272 1421 3405 1474; x_wconf 87' lang='lat' dir='ltr'><strong>ﬁlias</strong></span> <span class='ocrx_word' id='word_1_191' title='bbox 3435 1437 3561 1475; x_wconf 84' lang='lat' dir='ltr'><strong>suas</strong></span> <span class='ocrx_word' id='word_1_192' title='bbox 3579 1420 3764 1489; x_wconf 60' lang='lat' dir='ltr'><strong>junxe-</strong></span> 
     </span>
    </p>
   </div>
   <div class='ocr_carea' id='block_1_30' title="bbox 2177 1515 3762 1590">
    <p class='ocr_par' dir='ltr' id='par_1_30' title="bbox 2177 1515 3762 1590">
     <span class='ocr_line' id='line_1_31' title="bbox 2177 1515 3762 1590; baseline -0.007 -14"><span class='ocrx_word' id='word_1_193' title='bbox 2177 1524 2301 1587; x_wconf 87' lang='lat' dir='ltr'><strong>rint,</strong></span> <span class='ocrx_word' id='word_1_194' title='bbox 2336 1521 2529 1590; x_wconf 88' lang='lat' dir='ltr'><strong>placuit</strong></span> <span class='ocrx_word' id='word_1_195' title='bbox 2571 1534 2668 1574; x_wconf 91' lang='lat' dir='ltr'><strong>nec</strong></span> <span class='ocrx_word' id='word_1_196' title='bbox 2710 1519 2761 1573; x_wconf 91' lang='lat' dir='ltr'><strong>in</strong></span> <span class='ocrx_word' id='word_1_197' title='bbox 2804 1518 2964 1571; x_wconf 89' lang='lat' dir='ltr'><strong>ﬁnem</strong></span> <span class='ocrx_word' id='word_1_198' title='bbox 2995 1516 3072 1571; x_wconf 91' lang='lat' dir='ltr'><strong>eis</strong></span> <span class='ocrx_word' id='word_1_199' title='bbox 3100 1515 3327 1569; x_wconf 86' lang='lat' dir='ltr'><strong>dandam</strong></span> <span class='ocrx_word' id='word_1_200' title='bbox 3360 1529 3480 1568; x_wconf 89' lang='lat' dir='ltr'><strong>esse</strong></span> <span class='ocrx_word' id='word_1_201' title='bbox 3519 1529 3762 1567; x_wconf 86' lang='lat' dir='ltr'><strong>comnm-</strong></span> 
     </span>
    </p>
   </div>
   <div class='ocr_carea' id='block_1_31' title="bbox 2178 1626 2415 1666">
    <p class='ocr_par' dir='ltr' id='par_1_31' title="bbox 2178 1626 2415 1666">
     <span class='ocr_line' id='line_1_32' title="bbox 2178 1626 2415 1666; baseline -0.008 0"><span class='ocrx_word' id='word_1_202' title='bbox 2178 1626 2415 1666; x_wconf 74' lang='lat' dir='ltr'><strong>IIIIHIem.</strong></span> 
     </span>
    </p>
   </div>
   <div class='ocr_carea' id='block_1_32' title="bbox 2218 1695 3728 1758">
    <p class='ocr_par' dir='ltr' id='par_1_32' title="bbox 2218 1695 3728 1758">
     <span class='ocr_line' id='line_1_33' title="bbox 2218 1695 3728 1758; baseline -0.005 -2"><span class='ocrx_word' id='word_1_203' title='bbox 2218 1703 2401 1758; x_wconf 84' lang='lat' dir='ltr'><strong>XVIII.</strong></span> <span class='ocrx_word' id='word_1_204' title='bbox 2439 1702 2515 1756; x_wconf 87' lang='lat' dir='ltr'><strong>De</strong></span> <span class='ocrx_word' id='word_1_205' title='bbox 2544 1700 2893 1756; x_wconf 78' lang='lat' dir='ltr'><strong>sacerdotibus</strong></span> <span class='ocrx_word' id='word_1_206' title='bbox 2914 1709 2961 1754; x_wconf 84' lang='lat' dir='ltr'><strong>et</strong></span> <span class='ocrx_word' id='word_1_207' title='bbox 2992 1698 3238 1752; x_wconf 69' lang='lat' dir='ltr'><strong>ministris</strong></span> <span class='ocrx_word' id='word_1_208' title='bbox 3268 1698 3313 1749; x_wconf 88' lang='lat' dir='ltr'><strong>si</strong></span> <span class='ocrx_word' id='word_1_209' title='bbox 3352 1695 3728 1749; x_wconf 63' lang='lat' dir='ltr'><strong>ma&#39;chat&#39;erint.</strong></span> 
     </span>
    </p>
   </div>
   <div class='ocr_carea' id='block_1_33' title="bbox 495 1787 3762 1884">
    <p class='ocr_par' dir='ltr' id='par_1_33' title="bbox 495 1787 3762 1884">
     <span class='ocr_line' id='line_1_34' title="bbox 495 1787 3762 1884; baseline -0.008 -16"><span class='ocrx_word' id='word_1_210' title='bbox 495 1817 669 1884; x_wconf 85' lang='lat' dir='ltr'><strong>querit</strong></span> <span class='ocrx_word' id='word_1_211' title='bbox 701 1815 908 1868; x_wconf 88' lang='lat' dir='ltr'><strong>ﬁdelem</strong></span> <span class='ocrx_word' id='word_1_212' title='bbox 938 1822 990 1866; x_wconf 75' lang='grc' dir='ltr'><strong>ιιι</strong></span> <span class='ocrx_word' id='word_1_213' title='bbox 1013 1813 1238 1865; x_wconf 85' lang='lat' dir='ltr'><strong>alterum</strong></span> <span class='ocrx_word' id='word_1_214' title='bbox 1269 1810 1445 1875; x_wconf 89' lang='lat' dir='ltr'><strong>ducit,</strong></span> <span class='ocrx_word' id='word_1_215' title='bbox 1476 1809 1824 1879; x_wconf 71' lang='lat' dir='ltr'><strong>proltzbeatur</strong></span> <span class='ocrx_word' id='word_1_216' title='bbox 1867 1822 1932 1861; x_wconf 91' lang='lat' dir='ltr'><strong>ne</strong></span> <span class='ocrx_word' id='word_1_217' title='bbox 1975 1807 2070 1859; x_wconf 85' lang='lat' dir='ltr'><strong>du-</strong></span> <span class='ocrx_word' id='word_1_218' title='bbox 2107 1801 2147 1859; x_wconf 83' lang='grc' dir='ltr'><strong><em>Β</em></strong></span> <span class='ocrx_word' id='word_1_219' title='bbox 2250 1793 2515 1862; x_wconf 56' lang='lat' dir='ltr'><strong>Episcopi.</strong></span> <span class='ocrx_word' id='word_1_220' title='bbox 2561 1792 2895 1862; x_wconf 81' lang='lat' dir='ltr'><strong>presbyteres</strong></span> <span class='ocrx_word' id='word_1_221' title='bbox 2929 1801 2984 1844; x_wconf 79' lang='lat' dir='ltr'><strong>et</strong></span> <span class='ocrx_word' id='word_1_222' title='bbox 3016 1789 3270 1843; x_wconf 82' lang='lat' dir='ltr'><strong>diacones</strong></span> <span class='ocrx_word' id='word_1_223' title='bbox 3298 1788 3341 1840; x_wconf 75' lang='lat' dir='ltr'><strong>si</strong></span> <span class='ocrx_word' id='word_1_224' title='bbox 3382 1789 3433 1841; x_wconf 85' lang='lat' dir='ltr'><strong>in</strong></span> <span class='ocrx_word' id='word_1_225' title='bbox 3462 1787 3762 1841; x_wconf 66' lang='lat' dir='ltr'><strong>ministerio</strong></span> 
     </span>
    </p>
   </div>
   <div class='ocr_carea' id='block_1_34' title="bbox 496 1900 2072 1971">
    <p class='ocr_par' dir='ltr' id='par_1_34' title="bbox 496 1900 2072 1971">
     <span class='ocr_line' id='line_1_35' title="bbox 496 1900 2072 1971; baseline -0.009 -9"><span class='ocrx_word' id='word_1_226' title='bbox 496 1917 624 1962; x_wconf 77' lang='lat' dir='ltr'><strong>eat:</strong></span> <span class='ocrx_word' id='word_1_227' title='bbox 674 1907 717 1959; x_wconf 90' lang='lat' dir='ltr'><strong>si</strong></span> <span class='ocrx_word' id='word_1_228' title='bbox 755 1904 970 1960; x_wconf 73' lang='lat' dir='ltr'><strong>duxerit</strong></span> <span class='ocrx_word' id='word_1_229' title='bbox 1014 1919 1115 1956; x_wconf 91' lang='lat' dir='ltr'><strong>non</strong></span> <span class='ocrx_word' id='word_1_230' title='bbox 1166 1903 1309 1971; x_wconf 81' lang='lat' dir='ltr'><strong>ptius</strong></span> <span class='ocrx_word' id='word_1_231' title='bbox 1346 1900 1574 1969; x_wconf 87' lang='lat' dir='ltr'><strong>accipiat</strong></span> <span class='ocrx_word' id='word_1_232' title='bbox 1618 1900 2072 1961; x_wconf 61' lang='lat' dir='ltr'><strong>communionem,</strong></span> 
     </span>
    </p>
   </div>
   <div class='ocr_carea' id='block_1_35' title="bbox 497 1990 2073 2067">
    <p class='ocr_par' dir='ltr' id='par_1_35' title="bbox 497 1990 2073 2067">
     <span class='ocr_line' id='line_1_36' title="bbox 497 1990 2073 2067; baseline -0.008 -13"><span class='ocrx_word' id='word_1_233' title='bbox 497 2000 597 2054; x_wconf 86' lang='lat' dir='ltr'><strong>nisi</strong></span> <span class='ocrx_word' id='word_1_234' title='bbox 640 2012 797 2067; x_wconf 86' lang='lat' dir='ltr'><strong>quem</strong></span> <span class='ocrx_word' id='word_1_235' title='bbox 849 1996 1064 2064; x_wconf 86' lang='lat' dir='ltr'><strong>reliquit</strong></span> <span class='ocrx_word' id='word_1_236' title='bbox 1110 1994 1176 2047; x_wconf 88' lang='lat' dir='ltr'><strong>de</strong></span> <span class='ocrx_word' id='word_1_237' title='bbox 1224 1993 1421 2048; x_wconf 70' lang='lat' dir='ltr'><strong>smculo</strong></span> <span class='ocrx_word' id='word_1_238' title='bbox 1472 1992 1685 2056; x_wconf 81' lang='lat' dir='ltr'><strong>exierit,</strong></span> <span class='ocrx_word' id='word_1_239' title='bbox 1718 1990 1815 2044; x_wconf 89' lang='lat' dir='ltr'><strong>nisi</strong></span> <span class='ocrx_word' id='word_1_240' title='bbox 1856 1990 2073 2044; x_wconf 70' lang='lat' dir='ltr'><strong>forsitan</strong></span> 
     </span>
    </p>
   </div>
   <div class='ocr_carea' id='block_1_36' title="bbox 497 2083 1659 2150">
    <p class='ocr_par' dir='ltr' id='par_1_36' title="bbox 497 2083 1659 2150">
     <span class='ocr_line' id='line_1_37' title="bbox 497 2083 1659 2150; baseline -0.008 -5"><span class='ocrx_word' id='word_1_241' title='bbox 497 2090 783 2145; x_wconf 85' lang='lat' dir='ltr'><strong>necessitas</strong></span> <span class='ocrx_word' id='word_1_242' title='bbox 814 2085 1135 2140; x_wconf 88' lang='lat' dir='ltr'><strong>inﬁrmitatis</strong></span> <span class='ocrx_word' id='word_1_243' title='bbox 1163 2085 1293 2138; x_wconf 87' lang='lat' dir='ltr'><strong>dare</strong></span> <span class='ocrx_word' id='word_1_244' title='bbox 1322 2083 1659 2150; x_wconf 74' lang='lat' dir='ltr'><strong>compulerit.</strong></span> 
     </span>
    </p>
   </div>
   <div class='ocr_carea' id='block_1_37' title="bbox 639 2172 1930 2233">
    <p class='ocr_par' dir='ltr' id='par_1_37' title="bbox 639 2172 1930 2233">
     <span class='ocr_line' id='line_1_38' title="bbox 639 2172 1930 2233; baseline -0.009 0"><span class='ocrx_word' id='word_1_245' title='bbox 639 2179 709 2233; x_wconf 70' lang='grc' dir='ltr'><strong>Χ.</strong></span> <span class='ocrx_word' id='word_1_246' title='bbox 734 2179 808 2232; x_wconf 83' lang='lat' dir='ltr'><strong>De</strong></span> <span class='ocrx_word' id='word_1_247' title='bbox 828 2179 1001 2232; x_wconf 86' lang='lat' dir='ltr'><strong>relicta</strong></span> <span class='ocrx_word' id='word_1_248' title='bbox 1030 2176 1374 2229; x_wconf 77' lang='lat' dir='ltr'><strong>cntechumeni</strong></span> <span class='ocrx_word' id='word_1_249' title='bbox 1394 2176 1435 2227; x_wconf 97' lang='lat' dir='ltr'><strong>si</strong></span> <span class='ocrx_word' id='word_1_250' title='bbox 1466 2176 1683 2227; x_wconf 88' lang='lat' dir='ltr'><strong>alterum</strong></span> <span class='ocrx_word' id='word_1_251' title='bbox 1712 2172 1930 2225; x_wconf 68' lang='lat' dir='ltr'><strong>(luxerit.</strong></span> 
     </span>
    </p>
   </div>
   <div class='ocr_carea' id='block_1_38' title="bbox 570 2260 2077 2336">
    <p class='ocr_par' dir='ltr' id='par_1_38' title="bbox 570 2260 2077 2336">
     <span class='ocr_line' id='line_1_39' title="bbox 570 2260 2077 2336; baseline -0.009 -10"><span class='ocrx_word' id='word_1_252' title='bbox 570 2272 625 2326; x_wconf 89' lang='lat' dir='ltr'><strong>Si</strong></span> <span class='ocrx_word' id='word_1_253' title='bbox 652 2284 711 2322; x_wconf 91' lang='lat' dir='ltr'><strong>ea</strong></span> <span class='ocrx_word' id='word_1_254' title='bbox 745 2284 899 2336; x_wconf 87' lang='lat' dir='ltr'><strong>quam</strong></span> <span class='ocrx_word' id='word_1_255' title='bbox 945 2267 1358 2321; x_wconf 79' lang='lat' dir='ltr'><strong>catechumenus</strong></span> <span class='ocrx_word' id='word_1_256' title='bbox 1392 2263 1641 2333; x_wconf 84' lang='lat' dir='ltr'><strong>relinquit</strong></span> <span class='ocrx_word' id='word_1_257' title='bbox 1672 2263 1881 2315; x_wconf 82' lang='lat' dir='ltr'><strong>duxerit</strong></span> <span class='ocrx_word' id='word_1_258' title='bbox 1917 2260 2077 2313; x_wconf 89' lang='lat' dir='ltr'><strong>mari-</strong></span> 
     </span>
    </p>
   </div>
   <div class='ocr_carea' id='block_1_39' title="bbox 501 2352 2077 2429">
    <p class='ocr_par' dir='ltr' id='par_1_39' title="bbox 501 2352 2077 2429">
     <span class='ocr_line' id='line_1_40' title="bbox 501 2352 2077 2429; baseline -0.008 -14"><span class='ocrx_word' id='word_1_259' title='bbox 501 2372 635 2426; x_wconf 89' lang='lat' dir='ltr'><strong>tum,</strong></span> <span class='ocrx_word' id='word_1_260' title='bbox 664 2368 837 2429; x_wconf 84' lang='lat' dir='ltr'><strong>potest</strong></span> <span class='ocrx_word' id='word_1_261' title='bbox 866 2360 929 2412; x_wconf 86' lang='lat' dir='ltr'><strong>ad</strong></span> <span class='ocrx_word' id='word_1_262' title='bbox 964 2358 1161 2412; x_wconf 78' lang='lat' dir='ltr'><strong>lentem</strong></span> <span class='ocrx_word' id='word_1_263' title='bbox 1196 2357 1392 2410; x_wconf 76' lang='lat' dir='ltr'><strong>lavacri</strong></span> <span class='ocrx_word' id='word_1_264' title='bbox 1421 2355 1625 2408; x_wconf 84' lang='lat' dir='ltr'><strong>admitti</strong></span> <span class='ocrx_word' id='word_1_265' title='bbox 1661 2372 1674 2407; x_wconf 88' lang='lat'><strong>:</strong></span> <span class='ocrx_word' id='word_1_266' title='bbox 1712 2356 1811 2408; x_wconf 88' lang='lat' dir='ltr'><strong>hoc</strong></span> <span class='ocrx_word' id='word_1_267' title='bbox 1843 2360 1896 2406; x_wconf 88' lang='lat' dir='ltr'><strong>et</strong></span> <span class='ocrx_word' id='word_1_268' title='bbox 1936 2352 2077 2406; x_wconf 85' lang='lat' dir='ltr'><strong>circa</strong></span> 
     </span>
    </p>
   </div>
   <div class='ocr_carea' id='block_1_40' title="bbox 494 2442 2076 2521">
    <p class='ocr_par' dir='ltr' id='par_1_40' title="bbox 494 2442 2076 2521">
     <span class='ocr_line' id='line_1_41' title="bbox 494 2442 2076 2521; baseline -0.006 -15"><span class='ocrx_word' id='word_1_269' title='bbox 494 2452 727 2506; x_wconf 65' lang='lat' dir='ltr'><strong>feminas</strong></span> <span class='ocrx_word' id='word_1_270' title='bbox 752 2449 1158 2504; x_wconf 75' lang='lat' dir='ltr'><strong>catechumenos</strong></span> <span class='ocrx_word' id='word_1_271' title='bbox 1374 2446 1896 2500; x_wconf 80' lang='lat' dir='ltr'><strong>eritobservandum,</strong></span> <span class='ocrx_word' id='word_1_272' title='bbox 1926 2442 2076 2509; x_wconf 83' lang='lat' dir='ltr'><strong>Quod</strong></span> 
     </span>
    </p>
   </div>
   <div class='ocr_carea' id='block_1_41' title="bbox 499 2534 2076 2607">
    <p class='ocr_par' dir='ltr' id='par_1_41' title="bbox 499 2534 2076 2607">
     <span class='ocr_line' id='line_1_42' title="bbox 499 2534 2076 2607; baseline -0.006 -13"><span class='ocrx_word' id='word_1_273' title='bbox 499 2546 544 2594; x_wconf 88' lang='lat' dir='ltr'><strong>si</strong></span> <span class='ocrx_word' id='word_1_274' title='bbox 564 2539 722 2594; x_wconf 80' lang='lat' dir='ltr'><strong>fuerit</strong></span> <span class='ocrx_word' id='word_1_275' title='bbox 755 2541 926 2593; x_wconf 85' lang='lat' dir='ltr'><strong>ﬁdelis</strong></span> <span class='ocrx_word' id='word_1_276' title='bbox 956 2556 1072 2607; x_wconf 75' lang='lat' dir='ltr'><strong>qua:</strong></span> <span class='ocrx_word' id='word_1_277' title='bbox 1104 2538 1316 2592; x_wconf 87' lang='lat' dir='ltr'><strong>ducitur</strong></span> <span class='ocrx_word' id='word_1_278' title='bbox 1345 2538 1413 2591; x_wconf 91' lang='lat' dir='ltr'><strong>ab</strong></span> <span class='ocrx_word' id='word_1_279' title='bbox 1435 2553 1498 2591; x_wconf 88' lang='lat' dir='ltr'><strong>eo</strong></span> <span class='ocrx_word' id='word_1_280' title='bbox 1525 2538 1610 2606; x_wconf 88' lang='lat' dir='ltr'><strong>qui</strong></span> <span class='ocrx_word' id='word_1_281' title='bbox 1641 2552 1858 2589; x_wconf 77' lang='lat' dir='ltr'><strong>uxorem</strong></span> <span class='ocrx_word' id='word_1_282' title='bbox 1908 2534 2076 2588; x_wconf 85' lang='lat' dir='ltr'><strong>ineul-</strong></span> 
     </span>
    </p>
   </div>
   <div class='ocr_carea' id='block_1_42' title="bbox 500 2627 2073 2704">
    <p class='ocr_par' dir='ltr' id='par_1_42' title="bbox 500 2627 2073 2704">
     <span class='ocr_line' id='line_1_43' title="bbox 500 2627 2073 2704; baseline -0.006 -17"><span class='ocrx_word' id='word_1_283' title='bbox 500 2645 674 2704; x_wconf 81' lang='lat' dir='ltr'><strong>palam</strong></span> <span class='ocrx_word' id='word_1_284' title='bbox 697 2632 972 2700; x_wconf 87' lang='lat' dir='ltr'><strong>relinquit,</strong></span> <span class='ocrx_word' id='word_1_285' title='bbox 1003 2640 1198 2684; x_wconf 90' lang='lat' dir='ltr'><strong>etcum</strong></span> <span class='ocrx_word' id='word_1_286' title='bbox 1231 2628 1412 2682; x_wconf 78' lang='lat' dir='ltr'><strong>scierit</strong></span> <span class='ocrx_word' id='word_1_287' title='bbox 1439 2629 1581 2680; x_wconf 91' lang='lat' dir='ltr'><strong>illum</strong></span> <span class='ocrx_word' id='word_1_288' title='bbox 1614 2627 1810 2679; x_wconf 85' lang='lat' dir='ltr'><strong>habere</strong></span> <span class='ocrx_word' id='word_1_289' title='bbox 1833 2640 2073 2687; x_wconf 88' lang='lat' dir='ltr'><strong>uxorem,</strong></span> 
     </span>
    </p>
   </div>
   <div class='ocr_carea' id='block_1_43' title="bbox 496 2712 2076 2795">
    <p class='ocr_par' dir='ltr' id='par_1_43' title="bbox 496 2712 2076 2795">
     <span class='ocr_line' id='line_1_44' title="bbox 496 2712 2076 2795; baseline -0.007 -17"><span class='ocrx_word' id='word_1_290' title='bbox 496 2740 657 2795; x_wconf 84' lang='lat' dir='ltr'><strong>quam</strong></span> <span class='ocrx_word' id='word_1_291' title='bbox 684 2725 797 2776; x_wconf 74' lang='lat' dir='ltr'><strong>sine</strong></span> <span class='ocrx_word' id='word_1_292' title='bbox 829 2736 985 2775; x_wconf 88' lang='lat' dir='ltr'><strong>causa</strong></span> <span class='ocrx_word' id='word_1_293' title='bbox 1014 2718 1249 2787; x_wconf 79' lang='lat' dir='ltr'><strong>reliquit,</strong></span> <span class='ocrx_word' id='word_1_294' title='bbox 1279 2717 1471 2785; x_wconf 80' lang='lat' dir='ltr'><strong>placuit</strong></span> <span class='ocrx_word' id='word_1_295' title='bbox 1503 2716 1554 2770; x_wconf 92' lang='lat' dir='ltr'><strong>in</strong></span> <span class='ocrx_word' id='word_1_296' title='bbox 1589 2718 1744 2768; x_wconf 87' lang='lat' dir='ltr'><strong>linem</strong></span> <span class='ocrx_word' id='word_1_297' title='bbox 1773 2712 2076 2783; x_wconf 88' lang='lat' dir='ltr'><strong>bujusmodi</strong></span> 
     </span>
    </p>
   </div>
   <div class='ocr_carea' id='block_1_44' title="bbox 495 2816 1157 2874">
    <p class='ocr_par' dir='ltr' id='par_1_44' title="bbox 495 2816 1157 2874">
     <span class='ocr_line' id='line_1_45' title="bbox 495 2816 1157 2874; baseline -0.014 0"><span class='ocrx_word' id='word_1_298' title='bbox 495 2819 616 2874; x_wconf 86' lang='lat' dir='ltr'><strong>dari</strong></span> <span class='ocrx_word' id='word_1_299' title='bbox 648 2816 1074 2871; x_wconf 89' lang='lat' dir='ltr'><strong>communionem</strong></span> <span class='ocrx_word' id='word_1_300' title='bbox 1110 2823 1157 2865; x_wconf 68' lang='grc' dir='ltr'><strong>ε.</strong></span> 
     </span>
    </p>
   </div>
   <div class='ocr_carea' id='block_1_45' title="bbox 619 2901 1931 2972">
    <p class='ocr_par' dir='ltr' id='par_1_45' title="bbox 619 2901 1931 2972">
     <span class='ocr_line' id='line_1_46' title="bbox 619 2901 1931 2972; baseline -0.008 -9"><span class='ocrx_word' id='word_1_301' title='bbox 619 2908 732 2963; x_wconf 76' lang='grc' dir='ltr'><strong>’Χ1.</strong></span> <span class='ocrx_word' id='word_1_302' title='bbox 766 2907 841 2960; x_wconf 87' lang='lat' dir='ltr'><strong>De</strong></span> <span class='ocrx_word' id='word_1_303' title='bbox 862 2905 1219 2960; x_wconf 81' lang='lat' dir='ltr'><strong>catechumena</strong></span> <span class='ocrx_word' id='word_1_304' title='bbox 1268 2903 1311 2956; x_wconf 89' lang='lat' dir='ltr'><strong>si</strong></span> <span class='ocrx_word' id='word_1_305' title='bbox 1353 2901 1568 2971; x_wconf 67' lang='lat' dir='ltr'><strong>graviter</strong></span> <span class='ocrx_word' id='word_1_306' title='bbox 1598 2902 1931 2972; x_wconf 64' lang='lat' dir='ltr'><strong>mgrotaverit.</strong></span> 
     </span>
    </p>
   </div>
   <div class='ocr_carea' id='block_1_46' title="bbox 571 2992 2076 3069">
    <p class='ocr_par' dir='ltr' id='par_1_46' title="bbox 571 2992 2076 3069">
     <span class='ocr_line' id='line_1_47' title="bbox 571 2992 2076 3069; baseline -0.005 -15"><span class='ocrx_word' id='word_1_307' title='bbox 571 3001 709 3055; x_wconf 86' lang='lat' dir='ltr'><strong>Intra</strong></span> <span class='ocrx_word' id='word_1_308' title='bbox 741 2997 1088 3069; x_wconf 81' lang='lat' dir='ltr'><strong>quinquennii</strong></span> <span class='ocrx_word' id='word_1_309' title='bbox 1122 3004 1298 3051; x_wconf 90' lang='lat' dir='ltr'><strong>autem</strong></span> <span class='ocrx_word' id='word_1_310' title='bbox 1340 3004 1576 3062; x_wconf 64' lang='lat' dir='ltr'><strong>tempora</strong></span> <span class='ocrx_word' id='word_1_311' title='bbox 1624 2997 2004 3048; x_wconf 78' lang='lat' dir='ltr'><strong>catecliumena</strong></span> <span class='ocrx_word' id='word_1_312' title='bbox 2033 2992 2076 3046; x_wconf 90' lang='lat' dir='ltr'><strong>si</strong></span> 
     </span>
    </p>
   </div>
   <div class='ocr_carea' id='block_1_47' title="bbox 502 3084 2078 3163">
    <p class='ocr_par' dir='ltr' id='par_1_47' title="bbox 502 3084 2078 3163">
     <span class='ocr_line' id='line_1_48' title="bbox 502 3084 2078 3163; baseline -0.006 -19"><span class='ocrx_word' id='word_1_313' title='bbox 502 3092 735 3163; x_wconf 74' lang='lat' dir='ltr'><strong>graviter</strong></span> <span class='ocrx_word' id='word_1_314' title='bbox 768 3090 924 3145; x_wconf 81' lang='lat' dir='ltr'><strong>fuerit</strong></span> <span class='ocrx_word' id='word_1_315' title='bbox 957 3088 1240 3151; x_wconf 84' lang='lat' dir='ltr'><strong>inﬁrmata,</strong></span> <span class='ocrx_word' id='word_1_316' title='bbox 1268 3085 1498 3139; x_wconf 86' lang='lat' dir='ltr'><strong>dandum</strong></span> <span class='ocrx_word' id='word_1_317' title='bbox 1529 3086 1577 3140; x_wconf 89' lang='lat' dir='ltr'><strong>ei</strong></span> <span class='ocrx_word' id='word_1_318' title='bbox 1609 3084 1926 3153; x_wconf 80' lang='lat' dir='ltr'><strong>baptismum</strong></span> <span class='ocrx_word' id='word_1_319' title='bbox 1960 3084 2078 3151; x_wconf 65' lang='lat' dir='ltr'><strong>ila-</strong></span> 
     </span>
    </p>
   </div>
   <div class='ocr_carea' id='block_1_48' title="bbox 496 3180 1048 3248">
    <p class='ocr_par' dir='ltr' id='par_1_48' title="bbox 496 3180 1048 3248">
     <span class='ocr_line' id='line_1_49' title="bbox 496 3180 1048 3248; baseline -0.007 -11"><span class='ocrx_word' id='word_1_320' title='bbox 496 3183 622 3248; x_wconf 84' lang='lat' dir='ltr'><strong>cuit,</strong></span> <span class='ocrx_word' id='word_1_321' title='bbox 648 3197 751 3234; x_wconf 89' lang='lat' dir='ltr'><strong>non</strong></span> <span class='ocrx_word' id='word_1_322' title='bbox 778 3180 1048 3248; x_wconf 83' lang='lat' dir='ltr'><strong>denegari.</strong></span> 
     </span>
    </p>
   </div>
   <div class='ocr_carea' id='block_1_49' title="bbox 648 3265 1931 3336">
    <p class='ocr_par' dir='ltr' id='par_1_49' title="bbox 648 3265 1931 3336">
     <span class='ocr_line' id='line_1_50' title="bbox 648 3265 1931 3336; baseline -0.008 -10"><span class='ocrx_word' id='word_1_323' title='bbox 648 3271 756 3325; x_wconf 83' lang='lat' dir='ltr'><strong>XII.</strong></span> <span class='ocrx_word' id='word_1_324' title='bbox 791 3269 867 3324; x_wconf 86' lang='lat' dir='ltr'><strong>De</strong></span> <span class='ocrx_word' id='word_1_325' title='bbox 893 3268 1190 3323; x_wconf 87' lang='lat' dir='ltr'><strong>mulieribus</strong></span> <span class='ocrx_word' id='word_1_326' title='bbox 1221 3284 1333 3336; x_wconf 78' lang='lat' dir='ltr'><strong>qua:</strong></span> <span class='ocrx_word' id='word_1_327' title='bbox 1364 3267 1669 3320; x_wconf 87' lang='lat' dir='ltr'><strong>lenocinium</strong></span> <span class='ocrx_word' id='word_1_328' title='bbox 1700 3265 1931 3335; x_wconf 58' lang='lat' dir='ltr'><strong>fecerint.</strong></span> 
     </span>
    </p>
   </div>
   <div class='ocr_carea' id='block_1_50' title="bbox 574 3357 2078 3431">
    <p class='ocr_par' dir='ltr' id='par_1_50' title="bbox 574 3357 2078 3431">
     <span class='ocr_line' id='line_1_51' title="bbox 574 3357 2078 3431; baseline -0.006 -12"><span class='ocrx_word' id='word_1_329' title='bbox 574 3365 738 3419; x_wconf 69' lang='lat' dir='ltr'><strong>Mater</strong></span> <span class='ocrx_word' id='word_1_330' title='bbox 762 3363 843 3417; x_wconf 76' lang='lat' dir='ltr'><strong>vel</strong></span> <span class='ocrx_word' id='word_1_331' title='bbox 872 3377 1061 3431; x_wconf 87' lang='lat' dir='ltr'><strong>parens</strong></span> <span class='ocrx_word' id='word_1_332' title='bbox 1089 3361 1171 3413; x_wconf 87' lang='lat' dir='ltr'><strong>vcl</strong></span> <span class='ocrx_word' id='word_1_333' title='bbox 1203 3359 1450 3428; x_wconf 70' lang='lat' dir='ltr'><strong>qua-libet</strong></span> <span class='ocrx_word' id='word_1_334' title='bbox 1482 3358 1672 3423; x_wconf 86' lang='lat' dir='ltr'><strong>ﬁdelis,</strong></span> <span class='ocrx_word' id='word_1_335' title='bbox 1692 3357 1734 3410; x_wconf 91' lang='lat' dir='ltr'><strong>si</strong></span> <span class='ocrx_word' id='word_1_336' title='bbox 1763 3357 2078 3412; x_wconf 89' lang='lat' dir='ltr'><strong>lenocinium</strong></span> 
     </span>
    </p>
   </div>
   <div class='ocr_carea' id='block_1_51' title="bbox 500 3447 2079 3522">
    <p class='ocr_par' dir='ltr' id='par_1_51' title="bbox 500 3447 2079 3522">
     <span class='ocr_line' id='line_1_52' title="bbox 500 3447 2079 3522; baseline -0.008 -11"><span class='ocrx_word' id='word_1_337' title='bbox 500 3455 819 3519; x_wconf 74' lang='lat' dir='ltr'><strong>exercuerit,</strong></span> <span class='ocrx_word' id='word_1_338' title='bbox 852 3468 917 3507; x_wconf 88' lang='lat' dir='ltr'><strong>eo</strong></span> <span class='ocrx_word' id='word_1_339' title='bbox 946 3451 1086 3522; x_wconf 89' lang='lat' dir='ltr'><strong>quod</strong></span> <span class='ocrx_word' id='word_1_340' title='bbox 1128 3451 1363 3504; x_wconf 87' lang='lat' dir='ltr'><strong>alienum</strong></span> <span class='ocrx_word' id='word_1_341' title='bbox 1414 3447 1707 3502; x_wconf 62' lang='lat' dir='ltr'><strong>vendiderit</strong></span> <span class='ocrx_word' id='word_1_342' title='bbox 1754 3462 1947 3515; x_wconf 91' lang='lat' dir='ltr'><strong>corpus</strong></span> <span class='ocrx_word' id='word_1_343' title='bbox 1997 3447 2079 3500; x_wconf 87' lang='lat' dir='ltr'><strong>vel</strong></span> 
     </span>
    </p>
   </div>
   <div class='ocr_carea' id='block_1_52' title="bbox 488 3539 2081 3617">
    <p class='ocr_par' dir='ltr' id='par_1_52' title="bbox 488 3539 2081 3617">
     <span class='ocr_line' id='line_1_53' title="bbox 488 3539 2081 3617; baseline -0.007 -16"><span class='ocrx_word' id='word_1_344' title='bbox 488 3549 676 3617; x_wconf 81' lang='lat' dir='ltr'><strong>potius</strong></span> <span class='ocrx_word' id='word_1_345' title='bbox 701 3562 878 3612; x_wconf 87' lang='lat' dir='ltr'><strong>suum,</strong></span> <span class='ocrx_word' id='word_1_346' title='bbox 912 3544 1109 3612; x_wconf 86' lang='lat' dir='ltr'><strong>placuit</strong></span> <span class='ocrx_word' id='word_1_347' title='bbox 1134 3556 1249 3595; x_wconf 90' lang='lat' dir='ltr'><strong>eam</strong></span> <span class='ocrx_word' id='word_1_348' title='bbox 1279 3555 1375 3594; x_wconf 86' lang='lat' dir='ltr'><strong>nec</strong></span> <span class='ocrx_word' id='word_1_349' title='bbox 1405 3539 1457 3593; x_wconf 91' lang='lat' dir='ltr'><strong>in</strong></span> <span class='ocrx_word' id='word_1_350' title='bbox 1484 3541 1640 3593; x_wconf 88' lang='lat' dir='ltr'><strong>linem</strong></span> <span class='ocrx_word' id='word_1_351' title='bbox 1673 3539 1914 3606; x_wconf 86' lang='lat' dir='ltr'><strong>accipere</strong></span> <span class='ocrx_word' id='word_1_352' title='bbox 1935 3553 2081 3591; x_wconf 84' lang='lat' dir='ltr'><strong>com-</strong></span> 
     </span>
    </p>
   </div>
   <div class='ocr_carea' id='block_1_53' title="bbox 502 3641 824 3695">
    <p class='ocr_par' dir='ltr' id='par_1_53' title="bbox 502 3641 824 3695">
     <span class='ocr_line' id='line_1_54' title="bbox 502 3641 824 3695; baseline -0.019 1"><span class='ocrx_word' id='word_1_353' title='bbox 502 3641 824 3695; x_wconf 86' lang='lat' dir='ltr'><strong>munionem.</strong></span> 
     </span>
    </p>
   </div>
   <div class='ocr_carea' id='block_1_54' title="bbox 572 3718 2005 3795">
    <p class='ocr_par' dir='ltr' id='par_1_54' title="bbox 572 3718 2005 3795">
     <span class='ocr_line' id='line_1_55' title="bbox 572 3718 2005 3795; baseline -0.005 -13"><span class='ocrx_word' id='word_1_354' title='bbox 572 3728 706 3782; x_wconf 88' lang='lat' dir='ltr'><strong>XIII.</strong></span> <span class='ocrx_word' id='word_1_355' title='bbox 744 3727 819 3779; x_wconf 91' lang='lat' dir='ltr'><strong>De</strong></span> <span class='ocrx_word' id='word_1_356' title='bbox 838 3724 1112 3795; x_wconf 85' lang='lat' dir='ltr'><strong>virginibus</strong></span> <span class='ocrx_word' id='word_1_357' title='bbox 1138 3723 1242 3776; x_wconf 69' lang='lat' dir='ltr'><strong>Deo</strong></span> <span class='ocrx_word' id='word_1_358' title='bbox 1273 3725 1483 3775; x_wconf 84' lang='lat' dir='ltr'><strong>sacratis</strong></span> <span class='ocrx_word' id='word_1_359' title='bbox 1521 3722 1563 3773; x_wconf 90' lang='lat' dir='ltr'><strong>si</strong></span> <span class='ocrx_word' id='word_1_360' title='bbox 1591 3718 2005 3775; x_wconf 84' lang='lat' dir='ltr'><strong>adulteruverint.</strong></span> 
     </span>
    </p>
   </div>
   <div class='ocr_carea' id='block_1_55' title="bbox 576 3810 2080 3886">
    <p class='ocr_par' dir='ltr' id='par_1_55' title="bbox 576 3810 2080 3886">
     <span class='ocr_line' id='line_1_56' title="bbox 576 3810 2080 3886; baseline -0.003 -16"><span class='ocrx_word' id='word_1_361' title='bbox 576 3817 817 3886; x_wconf 76' lang='lat' dir='ltr'><strong>Virgines</strong></span> <span class='ocrx_word' id='word_1_362' title='bbox 847 3832 962 3885; x_wconf 65' lang='lat' dir='ltr'><strong>quae</strong></span> <span class='ocrx_word' id='word_1_363' title='bbox 993 3830 1051 3869; x_wconf 86' lang='lat' dir='ltr'><strong>se</strong></span> <span class='ocrx_word' id='word_1_364' title='bbox 1083 3814 1189 3867; x_wconf 90' lang='lat' dir='ltr'><strong>Deo</strong></span> <span class='ocrx_word' id='word_1_365' title='bbox 1214 3814 1545 3874; x_wconf 89' lang='lat' dir='ltr'><strong>dicaverunt,</strong></span> <span class='ocrx_word' id='word_1_366' title='bbox 1579 3810 1622 3865; x_wconf 91' lang='lat' dir='ltr'><strong>si</strong></span> <span class='ocrx_word' id='word_1_367' title='bbox 1660 3820 1869 3880; x_wconf 86' lang='lat' dir='ltr'><strong>pactum</strong></span> <span class='ocrx_word' id='word_1_368' title='bbox 1904 3812 2080 3880; x_wconf 90' lang='lat' dir='ltr'><strong>perdi-</strong></span> 
     </span>
    </p>
   </div>
   <div class='ocr_carea' id='block_1_56' title="bbox 499 3900 2077 3976">
    <p class='ocr_par' dir='ltr' id='par_1_56' title="bbox 499 3900 2077 3976">
     <span class='ocr_line' id='line_1_57' title="bbox 499 3900 2077 3976; baseline -0.005 -13"><span class='ocrx_word' id='word_1_369' title='bbox 499 3909 677 3963; x_wconf 87' lang='lat' dir='ltr'><strong>derint</strong></span> <span class='ocrx_word' id='word_1_370' title='bbox 700 3905 1038 3976; x_wconf 82' lang='lat' dir='ltr'><strong>virginitatis,</strong></span> <span class='ocrx_word' id='word_1_371' title='bbox 1064 3912 1219 3972; x_wconf 87' lang='lat' dir='ltr'><strong>atque</strong></span> <span class='ocrx_word' id='word_1_372' title='bbox 1237 3903 1409 3957; x_wconf 89' lang='lat' dir='ltr'><strong>eidem</strong></span> <span class='ocrx_word' id='word_1_373' title='bbox 1436 3902 1639 3956; x_wconf 84' lang='lat' dir='ltr'><strong>libidini</strong></span> <span class='ocrx_word' id='word_1_374' title='bbox 1662 3900 1947 3955; x_wconf 85' lang='lat' dir='ltr'><strong>servierint</strong></span> <span class='ocrx_word' id='word_1_375' title='bbox 1976 3918 2077 3955; x_wconf 87' lang='lat' dir='ltr'><strong>non</strong></span> 
     </span>
    </p>
   </div>
   <div class='ocr_carea' id='block_1_57' title="bbox 499 3996 2080 4073">
    <p class='ocr_par' dir='ltr' id='par_1_57' title="bbox 499 3996 2080 4073">
     <span class='ocr_line' id='line_1_58' title="bbox 499 3996 2080 4073; baseline -0.005 -16"><span class='ocrx_word' id='word_1_376' title='bbox 499 4002 855 4073; x_wconf 86' lang='lat' dir='ltr'><strong>intelligentes</strong></span> <span class='ocrx_word' id='word_1_377' title='bbox 885 4001 1011 4070; x_wconf 89' lang='lat' dir='ltr'><strong>quid</strong></span> <span class='ocrx_word' id='word_1_378' title='bbox 1043 3998 1373 4063; x_wconf 85' lang='lat' dir='ltr'><strong>admiserint,</strong></span> <span class='ocrx_word' id='word_1_379' title='bbox 1397 3997 1591 4064; x_wconf 90' lang='lat' dir='ltr'><strong>placuit</strong></span> <span class='ocrx_word' id='word_1_380' title='bbox 1621 4011 1717 4050; x_wconf 90' lang='lat' dir='ltr'><strong>nec</strong></span> <span class='ocrx_word' id='word_1_381' title='bbox 1740 3997 1789 4049; x_wconf 90' lang='lat' dir='ltr'><strong>in</strong></span> <span class='ocrx_word' id='word_1_382' title='bbox 1820 3996 1976 4049; x_wconf 88' lang='lat' dir='ltr'><strong>linem</strong></span> <span class='ocrx_word' id='word_1_383' title='bbox 2005 3996 2080 4049; x_wconf 82' lang='lat' dir='ltr'><strong>ris</strong></span> 
     </span>
    </p>
   </div>
   <div class='ocr_carea' id='block_1_58' title="bbox 500 4089 2080 4157">
    <p class='ocr_par' dir='ltr' id='par_1_58' title="bbox 500 4089 2080 4157">
     <span class='ocr_line' id='line_1_59' title="bbox 500 4089 2080 4157; baseline -0.005 -10"><span class='ocrx_word' id='word_1_384' title='bbox 500 4093 732 4147; x_wconf 87' lang='lat' dir='ltr'><strong>dandam</strong></span> <span class='ocrx_word' id='word_1_385' title='bbox 758 4108 877 4147; x_wconf 88' lang='lat' dir='ltr'><strong>esse</strong></span> <span class='ocrx_word' id='word_1_386' title='bbox 906 4089 1357 4145; x_wconf 89' lang='lat' dir='ltr'><strong>communionem.</strong></span> <span class='ocrx_word' id='word_1_387' title='bbox 1383 4090 1533 4156; x_wconf 78' lang='lat' dir='ltr'><strong>Quod</strong></span> <span class='ocrx_word' id='word_1_388' title='bbox 1575 4090 1618 4143; x_wconf 91' lang='lat' dir='ltr'><strong>si</strong></span> <span class='ocrx_word' id='word_1_389' title='bbox 1650 4090 1815 4142; x_wconf 86' lang='lat' dir='ltr'><strong>semel</strong></span> <span class='ocrx_word' id='word_1_390' title='bbox 1860 4101 2080 4157; x_wconf 87' lang='lat' dir='ltr'><strong>persna-</strong></span> 
     </span>
    </p>
   </div>
   <div class='ocr_carea' id='block_1_59' title="bbox 502 4181 2082 4254">
    <p class='ocr_par' dir='ltr' id='par_1_59' title="bbox 502 4181 2082 4254">
     <span class='ocr_line' id='line_1_60' title="bbox 502 4181 2082 4254; baseline -0.008 -8"><span class='ocrx_word' id='word_1_391' title='bbox 502 4206 578 4246; x_wconf 71' lang='lat' dir='ltr'><strong>saa</strong></span> <span class='ocrx_word' id='word_1_392' title='bbox 603 4199 692 4244; x_wconf 88' lang='lat' dir='ltr'><strong>aut</strong></span> <span class='ocrx_word' id='word_1_393' title='bbox 733 4187 929 4242; x_wconf 77' lang='lat' dir='ltr'><strong>inﬁrmi</strong></span> <span class='ocrx_word' id='word_1_394' title='bbox 955 4185 1195 4254; x_wconf 63' lang='lat' dir='ltr'><strong>corporis</strong></span> <span class='ocrx_word' id='word_1_395' title='bbox 1224 4184 1369 4252; x_wconf 79' lang='lat' dir='ltr'><strong>lapsu</strong></span> <span class='ocrx_word' id='word_1_396' title='bbox 1419 4183 1613 4235; x_wconf 70' lang='lat' dir='ltr'><strong>vitiata:</strong></span> <span class='ocrx_word' id='word_1_397' title='bbox 1662 4181 1804 4235; x_wconf 91' lang='lat' dir='ltr'><strong>omni</strong></span> <span class='ocrx_word' id='word_1_398' title='bbox 1848 4191 2082 4247; x_wconf 89' lang='lat' dir='ltr'><strong>tempore</strong></span> 
     </span>
    </p>
   </div>
   <div class='ocr_carea' id='block_1_60' title="bbox 501 4270 2080 4347">
    <p class='ocr_par' dir='ltr' id='par_1_60' title="bbox 501 4270 2080 4347">
     <span class='ocr_line' id='line_1_61' title="bbox 501 4270 2080 4347; baseline -0.008 -13"><span class='ocrx_word' id='word_1_399' title='bbox 501 4283 623 4336; x_wconf 65' lang='lat' dir='ltr'><strong>vitae</strong></span> <span class='ocrx_word' id='word_1_400' title='bbox 653 4294 765 4336; x_wconf 68' lang='lat' dir='ltr'><strong>sua:</strong></span> <span class='ocrx_word' id='word_1_401' title='bbox 812 4276 1116 4347; x_wconf 86' lang='lat' dir='ltr'><strong>Itnjusmodi</strong></span> <span class='ocrx_word' id='word_1_402' title='bbox 1170 4273 1378 4327; x_wconf 66' lang='lat' dir='ltr'><strong>leminm</strong></span> <span class='ocrx_word' id='word_1_403' title='bbox 1426 4272 1633 4338; x_wconf 85' lang='lat' dir='ltr'><strong>egerint</strong></span> <span class='ocrx_word' id='word_1_404' title='bbox 1692 4270 2080 4337; x_wconf 65' lang='lat' dir='ltr'><strong>paenitentiam,</strong></span> 
     </span>
    </p>
   </div>
   <div class='ocr_carea' id='block_1_61' title="bbox 499 4362 2080 4433">
    <p class='ocr_par' dir='ltr' id='par_1_61' title="bbox 499 4362 2080 4433">
     <span class='ocr_line' id='line_1_62' title="bbox 499 4362 2080 4433; baseline -0.007 -7"><span class='ocrx_word' id='word_1_405' title='bbox 499 4383 557 4426; x_wconf 89' lang='lat' dir='ltr'><strong>ut</strong></span> <span class='ocrx_word' id='word_1_406' title='bbox 582 4371 883 4425; x_wconf 81' lang='lat' dir='ltr'><strong>abstineant</strong></span> <span class='ocrx_word' id='word_1_407' title='bbox 908 4381 967 4419; x_wconf 89' lang='lat' dir='ltr'><strong>se</strong></span> <span class='ocrx_word' id='word_1_408' title='bbox 994 4380 1023 4418; x_wconf 88' lang='lat' dir='ltr'><strong>a</strong></span> <span class='ocrx_word' id='word_1_409' title='bbox 1051 4369 1292 4428; x_wconf 90' lang='lat' dir='ltr'><strong>coitu,eo</strong></span> <span class='ocrx_word' id='word_1_410' title='bbox 1314 4363 1452 4433; x_wconf 89' lang='lat' dir='ltr'><strong>quod</strong></span> <span class='ocrx_word' id='word_1_411' title='bbox 1468 4362 1636 4430; x_wconf 49' lang='lat' dir='ltr'><strong>lapsas</strong></span> <span class='ocrx_word' id='word_1_412' title='bbox 1668 4363 1839 4431; x_wconf 84' lang='lat' dir='ltr'><strong>potius</strong></span> <span class='ocrx_word' id='word_1_413' title='bbox 1868 4362 1966 4414; x_wconf 67' lang='lat' dir='ltr'><strong>vid.</strong></span> <span class='ocrx_word' id='word_1_414' title='bbox 1989 4377 2080 4415; x_wconf 85' lang='lat' dir='ltr'><strong>an-</strong></span> 
     </span>
    </p>
   </div>
   <div class='ocr_carea' id='block_1_62' title="bbox 2187 1877 3770 1952">
    <p class='ocr_par' dir='ltr' id='par_1_62' title="bbox 2187 1877 3770 1952">
     <span class='ocr_line' id='line_1_63' title="bbox 2187 1877 3770 1952; baseline -0.003 -17"><span class='ocrx_word' id='word_1_415' title='bbox 2187 1883 2340 1952; x_wconf 87' lang='lat' dir='ltr'><strong>positi</strong></span> <span class='ocrx_word' id='word_1_416' title='bbox 2398 1883 2591 1937; x_wconf 88' lang='lat' dir='ltr'><strong>detecti</strong></span> <span class='ocrx_word' id='word_1_417' title='bbox 2639 1880 2835 1934; x_wconf 80' lang='lat' dir='ltr'><strong>fuerint</strong></span> <span class='ocrx_word' id='word_1_418' title='bbox 2881 1880 3020 1949; x_wconf 89' lang='lat' dir='ltr'><strong>quod</strong></span> <span class='ocrx_word' id='word_1_419' title='bbox 3072 1880 3179 1933; x_wconf 89' lang='lat' dir='ltr'><strong>sint</strong></span> <span class='ocrx_word' id='word_1_420' title='bbox 3233 1878 3481 1933; x_wconf 66' lang='lat' dir='ltr'><strong>mmchati</strong></span> <span class='ocrx_word' id='word_1_421' title='bbox 3512 1920 3525 1943; x_wconf 94' lang='lat'><strong>,</strong></span> <span class='ocrx_word' id='word_1_422' title='bbox 3569 1877 3770 1947; x_wconf 84' lang='lat' dir='ltr'><strong>placuit</strong></span> 
     </span>
    </p>
   </div>
   <div class='ocr_carea' id='block_1_63' title="bbox 2181 1970 3764 2045">
    <p class='ocr_par' dir='ltr' id='par_1_63' title="bbox 2181 1970 3764 2045">
     <span class='ocr_line' id='line_1_64' title="bbox 2181 1970 3764 2045; baseline -0.003 -16"><span class='ocrx_word' id='word_1_423' title='bbox 2181 1986 2397 2045; x_wconf 84' lang='lat' dir='ltr'><strong>propter</strong></span> <span class='ocrx_word' id='word_1_424' title='bbox 2430 1975 2737 2028; x_wconf 82' lang='lat' dir='ltr'><strong>scandalum</strong></span> <span class='ocrx_word' id='word_1_425' title='bbox 2779 1983 2832 2028; x_wconf 91' lang='lat' dir='ltr'><strong>et</strong></span> <span class='ocrx_word' id='word_1_426' title='bbox 2862 1981 3080 2042; x_wconf 89' lang='lat' dir='ltr'><strong>propter</strong></span> <span class='ocrx_word' id='word_1_427' title='bbox 3114 1970 3388 2040; x_wconf 78' lang='lat' dir='ltr'><strong>profanum</strong></span> <span class='ocrx_word' id='word_1_428' title='bbox 3420 1970 3627 2025; x_wconf 88' lang='lat' dir='ltr'><strong>crimen</strong></span> <span class='ocrx_word' id='word_1_429' title='bbox 3665 1986 3764 2025; x_wconf 87' lang='lat' dir='ltr'><strong>nec</strong></span> 
     </span>
    </p>
   </div>
   <div class='ocr_carea' id='block_1_64' title="bbox 2179 2058 3527 2128">
    <p class='ocr_par' dir='ltr' id='par_1_64' title="bbox 2179 2058 3527 2128">
     <span class='ocr_line' id='line_1_65' title="bbox 2179 2058 3527 2128; baseline -0.005 -10"><span class='ocrx_word' id='word_1_430' title='bbox 2179 2066 2228 2118; x_wconf 90' lang='lat' dir='ltr'><strong>in</strong></span> <span class='ocrx_word' id='word_1_431' title='bbox 2261 2065 2418 2119; x_wconf 89' lang='lat' dir='ltr'><strong>ﬁnem</strong></span> <span class='ocrx_word' id='word_1_432' title='bbox 2449 2078 2541 2117; x_wconf 89' lang='lat' dir='ltr'><strong>eos</strong></span> <span class='ocrx_word' id='word_1_433' title='bbox 2569 2062 2998 2116; x_wconf 90' lang='lat' dir='ltr'><strong>communionem</strong></span> <span class='ocrx_word' id='word_1_434' title='bbox 3032 2061 3276 2128; x_wconf 87' lang='lat' dir='ltr'><strong>accipere</strong></span> <span class='ocrx_word' id='word_1_435' title='bbox 3307 2058 3527 2114; x_wconf 89' lang='lat' dir='ltr'><strong>debere.</strong></span> 
     </span>
    </p>
   </div>
   <div class='ocr_carea' id='block_1_65' title="bbox 2251 2148 3692 2225">
    <p class='ocr_par' dir='ltr' id='par_1_65' title="bbox 2251 2148 3692 2225">
     <span class='ocr_line' id='line_1_66' title="bbox 2251 2148 3692 2225; baseline -0.005 -16"><span class='ocrx_word' id='word_1_436' title='bbox 2251 2154 2390 2209; x_wconf 85' lang='lat' dir='ltr'><strong>XIX.</strong></span> <span class='ocrx_word' id='word_1_437' title='bbox 2433 2152 2507 2206; x_wconf 85' lang='lat' dir='ltr'><strong>De</strong></span> <span class='ocrx_word' id='word_1_438' title='bbox 2532 2154 2730 2207; x_wconf 87' lang='lat' dir='ltr'><strong>clericis</strong></span> <span class='ocrx_word' id='word_1_439' title='bbox 2761 2153 2963 2225; x_wconf 89' lang='lat' dir='ltr'><strong>negotia</strong></span> <span class='ocrx_word' id='word_1_440' title='bbox 2993 2160 3037 2203; x_wconf 89' lang='lat' dir='ltr'><strong>et</strong></span> <span class='ocrx_word' id='word_1_441' title='bbox 3070 2151 3329 2203; x_wconf 85' lang='lat' dir='ltr'><strong>nundinas</strong></span> <span class='ocrx_word' id='word_1_442' title='bbox 3366 2148 3692 2203; x_wconf 78' lang='lat' dir='ltr'><strong>sectantibus.</strong></span> 
     </span>
    </p>
   </div>
   <div class='ocr_carea' id='block_1_66' title="bbox 2250 2241 3769 2316">
    <p class='ocr_par' dir='ltr' id='par_1_66' title="bbox 2250 2241 3769 2316">
     <span class='ocr_line' id='line_1_67' title="bbox 2250 2241 3769 2316; baseline -0.004 -15"><span class='ocrx_word' id='word_1_443' title='bbox 2250 2244 2521 2316; x_wconf 84' lang='lat' dir='ltr'><strong>Episcopi,</strong></span> <span class='ocrx_word' id='word_1_444' title='bbox 2561 2244 2897 2314; x_wconf 78' lang='lat' dir='ltr'><strong>presbyteres</strong></span> <span class='ocrx_word' id='word_1_445' title='bbox 2924 2252 2976 2296; x_wconf 90' lang='lat' dir='ltr'><strong>et</strong></span> <span class='ocrx_word' id='word_1_446' title='bbox 3002 2241 3254 2295; x_wconf 87' lang='lat' dir='ltr'><strong>diacones</strong></span> <span class='ocrx_word' id='word_1_447' title='bbox 3281 2242 3347 2295; x_wconf 90' lang='lat' dir='ltr'><strong>de</strong></span> <span class='ocrx_word' id='word_1_448' title='bbox 3379 2241 3510 2294; x_wconf 91' lang='lat' dir='ltr'><strong>locis</strong></span> <span class='ocrx_word' id='word_1_449' title='bbox 3537 2241 3649 2294; x_wconf 89' lang='lat' dir='ltr'><strong>suis</strong></span> <span class='ocrx_word' id='word_1_450' title='bbox 3677 2256 3769 2295; x_wconf 84' lang='lat' dir='ltr'><strong>ne-</strong></span> 
     </span>
    </p>
   </div>
   <div class='ocr_carea' id='block_1_67' title="bbox 2178 2333 3770 2408">
    <p class='ocr_par' dir='ltr' id='par_1_67' title="bbox 2178 2333 3770 2408">
     <span class='ocr_line' id='line_1_68' title="bbox 2178 2333 3770 2408; baseline -0.004 -16"><span class='ocrx_word' id='word_1_451' title='bbox 2178 2337 2414 2408; x_wconf 84' lang='lat' dir='ltr'><strong>getiandi</strong></span> <span class='ocrx_word' id='word_1_452' title='bbox 2486 2350 2645 2390; x_wconf 88' lang='lat' dir='ltr'><strong>causa</strong></span> <span class='ocrx_word' id='word_1_453' title='bbox 2704 2350 2807 2389; x_wconf 89' lang='lat' dir='ltr'><strong>non</strong></span> <span class='ocrx_word' id='word_1_454' title='bbox 2870 2333 3183 2400; x_wconf 83' lang='lat' dir='ltr'><strong>discedant,</strong></span> <span class='ocrx_word' id='word_1_455' title='bbox 3235 2348 3330 2386; x_wconf 88' lang='lat' dir='ltr'><strong>nec</strong></span> <span class='ocrx_word' id='word_1_456' title='bbox 3376 2333 3770 2385; x_wconf 86' lang='lat' dir='ltr'><strong>circumeuntes</strong></span> 
     </span>
    </p>
   </div>
   <div class='ocr_carea' id='block_1_68' title="bbox 2180 2420 3763 2496">
    <p class='ocr_par' dir='ltr' id='par_1_68' title="bbox 2180 2420 3763 2496">
     <span class='ocr_line' id='line_1_69' title="bbox 2180 2420 3763 2496; baseline -0.003 -15"><span class='ocrx_word' id='word_1_457' title='bbox 2180 2429 2479 2493; x_wconf 85' lang='lat' dir='ltr'><strong>provincias</strong></span> <span class='ocrx_word' id='word_1_458' title='bbox 2509 2436 2837 2496; x_wconf 71' lang='lat' dir='ltr'><strong>quaastuosas</strong></span> <span class='ocrx_word' id='word_1_459' title='bbox 2862 2425 3126 2479; x_wconf 88' lang='lat' dir='ltr'><strong>nundinas</strong></span> <span class='ocrx_word' id='word_1_460' title='bbox 3155 2434 3426 2478; x_wconf 88' lang='lat' dir='ltr'><strong>sectentur</strong></span> <span class='ocrx_word' id='word_1_461' title='bbox 3448 2420 3505 2475; x_wconf 82' lang='lat' dir='ltr'><strong>b:</strong></span> <span class='ocrx_word' id='word_1_462' title='bbox 3537 2436 3668 2477; x_wconf 86' lang='lat' dir='ltr'><strong>sane</strong></span> <span class='ocrx_word' id='word_1_463' title='bbox 3699 2424 3763 2476; x_wconf 87' lang='lat' dir='ltr'><strong>ad</strong></span> 
     </span>
    </p>
   </div>
   <div class='ocr_carea' id='block_1_69' title="bbox 2182 2514 3763 2588">
    <p class='ocr_par' dir='ltr' id='par_1_69' title="bbox 2182 2514 3763 2588">
     <span class='ocr_line' id='line_1_70' title="bbox 2182 2514 3763 2588; baseline -0.003 -17"><span class='ocrx_word' id='word_1_464' title='bbox 2182 2520 2376 2573; x_wconf 78' lang='lat' dir='ltr'><strong>victum</strong></span> <span class='ocrx_word' id='word_1_465' title='bbox 2427 2518 2525 2572; x_wconf 89' lang='lat' dir='ltr'><strong>sibi</strong></span> <span class='ocrx_word' id='word_1_466' title='bbox 2572 2516 2993 2588; x_wconf 85' lang='lat' dir='ltr'><strong>conquirendum</strong></span> <span class='ocrx_word' id='word_1_467' title='bbox 3040 2525 3128 2570; x_wconf 91' lang='lat' dir='ltr'><strong>aut</strong></span> <span class='ocrx_word' id='word_1_468' title='bbox 3181 2515 3348 2568; x_wconf 90' lang='lat' dir='ltr'><strong>lilium</strong></span> <span class='ocrx_word' id='word_1_469' title='bbox 3396 2523 3487 2567; x_wconf 90' lang='lat' dir='ltr'><strong>aut</strong></span> <span class='ocrx_word' id='word_1_470' title='bbox 3516 2514 3763 2568; x_wconf 88' lang='lat' dir='ltr'><strong>libertum</strong></span> 
     </span>
    </p>
   </div>
   <div class='ocr_carea' id='block_1_70' title="bbox 2179 2607 3768 2677">
    <p class='ocr_par' dir='ltr' id='par_1_70' title="bbox 2179 2607 3768 2677">
     <span class='ocr_line' id='line_1_71' title="bbox 2179 2607 3768 2677; baseline -0.001 -14"><span class='ocrx_word' id='word_1_471' title='bbox 2179 2619 2272 2663; x_wconf 90' lang='lat' dir='ltr'><strong>aut</strong></span> <span class='ocrx_word' id='word_1_472' title='bbox 2317 2610 2704 2663; x_wconf 83' lang='lat' dir='ltr'><strong>mercenarium</strong></span> <span class='ocrx_word' id='word_1_473' title='bbox 2743 2616 2834 2662; x_wconf 89' lang='lat' dir='ltr'><strong>aut</strong></span> <span class='ocrx_word' id='word_1_474' title='bbox 2877 2608 3104 2662; x_wconf 89' lang='lat' dir='ltr'><strong>amicum</strong></span> <span class='ocrx_word' id='word_1_475' title='bbox 3144 2618 3235 2662; x_wconf 88' lang='lat' dir='ltr'><strong>aut</strong></span> <span class='ocrx_word' id='word_1_476' title='bbox 3276 2607 3561 2677; x_wconf 80' lang='lat' dir='ltr'><strong>quemlibet</strong></span> <span class='ocrx_word' id='word_1_477' title='bbox 3590 2617 3612 2645; x_wconf 74' lang='grc' dir='ltr'><strong><em>ο</em></strong></span> <span class='ocrx_word' id='word_1_478' title='bbox 3647 2610 3768 2661; x_wconf 86' lang='lat' dir='ltr'><strong>mit-</strong></span> 
     </span>
    </p>
   </div>
   <div class='ocr_carea' id='block_1_71' title="bbox 2180 2701 3765 2771">
    <p class='ocr_par' dir='ltr' id='par_1_71' title="bbox 2180 2701 3765 2771">
     <span class='ocr_line' id='line_1_72' title="bbox 2180 2701 3765 2771; baseline 0.001 -17"><span class='ocrx_word' id='word_1_479' title='bbox 2180 2709 2313 2767; x_wconf 88' lang='lat' dir='ltr'><strong>tant;</strong></span> <span class='ocrx_word' id='word_1_480' title='bbox 2344 2712 2396 2755; x_wconf 89' lang='lat' dir='ltr'><strong>et</strong></span> <span class='ocrx_word' id='word_1_481' title='bbox 2427 2702 2470 2755; x_wconf 80' lang='lat' dir='ltr'><strong>si</strong></span> <span class='ocrx_word' id='word_1_482' title='bbox 2495 2701 2759 2756; x_wconf 87' lang='lat' dir='ltr'><strong>voluerint</strong></span> <span class='ocrx_word' id='word_1_483' title='bbox 2788 2701 3046 2771; x_wconf 83' lang='lat' dir='ltr'><strong>negOtiari</strong></span> <span class='ocrx_word' id='word_1_484' title='bbox 3080 2742 3097 2769; x_wconf 88' lang='lat'><strong>,</strong></span> <span class='ocrx_word' id='word_1_485' title='bbox 3139 2702 3273 2754; x_wconf 86' lang='lat' dir='ltr'><strong>intra</strong></span> <span class='ocrx_word' id='word_1_486' title='bbox 3319 2701 3646 2769; x_wconf 74' lang='lat' dir='ltr'><strong>provinciam</strong></span> <span class='ocrx_word' id='word_1_487' title='bbox 3677 2716 3765 2755; x_wconf 83' lang='lat' dir='ltr'><strong>nc-</strong></span> 
     </span>
    </p>
   </div>
   <div class='ocr_carea' id='block_1_72' title="bbox 2179 2794 2466 2863">
    <p class='ocr_par' dir='ltr' id='par_1_72' title="bbox 2179 2794 2466 2863">
     <span class='ocr_line' id='line_1_73' title="bbox 2179 2794 2466 2863; baseline 0.003 -18"><span class='ocrx_word' id='word_1_488' title='bbox 2179 2794 2466 2863; x_wconf 84' lang='lat' dir='ltr'><strong>gotientur.</strong></span> 
     </span>
    </p>
   </div>
   <div class='ocr_carea' id='block_1_73' title="bbox 2480 2883 3481 2938">
    <p class='ocr_par' dir='ltr' id='par_1_73' title="bbox 2480 2883 3481 2938">
     <span class='ocr_line' id='line_1_74' title="bbox 2480 2883 3481 2938; baseline -0.001 -1"><span class='ocrx_word' id='word_1_489' title='bbox 2480 2883 2596 2937; x_wconf 86' lang='lat' dir='ltr'><strong>XX.</strong></span> <span class='ocrx_word' id='word_1_490' title='bbox 2634 2883 2709 2937; x_wconf 87' lang='lat' dir='ltr'><strong>De</strong></span> <span class='ocrx_word' id='word_1_491' title='bbox 2738 2884 2935 2938; x_wconf 85' lang='lat' dir='ltr'><strong>clericis</strong></span> <span class='ocrx_word' id='word_1_492' title='bbox 2959 2893 3004 2937; x_wconf 87' lang='lat' dir='ltr'><strong>et</strong></span> <span class='ocrx_word' id='word_1_493' title='bbox 3035 2884 3180 2937; x_wconf 88' lang='lat' dir='ltr'><strong>laicis</strong></span> <span class='ocrx_word' id='word_1_494' title='bbox 3210 2883 3481 2938; x_wconf 85' lang='lat' dir='ltr'><strong>usurariis.</strong></span> 
     </span>
    </p>
   </div>
   <div class='ocr_carea' id='block_1_74' title="bbox 2252 2974 3767 3044">
    <p class='ocr_par' dir='ltr' id='par_1_74' title="bbox 2252 2974 3767 3044">
     <span class='ocr_line' id='line_1_75' title="bbox 2252 2974 3767 3044; baseline -0.003 -13"><span class='ocrx_word' id='word_1_495' title='bbox 2252 2975 2307 3031; x_wconf 90' lang='lat' dir='ltr'><strong>Si</strong></span> <span class='ocrx_word' id='word_1_496' title='bbox 2340 2975 2456 3043; x_wconf 85' lang='lat' dir='ltr'><strong>quis</strong></span> <span class='ocrx_word' id='word_1_497' title='bbox 2482 2974 2797 3030; x_wconf 79' lang='lat' dir='ltr'><strong>clcriCorum</strong></span> <span class='ocrx_word' id='word_1_498' title='bbox 2830 2975 3072 3029; x_wconf 88' lang='lat' dir='ltr'><strong>detectus</strong></span> <span class='ocrx_word' id='word_1_499' title='bbox 3106 2974 3263 3029; x_wconf 87' lang='lat' dir='ltr'><strong>luerit</strong></span> <span class='ocrx_word' id='word_1_500' title='bbox 3286 2989 3473 3029; x_wconf 70' lang='lat' dir='ltr'><strong>usuras</strong></span> <span class='ocrx_word' id='word_1_501' title='bbox 3502 2975 3767 3044; x_wconf 82' lang='lat' dir='ltr'><strong>accipere,</strong></span> 
     </span>
    </p>
   </div>
   <div class='ocr_carea' id='block_1_75' title="bbox 2183 3065 3769 3137">
    <p class='ocr_par' dir='ltr' id='par_1_75' title="bbox 2183 3065 3769 3137">
     <span class='ocr_line' id='line_1_76' title="bbox 2183 3065 3769 3137; baseline 0.001 -21"><span class='ocrx_word' id='word_1_502' title='bbox 2183 3068 2381 3137; x_wconf 85' lang='lat' dir='ltr'><strong>placuit</strong></span> <span class='ocrx_word' id='word_1_503' title='bbox 2409 3082 2529 3121; x_wconf 88' lang='lat' dir='ltr'><strong>eum</strong></span> <span class='ocrx_word' id='word_1_504' title='bbox 2559 3067 2837 3136; x_wconf 67' lang='lat' dir='ltr'><strong>degradari</strong></span> <span class='ocrx_word' id='word_1_505' title='bbox 2862 3075 2916 3121; x_wconf 86' lang='lat' dir='ltr'><strong>et</strong></span> <span class='ocrx_word' id='word_1_506' title='bbox 2946 3066 3221 3120; x_wconf 71' lang='lat' dir='ltr'><strong>abstineri.</strong></span> <span class='ocrx_word' id='word_1_507' title='bbox 3255 3065 3311 3122; x_wconf 91' lang='lat' dir='ltr'><strong>Si</strong></span> <span class='ocrx_word' id='word_1_508' title='bbox 3336 3068 3455 3135; x_wconf 91' lang='lat' dir='ltr'><strong>quis</strong></span> <span class='ocrx_word' id='word_1_509' title='bbox 3480 3066 3642 3121; x_wconf 82' lang='lat' dir='ltr'><strong>etiam</strong></span> <span class='ocrx_word' id='word_1_510' title='bbox 3672 3066 3769 3119; x_wconf 83' lang='lat' dir='ltr'><strong>lai-</strong></span> 
     </span>
    </p>
   </div>
   <div class='ocr_carea' id='block_1_76' title="bbox 2107 3154 3767 3227">
    <p class='ocr_par' dir='ltr' id='par_1_76' title="bbox 2107 3154 3767 3227">
     <span class='ocr_line' id='line_1_77' title="bbox 2107 3154 3767 3227; baseline -0.002 -14"><span class='ocrx_word' id='word_1_511' title='bbox 2107 3154 2150 3215; x_wconf 89' lang='lat' dir='ltr'><strong>C</strong></span> <span class='ocrx_word' id='word_1_512' title='bbox 2184 3173 2277 3213; x_wconf 89' lang='lat' dir='ltr'><strong>cus</strong></span> <span class='ocrx_word' id='word_1_513' title='bbox 2305 3159 2576 3227; x_wconf 81' lang='lat' dir='ltr'><strong>accepisse</strong></span> <span class='ocrx_word' id='word_1_514' title='bbox 2605 3157 2857 3225; x_wconf 86' lang='lat' dir='ltr'><strong>probatur</strong></span> <span class='ocrx_word' id='word_1_515' title='bbox 2879 3172 3066 3212; x_wconf 89' lang='lat' dir='ltr'><strong>usuras</strong></span> <span class='ocrx_word' id='word_1_516' title='bbox 3085 3197 3101 3221; x_wconf 91' lang='lat'><strong>,</strong></span> <span class='ocrx_word' id='word_1_517' title='bbox 3141 3166 3197 3212; x_wconf 88' lang='lat' dir='ltr'><strong>et</strong></span> <span class='ocrx_word' id='word_1_518' title='bbox 3222 3157 3521 3226; x_wconf 81' lang='lat' dir='ltr'><strong>promiserit</strong></span> <span class='ocrx_word' id='word_1_519' title='bbox 3544 3171 3767 3225; x_wconf 89' lang='lat' dir='ltr'><strong>correp-</strong></span> 
     </span>
    </p>
   </div>
   <div class='ocr_carea' id='block_1_77' title="bbox 2140 3248 3767 3319">
    <p class='ocr_par' dir='ltr' id='par_1_77' title="bbox 2140 3248 3767 3319">
     <span class='ocr_line' id='line_1_78' title="bbox 2140 3248 3767 3319; baseline 0.003 -22"><span class='ocrx_word' id='word_1_520' title='bbox 2140 3288 2151 3297; x_wconf 90' lang='lat'><strong>.</strong></span> <span class='ocrx_word' id='word_1_521' title='bbox 2186 3260 2270 3304; x_wconf 91' lang='lat' dir='ltr'><strong>tus</strong></span> <span class='ocrx_word' id='word_1_522' title='bbox 2298 3248 2404 3319; x_wconf 87' lang='lat' dir='ltr'><strong>jam</strong></span> <span class='ocrx_word' id='word_1_523' title='bbox 2436 3265 2495 3303; x_wconf 90' lang='lat' dir='ltr'><strong>se</strong></span> <span class='ocrx_word' id='word_1_524' title='bbox 2524 3261 2855 3304; x_wconf 86' lang='lat' dir='ltr'><strong>cessaturum</strong></span> <span class='ocrx_word' id='word_1_525' title='bbox 2902 3264 3000 3303; x_wconf 90' lang='lat' dir='ltr'><strong>nec</strong></span> <span class='ocrx_word' id='word_1_526' title='bbox 3024 3250 3246 3304; x_wconf 90' lang='lat' dir='ltr'><strong>ulterius</strong></span> <span class='ocrx_word' id='word_1_527' title='bbox 3276 3260 3609 3315; x_wconf 72' lang='lat' dir='ltr'><strong>exacturum,</strong></span> <span class='ocrx_word' id='word_1_528' title='bbox 3646 3250 3767 3318; x_wconf 79' lang='lat' dir='ltr'><strong>pla-</strong></span> 
     </span>
    </p>
   </div>
   <div class='ocr_carea' id='block_1_78' title="bbox 2182 3342 3770 3410">
    <p class='ocr_par' dir='ltr' id='par_1_78' title="bbox 2182 3342 3770 3410">
     <span class='ocr_line' id='line_1_79' title="bbox 2182 3342 3770 3410; baseline -0.001 -13"><span class='ocrx_word' id='word_1_529' title='bbox 2182 3344 2291 3397; x_wconf 91' lang='lat' dir='ltr'><strong>cuit</strong></span> <span class='ocrx_word' id='word_1_530' title='bbox 2330 3345 2375 3398; x_wconf 90' lang='lat' dir='ltr'><strong>ei</strong></span> <span class='ocrx_word' id='word_1_531' title='bbox 2406 3347 2613 3397; x_wconf 87' lang='lat' dir='ltr'><strong>veniam</strong></span> <span class='ocrx_word' id='word_1_532' title='bbox 2647 3343 2804 3397; x_wconf 90' lang='lat' dir='ltr'><strong>tribui</strong></span> <span class='ocrx_word' id='word_1_533' title='bbox 2847 3358 2861 3396; x_wconf 92' lang='lat'>:</span> <span class='ocrx_word' id='word_1_534' title='bbox 2906 3344 2948 3396; x_wconf 92' lang='lat' dir='ltr'><strong>si</strong></span> <span class='ocrx_word' id='word_1_535' title='bbox 2983 3358 3109 3397; x_wconf 83' lang='lat' dir='ltr'><strong>vero</strong></span> <span class='ocrx_word' id='word_1_536' title='bbox 3142 3344 3193 3395; x_wconf 93' lang='lat' dir='ltr'><strong>in</strong></span> <span class='ocrx_word' id='word_1_537' title='bbox 3222 3357 3281 3397; x_wconf 85' lang='lat' dir='ltr'><strong>ea</strong></span> <span class='ocrx_word' id='word_1_538' title='bbox 3312 3343 3474 3410; x_wconf 68' lang='lat' dir='ltr'><strong>iniqizi</strong></span> <span class='ocrx_word' id='word_1_539' title='bbox 3500 3352 3586 3396; x_wconf 88' lang='lat' dir='ltr'><strong>ate</strong></span> <span class='ocrx_word' id='word_1_540' title='bbox 3613 3342 3770 3395; x_wconf 85' lang='lat' dir='ltr'><strong>dura-</strong></span> 
     </span>
    </p>
   </div>
   <div class='ocr_carea' id='block_1_79' title="bbox 2186 3434 3279 3504">
    <p class='ocr_par' dir='ltr' id='par_1_79' title="bbox 2186 3434 3279 3504">
     <span class='ocr_line' id='line_1_80' title="bbox 2186 3434 3279 3504; baseline -0.002 -14"><span class='ocrx_word' id='word_1_541' title='bbox 2186 3436 2341 3499; x_wconf 85' lang='lat' dir='ltr'><strong>verit,</strong></span> <span class='ocrx_word' id='word_1_542' title='bbox 2372 3436 2440 3488; x_wconf 89' lang='lat' dir='ltr'><strong>ab</strong></span> <span class='ocrx_word' id='word_1_543' title='bbox 2464 3434 2697 3490; x_wconf 85' lang='lat' dir='ltr'><strong>Ecclesia</strong></span> <span class='ocrx_word' id='word_1_544' title='bbox 2727 3452 2845 3490; x_wconf 87' lang='lat' dir='ltr'><strong>esse</strong></span> <span class='ocrx_word' id='word_1_545' title='bbox 2871 3435 3279 3504; x_wconf 84' lang='lat' dir='ltr'><strong>projiciendum.</strong></span> 
     </span>
    </p>
   </div>
   <div class='ocr_carea' id='block_1_80' title="bbox 2291 3526 3658 3599">
    <p class='ocr_par' dir='ltr' id='par_1_80' title="bbox 2291 3526 3658 3599">
     <span class='ocr_line' id='line_1_81' title="bbox 2291 3526 3658 3599; baseline -0.002 -17"><span class='ocrx_word' id='word_1_546' title='bbox 2291 3528 2430 3582; x_wconf 80' lang='lat' dir='ltr'><strong>XXI.</strong></span> <span class='ocrx_word' id='word_1_547' title='bbox 2465 3528 2542 3581; x_wconf 86' lang='lat' dir='ltr'><strong>De</strong></span> <span class='ocrx_word' id='word_1_548' title='bbox 2569 3529 2648 3582; x_wconf 81' lang='lat' dir='ltr'><strong>Itis</strong></span> <span class='ocrx_word' id='word_1_549' title='bbox 2673 3529 2761 3599; x_wconf 87' lang='lat' dir='ltr'><strong>qui</strong></span> <span class='ocrx_word' id='word_1_550' title='bbox 2791 3529 2986 3581; x_wconf 83' lang='lat' dir='ltr'><strong>tardius</strong></span> <span class='ocrx_word' id='word_1_551' title='bbox 3012 3527 3077 3579; x_wconf 86' lang='lat' dir='ltr'><strong>ad</strong></span> <span class='ocrx_word' id='word_1_552' title='bbox 3107 3526 3371 3581; x_wconf 84' lang='lat' dir='ltr'><strong>ecclesiam</strong></span> <span class='ocrx_word' id='word_1_553' title='bbox 3392 3526 3658 3580; x_wconf 81' lang='lat' dir='ltr'><strong>accedunt.</strong></span> 
     </span>
    </p>
   </div>
   <div class='ocr_carea' id='block_1_81' title="bbox 2253 3617 3767 3689">
    <p class='ocr_par' dir='ltr' id='par_1_81' title="bbox 2253 3617 3767 3689">
     <span class='ocr_line' id='line_1_82' title="bbox 2253 3617 3767 3689; baseline -0.003 -15"><span class='ocrx_word' id='word_1_554' title='bbox 2253 3620 2305 3674; x_wconf 85' lang='lat' dir='ltr'><strong>Si</strong></span> <span class='ocrx_word' id='word_1_555' title='bbox 2335 3622 2451 3689; x_wconf 90' lang='lat' dir='ltr'><strong>quis</strong></span> <span class='ocrx_word' id='word_1_556' title='bbox 2484 3620 2533 3673; x_wconf 91' lang='lat' dir='ltr'><strong>in</strong></span> <span class='ocrx_word' id='word_1_557' title='bbox 2568 3620 2783 3673; x_wconf 80' lang='lat' dir='ltr'><strong>civitate</strong></span> <span class='ocrx_word' id='word_1_558' title='bbox 2815 3620 3018 3686; x_wconf 89' lang='lat' dir='ltr'><strong>positus</strong></span> <span class='ocrx_word' id='word_1_559' title='bbox 3045 3628 3152 3672; x_wconf 83' lang='lat' dir='ltr'><strong>tres</strong></span> <span class='ocrx_word' id='word_1_560' title='bbox 3175 3619 3472 3672; x_wconf 82' lang='lat' dir='ltr'><strong>dominicas</strong></span> <span class='ocrx_word' id='word_1_561' title='bbox 3500 3618 3563 3671; x_wconf 82' lang='lat' dir='ltr'><strong>ad</strong></span> <span class='ocrx_word' id='word_1_562' title='bbox 3593 3617 3767 3672; x_wconf 88' lang='lat' dir='ltr'><strong>eccle-</strong></span> 
     </span>
    </p>
   </div>
   <div class='ocr_carea' id='block_1_82' title="bbox 2181 3706 3767 3782">
    <p class='ocr_par' dir='ltr' id='par_1_82' title="bbox 2181 3706 3767 3782">
     <span class='ocr_line' id='line_1_83' title="bbox 2181 3706 3767 3782; baseline -0.004 -14"><span class='ocrx_word' id='word_1_563' title='bbox 2181 3715 2311 3768; x_wconf 87' lang='lat' dir='ltr'><strong>siam</strong></span> <span class='ocrx_word' id='word_1_564' title='bbox 2345 3729 2447 3768; x_wconf 90' lang='lat' dir='ltr'><strong>nou</strong></span> <span class='ocrx_word' id='word_1_565' title='bbox 2479 3706 2802 3777; x_wconf 77' lang='lat' dir='ltr'><strong>accesserit,</strong></span> <span class='ocrx_word' id='word_1_566' title='bbox 2838 3728 3008 3781; x_wconf 88' lang='lat' dir='ltr'><strong>pauco</strong></span> <span class='ocrx_word' id='word_1_567' title='bbox 3037 3722 3278 3782; x_wconf 85' lang='lat' dir='ltr'><strong>tempore</strong></span> <span class='ocrx_word' id='word_1_568' title='bbox 3304 3713 3677 3774; x_wconf 69' lang='lat' dir='ltr'><strong>absxiueatur,</strong></span> <span class='ocrx_word' id='word_1_569' title='bbox 3710 3717 3767 3762; x_wconf 84' lang='lat' dir='ltr'><strong>ut</strong></span> 
     </span>
    </p>
   </div>
   <div class='ocr_carea' id='block_1_83' title="bbox 2183 3806 2890 3875">
    <p class='ocr_par' dir='ltr' id='par_1_83' title="bbox 2183 3806 2890 3875">
     <span class='ocr_line' id='line_1_84' title="bbox 2183 3806 2890 3875; baseline -0.003 -13"><span class='ocrx_word' id='word_1_570' title='bbox 2183 3815 2461 3875; x_wconf 87' lang='lat' dir='ltr'><strong>correptus</strong></span> <span class='ocrx_word' id='word_1_571' title='bbox 2483 3822 2603 3863; x_wconf 87' lang='lat' dir='ltr'><strong>esse</strong></span> <span class='ocrx_word' id='word_1_572' title='bbox 2628 3806 2890 3860; x_wconf 75' lang='lat' dir='ltr'><strong>videatur.</strong></span> 
     </span>
    </p>
   </div>
   <div class='ocr_carea' id='block_1_84' title="bbox 2291 3914 3655 3999">
    <p class='ocr_par' dir='ltr' id='par_1_84' title="bbox 2291 3914 3655 3999">
     <span class='ocr_line' id='line_1_85' title="bbox 2291 3914 3655 3999; baseline -0.007 -26"><span class='ocrx_word' id='word_1_573' title='bbox 2291 3919 2454 3973; x_wconf 82' lang='lat' dir='ltr'><strong>XXII.</strong></span> <span class='ocrx_word' id='word_1_574' title='bbox 2489 3919 2566 3973; x_wconf 84' lang='lat' dir='ltr'><strong>De</strong></span> <span class='ocrx_word' id='word_1_575' title='bbox 2604 3918 2868 3999; x_wconf 76' lang='lat' dir='ltr'><strong>catholicis</strong></span> <span class='ocrx_word' id='word_1_576' title='bbox 2900 3919 2950 3969; x_wconf 90' lang='lat' dir='ltr'><strong>in</strong></span> <span class='ocrx_word' id='word_1_577' title='bbox 2980 3917 3219 3971; x_wconf 75' lang='lat' dir='ltr'><strong>Itwresem</strong></span> <span class='ocrx_word' id='word_1_578' title='bbox 3258 3914 3655 3976; x_wconf 84' lang='lat' dir='ltr'><strong>transeuntibus,</strong></span> 
     </span>
    </p>
   </div>
   <div class='ocr_carea' id='block_1_85' title="bbox 2761 3999 3161 4043">
    <p class='ocr_par' dir='ltr' id='par_1_85' title="bbox 2761 3999 3161 4043">
     <span class='ocr_line' id='line_1_86' title="bbox 2761 3999 3161 4043; baseline -0.008 0"><span class='ocrx_word' id='word_1_579' title='bbox 2761 4007 2803 4043; x_wconf 79' lang='lat' dir='ltr'><strong>st</strong></span> <span class='ocrx_word' id='word_1_580' title='bbox 2829 3999 3161 4043; x_wconf 82' lang='lat' dir='ltr'><strong>revertantur.</strong></span> 
     </span>
    </p>
   </div>
   <div class='ocr_carea' id='block_1_86' title="bbox 2254 4099 3771 4173">
    <p class='ocr_par' dir='ltr' id='par_1_86' title="bbox 2254 4099 3771 4173">
     <span class='ocr_line' id='line_1_87' title="bbox 2254 4099 3771 4173; baseline -0.007 -14"><span class='ocrx_word' id='word_1_581' title='bbox 2254 4104 2306 4159; x_wconf 92' lang='lat' dir='ltr'><strong>Si</strong></span> <span class='ocrx_word' id='word_1_582' title='bbox 2336 4103 2453 4173; x_wconf 69' lang='lat' dir='ltr'><strong>quis</strong></span> <span class='ocrx_word' id='word_1_583' title='bbox 2483 4103 2549 4157; x_wconf 90' lang='lat' dir='ltr'><strong>de</strong></span> <span class='ocrx_word' id='word_1_584' title='bbox 2589 4102 2847 4157; x_wconf 87' lang='lat' dir='ltr'><strong>catholica</strong></span> <span class='ocrx_word' id='word_1_585' title='bbox 2888 4101 3125 4155; x_wconf 86' lang='lat' dir='ltr'><strong>Ecclesia</strong></span> <span class='ocrx_word' id='word_1_586' title='bbox 3172 4100 3238 4153; x_wconf 89' lang='lat' dir='ltr'><strong>ad</strong></span> <span class='ocrx_word' id='word_1_587' title='bbox 3289 4099 3547 4153; x_wconf 71' lang='lat' dir='ltr'><strong>ltmresem</strong></span> <span class='ocrx_word' id='word_1_588' title='bbox 3596 4106 3771 4149; x_wconf 83' lang='lat' dir='ltr'><strong>trans-</strong></span> 
     </span>
    </p>
   </div>
   <div class='ocr_carea' id='block_1_87' title="bbox 2184 4188 3769 4263">
    <p class='ocr_par' dir='ltr' id='par_1_87' title="bbox 2184 4188 3769 4263">
     <span class='ocr_line' id='line_1_88' title="bbox 2184 4188 3769 4263; baseline -0.004 -15"><span class='ocrx_word' id='word_1_589' title='bbox 2184 4196 2314 4250; x_wconf 91' lang='lat' dir='ltr'><strong>itnm</strong></span> <span class='ocrx_word' id='word_1_590' title='bbox 2348 4197 2533 4251; x_wconf 69' lang='lat' dir='ltr'><strong>fecerit</strong></span> <span class='ocrx_word' id='word_1_591' title='bbox 2564 4209 2856 4263; x_wconf 81' lang='lat' dir='ltr'><strong>rursusque</strong></span> <span class='ocrx_word' id='word_1_592' title='bbox 2885 4194 3191 4255; x_wconf 87' lang='lat' dir='ltr'><strong>rccurrerit,</strong></span> <span class='ocrx_word' id='word_1_593' title='bbox 3226 4192 3420 4261; x_wconf 87' lang='lat' dir='ltr'><strong>placuit</strong></span> <span class='ocrx_word' id='word_1_594' title='bbox 3452 4189 3573 4241; x_wconf 87' lang='lat' dir='ltr'><strong>huic</strong></span> <span class='ocrx_word' id='word_1_595' title='bbox 3599 4188 3769 4255; x_wconf 75' lang='lat' dir='ltr'><strong>pmni-</strong></span> 
     </span>
    </p>
   </div>
   <div class='ocr_carea' id='block_1_88' title="bbox 2186 4279 3774 4353">
    <p class='ocr_par' dir='ltr' id='par_1_88' title="bbox 2186 4279 3774 4353">
     <span class='ocr_line' id='line_1_89' title="bbox 2186 4279 3774 4353; baseline -0.006 -12"><span class='ocrx_word' id='word_1_596' title='bbox 2186 4289 2403 4341; x_wconf 88' lang='lat' dir='ltr'><strong>teutiam</strong></span> <span class='ocrx_word' id='word_1_597' title='bbox 2452 4302 2558 4339; x_wconf 90' lang='lat' dir='ltr'><strong>non</strong></span> <span class='ocrx_word' id='word_1_598' title='bbox 2600 4300 2719 4339; x_wconf 87' lang='lat' dir='ltr'><strong>esse</strong></span> <span class='ocrx_word' id='word_1_599' title='bbox 2767 4285 3129 4353; x_wconf 75' lang='lat' dir='ltr'><strong>denegandam</strong></span> <span class='ocrx_word' id='word_1_600' title='bbox 3181 4298 3246 4338; x_wconf 90' lang='lat' dir='ltr'><strong>eo</strong></span> <span class='ocrx_word' id='word_1_601' title='bbox 3276 4282 3413 4352; x_wconf 88' lang='lat' dir='ltr'><strong>quod</strong></span> <span class='ocrx_word' id='word_1_602' title='bbox 3460 4279 3774 4348; x_wconf 88' lang='lat' dir='ltr'><strong>cognoverit</strong></span> 
     </span>
    </p>
   </div>
   <div class='ocr_carea' id='block_1_89' title="bbox 2187 4374 3773 4449">
    <p class='ocr_par' dir='ltr' id='par_1_89' title="bbox 2187 4374 3773 4449">
     <span class='ocr_line' id='line_1_90' title="bbox 2187 4374 3773 4449; baseline -0.004 -19"><span class='ocrx_word' id='word_1_603' title='bbox 2187 4390 2461 4449; x_wconf 74' lang='lat' dir='ltr'><strong>peccatum</strong></span> <span class='ocrx_word' id='word_1_604' title='bbox 2495 4393 2646 4431; x_wconf 84' lang='lat' dir='ltr'><strong>suum</strong></span> <span class='ocrx_word' id='word_1_605' title='bbox 2680 4394 2694 4443; x_wconf 88' lang='lat'><strong>;</strong></span> <span class='ocrx_word' id='word_1_606' title='bbox 2738 4379 2825 4444; x_wconf 90' lang='lat' dir='ltr'><strong>qui</strong></span> <span class='ocrx_word' id='word_1_607' title='bbox 2860 4377 3018 4430; x_wconf 87' lang='lat' dir='ltr'><strong>etiam</strong></span> <span class='ocrx_word' id='word_1_608' title='bbox 3051 4377 3236 4430; x_wconf 88' lang='lat' dir='ltr'><strong>decem</strong></span> <span class='ocrx_word' id='word_1_609' title='bbox 3271 4376 3421 4428; x_wconf 85' lang='lat' dir='ltr'><strong>annis</strong></span> <span class='ocrx_word' id='word_1_610' title='bbox 3450 4384 3571 4441; x_wconf 82' lang='lat' dir='ltr'><strong>agat</strong></span> <span class='ocrx_word' id='word_1_611' title='bbox 3603 4374 3773 4441; x_wconf 72' lang='grc' dir='ltr'><strong>ί)ωηὶ-</strong></span> 
     </span>
    </p>
   </div>
   <div class='ocr_carea' id='block_1_90' title="bbox 501 4454 2075 4557">
    <p class='ocr_par' dir='ltr' id='par_1_90' title="bbox 501 4454 2075 4531">
     <span class='ocr_line' id='line_1_91' title="bbox 501 4454 2075 4531; baseline -0.008 -12"><span class='ocrx_word' id='word_1_612' title='bbox 501 4477 608 4530; x_wconf 90' lang='lat' dir='ltr'><strong>tur,</strong></span> <span class='ocrx_word' id='word_1_613' title='bbox 661 4460 857 4531; x_wconf 82' lang='lat' dir='ltr'><strong>placuit</strong></span> <span class='ocrx_word' id='word_1_614' title='bbox 903 4472 994 4511; x_wconf 88' lang='lat' dir='ltr'><strong>eas</strong></span> <span class='ocrx_word' id='word_1_615' title='bbox 1041 4457 1092 4509; x_wconf 90' lang='lat' dir='ltr'><strong>in</strong></span> <span class='ocrx_word' id='word_1_616' title='bbox 1144 4456 1299 4509; x_wconf 87' lang='lat' dir='ltr'><strong>tinem</strong></span> <span class='ocrx_word' id='word_1_617' title='bbox 1354 4455 1783 4508; x_wconf 83' lang='lat' dir='ltr'><strong>comtmtnionem</strong></span> <span class='ocrx_word' id='word_1_618' title='bbox 1840 4454 2075 4521; x_wconf 87' lang='lat' dir='ltr'><strong>accipere</strong></span> 
     </span>
    </p>
   </div>
   <div class='ocr_carea' id='block_1_91' title="bbox 2177 4454 3775 4557">
    <p class='ocr_par' dir='ltr' id='par_1_91' title="bbox 2190 4468 3775 4539">
     <span class='ocr_line' id='line_1_92' title="bbox 2190 4468 3775 4539; baseline -0.005 -14"><span class='ocrx_word' id='word_1_619' title='bbox 2190 4475 2406 4526; x_wconf 84' lang='lat' dir='ltr'><strong>tentiam</strong></span> <span class='ocrx_word' id='word_1_620' title='bbox 2435 4512 2449 4536; x_wconf 93' lang='lat'><strong>,</strong></span> <span class='ocrx_word' id='word_1_621' title='bbox 2490 4473 2574 4525; x_wconf 88' lang='lat' dir='ltr'><strong>cui</strong></span> <span class='ocrx_word' id='word_1_622' title='bbox 2626 4482 2743 4539; x_wconf 89' lang='lat' dir='ltr'><strong>post</strong></span> <span class='ocrx_word' id='word_1_623' title='bbox 2771 4470 2951 4525; x_wconf 89' lang='lat' dir='ltr'><strong>decem</strong></span> <span class='ocrx_word' id='word_1_624' title='bbox 2983 4483 3150 4527; x_wconf 85' lang='lat' dir='ltr'><strong>annos</strong></span> <span class='ocrx_word' id='word_1_625' title='bbox 3183 4469 3423 4538; x_wconf 70' lang='lat' dir='ltr'><strong>prmstari</strong></span> <span class='ocrx_word' id='word_1_626' title='bbox 3462 4468 3775 4520; x_wconf 83' lang='lat' dir='ltr'><strong>communio</strong></span> 
     </span>
    </p>
   </div>
   <div class='ocr_carea' id='block_1_92' title="bbox 498 4559 712 4614">
    <p class='ocr_par' dir='ltr' id='par_1_92' title="bbox 498 4559 712 4614">
     <span class='ocr_line' id='line_1_93' title="bbox 498 4559 712 4614; baseline -0.009 -3"><span class='ocrx_word' id='word_1_627' title='bbox 498 4559 712 4614; x_wconf 81' lang='lat' dir='ltr'><strong>debere.</strong></span> 
     </span>
    </p>
   </div>
   <div class='ocr_carea' id='block_1_93' title="bbox 604 4636 1967 4712">
    <p class='ocr_par' dir='ltr' id='par_1_93' title="bbox 604 4636 1967 4712">
     <span class='ocr_line' id='line_1_94' title="bbox 604 4636 1967 4712; baseline -0.008 -12"><span class='ocrx_word' id='word_1_628' title='bbox 604 4647 743 4700; x_wconf 83' lang='lat' dir='ltr'><strong>XIV.</strong></span> <span class='ocrx_word' id='word_1_629' title='bbox 778 4644 849 4697; x_wconf 87' lang='lat' dir='ltr'><strong>De</strong></span> <span class='ocrx_word' id='word_1_630' title='bbox 873 4639 1145 4712; x_wconf 85' lang='lat' dir='ltr'><strong>virginibus</strong></span> <span class='ocrx_word' id='word_1_631' title='bbox 1167 4636 1497 4692; x_wconf 73' lang='lat' dir='ltr'><strong>swcularibus</strong></span> <span class='ocrx_word' id='word_1_632' title='bbox 1526 4636 1567 4689; x_wconf 87' lang='lat' dir='ltr'><strong>si</strong></span> <span class='ocrx_word' id='word_1_633' title='bbox 1599 4636 1967 4690; x_wconf 74' lang='lat' dir='ltr'><strong>maeclwverint.</strong></span> 
     </span>
    </p>
   </div>
   <div class='ocr_carea' id='block_1_94' title="bbox 574 4726 2072 4806">
    <p class='ocr_par' dir='ltr' id='par_1_94' title="bbox 574 4726 2072 4806">
     <span class='ocr_line' id='line_1_95' title="bbox 574 4726 2072 4806; baseline -0.005 -17"><span class='ocrx_word' id='word_1_634' title='bbox 574 4737 820 4806; x_wconf 72' lang='lat' dir='ltr'><strong>Virgines</strong></span> <span class='ocrx_word' id='word_1_635' title='bbox 853 4748 967 4802; x_wconf 75' lang='lat' dir='ltr'><strong>qua:</strong></span> <span class='ocrx_word' id='word_1_636' title='bbox 988 4728 1338 4799; x_wconf 79' lang='lat' dir='ltr'><strong>virginitatem</strong></span> <span class='ocrx_word' id='word_1_637' title='bbox 1369 4743 1518 4781; x_wconf 90' lang='lat' dir='ltr'><strong>suam</strong></span> <span class='ocrx_word' id='word_1_638' title='bbox 1553 4742 1655 4780; x_wconf 89' lang='lat' dir='ltr'><strong>non</strong></span> <span class='ocrx_word' id='word_1_639' title='bbox 1705 4726 2072 4793; x_wconf 78' lang='lat' dir='ltr'><strong>custodierint,</strong></span> 
     </span>
    </p>
   </div>
   <div class='ocr_carea' id='block_1_95' title="bbox 499 4818 2078 4892">
    <p class='ocr_par' dir='ltr' id='par_1_95' title="bbox 499 4818 2078 4892">
     <span class='ocr_line' id='line_1_96' title="bbox 499 4818 2078 4892; baseline -0.009 -9"><span class='ocrx_word' id='word_1_640' title='bbox 499 4830 541 4883; x_wconf 89' lang='lat' dir='ltr'><strong>si</strong></span> <span class='ocrx_word' id='word_1_641' title='bbox 566 4827 779 4881; x_wconf 88' lang='lat' dir='ltr'><strong>eosdem</strong></span> <span class='ocrx_word' id='word_1_642' title='bbox 815 4825 903 4892; x_wconf 90' lang='lat' dir='ltr'><strong>qui</strong></span> <span class='ocrx_word' id='word_1_643' title='bbox 934 4837 1029 4877; x_wconf 85' lang='lat' dir='ltr'><strong>eas</strong></span> <span class='ocrx_word' id='word_1_644' title='bbox 1061 4818 1375 4874; x_wconf 82' lang='lat' dir='ltr'><strong>violaverim</strong></span> <span class='ocrx_word' id='word_1_645' title='bbox 1408 4818 1659 4872; x_wconf 82' lang='lat' dir='ltr'><strong>duxerint</strong></span> <span class='ocrx_word' id='word_1_646' title='bbox 1708 4828 1759 4871; x_wconf 89' lang='lat' dir='ltr'><strong>et</strong></span> <span class='ocrx_word' id='word_1_647' title='bbox 1810 4818 2078 4871; x_wconf 85' lang='lat' dir='ltr'><strong>tenuerint</strong></span> 
     </span>
    </p>
   </div>
   <div class='ocr_carea' id='block_1_96' title="bbox 501 4911 2078 4983">
    <p class='ocr_par' dir='ltr' id='par_1_96' title="bbox 501 4911 2078 4983">
     <span class='ocr_line' id='line_1_97' title="bbox 501 4911 2078 4983; baseline -0.008 -9"><span class='ocrx_word' id='word_1_648' title='bbox 501 4918 738 4983; x_wconf 87' lang='lat' dir='ltr'><strong>maritos,</strong></span> <span class='ocrx_word' id='word_1_649' title='bbox 772 4930 836 4969; x_wconf 92' lang='lat' dir='ltr'><strong>eo</strong></span> <span class='ocrx_word' id='word_1_650' title='bbox 876 4913 1017 4983; x_wconf 88' lang='lat' dir='ltr'><strong>quod</strong></span> <span class='ocrx_word' id='word_1_651' title='bbox 1045 4912 1187 4966; x_wconf 90' lang='lat' dir='ltr'><strong>solas</strong></span> <span class='ocrx_word' id='word_1_652' title='bbox 1213 4911 1421 4978; x_wconf 89' lang='lat' dir='ltr'><strong>nuptias</strong></span> <span class='ocrx_word' id='word_1_653' title='bbox 1446 4912 1778 4975; x_wconf 80' lang='lat' dir='ltr'><strong>violaverim,</strong></span> <span class='ocrx_word' id='word_1_654' title='bbox 1826 4919 1942 4975; x_wconf 91' lang='lat' dir='ltr'><strong>post</strong></span> <span class='ocrx_word' id='word_1_655' title='bbox 1986 4923 2078 4963; x_wconf 86' lang='lat' dir='ltr'><strong>an-</strong></span> 
     </span>
    </p>
   </div>
   <div class='ocr_carea' id='block_1_97' title="bbox 502 4997 2079 5070">
    <p class='ocr_par' dir='ltr' id='par_1_97' title="bbox 502 4997 2079 5070">
     <span class='ocr_line' id='line_1_98' title="bbox 502 4997 2079 5070; baseline -0.007 -8"><span class='ocrx_word' id='word_1_656' title='bbox 502 5024 625 5062; x_wconf 90' lang='lat' dir='ltr'><strong>num</strong></span> <span class='ocrx_word' id='word_1_657' title='bbox 658 5007 772 5059; x_wconf 89' lang='lat' dir='ltr'><strong>sine</strong></span> <span class='ocrx_word' id='word_1_658' title='bbox 805 5001 1111 5070; x_wconf 63' lang='lat' dir='ltr'><strong>paenitentia</strong></span> <span class='ocrx_word' id='word_1_659' title='bbox 1153 4997 1485 5052; x_wconf 88' lang='lat' dir='ltr'><strong>reconciliari</strong></span> <span class='ocrx_word' id='word_1_660' title='bbox 1533 4997 1837 5062; x_wconf 84' lang='lat' dir='ltr'><strong>debebunt;</strong></span> <span class='ocrx_word' id='word_1_661' title='bbox 1895 4997 1977 5051; x_wconf 84' lang='lat' dir='ltr'><strong>vel</strong></span> <span class='ocrx_word' id='word_1_662' title='bbox 2032 4997 2079 5051; x_wconf 87' lang='lat' dir='ltr'><strong>si</strong></span> 
     </span>
    </p>
   </div>
   <div class='ocr_carea' id='block_1_98' title="bbox 498 5085 2077 5162">
    <p class='ocr_par' dir='ltr' id='par_1_98' title="bbox 498 5085 2077 5162">
     <span class='ocr_line' id='line_1_99' title="bbox 498 5085 2077 5162; baseline -0.002 -19"><span class='ocrx_word' id='word_1_663' title='bbox 498 5099 630 5153; x_wconf 75' lang='lat' dir='ltr'><strong>alios</strong></span> <span class='ocrx_word' id='word_1_664' title='bbox 680 5089 1025 5162; x_wconf 77' lang='lat' dir='ltr'><strong>cognoverint</strong></span> <span class='ocrx_word' id='word_1_665' title='bbox 1076 5085 1238 5153; x_wconf 89' lang='lat' dir='ltr'><strong>viros,</strong></span> <span class='ocrx_word' id='word_1_666' title='bbox 1297 5102 1361 5139; x_wconf 90' lang='lat' dir='ltr'><strong>eo</strong></span> <span class='ocrx_word' id='word_1_667' title='bbox 1415 5086 1555 5155; x_wconf 89' lang='lat' dir='ltr'><strong>quod</strong></span> <span class='ocrx_word' id='word_1_668' title='bbox 1604 5088 1885 5139; x_wconf 76' lang='lat' dir='ltr'><strong>ttimcl.at:c</strong></span> <span class='ocrx_word' id='word_1_669' title='bbox 1932 5095 2077 5150; x_wconf 91' lang='lat' dir='ltr'><strong>sunt,</strong></span> 
     </span>
    </p>
   </div>
   <div class='ocr_carea' id='block_1_99' title="bbox 504 5179 2080 5262">
    <p class='ocr_par' dir='ltr' id='par_1_99' title="bbox 504 5179 2080 5262">
     <span class='ocr_line' id='line_1_100' title="bbox 504 5179 2080 5262; baseline -0.006 -19"><span class='ocrx_word' id='word_1_670' title='bbox 504 5190 701 5262; x_wconf 78' lang='lat' dir='ltr'><strong>placuit</strong></span> <span class='ocrx_word' id='word_1_671' title='bbox 727 5203 816 5255; x_wconf 90' lang='lat' dir='ltr'><strong>per</strong></span> <span class='ocrx_word' id='word_1_672' title='bbox 841 5181 1187 5255; x_wconf 89' lang='lat' dir='ltr'><strong>quinquennii</strong></span> <span class='ocrx_word' id='word_1_673' title='bbox 1219 5192 1460 5249; x_wconf 86' lang='lat' dir='ltr'><strong>tempora</strong></span> <span class='ocrx_word' id='word_1_674' title='bbox 1493 5189 1608 5233; x_wconf 88' lang='lat' dir='ltr'><strong>acta</strong></span> <span class='ocrx_word' id='word_1_675' title='bbox 1642 5179 1880 5247; x_wconf 87' lang='lat' dir='ltr'><strong>legitima</strong></span> <span class='ocrx_word' id='word_1_676' title='bbox 1911 5181 2080 5250; x_wconf 74' lang='lat' dir='ltr'><strong>pomi-</strong></span> 
     </span>
    </p>
   </div>
   <div class='ocr_carea' id='block_1_100' title="bbox 504 5272 1865 5340">
    <p class='ocr_par' dir='ltr' id='par_1_100' title="bbox 504 5272 1865 5340">
     <span class='ocr_line' id='line_1_101' title="bbox 504 5272 1865 5340; baseline -0.01 -3"><span class='ocrx_word' id='word_1_677' title='bbox 504 5282 665 5338; x_wconf 85' lang='lat' dir='ltr'><strong>tcntia</strong></span> <span class='ocrx_word' id='word_1_678' title='bbox 694 5277 901 5333; x_wconf 87' lang='lat' dir='ltr'><strong>admitti</strong></span> <span class='ocrx_word' id='word_1_679' title='bbox 924 5288 1015 5330; x_wconf 87' lang='lat' dir='ltr'><strong>eas</strong></span> <span class='ocrx_word' id='word_1_680' title='bbox 1042 5274 1106 5328; x_wconf 90' lang='lat' dir='ltr'><strong>ad</strong></span> <span class='ocrx_word' id='word_1_681' title='bbox 1138 5272 1568 5328; x_wconf 80' lang='lat' dir='ltr'><strong>ermmunionem</strong></span> <span class='ocrx_word' id='word_1_682' title='bbox 1593 5282 1865 5340; x_wconf 86' lang='lat' dir='ltr'><strong>oportere.</strong></span> 
     </span>
    </p>
   </div>
   <div class='ocr_carea' id='block_1_101' title="bbox 536 5384 2007 5460">
    <p class='ocr_par' dir='ltr' id='par_1_101' title="bbox 536 5384 2007 5460">
     <span class='ocr_line' id='line_1_102' title="bbox 536 5384 2007 5460; baseline -0.004 -17"><span class='ocrx_word' id='word_1_683' title='bbox 536 5434 543 5443; x_wconf 46' lang='grc' dir='ltr'><strong>κ</strong></span> <span class='ocrx_word' id='word_1_684' title='bbox 574 5393 684 5448; x_wconf 76' lang='lat' dir='ltr'><strong>XV.</strong></span> <span class='ocrx_word' id='word_1_685' title='bbox 714 5390 1028 5460; x_wconf 84' lang='lat' dir='ltr'><strong>Deconjugiu</strong></span> <span class='ocrx_word' id='word_1_686' title='bbox 1053 5404 1227 5441; x_wconf 87' lang='lat' dir='ltr'><strong>eorum</strong></span> <span class='ocrx_word' id='word_1_687' title='bbox 1250 5390 1333 5456; x_wconf 84' lang='lat' dir='ltr'><strong>qui</strong></span> <span class='ocrx_word' id='word_1_688' title='bbox 1363 5403 1427 5441; x_wconf 76' lang='lat' dir='ltr'><strong>ea:</strong></span> <span class='ocrx_word' id='word_1_689' title='bbox 1448 5384 1745 5441; x_wconf 82' lang='lat' dir='ltr'><strong>Gentilitate</strong></span> <span class='ocrx_word' id='word_1_690' title='bbox 1775 5387 2007 5438; x_wconf 87' lang='lat' dir='ltr'><strong>veniunt.</strong></span> 
     </span>
    </p>
   </div>
   <div class='ocr_carea' id='block_1_102' title="bbox 576 5500 2079 5574">
    <p class='ocr_par' dir='ltr' id='par_1_102' title="bbox 576 5500 2079 5574">
     <span class='ocr_line' id='line_1_103' title="bbox 576 5500 2079 5574; baseline -0.006 -14"><span class='ocrx_word' id='word_1_691' title='bbox 576 5508 797 5574; x_wconf 78' lang='lat' dir='ltr'><strong>I’ropter</strong></span> <span class='ocrx_word' id='word_1_692' title='bbox 824 5503 1029 5573; x_wconf 83' lang='lat' dir='ltr'><strong>capiam</strong></span> <span class='ocrx_word' id='word_1_693' title='bbox 1079 5501 1372 5569; x_wconf 85' lang='lat' dir='ltr'><strong>puellarum</strong></span> <span class='ocrx_word' id='word_1_694' title='bbox 1419 5500 1705 5570; x_wconf 82' lang='lat' dir='ltr'><strong>gentilibus</strong></span> <span class='ocrx_word' id='word_1_695' title='bbox 1757 5500 1977 5555; x_wconf 86' lang='lat' dir='ltr'><strong>minime</strong></span> <span class='ocrx_word' id='word_1_696' title='bbox 2031 5500 2079 5553; x_wconf 88' lang='lat' dir='ltr'><strong>in</strong></span> 
     </span>
    </p>
   </div>
   <div class='ocr_carea' id='block_1_103' title="bbox 574 5635 2080 5707">
    <p class='ocr_par' dir='ltr' id='par_1_103' title="bbox 574 5635 2080 5707">
     <span class='ocr_line' id='line_1_104' title="bbox 574 5635 2080 5707; baseline -0.003 -15"><span class='ocrx_word' id='word_1_697' title='bbox 574 5650 599 5677; x_wconf 78' lang='grc'><strong><em>⁸</em></strong></span> <span class='ocrx_word' id='word_1_698' title='bbox 642 5639 771 5695; x_wconf 67' lang='grc'><strong>11.11.</strong></span> <span class='ocrx_word' id='word_1_699' title='bbox 801 5635 1171 5707; x_wconf 52' lang='lat' dir='ltr'><strong>{placuit/mit:</strong></span> <span class='ocrx_word' id='word_1_700' title='bbox 1199 5636 1250 5687; x_wconf 86' lang='lat' dir='ltr'><strong>in</strong></span> <span class='ocrx_word' id='word_1_701' title='bbox 1273 5636 1424 5707; x_wconf 79' lang='lat' dir='ltr'><strong>finem</strong></span> <span class='ocrx_word' id='word_1_702' title='bbox 1449 5652 1549 5689; x_wconf 88' lang='lat' dir='ltr'><strong>non</strong></span> <span class='ocrx_word' id='word_1_703' title='bbox 1568 5636 1794 5707; x_wconf 77' lang='lat' dir='ltr'><strong>dandam</strong></span> <span class='ocrx_word' id='word_1_704' title='bbox 1812 5651 1918 5689; x_wconf 88' lang='lat' dir='ltr'><strong>esse</strong></span> <span class='ocrx_word' id='word_1_705' title='bbox 1940 5651 2080 5687; x_wconf 83' lang='lat' dir='ltr'><strong>com-</strong></span> 
     </span>
    </p>
   </div>
   <div class='ocr_carea' id='block_1_104' title="bbox 508 5705 2077 5775">
    <p class='ocr_par' dir='ltr' id='par_1_104' title="bbox 508 5705 2077 5775">
     <span class='ocr_line' id='line_1_105' title="bbox 508 5705 2077 5775; baseline -0.004 -11"><span class='ocrx_word' id='word_1_706' title='bbox 508 5712 819 5764; x_wconf 85' lang='lat' dir='ltr'><strong>munionem.</strong></span> <span class='ocrx_word' id='word_1_707' title='bbox 846 5705 910 5761; x_wconf 57' lang='lat' dir='ltr'><strong>’I‘.</strong></span> <span class='ocrx_word' id='word_1_708' title='bbox 944 5709 995 5769; x_wconf 76' lang='grc'><strong>1,</strong></span> <span class='ocrx_word' id='word_1_709' title='bbox 1026 5706 1083 5773; x_wconf 69' lang='grc'><strong>2,</strong></span> <span class='ocrx_word' id='word_1_710' title='bbox 1114 5707 1304 5775; x_wconf 84' lang='lat' dir='ltr'><strong>placuit</strong></span> <span class='ocrx_word' id='word_1_711' title='bbox 1328 5705 1444 5757; x_wconf 81' lang='lat' dir='ltr'><strong>huic</strong></span> <span class='ocrx_word' id='word_1_712' title='bbox 1465 5722 1552 5757; x_wconf 87' lang='lat' dir='ltr'><strong>nee</strong></span> <span class='ocrx_word' id='word_1_713' title='bbox 1581 5706 1633 5757; x_wconf 86' lang='lat' dir='ltr'><strong>in</strong></span> <span class='ocrx_word' id='word_1_714' title='bbox 1653 5707 1805 5773; x_wconf 79' lang='lat' dir='ltr'><strong>finem</strong></span> <span class='ocrx_word' id='word_1_715' title='bbox 1830 5706 2077 5758; x_wconf 81' lang='lat' dir='ltr'><strong>dandam.</strong></span> 
     </span>
    </p>
   </div>
   <div class='ocr_carea' id='block_1_105' title="bbox 575 5775 2073 5846">
    <p class='ocr_par' dir='ltr' id='par_1_105' title="bbox 575 5775 2073 5846">
     <span class='ocr_line' id='line_1_106' title="bbox 575 5775 2073 5846; baseline -0.005 -10"><span class='ocrx_word' id='word_1_716' title='bbox 575 5782 599 5817; x_wconf 69' lang='grc' dir='ltr'>δ</span> <span class='ocrx_word' id='word_1_717' title='bbox 637 5779 723 5842; x_wconf 82' lang='grc' dir='ltr'><strong>υ..</strong></span> <span class='ocrx_word' id='word_1_718' title='bbox 750 5794 810 5832; x_wconf 83' lang='lat' dir='ltr'><strong>ne</strong></span> <span class='ocrx_word' id='word_1_719' title='bbox 835 5779 1195 5830; x_wconf 76' lang='lat' dir='ltr'><strong>circumeuntes</strong></span> <span class='ocrx_word' id='word_1_720' title='bbox 1221 5775 1523 5846; x_wconf 69' lang='lat' dir='ltr'><strong>provincias,</strong></span> <span class='ocrx_word' id='word_1_721' title='bbox 1550 5784 1859 5843; x_wconf 74' lang='lat' dir='ltr'><strong>qumtuosas</strong></span> <span class='ocrx_word' id='word_1_722' title='bbox 1891 5778 2073 5828; x_wconf 66' lang='lat' dir='ltr'><strong>nundi-</strong></span> 
     </span>
    </p>
   </div>
   <div class='ocr_carea' id='block_1_106' title="bbox 2182 4559 3770 4629">
    <p class='ocr_par' dir='ltr' id='par_1_106' title="bbox 2182 4559 3770 4629">
     <span class='ocr_line' id='line_1_107' title="bbox 2182 4559 3770 4629; baseline -0.003 -12"><span class='ocrx_word' id='word_1_723' title='bbox 2182 4567 2377 4628; x_wconf 51' lang='lat' dir='ltr'><strong>del&#39;et;</strong></span> <span class='ocrx_word' id='word_1_724' title='bbox 2410 4566 2453 4617; x_wconf 88' lang='lat' dir='ltr'><strong>si</strong></span> <span class='ocrx_word' id='word_1_725' title='bbox 2477 4578 2603 4616; x_wconf 67' lang='lat' dir='ltr'><strong>vi-ro</strong></span> <span class='ocrx_word' id='word_1_726' title='bbox 2642 4563 2869 4616; x_wconf 80' lang='lat' dir='ltr'><strong>infantes</strong></span> <span class='ocrx_word' id='word_1_727' title='bbox 2906 4562 3101 4617; x_wconf 79' lang='lat' dir='ltr'><strong>fuerint</strong></span> <span class='ocrx_word' id='word_1_728' title='bbox 3133 4562 3461 4623; x_wconf 83' lang='lat' dir='ltr'><strong>transducti,</strong></span> <span class='ocrx_word' id='word_1_729' title='bbox 3494 4559 3635 4629; x_wconf 83' lang='lat' dir='ltr'><strong>quod</strong></span> <span class='ocrx_word' id='word_1_730' title='bbox 3663 4574 3770 4613; x_wconf 85' lang='lat' dir='ltr'><strong>non</strong></span> 
     </span>
    </p>
   </div>
   <div class='ocr_carea' id='block_1_107' title="bbox 2180 4652 3772 4724">
    <p class='ocr_par' dir='ltr' id='par_1_107' title="bbox 2180 4652 3772 4724">
     <span class='ocr_line' id='line_1_108' title="bbox 2180 4652 3772 4724; baseline -0.005 -14"><span class='ocrx_word' id='word_1_731' title='bbox 2180 4673 2278 4710; x_wconf 91' lang='lat' dir='ltr'><strong>suo</strong></span> <span class='ocrx_word' id='word_1_732' title='bbox 2299 4656 2427 4709; x_wconf 85' lang='lat' dir='ltr'><strong>vitio</strong></span> <span class='ocrx_word' id='word_1_733' title='bbox 2443 4655 2780 4724; x_wconf 75' lang='lat' dir='ltr'><strong>peccaverint</strong></span> <span class='ocrx_word' id='word_1_734' title='bbox 2801 4656 3167 4710; x_wconf 85' lang='lat' dir='ltr'><strong>incunctanter</strong></span> <span class='ocrx_word' id='word_1_735' title='bbox 3186 4654 3345 4723; x_wconf 84' lang='lat' dir='ltr'><strong>recipi</strong></span> <span class='ocrx_word' id='word_1_736' title='bbox 3372 4652 3772 4724; x_wconf 68' lang='lat' dir='ltr'><strong>debentlB.R.,</strong></span> 
     </span>
    </p>
   </div>
   <div class='ocr_carea' id='block_1_108' title="bbox 2179 4745 2489 4817">
    <p class='ocr_par' dir='ltr' id='par_1_108' title="bbox 2179 4745 2489 4817">
     <span class='ocr_line' id='line_1_109' title="bbox 2179 4745 2489 4817; baseline -0.01 -15"><span class='ocrx_word' id='word_1_737' title='bbox 2179 4745 2489 4817; x_wconf 80' lang='lat' dir='ltr'><strong>debebunt].</strong></span> 
     </span>
    </p>
   </div>
   <div class='ocr_carea' id='block_1_109' title="bbox 2380 4838 3558 4911">
    <p class='ocr_par' dir='ltr' id='par_1_109' title="bbox 2380 4838 3558 4911">
     <span class='ocr_line' id='line_1_110' title="bbox 2380 4838 3558 4911; baseline -0.005 -18"><span class='ocrx_word' id='word_1_738' title='bbox 2380 4840 2544 4911; x_wconf 76' lang='lat'><strong>286</strong></span> <span class='ocrx_word' id='word_1_739' title='bbox 2562 4839 2755 4893; x_wconf 75' lang='lat' dir='ltr'><strong>XXIII.</strong></span> <span class='ocrx_word' id='word_1_740' title='bbox 2784 4838 2857 4889; x_wconf 80' lang='lat' dir='ltr'><strong>De</strong></span> <span class='ocrx_word' id='word_1_741' title='bbox 2889 4849 3067 4903; x_wconf 70' lang='lat' dir='ltr'><strong>temper</strong></span> <span class='ocrx_word' id='word_1_742' title='bbox 3086 4838 3195 4889; x_wconf 87' lang='lat' dir='ltr'><strong>ibus</strong></span> <span class='ocrx_word' id='word_1_743' title='bbox 3215 4838 3558 4908; x_wconf 83' lang='lat' dir='ltr'><strong>jejuniorttm.</strong></span> 
     </span>
    </p>
   </div>
   <div class='ocr_carea' id='block_1_110' title="bbox 2248 4926 3772 5000">
    <p class='ocr_par' dir='ltr' id='par_1_110' title="bbox 2248 4926 3772 5000">
     <span class='ocr_line' id='line_1_111' title="bbox 2248 4926 3772 5000; baseline -0.008 -14"><span class='ocrx_word' id='word_1_744' title='bbox 2248 4930 2443 5000; x_wconf 77' lang='lat' dir='ltr'><strong>Jejunii</strong></span> <span class='ocrx_word' id='word_1_745' title='bbox 2473 4929 2927 4998; x_wconf 84' lang='lat' dir='ltr'><strong>supcrpositiones</strong></span> <span class='ocrx_word' id='word_1_746' title='bbox 2954 4927 3097 4999; x_wconf 74' lang='lat' dir='ltr'><strong>[/E.,</strong></span> <span class='ocrx_word' id='word_1_747' title='bbox 3131 4926 3195 4980; x_wconf 84' lang='grc' dir='ltr'><strong>Τ.</strong></span> <span class='ocrx_word' id='word_1_748' title='bbox 3220 4926 3275 4992; x_wconf 74' lang='grc'><strong>2,</strong></span> <span class='ocrx_word' id='word_1_749' title='bbox 3307 4926 3772 4995; x_wconf 80' lang='lat' dir='ltr'><strong>superitttpusitin-</strong></span> 
     </span>
    </p>
   </div>
   <div class='ocr_carea' id='block_1_111' title="bbox 2182 5018 3773 5095">
    <p class='ocr_par' dir='ltr' id='par_1_111' title="bbox 2182 5018 3773 5095">
     <span class='ocr_line' id='line_1_112' title="bbox 2182 5018 3773 5095; baseline -0.006 -16"><span class='ocrx_word' id='word_1_750' title='bbox 2182 5024 2296 5095; x_wconf 79' lang='lat' dir='ltr'><strong>nes]</strong></span> <span class='ocrx_word' id='word_1_751' title='bbox 2331 5039 2422 5092; x_wconf 90' lang='lat' dir='ltr'><strong>per</strong></span> <span class='ocrx_word' id='word_1_752' title='bbox 2454 5023 2691 5090; x_wconf 84' lang='lat' dir='ltr'><strong>singulos</strong></span> <span class='ocrx_word' id='word_1_753' title='bbox 2724 5036 2938 5076; x_wconf 88' lang='lat' dir='ltr'><strong>menses</strong></span> <span class='ocrx_word' id='word_1_754' title='bbox 2970 5022 3168 5090; x_wconf 87' lang='lat' dir='ltr'><strong>placuit</strong></span> <span class='ocrx_word' id='word_1_755' title='bbox 3192 5020 3449 5074; x_wconf 84' lang='lat' dir='ltr'><strong>celebrari</strong></span> <span class='ocrx_word' id='word_1_756' title='bbox 3476 5059 3491 5082; x_wconf 93' lang='lat'><strong>,</strong></span> <span class='ocrx_word' id='word_1_757' title='bbox 3530 5018 3773 5086; x_wconf 70' lang='lat' dir='ltr'><strong>excrptis</strong></span> 
     </span>
    </p>
   </div>
   <div class='ocr_carea' id='block_1_112' title="bbox 2180 5113 3770 5181">
    <p class='ocr_par' dir='ltr' id='par_1_112' title="bbox 2180 5113 3770 5181">
     <span class='ocr_line' id='line_1_113' title="bbox 2180 5113 3770 5181; baseline -0.004 -10"><span class='ocrx_word' id='word_1_758' title='bbox 2180 5119 2364 5171; x_wconf 86' lang='lat' dir='ltr'><strong>diebus</strong></span> <span class='ocrx_word' id='word_1_759' title='bbox 2395 5116 2617 5168; x_wconf 49' lang='lat' dir='ltr'><strong>duarum</strong></span> <span class='ocrx_word' id='word_1_760' title='bbox 2642 5114 2903 5168; x_wconf 88' lang='lat' dir='ltr'><strong>mensium</strong></span> <span class='ocrx_word' id='word_1_761' title='bbox 2928 5113 3056 5169; x_wconf 88' lang='lat' dir='ltr'><strong>.Iulii</strong></span> <span class='ocrx_word' id='word_1_762' title='bbox 3080 5125 3133 5167; x_wconf 87' lang='lat' dir='ltr'><strong>et.</strong></span> <span class='ocrx_word' id='word_1_763' title='bbox 3157 5113 3377 5181; x_wconf 81' lang='lat' dir='ltr'><strong>Augusti</strong></span> <span class='ocrx_word' id='word_1_764' title='bbox 3407 5123 3620 5181; x_wconf 83' lang='lat' dir='ltr'><strong>propter</strong></span> <span class='ocrx_word' id='word_1_765' title='bbox 3638 5124 3770 5180; x_wconf 91' lang='lat' dir='ltr'><strong>quo-</strong></span> 
     </span>
    </p>
   </div>
   <div class='ocr_carea' id='block_1_113' title="bbox 2184 5205 2843 5263">
    <p class='ocr_par' dir='ltr' id='par_1_113' title="bbox 2184 5205 2843 5263">
     <span class='ocr_line' id='line_1_114' title="bbox 2184 5205 2843 5263; baseline -0.009 0"><span class='ocrx_word' id='word_1_766' title='bbox 2184 5208 2423 5263; x_wconf 70' lang='lat' dir='ltr'><strong>rumdam</strong></span> <span class='ocrx_word' id='word_1_767' title='bbox 2458 5205 2843 5260; x_wconf 82' lang='lat' dir='ltr'><strong>inﬁrmitatem.</strong></span> 
     </span>
    </p>
   </div>
   <div class='ocr_carea' id='block_1_114' title="bbox 2290 5313 3662 5386">
    <p class='ocr_par' dir='ltr' id='par_1_114' title="bbox 2290 5313 3662 5386">
     <span class='ocr_line' id='line_1_115' title="bbox 2290 5313 3662 5386; baseline -0.006 -13"><span class='ocrx_word' id='word_1_768' title='bbox 2290 5318 2475 5373; x_wconf 82' lang='lat' dir='ltr'><strong>XXIV.</strong></span> <span class='ocrx_word' id='word_1_769' title='bbox 2508 5313 2584 5369; x_wconf 79' lang='lat' dir='ltr'><strong>De</strong></span> <span class='ocrx_word' id='word_1_770' title='bbox 2612 5316 2691 5369; x_wconf 69' lang='lat' dir='ltr'><strong>Itis</strong></span> <span class='ocrx_word' id='word_1_771' title='bbox 2720 5315 2802 5385; x_wconf 84' lang='lat' dir='ltr'><strong>qui</strong></span> <span class='ocrx_word' id='word_1_772' title='bbox 2828 5316 2879 5368; x_wconf 89' lang='lat' dir='ltr'><strong>in</strong></span> <span class='ocrx_word' id='word_1_773' title='bbox 2912 5331 3113 5386; x_wconf 76' lang='lat' dir='ltr'><strong>peregre</strong></span> <span class='ocrx_word' id='word_1_774' title='bbox 3137 5313 3480 5383; x_wconf 73' lang='lat' dir='ltr'><strong>baptizantur,</strong></span> <span class='ocrx_word' id='word_1_775' title='bbox 3513 5321 3567 5365; x_wconf 93' lang='lat' dir='ltr'><strong>ut</strong></span> <span class='ocrx_word' id='word_1_776' title='bbox 3594 5316 3662 5365; x_wconf 82' lang='lat' dir='ltr'><strong>ad</strong></span> 
     </span>
    </p>
   </div>
   <div class='ocr_carea' id='block_1_115' title="bbox 2678 5389 3270 5439">
    <p class='ocr_par' dir='ltr' id='par_1_115' title="bbox 2678 5389 3270 5439">
     <span class='ocr_line' id='line_1_116' title="bbox 2678 5389 3270 5439; baseline -0.002 0"><span class='ocrx_word' id='word_1_777' title='bbox 2678 5389 2867 5439; x_wconf 86' lang='lat' dir='ltr'><strong>clerum</strong></span> <span class='ocrx_word' id='word_1_778' title='bbox 2908 5402 3008 5439; x_wconf 91' lang='lat' dir='ltr'><strong>non</strong></span> <span class='ocrx_word' id='word_1_779' title='bbox 3049 5389 3270 5439; x_wconf 84' lang='lat' dir='ltr'><strong>veniant.</strong></span> 
     </span>
    </p>
   </div>
   <div class='ocr_carea' id='block_1_116' title="bbox 2251 5492 3764 5571">
    <p class='ocr_par' dir='ltr' id='par_1_116' title="bbox 2251 5492 3764 5571">
     <span class='ocr_line' id='line_1_117' title="bbox 2251 5492 3764 5571; baseline -0.007 -15"><span class='ocrx_word' id='word_1_780' title='bbox 2251 5501 2435 5556; x_wconf 85' lang='lat' dir='ltr'><strong>Omnis</strong></span> <span class='ocrx_word' id='word_1_781' title='bbox 2459 5501 2547 5571; x_wconf 89' lang='lat' dir='ltr'><strong>qui</strong></span> <span class='ocrx_word' id='word_1_782' title='bbox 2571 5500 2621 5555; x_wconf 90' lang='lat' dir='ltr'><strong>in</strong></span> <span class='ocrx_word' id='word_1_783' title='bbox 2646 5515 2864 5569; x_wconf 82' lang='lat' dir='ltr'><strong>peregre</strong></span> <span class='ocrx_word' id='word_1_784' title='bbox 2894 5498 3087 5553; x_wconf 79' lang='lat' dir='ltr'><strong>fuerint</strong></span> <span class='ocrx_word' id='word_1_785' title='bbox 3116 5497 3386 5567; x_wconf 79' lang='lat' dir='ltr'><strong>baptizati,</strong></span> <span class='ocrx_word' id='word_1_786' title='bbox 3421 5510 3483 5551; x_wconf 88' lang='lat' dir='ltr'><strong>eo</strong></span> <span class='ocrx_word' id='word_1_787' title='bbox 3508 5492 3649 5566; x_wconf 83' lang='lat' dir='ltr'><strong>quod</strong></span> <span class='ocrx_word' id='word_1_788' title='bbox 3671 5506 3764 5548; x_wconf 83' lang='lat' dir='ltr'><strong>eo-</strong></span> 
     </span>
    </p>
   </div>
   <div class='ocr_carea' id='block_1_117' title="bbox 2184 5632 3188 5703">
    <p class='ocr_par' dir='ltr' id='par_1_117' title="bbox 2184 5632 3188 5703">
     <span class='ocr_line' id='line_1_118' title="bbox 2184 5632 3188 5703; baseline -0.002 -14"><span class='ocrx_word' id='word_1_789' title='bbox 2184 5654 2273 5689; x_wconf 82' lang='lat' dir='ltr'><strong>nus</strong></span> <span class='ocrx_word' id='word_1_790' title='bbox 2302 5645 2542 5688; x_wconf 79' lang='lat' dir='ltr'><strong>sectantes</strong></span> <span class='ocrx_word' id='word_1_791' title='bbox 2572 5634 2620 5685; x_wconf 85' lang='lat' dir='ltr'><strong>in</strong></span> <span class='ocrx_word' id='word_1_792' title='bbox 2654 5632 2879 5703; x_wconf 79' lang='lat' dir='ltr'><strong>periculo</strong></span> <span class='ocrx_word' id='word_1_793' title='bbox 2904 5633 3188 5687; x_wconf 82' lang='lat' dir='ltr'><strong>incurrant.</strong></span> 
     </span>
    </p>
   </div>
   <div class='ocr_carea' id='block_1_118' title="bbox 2254 5704 2948 5774">
    <p class='ocr_par' dir='ltr' id='par_1_118' title="bbox 2254 5704 2948 5774">
     <span class='ocr_line' id='line_1_119' title="bbox 2254 5704 2948 5774; baseline -0.007 -14"><span class='ocrx_word' id='word_1_794' title='bbox 2254 5721 2275 5745; x_wconf 75' lang='grc' dir='ltr'>ε</span> <span class='ocrx_word' id='word_1_795' title='bbox 2313 5706 2399 5771; x_wconf 88' lang='lat' dir='ltr'><strong>U.,</strong></span> <span class='ocrx_word' id='word_1_796' title='bbox 2428 5704 2695 5774; x_wconf 77' lang='lat' dir='ltr'><strong>quemlibet</strong></span> <span class='ocrx_word' id='word_1_797' title='bbox 2724 5704 2948 5770; x_wconf 71' lang='lat' dir='ltr'><strong>ﬁdelem.</strong></span> 
     </span>
    </p>
   </div>
  </div>
