4056 6178
325 318 432 377 505

1233 340 1550 402 CONCILIA
1593 350 1958 411 IIISPANIIE.
1995 388 2069 405 --
2103 364 2642 435 ELIBERITANUM.

3503 399 3615 457 δικ.

322 455 442 493 rum
471 438 696 499 minime
733 445 807 500 sit
845 450 1056 518 cognita
1085 454 1213 523 viti,
1239 460 1432 526 placuit
1459 465 1524 517 ad
1557 468 1760 523 clerum
1806 490 1908 526 nou
1938 479 1987 532 Α
2017 476 2123 531 leut
2156 522 2171 546 ,
2211 498 2277 537 eo
2315 490 2455 556 quod
2484 506 2627 562 smpe
2669 495 2769 551 sub
2804 497 3026 557 obtentu
3075 507 3336 566 orationis
3378 513 3595 574 ιειιρηιε,

322 546 445 574 assa
467 538 862 574 nrnlnnvnanc
894 541 945 574 in
978 544 1167 574 .1:....:..
1195 552 1476 574 ..-ηυξ-,πμ
2113 572 2120 574 _

317 546 445 585 esse
467 538 864 598 promovendos
894 541 946 593 in
976 544 1168 600 alienis
1194 552 1498 617 provinciis.

395 622 562 677 XXV.
599 625 674 680 De
699 630 928 695 epistolis
967 641 1435 698 contmuuicatoriis
1473 649 1841 717 confessorum.

386 713 578 768 Omnis
609 716 700 782 qui
751 721 990 776 attulerit
1040 724 1245 781 litteras
1289 713 1649 792 eonfessorias
1699 742 1913 796 sublato

318 804 539 859 nomine
564 808 910 875 confessoris,
939 828 1006 868 eo
1036 819 1175 885 quod
1206 834 1393 878 omnes
1423 827 1522 880 sub
1554 828 1652 883 bac
1677 834 1911 888 nominis

314 894 489 961 gloria
518 898 716 965 passion
750 902 1059 959 conentiant
1078 908 1351 978 simplices
1371 952 1388 978 ,
1415 922 1908 979 comnmnieatoria}

309 982 361 1037 ei
380 985 574 1040 danda:
601 999 725 1041 sunt
757 989 973 1047 litterae.

603 1082 791 1137 XXVI.
829 1085 894 1138 ιιι
928 1091 1067 1142 omni
1094 1093 1300 1148 sabbato
1320 1098 1606 1168 jejunelttr.

384 1169 636 1225 Errorcin
663 1175 857 1242 placuit
882 1182 1096 1251 corrigi,
1118 1195 1174 1239 ut
1200 1190 1343 1241 omni
1376 1190 1581 1247 sabbati
1604 1194 1691 1249 die
1712 1210 1772 1249 su
1783 1213 1901 1265 per-

308 1260 606 1326 positioues
630 1264 986 1323 celebremus.

347 1352 561 1409 XXVII.
597 1354 676 1409 De
702 1358 903 1415 clericis
922 1402 940 1427 ,
986 1372 1039 1417 ut
1073 1377 1346 1440 extraneas
1389 1372 1604 1440 feminas
1631 1380 1682 1429 in
1712 1379 1862 1433 demo

919 1450 1020 1486 non
1060 1436 1297 1492 habeant.

376 1511 678 1582 Episcotnus
722 1521 801 1573 vel
834 1523 1055 1591 quilibet
1085 1529 1219 1583 alius
1270 1531 1493 1587 Cicricus
1534 1545 1626 1591 aut
1654 1554 1894 1598 sororem

296 1615 392 1658 aut
439 1608 600 1662 tiliam
634 1613 888 1681 virginem
927 1617 1158 1674 dicatam
1212 1624 1319 1678 Deo
1350 1635 1553 1684 tantum
1589 1648 1769 1688 secum
1802 1637 1896 1690 ha-

298 1698 429 1753 beat
461 1719 473 1751 :
506 1711 817 1759 extraneam
845 1724 1177 1781 nequaquam
1205 1716 1400 1773 habere
1433 1723 1650 1789 placuit.

326 1790 565 1848 XXVlII.
585 1796 660 1849 De
679 1799 1019 1857 oblationibus
1042 1821 1214 1860 eorum
1236 1811 1323 1878 qui
1338 1828 1439 1865 non
1462 1821 1858 1876 communicant.
1925 1833 1967 1893 Β

371 1884 696 1955 Episcopum
740 1892 936 1959 placuit
977 1896 1045 1951 ab
1089 1914 1176 1963 eo,
1221 1903 1312 1971 qui
1358 1920 1463 1959 non
1508 1914 1885 1978 communicat,

290 1990 490 2029 munus
513 1986 537 2011 “
570 1979 817 2048 accipere
842 2000 944 2039 non
973 1986 1191 2045 debere.

294 2067 490 2123 XXIX.
524 2069 603 2125 De
633 2080 987 2145 cnergumenis
1015 2084 1234 2149 qualiter
1262 2085 1547 2141 habeantur
1574 2107 1624 2143 tu
1650 2097 1882 2151 ecclesia.

363 2160 772 2231 Energumenus
813 2170 897 2236 qui
942 2172 1009 2224 ab
1050 2176 1285 2245 erratico
1324 2181 1514 2247 spiritu
1563 2187 1881 2254 exagitatur,

285 2249 447 2319 hujus
468 2270 658 2309 nomen
694 2272 862 2327 neque
895 2261 960 2314 ad
990 2263 1157 2319 altare
1186 2280 1305 2320 cum
1337 2268 1607 2327 oblitione
1642 2290 1763 2330 esse
1797 2293 1881 2332 re-

281 2346 586 2416 citanduut,
620 2366 715 2406 nec
744 2356 1150 2422 permittendum
1178 2369 1234 2414 ut
1262 2375 1355 2416 sua
1383 2380 1543 2420 manu
1569 2366 1620 2421 in
1652 2371 1878 2427 ecclesia

285 2438 585 2495 ministret.

361 2549 457 2604 XX
470 2550 530 2604 Χ.
566 2550 641 2605 De
668 2554 745 2607 his
769 2557 855 2625 qui
884 2570 995 2639 post
1022 2560 1281 2639 lavacrum
1311 2567 1547 2622 nime/tati
1574 2582 1711 2639 sunt,
1746 2592 1806 2629 ne

817 2630 1147 2685 subdiacones
1169 2635 1318 2702 ﬁant.

356 2712 725 2771 Subdiaconos
754 2734 847 2774 eos
873 2721 1107 2777 ordinari
1144 2742 1248 2781 non
1295 2729 1489 2786 debere
1516 2733 1602 2803 qui
1646 2735 1693 2788 in
1739 2737 1869 2791 ado-

277 2802 530 2859 lescentia
561 2822 657 2861 sua
696 2807 892 2865 fuerint
924 2816 1170 2871 mtecbati
1194 2861 1208 2885 ,
1255 2835 1317 2873 eo
1361 2825 1501 2890 quod
1531 2802 1867 2894 postmodum

275 2911 376 2964 per
401 2898 802 2967 subreptionem
845 2905 913 2960 ad
948 2908 1193 2965 altiorem
1236 2916 1457 2983 gradum
1509 2934 1864 2987 promovean-

269 2997 364 3045 tur
395 3008 415 3043 τ
444 2993 527 3047 vel
574 2995 618 3049 si
656 2997 746 3066 qui
796 3010 917 3054 sunt
967 3001 1017 3056 in
1059 3009 1383 3073 prmteritum
1429 3013 1677 3083 ordinati,
1711 3032 1864 3073 amo-

268 3094 518 3140 νεδιιιυῐ.

340 3179 505 3250 287
536 3180 724 3238 XXXI.
762 3184 834 3237 De
858 3187 1258 3265 adolescentibus
1285 3195 1371 3262 qui
1391 3204 1503 3265 post
1531 3199 1789 3255 lavacrum

864 3258 1097 3314 ntwcltuti
1122 3274 1260 3317 sunt.

338 3340 720 3397 Adulescentes
739 3348 830 3414 qui
856 3359 974 3418 post
996 3352 1150 3406 Iidem
1177 3355 1367 3411 lavacri
1401 3358 1647 3415 Salutaris
1664 3361 1859 3419 fuerint

260 3433 512 3488 mmcbati
538 3479 552 3499 ,
590 3452 713 3491 cum
741 3441 994 3497 duxerint
1025 3461 1239 3514 uxores,
1269 3459 1385 3504 acta
1417 3451 1649 3519 legitima
1682 3458 1855 3523 νωιιὶ-

259 3527 424 3579 tentia
454 3528 652 3594 placuit
679 3534 744 3583 ad
778 3538 1206 3593 communionem
1239 3558 1333 3597 eos
1359 3544 1584 3600 admitti.

260 3615 479 3673 XXXII.
514 3618 591 3674 De
613 3629 1068 3684 excommunicatis
1098 3635 1429 3702 presbyteris,
1471 3648 1525 3690 ut
1552 3639 1602 3691 in
1631 3643 1851 3695 necessi-

725 3707 829 3750 tate
854 3703 1256 3757 contmunionem
1279 3704 1419 3759 deut.

326 3789 479 3857 Apud
512 3791 905 3860 presbyterum,
938 3794 982 3845 si
1024 3795 1142 3861 quis
1181 3798 1325 3865 gravi
1367 3797 1517 3867 lapsu
1551 3801 1602 3854 in
1642 3805 1847 3858 ruinam

252 3881 443 3933 mortis
472 3880 723 3934 inciderit
743 3922 758 3946 ,
793 3881 983 3948 placuit
1010 3900 1169 3951 agere
1215 3888 1579 3953 paenitentiam
1623 3909 1725 3946 non
1754 3895 1847 3949 de-

251 3970 401 4035 bere,
432 3973 528 4024 Sed
558 3972 735 4038 potius
764 3973 901 4040 apud
924 3974 1229 4043 episcopum
1274 3996 1284 4029 :
1316 3991 1539 4049 cogente
1568 3992 1741 4038 tamen
1767 3988 1847 4037 iu-

251 4061 501 4117 liriiiitate
518 4079 739 4119 necesse
760 4076 839 4119 est
863 4067 1223 4138 presbyterum
1251 4076 1680 4130 communionem
1706 4094 1845 4147 pra--

248 4165 390 4209 stare
420 4158 643 4221 debere,
673 4168 727 4211 et
749 4157 1024 4214 diaconem
1054 4162 1097 4214 si
1128 4163 1177 4218 ei
1200 4164 1416 4229 jusserit
1443 4168 1712 4222 sacerdos.

320 4268 562 4323 XXXIII.
597 4268 672 4323 De
708 4271 958 4395 episcOpt:
985 4284 1029 4354 et
1062 4276 1323 4343 ministris,
1356 4288 1409 4332 ut
1438 4282 1499 4332 ab
1528 4282 1769 4338 uxoribus

884 4359 914 4395 α
950 4356 1189 4395 stmeant.

884 4356 1189 4399 abstineant.

317 4450 523 4503 Placuit
544 4450 597 4505 iu
622 4462 786 4507 totum
813 4457 1090 4523 prohibere
1111 4461 1402 4530 episcopts,
1436 4467 1759 4536 presbyteris
1782 4485 1836 4525 et

2015 572 2217 627 scelera
2242 582 2603 640 committunt.

2251 667 2491 727 XXXVI.
2524 674 2607 729 Ne
2635 679 2852 747 pictura
2882 689 2934 737 In
2962 688 3173 743 ecclesia
3202 692 3352 759 ﬁant.

2084 752 2283 812 Placuit
2324 763 2555 829 picturas
2580 768 2631 821 in
2674 773 2895 828 ecclesia
2939 794 3058 832 esse
3094 796 3196 836 non
3221 784 3442 853 debere,
3476 808 3542 846 ne
3571 790 3596 829 δ

2009 844 2147 910 quod
2174 848 2365 902 colitur
2393 862 2446 905 et
2472 854 2722 912 adoratur
2753 862 2802 915 in
2840 866 3127 931 parietibus
3155 844 3491 944 depingatur.

2219 940 2482 1000 XXXVII.
2512 947 2586 1002 De
2606 959 2953 1022 energumenis
2980 976 3079 1014 non
3108 940 3397 1032 baptisaiis.

2079 1028 2181 1083 Eos
2207 1033 2297 1100 qui
2327 1036 2393 1090 ab
2417 1039 2705 1097 immundis
2734 1046 3005 1113 Spiritibus
3030 1069 3309 1123 vexantur,
3336 1060 3377 1112 si
3406 1058 3459 1114 in
3489 1064 3592 1119 line

2004 1122 2187 1173 mortis
2221 1123 2418 1182 fuerint
2454 1134 2747 1199 constituti,
2796 1138 3048 1206 baptizari
3078 1147 3283 1212 piaret;
3326 1151 3370 1202 si
3406 1154 3590 1210 lideles

2002 1207 2215 1275 fu-‘rint,
2261 1216 2485 1271 dandam
2537 1236 2658 1276 esse
2701 1231 3149 1287 counuuniottem.
3198 1237 3587 1299 Probibendum

2000 1298 2157 1353 etiam
2206 1320 2272 1359 ne
2312 1307 2554 1364 lucernas
2598 1312 2649 1367 Ιιί
2696 1317 2903 1383 publice
2950 1325 3240 1381 accendant
3274 1348 3290 1392 ;
3330 1331 3374 1386 si
3412 1336 3585 1392 facere

1999 1402 2179 1448 contra
2215 1398 2555 1458 interdictum
2580 1406 2861 1475 voluerint,
2896 1412 3262 1473 absﬁneantur
3283 1435 3311 1474 a
3335 1436 3579 1480 coutinu-

1998 1486 2174 1541 nione.

1997 1579 2161 1650 288
2201 1580 2483 1640 XXXVIII.
2517 1586 2583 1643 Ut
2609 1592 2660 1643 in
2682 1597 2976 1651 necessitate
3004 1607 3053 1652 et
3082 1600 3261 1669 ﬁdeles
3303 1606 3575 1674 baptizent.

2068 1669 2208 1727 Loco
2259 1690 2481 1747 peregre
2526 1682 2837 1750 navigautvs
2876 1698 2965 1740 aut
3014 1691 3055 1742 si
3087 1695 3308 1748 ecclesia
3338 1700 3576 1764 proxima

1995 1774 2099 1812 nou
2135 1759 2308 1828 fuerit,
2345 1780 2500 1833 posse
2541 1769 2750 1826 fidelem
2775 1818 2788 1841 ,
2825 1777 2913 1844 qui
2952 1777 3222 1835 lavacrum
3261 1798 3414 1838 soum
3445 1787 3577 1842 inte-

1996 1865 2143 1918 grum
2176 1851 2335 1909 habet
2372 1872 2471 1913 nec
2498 1861 2567 1913 sit
2592 1862 2851 1932 bigatuns,
2885 1870 3155 1939 baptizare
3187 1876 3236 1928 in
3261 1880 3577 1935 necessitate

1989 1940 2313 2001 infirmitatis
2344 1950 2571 2015 positum
2601 1957 3071 2028 catechumenum,
3105 1964 3175 2017 ita
3222 1978 3275 2019 ut
3316 1968 3572 2037 si'snpei.

1991 2035 2169 2089 vixerit
2202 2036 2266 2090 ad
2302 2041 2608 2111 episcopum
2651 2061 2771 2099 eum
2820 2050 3106 2120 perducat,
3148 2065 3205 2109 ut
3249 2072 3342 2124 per
3381 2074 3572 2115 manus

1986 2122 2378 2191 impositioncm
2410 2134 2588 2199 perlici
2623 2142 2807 2201 possit.

2066 2215 2306 2273 XXXIX.
2342 2222 2418 2277 De
2446 2223 2729 2280 Gentilibus
2759 2231 2805 2282 si
2844 2231 2895 2283 in
2936 2232 3225 2290 clisrimine
3252 2235 3499 2307 baptizari

2650 2312 2910 2367 expetunt.

2052 2372 2292 2432 Gentiles
2308 2378 2349 2433 si
2374 2381 2425 2435 in
2450 2382 2757 2440 infirmitate
2777 2390 3196 2448 desideraverint
3217 2397 3317 2449 sibi
3347 2416 3560 2454 manttm

1980 2462 2203 2533 imponi,
2236 2470 2278 2522 si
2310 2470 2471 2526 fuerit
2498 2491 2682 2531 corum
2714 2495 2775 2533 ex
2803 2480 2974 2548 aliqua
3001 2493 3149 2550 parte
3180 2486 3399 2542 honesta
3430 2494 3557 2555 vita,

1980 2556 2176 2623 placuit
2207 2560 2285 2614 eis
2315 2578 2528 2618 manum
2561 2567 2758 2637 imponi
2790 2582 2842 2623 et
2873 2572 2982 2626 lieri
3015 2574 3364 2632 Christianos.

2050 2647 2158 2704 XL.
2191 2650 2274 2705 Ne
2304 2655 2356 2707 id
2383 2657 2519 2725 quod
2548 2659 2887 2731 idolothgtum
2916 2676 2988 2718 est
3020 2666 3196 2732 ﬁdeles
3216 2671 3487 2738 accipiant.

2046 2737 2322 2796 Prohiberi
2363 2745 2595 2813 placuit,
2629 2759 2685 2803 ut
2719 2766 2841 2805 cum
2874 2756 3107 2809 rationes
3146 2773 3269 2812 suas
3297 2761 3561 2830 accipiunt

1972 2841 2328 2899 possessores,
2362 2837 2612 2907 quidquid
2644 2841 2708 2893 ad
2743 2844 2939 2897 idolum
2966 2847 3144 2901 datum
3177 2848 3331 2903 fuerit
3357 2867 3549 2921 accep-

1972 2924 2026 2972 to
2058 2934 2163 2973 non
2198 2923 2406 2977 lerant:
2438 2927 2481 2980 ei
2512 2939 2628 2996 post
2654 2933 2989 2988 interdicmin
3016 2936 3254 3005 fecerint,
3288 2957 3381 3008 per
3405 2946 3556 3013 quiu-

1967 3009 2182 3076 quennii
2208 3018 2381 3080 Spatia
2425 3027 2723 3088 temporum
2754 3038 2785 3078 a
2813 3030 3189 3086 communione
3215 3048 3335 3087 esse
3363 3050 3550 3092 arcen-

1964 3100 2077 3153 dos.

1886 3198 1934 3262 c
2002 3189 2136 3245 XLI.
2172 3193 2239 3247 Ut
2270 3198 2567 3261 prohibeant
2606 3202 2803 3260 domini
2832 3207 2973 3261 idola
3000 3209 3165 3265 calere
3200 3214 3358 3267 servis
3384 3218 3507 3268 suis.

2031 3283 2324 3339 Admoneri
2370 3290 2566 3356 placuit
2594 3292 2812 3361 ﬁdeles,
2863 3310 2917 3351 ut
2962 3302 3010 3351 in
3046 3312 3297 3369 quantum
3329 3318 3550 3372 possunt

1959 3374 2272 3441 prohibeant
2299 3394 2365 3432 ne
2387 3380 2525 3435 idola
2552 3384 2603 3437 in
2628 3387 2875 3441 domibus
2903 3392 3013 3443 suis
3044 3393 3274 3447 habeant
3302 3413 3314 3446 :
3342 3397 3386 3449 si
3418 3414 3543 3452 vero

1959 3466 2061 3520 vim
2081 3479 2323 3522 metuunt
2343 3487 2643 3542 servorum,
2664 3482 2742 3532 vel
2762 3496 2821 3533 se
2844 3481 2989 3548 ipsos
3008 3501 3166 3548 puros
3190 3501 3540 3556 conservent;

1954 3563 1997 3616 si
2027 3578 2132 3616 non
2165 3564 2411 3632 fecerint,
2442 3569 2598 3623 alieni
2629 3574 2696 3626 ab
2729 3573 2965 3630 Ecclesia
2997 3578 3307 3633 habeantur.

2134 3658 2288 3713 XLII.
2322 3661 2397 3716 De
2419 3663 2501 3718 Itis
2528 3668 2615 3745 qui
2643 3668 2710 3745 ait
2729 3670 2886 3737 ﬁdem
2912 3675 3133 3741 veniunt,
3163 3680 3365 3745 quando

2563 3737 2904 3809 brlplizelllur.

2024 3818 2125 3874 Eos
2156 3822 2243 3888 qui
2271 3823 2336 3877 ad
2366 3827 2589 3892 primam
2622 3831 2779 3885 Iidem
2806 3834 3135 3891 credulitatis
3162 3840 3421 3894 accedunt
3442 3881 3460 3908 ,
3490 3844 3535 3896 si

1949 3907 2100 3963 bona:
2129 3912 2319 3969 fuerint
2352 3922 2769 3975 conversationis
2797 3964 2810 3985 ,
2846 3925 2981 3979 intra
3014 3928 3281 3984 biennium
3316 3941 3524 4001 tempo-

1948 4015 2062 4053 rum
2098 4003 2295 4069 placuit
2323 4006 2387 4058 ad
2419 4008 2663 4073 baptismi
2694 4013 2915 4078 gratiam
2947 4018 3152 4072 admitti
3183 4021 3401 4087 debere,
3433 4027 3532 4077 nisi

1948 4091 2254 4148 iulirmitate
2297 4099 2651 4165 compellente
2697 4106 2927 4172 coegerit
2971 4110 3105 4160 ratio
3147 4111 3379 4166 velocius
3406 4118 3531 4169 sob-

1944 4184 2125 4238 venire
2151 4187 2467 4253 periclitanti
2497 4192 2579 4246 vel
2607 4194 2831 4259 gratiam
2864 4198 3171 4263 postulanti.

2230 4277 2407 4332 XLIII.
2438 4281 2510 4334 De
2539 4284 2876 4339 celebratione
2901 4287 3242 4345 Pentecostes.

2014 4365 2232 4421 Pravaai
2269 4369 2653 4429 institutionem
2699 4380 2973 4434 emendari
3019 4382 3211 4448 placuit
3242 4385 3390 4454 juxta
3422 4405 3522 4441 au-

1940 4464 2235 4511 czoritatem
2278 4459 2693 4533 Scripturarum,
2725 4478 2778 4522 ιιι
2808 4475 2982 4525 cuncti
3016 4474 3155 4528 diem
3189 4476 3524 4534 PentecOstes

237 4541 554 4597 diaconibus
586 4547 666 4599 vel
704 4549 951 4603 omnibus
986 4552 1197 4609 clericis
1228 4558 1416 4625 positis
1450 4561 1499 4613 in
1530 4563 1828 4620 ministerio
1863 4557 1911 4617 D
1938 4545 2291 4616 Ce'ebrc'msv
2333 4566 2398 4605 "e
2429 4553 2472 4605 δί
2501 4555 2617 4623 quis
2650 4571 2750 4611 ¹¹⁰¹¹
2781 4557 2963 4615 ίθθθτίί
2990 4573 3012 4601 ⁶
3046 4580 3233 4618 ""V‘m'
3265 4567 3373 4621 1‘“
3377 4582 3522 4626 350'“

235 4638 515 4692 abstinere
533 4654 592 4694 se
614 4657 641 4692 a
670 4642 983 4712 conjugibus
1007 4649 1139 4715 suis,
1167 4660 1221 4704 et
1245 4667 1348 4706 non
1376 4669 1633 4720 generare
1655 4657 1788 4715 lilio;
1818 4680 1829 4713 :

230 4728 544 4797 quicunque
571 4746 697 4785 vero
721 4733 937 4801 fecerit,
985 4737 1052 4791 ab
1093 4740 1295 4796 honore
1328 4744 1614 4800 clericatus
1644 4758 1829 4805 exter-

226 4818 478 4872 mittetur

382 4935 623 4990 XXXIV.
659 4939 741 4992 Ne
758 4942 887 4994 cerei
917 4942 969 4995 in
993 4948 1290 4999 ccemeteriis
1321 4947 1679 5006 incendantur.

296 5046 507 5100 (Ic-reos
535 5063 628 5117 per
655 5050 795 5105 diem
822 5052 1017 5119 placuit
1040 5054 1090 5107 in
1119 5058 1428 5112 cmineterio
1453 5075 1555 5112 non
1588 5061 1819 5130 incendi,

211 5139 564 5205 inquietandi
604 5142 745 5194 enim
787 5154 1093 5198 sanctorum
1140 5149 1358 5212 spiritus
1402 5168 1505 5205 non
1547 5164 1688 5208 sunt.
1721 5158 1819 5221 Qui

206 5226 343 5280 haec
388 5242 497 5277 non
541 5228 945 5285 observaveriut
979 5246 1261 5289 arceantur
1290 5239 1357 5291 ab
1384 5241 1637 5299 Ecclesiae
1667 5262 1817 5300 com-

197 5319 500 5373 munione.

368 5408 588 5464 XXXV.
621 5412 701 5465 Ne
720 5414 925 5479 femina:
952 5421 1003 5469 in
1029 5424 1324 5474 ccemeteriis
1353 5427 1671 5494 pervigilant.

281 5501 503 5553 Placuit
533 5504 801 5570 prohiberi
830 5522 897 5560 ne
923 5506 1133 5563 femina:
1161 5512 1212 5565 in
1244 5518 1554 5569 etemeteria
1588 5519 1813 5588 pervigi-

282 5647 305 5705 j‘
350 5633 469 5697 Δὶ,
505 5634 662 5701 IUL,
696 5636 758 5689 T.
796 5636 843 5700 1,,
871 5637 924 5705 2,
956 5641 1043 5703 Ο..
1071 5660 1301 5698 munera.

280 5704 307 5740 δ
499 5706 656 5770 n.n.,
688 5708 745 5760 ιε.
775 5708 917 5770 5,1:
954 5715 1003 5775 ι,
1034 5713 1090 5777 2,
1115 5731 1225 5768 net.

278 5788 302 5813 ι
340 5775 408 5829 Ϊ.
438 5780 483 5843 ι,
518 5779 651 5830 diem
673 5777 991 5835 Pentecostcs
1023 5775 1131 5852 post
1156 5784 1358 5840 Pascha
1380 5788 1681 5846 ccltbremus
1706 5810 1804 5847 non

1939 4634 2211 4694 induxisse
2240 4650 2471 4698 notetur.

2030 4726 2212 4782 XLIV.
2258 4732 2330 4785 De
2359 4738 2700 4793 meretricibus
2735 4745 2947 4811 paganis
2972 4746 3018 4798 si
3043 4758 3419 4806 convertantur.

2000 4816 2250 4873 Meretrix
2285 4838 2405 4891 qua:
2441 4827 2727 4894 aliquando
2767 4834 2921 4888 fuerit
2954 4835 2978 4871 ά
3019 4845 3074 4890 et
3101 4850 3280 4905 postea
3320 4842 3517 4900 habue-

1930 4910 1996 4959 rit
2028 4912 2299 4978 maritum,
2332 4917 2373 4969 si
2410 4921 2745 4984 postmodum
2778 4926 2843 4977 ad
2870 4927 3236 4985 credulitatem
3272 4937 3512 5000 venerit,

1929 4995 2293 5057 incunctanter
2323 5006 2513 5074 placuit
2542 5025 2661 5064 esse
2696 5015 3080 5081 recipiendam.

1925 5089 2095 5161 288
2132 5092 2289 5151 XLV.
2341 5097 2416 5151 De
2456 5102 2827 5157 catechumeuis
2856 5109 2941 5174 qui
2980 5110 3245 5162 ecclesiam
3273 5114 3507 5181 non-[re-

2582 5184 2851 5243 quernum.

1993 5248 2090 5313 Qui
2120 5252 2403 5320 aliquando
2449 5258 2607 5313 fuerit
2633 5266 3046 5320 catceburnenus
3090 5277 3143 5321 et
3174 5286 3267 5335 per
3304 5272 3506 5329 inﬁnita

1922 5344 2159 5408 tetnpora
2207 5359 2473 5413 nunquam
2519 5350 2581 5402 ad
2632 5352 2913 5405 ecclesiam
2963 5360 3271 5425 accesserit,
3303 5366 3344 5415 si
3381 5380 3504 5419 eum

1919 5429 1988 5483 de
2031 5432 2180 5485 clero
2228 5438 2449 5504 quisque
2491 5444 2796 5505 cognoverit
2841 5459 2961 5500 esse
3004 5448 3381 5519 Christianum,
3417 5469 3503 5512 aut

1920 5528 2080 5576 testes
2105 5524 2269 5593 aliqui
2302 5529 2598 5582 exstiterint
2641 5532 2845 5599 Iidelcs,
2875 5539 3073 5604 placuit
3098 5545 3145 5595 ei
3179 5544 3499 5615 baptismum

1918 5657 2355 5752 quqdr‘agesimant
2386 5661 2483 5715 nisi
2511 5667 2979 5752 quinquagesimum
3016 5690 3031 5726 .·
3062 5677 3146 5745 qui
3174 5696 3275 5734 uel:
3302 5684 3495 5752 fecerit.

1988 5727 2009 5763 δ
2046 5728 2104 5782 U.
2132 5770 2144 5797 ,
2184 5746 2297 5798 qua:
2320 5727 2821 5807 pagona'atiqitanudo
2849 5743 3018 5811 fuerit.
