4060 6184
423 390 522 442 ὗῗΠ

1105 374 1491 436 COLLI:CTIO
1528 369 1860 428 CANONUM
1903 367 1959 424 S.
2003 365 2279 422 ISIDORO'
2315 365 2578 422 IIISPAL.
2624 364 2986 423 ASCRII‘TA.

3584 353 3694 410 308

427 525 528 560 non
564 503 768 576 negari,
799 518 864 559 eo
894 499 1041 572 quod
1082 507 1316 553 veterem
1362 491 1641 548 hominem
1657 487 2008 556 det'eliquisse
2040 492 2084 544 Α
2114 493 2278 550 stant,
2309 484 2509 553 placuit
2536 492 2655 552 post
2681 479 2952 535 biennium
2975 474 3216 543 accipere
3242 467 3698 525 communionem.

427 601 662 653 videatur
687 605 735 650 ⁸.

427 689 612 747 XLVI.
667 688 740 742 De
765 684 1002 756 ﬁdglibus
1047 683 1093 736 si
1142 676 1538 804 gposltataverint
1593 670 1823 743 quandiu
1855 668 2015 738 panti-

1163 766 1253 804 ean
1285 789 1299 802 .

1163 766 1276 805 ιαηι
1285 789 1299 802 .

501 853 555 906 Si
587 851 706 919 quis
739 847 911 900 fidelis
941 850 1180 913 apostata
1211 855 1303 910 per
1336 837 1539 892 infinita
1569 846 1808 902 tempora
1835 830 1899 883 ad
1931 845 2016 885 ec-

429 943 648 995 clesiam
698 953 804 993 non
854 933 1168 1000 accesserit,
1216 932 1260 985 si
1310 940 1485 984 tamen
1535 922 1820 994 aliquando
1858 919 2020 975 fuerit

433 1044 685 1084 reversus
714 1043 812 1083 nec
844 1025 1001 1080 fuerit
1045 1022 1293 1087 idolator,
1325 1027 1446 1090 post
1488 1016 1674 1074 decem
1707 1026 1876 1068 annos
1902 1010 2018 1081 pla-

434 1120 546 1194 cuit
563 1118 993 1174 communionem
1019 1114 1280 1182 accipere.

437 1207 642 1264 XLVII.
680 1209 752 1263 De
776 1225 835 1262 eo
880 1207 968 1277 qui
1013 1219 1225 1260 uxorem
1270 1202 1456 1258 habens
1491 1200 1679 1270 δωρεαί
1725 1196 2023 1251 moechatur.

509 1299 563 1353 Si
595 1300 714 1370 quis
742 1297 913 1351 fidi-lis
945 1295 1148 1349 habens
1179 1308 1397 1348 uxorem
1430 1307 1534 1346 non
1570 1289 1737 1345 semcl
1762 1285 1854 1342 sed
1883 1290 2029 1352 Saipe

440 1392 597 1447 fuerit
634 1391 951 1454 moechatus,
980 1389 1034 1442 in
1076 1386 1182 1442 ﬁne
1226 1385 1411 1440 mortis
1457 1392 1538 1439 est
1584 1377 2027 1436 conveniendus:

439 1482 582 1553 quod
614 1482 656 1536 si
689 1495 745 1536 se
771 1480 1078 1549 promiserit
1116 1485 1469 1538 cessaturum,
1501 1473 1659 1527 detur
1701 1471 1748 1524 ei
1792 1482 2031 1523 commu-

444 1575 534 1628 nio
566 1590 579 1627 :
614 1573 656 1629 si
690 1569 1037 1626 resuscitatus
1069 1581 1254 1622 rursus
1283 1564 1444 1619 fuerit
1482 1562 1805 1626 marchatus,
1837 1558 2035 1628 placuit

446 1665 668 1720 ulterius
697 1676 800 1718 non
829 1660 1014 1716 lu‘dere
1045 1666 1168 1713 euin
1198 1657 1264 1712 de
1294 1656 1669 1711 communione
1695 1651 1862 1721 pacis.

550 1754 782 1810 XLVIII.
817 1753 890 1806 De
929 1751 1200 1822 baptisatis
1237 1761 1290 1802 ut
1320 1749 1448 1802 nihil
1477 1747 1695 1813 accipiat
1741 1745 1928 1798 clerus.

519 1843 810 1901 Emendarl
848 1839 1065 1914 placuit,
1116 1850 1173 1894 ut
1221 1840 1272 1895 lti
1304 1840 1390 1909 qui
1423 1839 1780 1906 baptizantur,
1821 1844 1876 1889 ut
1923 1833 2035 1888 fieri
2073 1853 2112 1911 Β

449 1938 676 2002 solebat,
705 1948 952 1990 nummos
985 1935 1036 1988 iu
1060 1933 1264 1988 concha
1294 1947 1397 1986 non
1433 1932 1663 1992 mittant,
1692 1943 1759 1982 ne
1787 1925 2040 1981 sacerdos

449 2029 590 2100 quod
621 2029 786 2099 gratis
827 2026 1036 2096 accepit
1084 2024 1256 2096 pretio
1286 2022 1587 2078 distrahere
1634 2021 1876 2075 videatur
1905 2037 1914 2071 :
1949 2034 2042 2073 ne-

451 2138 554 2192 que
602 2122 766 2193 pedes
814 2136 998 2177 eorum
1046 2119 1255 2174 lavandi
1301 2128 1426 2174 sunt
1469 2132 1499 2170 a
1550 2114 1917 2171 sacerdotibus
1959 2113 2040 2168 vel

450 2215 536 2289 [T.
569 2217 620 2284 I,
651 2213 768 2289 sed]
797 2214 1026 2271 clericis.

456 2305 643 2362 XLIX.
676 2305 751 2360 De
773 2306 1006 2377 frugibus
1031 2303 1260 2374 ﬁdelium
1287 2320 1350 2358 ne
1377 2313 1408 2357 a
1435 2301 1632 2357 Judwis
1663 2301 2042 2356 benedicuntur.

528 2397 818 2452 Admoneri
868 2394 1065 2466 placuit
1107 2408 1468 2464 possessores,
1525 2401 1583 2448 ut
1627 2407 1730 2448 non
1781 2392 2048 2456 patiantur

457 2492 658 2547 fructus
702 2506 765 2544 su
788 2504 852 2554 ‘s,
903 2501 1039 2557 quos
1067 2501 1096 2539 a
1125 2487 1237 2542 Deo
1267 2487 1566 2556 percipiunt
1595 2499 1715 2540 cum
1757 2485 2046 2554 gratiarum

458 2583 691 2645 actione,
721 2595 750 2633 a
803 2580 1006 2636 Iudaeis
1055 2578 1320 2644 benedici,
1355 2593 1424 2633 ne
1470 2586 1708 2633 nostram
1756 2576 1957 2631 irritam
1997 2584 2051 2631 et

460 2673 727 2727 infirmam
771 2671 966 2725 faciant
1014 2668 1443 2724 benedictionem
1491 2682 1507 2721 :
1560 2667 1604 2720 si
1653 2668 1775 2737 quis
1806 2676 1926 2736 post
1969 2667 2051 2721 in-

463 2767 744 2822 terdictum
796 2764 972 2818 facere
1023 2761 1388 2830 usurpaverit,
1435 2759 1646 2830 penitus
1696 2758 1762 2813 ab
1815 2757 2050 2813 Ecclesia

460 2857 760 2929 abjiciatur.

601 2946 666 3004 L.
698 2947 774 3002 De
803 2945 1107 3002 Christianis
1136 2945 1224 3016 qui
1255 2961 1369 2999 eum
1401 2942 1601 3000 Judcis
1624 2953 1907 2999 vescuntur.

534 3038 592 3095 Si
622 3054 752 3093 vero
781 3037 899 3108 quis
929 3036 1160 3092 clericus
1187 3035 1268 3090 vel
1300 3035 1470 3089 ﬁdelis
1500 3050 1618 3088 cum
1651 3032 1848 3089 Judazis
1874 3033 2053 3089 cibum

466 3129 775 3198 sumpserit,
809 3128 1006 3198 placuit
1037 3143 1159 3183 eum
1206 3142 1235 3181 a
1271 3126 1651 3182 communione
1696 3124 1949 3179 abstineri
2000 3131 2057 3178 ut

467 3224 659 3280 debeat
686 3221 983 3278 emendari.

537 3318 624 3374 LI.
656 3315 735 3372 De
762 3316 1036 3380 haereticis,
1066 3323 1120 3368 ut
1148 3314 1214 3369 ad
1235 3314 1426 3370 elerum
1454 3328 1551 3367 non
1576 3320 1981 3382 promoveantur.

539 3411 618 3466 Ex
650 3410 794 3465 omni
823 3407 1032 3464 hmrese
1063 3407 1234 3463 fidelis
1265 3406 1309 3462 si
1351 3405 1581 3470 venerit,
1626 3403 1845 3457 minime
1885 3410 1966 3456 est
1993 3398 2058 3454 ad

470 3507 670 3563 clerum
705 3501 1102 3573 promovendus
1135 3517 1148 3555 ε
1182 3500 1265 3556 vel
1293 3499 1335 3553 si
1367 3499 1455 3567 qui
1501 3505 1624 3553 sunt
1655 3495 1704 3550 in
1736 3493 2060 3565 praeteritum

471 3597 728 3663 ordinati,
755 3597 869 3650 sine
899 3594 1063 3649 dubio
1093 3594 1448 3661 deponantur.

475 3690 636 3760 290
675 3688 782 3742 LII.
815 3685 896 3740 De
934 3685 1014 3738 his
1053 3685 1145 3754 qui
1171 3685 1224 3736 in
1248 3683 1456 3805 eclclesia
1494 3681 1688 3735 libellos
1725 3684 1944 3748 famosos
1971 3695 2063 3749 po—

1191 3769 1294 3805 nun
1325 3791 1339 3805 .

1191 3769 1339 3806 nunt.

553 3851 614 3906 lli
659 3850 747 3920 qui
788 3847 987 3903 inventi
1024 3845 1225 3902 fuerint
1249 3845 1482 3900 famosos
1531 3845 1582 3900 in
1611 3844 1833 3901 ecclesia
1862 3856 2062 3914 ponere

477 3941 1012 3996 anatliematizentur.

478 4034 612 4090 LIII.
644 4031 722 4089 De
747 4033 993 4103 episwpis
1021 4032 1109 4102 qui
1155 4029 1593 4153 excom‘municato
1637 4026 1806 4083 alieno
1837 4043 2063 4082 commu-

549 4118 556 4125 ”
1176 4117 1328 4153 mean
1355 4143 1371 4153 .

549 4118 556 4125 '
1176 4117 1371 4158 nteant.

551 4197 759 4253 Placuit
801 4194 1033 4259 cunctis,
1085 4202 1142 4247 ut
1183 4192 1251 4247 ab
1298 4205 1365 4247 eo
1406 4190 1662 4260 episcopo
1689 4187 1807 4257 quis
1845 4186 2067 4255 recipiat

484 4289 918 4343 communionem
945 4327 957 4348 ,
990 4299 1018 4338 a
1069 4297 1175 4354 quo
1223 4282 1501 4337 abstentus
1545 4281 1598 4333 in
1638 4278 1860 4333 crimine
1889 4277 2067 4344 aliquo

482 4382 601 4450 quis
632 4377 823 4441 fuerit;
873 4375 1014 4443 quod
1062 4375 1106 4428 si
1153 4374 1291 4429 alius
1332 4370 1616 4440 episcopus
1664 4367 2069 4440 praesumpserit

485 4488 608 4528 eum
642 4468 871 4532 admitti,
907 4468 997 4522 illo
1026 4466 1200 4520 adhuc
1231 4464 1452 4519 minime
1479 4462 1704 4518 faciente
1733 4461 1813 4515 vel
1835 4474 2068 4515 consen-

484 4569 649 4622 tiente
684 4579 714 4617 a
761 4575 869 4632 quo
917 4559 1075 4614 fuerit
1123 4556 1499 4614 communione
1544 4555 1800 4624 privatus.
1834 4553 1970 4608 sciat
2006 4566 2065 4606 se
2093 4575 2144 4636 υ

489 4655 794 4726 lmjusmodi
823 4667 1012 4709 causas
1056 4653 1197 4707 inter
1245 4651 1437 4706 fratres
1465 4663 1584 4706 esse
1630 4662 1750 4704 cum
1782 4656 1949 4703 status
1988 4655 2071 4708 sui

487 4745 724 4814 periculo
755 4752 1147 4814 praestaturum.

487 4837 622 4892 LIV.
655 4835 736 4890 De
776 4834 1065 4906 parentibus
1093 4833 1179 4903 qui
1212 4831 1369 4902 ﬁdem
1393 4832 1771 4900 sponsaliorum
1805 4831 2070 4902 frangunt.

557 4928 615 4984 Si
660 4926 750 4997 qui
795 4934 1044 4994 parentes
1097 4923 1257 4978 fidem
1317 4923 1573 4994 fregerint
1639 4923 2072 4991 sponsaliorum,

494 5017 710 5077 triennii
743 5027 982 5084 tempore
1011 5014 1412 5080 abstineantur;
1451 5015 1494 5068 si
1535 5021 1710 5066 tamen
1743 5011 1883 5065 idem
1912 5026 2073 5079 spon-

489 5130 582 5169 sus
603 5113 686 5169 vel
715 5125 918 5182 sponsa.
959 5110 1011 5163 in
1053 5107 1199 5180 gravi
1226 5107 1455 5161 crimine
1487 5103 1684 5159 fuerint
1729 5103 2072 5173 deprehensi,

491 5213 650 5259 erunt
688 5201 935 5258 excusati
975 5209 1224 5271 parentes
1253 5216 1264 5250 :
1299 5198 1344 5251 si
1389 5198 1440 5251 in
1469 5195 1671 5250 eisdem
1703 5193 1864 5249 fuerit
1893 5196 2074 5250 vitium

492 5305 547 5350 et
579 5295 866 5364 polluerint
891 5307 970 5361 se,
999 5290 1240 5361 superior
1268 5288 1530 5345 sententia
1558 5295 1822 5341 servetur.

498 5389 605 5444 LV.
657 5389 735 5444 De
779 5385 1124 5443 sacerdotibus
1166 5383 1445 5508 Genti'lium
1481 5381 1568 5453 qui
1602 5381 1714 5451 jam
1753 5395 1856 5433 non
1883 5378 2078 5448 sacriﬁ-

1213 5471 1306 5508 can
1337 5494 1352 5508 .

1213 5471 1352 5510 cant.

568 5549 888 5604 Sacerdotes
931 5546 1022 5616 qui
1051 5552 1254 5598 tantum
1282 5559 1510 5599 coronas
1540 5549 1752 5612 portant
1781 5553 1881 5595 nec
1917 5538 2084 5594 sacri-

502 5643 662 5697 ficant
704 5655 804 5696 nec
841 5638 911 5695 de
952 5636 1063 5694 suis
1110 5634 1412 5703 sumptibus
1453 5633 1654 5702 aliquid
1681 5631 1748 5686 ad
1779 5630 1917 5686 idola
1949 5645 2084 5700 pra.»

575 5799 598 5824 ι
628 5786 738 5849 ιεη
768 5784 833 5838 Τ.
868 5784 919 5847 I,
948 5781 1004 5848 2,
1039 5776 1129 5846 U.,
1156 5784 1292 5849 quod
1321 5779 1374 5832 in
1417 5786 1628 5833 veterem
1669 5779 1920 5834 hominem
1959 5777 2085 5831 deli-

503 5860 668 5926 quisse
694 5858 944 5910 rideatur.

2366 572 2498 628 LVI.
2532 572 2608 630 Dc
2647 569 3024 640 magistratibus
3067 575 3112 619 et
3150 562 3450 616 duumviris.

2190 663 2530 734 Magistratus
2559 677 2688 716 vero
2717 674 2825 714 uno
2846 673 2987 711 anno
3016 672 3120 722 quo
3147 652 3255 723 agit
3282 651 3706 719 duumviratum,

2120 754 2510 822 prohibendum
2543 754 2711 822 placet
2739 749 2825 825 [T.
2858 749 2910 815 I,
2936 747 2991 813 Ξ,
3018 743 3236 816 placuit]
3267 753 3321 797 ut
3342 757 3401 797 se
3429 742 3497 795 ab
3523 741 3706 795 Eccle-

2119 848 2196 900 sia
2227 846 2492 901 cohibeat.

2122 939 2275 994 LVII.
2313 940 2386 993 De
2411 939 2491 992 his
2517 937 2602 1006 qui
2625 935 2918 1006 restituenta
2943 931 3010 983 ad
3039 927 3320 982 omandam
3349 940 3585 998 pompam
3619 923 3711 978 de-

2816 1005 3023 1059 derunt.

2196 1099 2451 1156 Matrona:
2496 1099 2576 1154 vel
2607 1111 2790 1152 earum
2835 1093 3011 1148 mariti
3039 1091 3353 1147 vestimenta
3382 1101 3476 1142 sua
3515 1087 3581 1141 ad
3626 1101 3714 1139 or-

2127 1196 2356 1250 nantlam
2408 1191 2737 1247 saeculariter
2769 1201 3012 1256 pompam
3062 1199 3168 1238 non
3205 1181 3364 1246 dent;
3395 1189 3449 1235 et
3491 1178 3536 1233 si
3569 1176 3712 1233 tece-

2130 1287 2257 1352 rint,
2289 1284 2518 1339 triennio
2545 1281 2935 1336 abstineantur.

2131 1377 2311 1434 LVIII.
2347 1376 2422 1431 De
2445 1375 2525 1429 his
2549 1367 3150 1446 quircommunicatorias
3187 1366 3382 1420 litteras
3413 1370 3635 1434 portant,
3663 1373 3718 1416 ut

2615 1445 2680 1498 de
2703 1444 2808 1513 ﬁde
2841 1445 3230 1511 interrogentur.

2207 1539 2414 1596 Placuit
2436 1537 2632 1606 ubique
2652 1545 2708 1590 et
2735 1534 2967 1588 maxime
2995 1531 3048 1584 in
3077 1544 3142 1585 eo
3168 1529 3305 1590 loco,
3337 1527 3389 1579 in
3418 1539 3522 1594 quo
3553 1523 3721 1592 prima

2136 1634 2390 1690 cathedra
2421 1630 2707 1685 constituta
2741 1636 2823 1681 est
2851 1624 3206 1694 episcopatus,
3231 1629 3286 1674 ut
3328 1618 3726 1686 interrogentur

2142 1731 2193 1784 lii
2238 1728 2327 1798 qui
2374 1721 2877 1780 cnmmunicatorias
2925 1718 3130 1771 litteras
3177 1713 3413 1774 tradunt,
3453 1725 3519 1763 an
3547 1709 3726 1763 omnia

2144 1831 2289 1874 recte
2312 1818 2542 1873 habeant
2571 1830 2669 1870 suo
2698 1810 3002 1867 testimonio
3022 1805 3384 1876 comprobata.

2143 1912 2300 1985 291
2339 1910 2476 1966 LIX.
2503 1909 2582 1963 De
2606 1906 2868 1985 ﬁdelibus,
2887 1919 2948 1956 ne
2974 1902 3041 1955 ad
3063 1897 3370 1985 gapitofiunt
3392 1910 3544 1948 causa
3568 1893 3730 1948 sacri-

2679 1976 2868 2045 ﬁcandi
2902 1972 3197 2027 ascendant.

2216 2055 2612 2129 Prohibendam
2645 2083 2712 2123 ne
2751 2066 2871 2136 quis
2899 2063 3256 2125 Christianus,
3285 2069 3339 2121 ut
3375 2056 3620 2118 Gentilis,
3661 2054 3730 2106 aut

2145 2169 2348 2224 idolum
2393 2151 2641 2233 Capitolii
2687 2174 2848 2216 causa
2897 2154 3234 2214 sacrificandi
3282 2149 3534 2205 ascendat
3575 2155 3628 2202 et
3657 2147 3731 2200 vi-

2146 2262 2300 2326 deat;
2330 2259 2470 2327 quod
2503 2256 2547 2312 si
2581 2253 2788 2317 fecerit,
2822 2250 2932 2322 pari
2973 2247 3198 2304 crimine
3238 2249 3478 2298 teneatur
3506 2256 3519 2292 :
3545 2240 3588 2293 si
3621 2237 3736 2291 fue-

2149 2353 2218 2408 rit
2248 2350 2443 2417 fidelis,
2475 2355 2593 2418 post
2641 2345 2826 2401 decem
2875 2355 3043 2396 annos
3087 2345 3202 2394 acta
3245 2333 3557 2406 poenitentia
3603 2330 3736 2386 reci-

2151 2447 2349 2518 piatur.

2282 2535 2394 2592 LX.
2429 2533 2506 2587 De
2534 2534 2614 2587 Itis
2644 2531 2730 2602 qui
2759 2531 3071 2584 destruentcs
3099 2524 3240 2578 idola
3271 2521 3601 2576 occiduntur.

2224 2629 2280 2685 Si
2311 2628 2428 2698 quis
2457 2625 2597 2681 idola
2623 2625 2844 2693 fregerit
2872 2631 2925 2674 et
2948 2619 3142 2674 ibidem
3175 2616 3332 2670 fuerit
3351 2613 3578 2675 occisus,
3608 2624 3741 2679 qna-

2155 2731 2307 2778 tenus
2356 2721 2410 2774 iu
2449 2717 2734 2786 Evangelia
2761 2714 2789 2753 ιι
2819 2715 3076 2782 scriptum
3124 2726 3229 2764 non
3260 2716 3343 2762 est
3390 2719 3560 2775 neque
3588 2704 3738 2757 inve-

2156 2812 2333 2866 nietur
2379 2808 2480 2866 sub
2508 2806 2771 2878 apostolis
2800 2820 3030 2873 unquam
3074 2804 3294 2868 factum,
3339 2794 3538 2868 placuit
3568 2796 3622 2850 in
3651 2808 3744 2848 uu-

2157 2919 2362 2960 merum
2391 2917 2512 2958 eum
2545 2915 2650 2954 non
2677 2897 2841 2967 recipi
2869 2904 3183 2966 martyrum.

2265 2995 2399 3050 LXI.
2433 2991 2508 3047 De
2546 2993 2626 3046 his
2654 2991 2739 3062 qui
2779 2990 2980 3043 duabus
3019 2985 3274 3040 sororibus
3307 2981 3636 3051 capulantur.

2229 3088 2283 3144 Si
2335 3086 2453 3156 quis
2503 3094 2625 3156 post
2671 3083 2878 3136 obitum
2926 3079 3109 3134 uxoris
3163 3092 3271 3132 suae
3329 3089 3573 3130 sororem
3629 3072 3747 3142 ejus

2086 3208 2132 3271 Ο
2161 3177 2389 3243 duxerit,
2424 3185 2477 3231 et
2517 3176 2629 3244 ipsa
2675 3174 2832 3227 fuerit
2861 3169 3058 3235 ﬁdelis,
3085 3163 3501 3238 quinquenniqu
3530 3178 3559 3216 a
3599 3177 3749 3218 com-

2166 3272 2418 3326 munione
2467 3269 2664 3339 placuit
2714 3263 2996 3329 abstineri,
3042 3261 3140 3315 nisi
3192 3261 3326 3314 forte
3351 3257 3584 3313 velocius
3628 3254 3749 3309 dari

2166 3376 2348 3432 pacem
2383 3359 2675 3415 necessitas
2704 3355 2937 3424 coegerit
2967 3351 3312 3408 infirmitatis.

2237 3452 2398 3509 LXII.
2451 3451 2525 3506 De
2567 3449 2760 3522 aurigis
2790 3456 2835 3502 et
2877 3445 3201 3517 pantomimis
3229 3443 3272 3498 si
3301 3449 3674 3496 convertantur.

2235 3544 2294 3600 Si
2341 3545 2523 3612 auriga
2552 3551 2643 3596 aut
2695 3538 3053 3609 pantomimus
3079 3536 3299 3591 credere
3325 3534 3610 3598 voluerint,
3640 3528 3750 3600 pla-

2165 3636 2296 3704 cuit,
2337 3642 2396 3689 ut
2443 3632 2586 3700 prius
2628 3630 2832 3686 artibus
2882 3628 2995 3684 suis
3040 3626 3346 3682 renuntient
3399 3633 3453 3679 et
3497 3631 3623 3677 tunc
3660 3620 3755 3676 de-

2167 3743 2310 3783 mum
2361 3726 2744 3794 suscipiantur,
2790 3723 2862 3777 ita
2913 3732 2968 3776 ut
3009 3720 3232 3775 ulterius
3257 3717 3324 3772 ad
3349 3732 3412 3773 ea
3437 3731 3543 3770 non
3571 3729 3754 3769 rever-

2170 3837 2350 3883 tantur
2383 3844 2394 3878 :
2426 3825 2516 3892 qui
2565 3823 2610 3876 si
2652 3821 2831 3876 facere
2887 3826 3078 3874 contra
3133 3815 3475 3872 interdictum
3519 3818 3758 3867 tentare-

2171 3919 2296 3983 riut,
2329 3915 2678 3986 Projiciantur
2701 3911 2769 3964 ab
2801 3909 3058 3965 Ecclesia.

2169 4009 2354 4066 LXIII.
2407 4007 2482 4062 De
2522 4004 2766 4061 uxoribus
2811 4018 2925 4072 qua:
2971 4001 3108 4068 ﬁlios
3156 4013 3220 4053 ea:
3271 3995 3524 4051 adulterio
3553 4001 3758 4051 necant.

2239 4101 2294 4156 Si
2318 4113 2419 4167 qua
2444 4113 2538 4168 per
2560 4094 2875 4151 adulterium
2899 4093 3120 4147 absente
3154 4089 3345 4144 marito
3373 4101 3470 4143 suo
3498 4101 3764 4154 concepe-

2169 4195 2262 4264 rit,
2291 4193 2448 4262 idque
2477 4199 2598 4261 post
2619 4187 2828 4244 facinus
2857 4185 3134 4249 occiderit,
3159 4181 3359 4252 placuit
3385 4195 3485 4237 nec
3511 4179 3562 4234 in
3595 4179 3762 4232 finem

2171 4288 2400 4344 dandam
2447 4299 2569 4340 esse
2617 4280 3050 4338 communionem
3102 4292 3169 4334 eo
3221 4275 3362 4347 quod
3405 4271 3764 4344 seminaverit

2171 4382 2368 4437 scelus.

2175 4493 2358 4550 LXIV.
2386 4493 2459 4547 De
2488 4491 2689 4562 feminis
2716 4502 2833 4571 quae
2858 4503 3025 4611 usqu?!
3058 4493 3126 4540 ad
3153 4493 3381 4610 tmortem
3422 4498 3537 4538 eum
3574 4481 3768 4537 alienis

2737 4576 2907 4611 vmsa
2953 4576 2984 4611 u
3029 4573 3146 4611 eran
3178 4598 3190 4610 .

2737 4577 2857 4614 υιηδ
2877 4573 3190 4612 adulteram.

2248 4673 2306 4729 Si
2333 4686 2436 4743 qua
2463 4685 2636 4738 usque
2663 4669 2715 4724 in
2748 4669 2907 4722 finem
2941 4667 3129 4722 mortis
3153 4679 3264 4719 sua:
3293 4677 3413 4719 cum
3440 4661 3615 4717 alieno
3640 4663 3765 4716 viro

2177 4763 2338 4819 fuerit
2365 4762 2648 4825 mtecltata,
2681 4760 2877 4831 placuit
2908 4773 3008 4812 nec
3036 4758 3087 4812 in
3119 4757 3278 4812 finem
3305 4753 3534 4810 dandant
3565 4753 3615 4809 ei
3640 4767 3768 4809 esse

2177 4856 2607 4912 communionem
2645 4870 2657 4904 :
2690 4853 2734 4906 si
2765 4866 2895 4907 vero
2923 4866 3045 4904 cum
3078 4850 3375 4919 reliquerit,
3406 4855 3526 4917 post
3569 4846 3771 4901 decem

2178 4963 2347 5006 anuos
2392 4947 2621 5017 accipiat
2654 4945 3087 5001 cauimunionem
3142 4951 3258 4996 acta
3306 4938 3538 5010 legitima
3590 4937 3771 5007 paeni,

2176 5044 2358 5104 tentia.

2391 5154 2550 5211 LXV.
2584 5152 2663 5208 De
2689 5151 2938 5207 adulteris
2963 5147 3202 5204 uxoribus
3227 5147 3546 5202 clericorum.

2253 5269 2308 5326 Si
2331 5269 2483 5338 cuius
2506 5268 2685 5323 clerici
2715 5281 2850 5320 uxor
2879 5264 3035 5318 fuerit
3062 5261 3327 5317 mtecltata
3355 5269 3404 5315 et
3438 5259 3619 5315 scierit
3646 5272 3766 5312 eam

2183 5363 2405 5417 maritus
2431 5371 2559 5413 suus
2589 5355 2846 5412 tnmchari
2877 5365 2926 5409 et
2962 5368 3066 5407 non
3107 5366 3225 5407 eam
3255 5351 3432 5405 statim
3462 5348 3770 5418 proiecerit,

2186 5467 2284 5507 nec
2316 5453 2370 5506 in
2413 5450 2572 5505 finem
2605 5447 2830 5516 accipiat
2877 5444 3333 5508 communionem,
3364 5455 3429 5495 ne
3469 5440 3537 5494 ab
3565 5438 3650 5493 his
3678 5439 3776 5507 qui

2183 5545 2485 5615 exemplum
2530 5545 2682 5597 home
2731 5541 2891 5611 292
2939 5539 3362 5594 conversationis
3403 5549 3522 5590 esse
3548 5531 3787 5596 debent,

2185 5641 2251 5694 ab
2278 5639 2357 5695 eis
2386 5637 2666 5692 videantur
2704 5634 2964 5687 scelerum
2996 5629 3296 5699 magisteria
3326 5624 3642 5698 procedere.

2260 5772 2285 5810 δ
2317 5769 2405 5838 G.,
2433 5778 2680 5844 quatenus
2699 5766 2818 5836 quia
2848 5765 2899 5818 in
2934 5761 3235 5833 Evangelia.
