4060 6184
328 259 430 318 309

498 364 684 422 LXVI.
739 365 816 420 De
845 366 923 421 Iris
953 365 1041 435 qui
1082 364 1340 436 priring
1383 381 1503 428 suas
1532 364 1744 417 ducunt.

391 459 446 514 Si
477 458 599 529 quis
632 459 927 527 [‘ritignam
956 466 982 495 ι
1011 471 1162 513 suam
1185 456 1398 512 duxerit
1423 471 1668 522 uxorem,
1690 471 1756 511 eo
1782 456 1921 524 quod

320 552 389 605 sit
423 551 686 617 incestus,
722 550 921 619 placuit
964 563 1065 604 nec
1094 547 1146 603 in
1181 546 1339 603 ﬁnem
1372 546 1601 618 dandam
1631 560 1750 601 esse
1776 562 1922 600 com-

326 642 660 697 tunnionem.
1891 650 1895 655 ’

463 733 552 789 LX
569 732 670 787 VII.
722 730 801 787 De
838 733 1082 803 conjugio
1128 732 1500 785 catechumenos
1548 726 1775 797 femine.

395 826 793 882 Prohibendam
827 839 893 880 ne
939 839 1041 893 qua
1094 823 1265 877 lidelis
1293 822 1375 877 vel
1420 822 1800 875 catcchnmena
1829 825 1921 872 aut

320 928 563 973 cmnatos
589 927 679 973 aut
708 918 852 972 viros
881 913 1175 970 cinerarios
1211 911 1237 949 ι’
1283 915 1513 968 habeant
1544 928 1558 966 :
1591 923 1921 980 qumcunque

321 1008 422 1061 hoc
451 1004 677 1061 fecerint
705 1019 731 1055 a
764 1001 1149 1058 communione
1177 1009 1485 1057 arceantur.

318 1096 552 1155 LXVIll.
599 1096 674 1151 De
716 1097 1083 1150 catcclmmena
1127 1096 1361 1148 adultera
1402 1108 1516 1163 qua:
1558 1093 1725 1163 [ilium
1753 1100 1914 1145 necat.

389 1188 787 1243 Catechumena
820 1188 862 1240 si
896 1200 990 1255 per
1020 1185 1339 1240 adulterium
1370 1186 1674 1254 conceperit
1704 1192 1756 1237 et
1784 1197 1916 1253 prae-

318 1280 598 1337 focaverit.
632 1278 830 1347 placuit
851 1290 968 1332 eam
1001 1276 1053 1330 in
1090 1276 1193 1331 ﬁne
1222 1274 1500 1346 baptizari.

316 1372 502 1428 LXIX.
539 1370 617 1425 De
640 1371 759 1424 viris
786 1370 1079 1440 conjugatis
1109 1380 1284 1436 postea
1313 1369 1365 1422 in
1390 1366 1702 1420 adulterium
1732 1364 1915 1437 lapsis.

386 1466 447 1521 Si
475 1464 594 1535 quis
644 1462 781 1517 forte
834 1461 1037 1517 habens
1068 1476 1288 1515 uxorem
1319 1460 1486 1515 semel
1514 1459 1673 1513 fuerit
1713 1459 1914 1527 lapsus,

320 1555 521 1622 placuit
568 1571 690 1609 cum
736 1554 1161 1623 quinquennium
1212 1568 1371 1622 agere
1418 1551 1617 1606 debere
1647 1551 1915 1619 paeniten-

314 1645 440 1698 tiam
463 1653 519 1700 et
538 1645 615 1699 sic
642 1643 999 1710 reconciliari,
1015 1643 1115 1697 nisi
1138 1644 1430 1698 necessitas
1452 1641 1777 1697 inlirmitatis
1791 1654 1916 1695 coe-

1216 250 1535 307 CONCILIA
1578 250 1913 308 lIlSPANlAS

2012 277 2059 290 -
2096 244 2677 303 TARllACUNENSE.
3483 247 3587 307 Lit)

1951 364 2002 423 Α
2030 378 2150 417 meo
2194 378 2299 417 non
2350 361 2508 415 fuerit
2556 358 2777 415 mortale
2805 357 2945 428 quod
2973 357 3168 427 obiecit
3213 367 3269 415 et
3295 362 3616 427 probaverit-

2022 454 2162 524 quod
2190 468 2295 508 non
2341 453 2586 514 tacuerit,
2619 450 2827 505 biennii
2869 462 3109 517 tempore
3144 450 3529 518 abstinebitur;
3560 456 3603 510 si

2021 556 2198 601 autem
2246 561 2350 600 non
2398 544 2723 616 probaverit,
2767 551 3037 599 convento
3080 544 3225 598 clero
3276 545 3470 613 placuit
3513 562 3610 616 per

2020 639 2440 708 quinquennium
2472 638 2696 691 abstines
2714 638 2751 691 i.

2022 728 2231 783 LXXV.
2272 727 2345 783 De
2371 729 2449 782 his
2478 730 2563 800 qui
2613 729 2899 852 sacerdotiis
2948 728 3027 783 vel
3066 729 3321 782 ministros
3365 710 3605 783 accusaui

2642 815 2731 852 nec
2762 815 2850 852 υνυ
2887 810 2993 852 aut.

2642 815 2731 852 nec
2761 810 2993 866 probant.

2093 894 2147 949 Si
2179 894 2296 963 quis
2323 904 2498 948 autem
2529 894 2838 962 episcopum
2874 892 2954 946 vel
2986 894 3353 964 presbyterum
3385 894 3468 948 vel
3498 893 3598 946 dia-

2020 1000 2214 1039 conum
2268 984 2415 1038 falsis
2466 982 2779 1038 criminibus
2828 984 3111 1053 appetierit
3150 992 3203 1037 et
3245 984 3469 1052 probare
3501 997 3605 1036 non

2021 1073 2272 1143 potuerit,
2309 1087 2407 1128 nec
2437 1073 2488 1127 in
2540 1072 2700 1127 ﬁnem
2747 1072 2977 1125 dandam
3020 1074 3070 1127 ei
3116 1087 3238 1127 esse
3274 1076 3600 1127 communio-

2020 1178 2167 1218 nem.

2018 1251 2252 1310 LXXVI.
2288 1252 2367 1308 De
2402 1253 2789 1378 diaconibusbsi
2808 1261 2934 1376 (ante
2962 1252 3201 1308 honorem
3232 1267 3465 1323 peccasse
3489 1269 3602 1325 pro-

2738 1341 2803 1377 an
2829 1340 2908 1378 ur.

2738 1340 2908 1378 antur.

2089 1417 2143 1471 Si
2172 1417 2290 1487 quis
2333 1417 2618 1471 diaconum
2650 1431 2710 1471 se
2741 1415 3040 1483 permiserit
3066 1413 3301 1469 ordinari
3341 1422 3396 1469 et
3421 1421 3603 1483 postea

2021 1508 2181 1564 fuerit
2228 1508 2472 1563 detectus
2523 1508 2573 1561 in
2623 1508 2849 1561 crimine
2894 1506 3082 1560 mortis
3133 1506 3272 1573 quod
3322 1503 3603 1571 aliquandc

2019 1600 2372 1667 commiserit,
2422 1601 2465 1654 si
2515 1610 2705 1668 sponte
2737 1598 3217 1661 fueritconlessus,
3263 1595 3457 1666 placuit
3484 1612 3603 1651 eum

312 1692 449 1803 gg...
469 1692 1909 1805 ;‘..1;.'.'.;.;.:.'."i;.:;'ggi;;;.;.;i;;;;..;ti;;‘.11.}...
1940 1714 1987 1773 Β
2018 1706 2139 1805 ξ’ῗῖῧ
2150 1695 2387 1805 ,ίῗβῖξῖξηέ
2408 1692 3432 1805 ΡῗτξίίξηξῖῗεοῗξΪίῖῗῗξῗῗῗῖθζνῗξῖ
3454 1704 3602 1805 fﬂi‘j’

314 1828 539 1885 feminas
569 1830 993 1883 observandum.

384 1922 548 1976 LXX.
584 1922 659 1976 De
684 1923 889 1990 feminis
915 1939 1026 1991 qua:
1055 1924 1271 1977 consciis
1300 1922 1497 1977 maritis
1524 1922 1835 1976 adulteram.

383 2013 438 2067 Si
472 2027 595 2067 cum
629 2013 966 2079 conscientia
1010 2010 1185 2067 mariti
1237 2029 1372 2067 uxor
1422 2012 1575 2068 fuerit
1622 2014 1908 2079 moechata,

315 2103 511 2171 placuit
530 2118 627 2158 nec
654 2103 705 2157 in
728 2103 887 2159 ﬁnem
912 2102 1139 2157 dandam
1164 2103 1209 2157 ei
1229 2101 1315 2174 [Β.
1340 2101 1427 2169 IL,
1452 2102 1545 2169 U.,
1567 2101 1773 2174 G.,eisj
1792 2116 1911 2157 esse

314 2195 750 2250 communionem
788 2213 801 2247 :
838 2196 881 2249 si
910 2208 1038 2249 vero
1069 2209 1185 2247 eam
1237 2192 1529 2262 reliquerit,
1557 2204 1677 2262 post
1722 2193 1909 2246 decem

312 2300 489 2343 annos
532 2285 761 2352 accipiat
813 2284 1267 2347 communionem,
1322 2282 1369 2336 si
1414 2296 1532 2336 eam
1578 2296 1698 2335 cum
1750 2282 1912 2336 sciret

315 2376 617 2429 adulteram
648 2376 819 2443 aliquo
854 2386 1093 2443 tempore
1125 2375 1176 2427 in
1219 2375 1379 2427 domo
1402 2387 1495 2426 sua
1525 2370 1765 2427 retinuit.

606 2464 787 2519 [ΛΚΕ.
824 2463 899 2518 De
925 2464 1301 2537 stupratoribus
1329 2478 1623 2533 puerorum.

385 2557 797 2626 Slttpratorihtts
828 2571 1114 2627 puerorum
1143 2570 1243 2612 ncc
1273 2555 1324 2609 in
1354 2554 1512 2609 ﬁnem
1536 2552 1765 2609 dandam
1792 2568 1913 2610 esse

323 2650 782 2704 communionem.

318 2762 520 2817 LXXII.
554 2761 634 2817 De
663 2764 829 2819 viduis
867 2764 1074 2819 mmo/iis
1100 2765 1145 2818 si
1185 2762 1417 2819 renident
1461 2771 1636 2835 postea
1673 2764 1927 2817 maritum

979 2835 1247 2889 duxerint.

383 2946 441 3002 Si
484 2962 587 3016 qua
624 2948 785 3002 vidua
835 2946 997 3003 fuerit
1042 2944 1307 3001 mechata
1350 2953 1406 3000 et
1450 2943 1697 2999 eumdem
1733 2952 1913 3012 postea

321 3037 565 3093 habuerit
590 3039 861 3103 maritum,
890 3048 1007 3106 post
1032 3035 1381 3106 quinquennii
1403 3044 1613 3100 tempus
1639 3045 1752 3089 acta
1785 3033 1910 3101 legi-

318 3128 442 3182 tima
466 3131 777 3199 pamitentia
803 3130 998 3200 placuit
1016 3144 1134 3185 eam
1153 3128 1514 3184 communioni
1537 3127 1869 3183 reconciliari
1893 3144 1909 3182 :

316 3222 358 3275 si
405 3224 569 3278 alium
616 3224 839 3278 duxerit
879 3225 1069 3280 relicto
1109 3224 1224 3289 illo,
1258 3238 1358 3279 nec
1398 3223 1449 3276 in
1483 3223 1640 3277 linem
1678 3220 1911 3277 dandam

320 3329 438 3369 esse
486 3320 952 3382 communionem;
1004 3320 1086 3372 vel
1137 3317 1181 3372 si
1231 3316 1388 3371 fuerit
1418 3316 1507 3370 ille
1553 3314 1726 3370 ﬁdelis
1755 3329 1910 3383 quem

322 3406 544 3473 aet-epit,
594 3408 1033 3462 communionem
1072 3423 1177 3462 non
1228 3406 1475 3474 accipiet,
1530 3403 1631 3458 nisi
1665 3412 1785 3473 post
1825 3404 1915 3459 de-

322 3511 439 3549 cem
470 3512 639 3553 annos
670 3505 789 3552 acta
825 3498 1058 3569 legitima
1091 3499 1426 3567 pmuitentia,
1459 3496 1619 3568 293
1649 3497 1730 3550 vel
1760 3494 1806 3550 si
1834 3495 1916 3551 in-

323 3585 545 3641 lirruitas
576 3587 815 3658 coegerit
840 3588 1077 3643 velocius
1106 3589 1222 3643 dari
1250 3588 1707 3643 communionem.

764 3696 995 3753 LXXIII.
1028 3698 1103 3754 De
1140 3700 1468 3756 delatoribus.

386 3810 606 3867 Delator
630 3813 674 3867 si
701 3815 819 3882 quis
857 3815 1120 3871 exstiterit
1152 3815 1345 3883 ﬁdelis,
1373 3826 1423 3871 et
1468 3831 1561 3886 per
1587 3815 1912 3873 delationem

319 3900 435 3970 ejus
462 3903 659 3974 aliquis
684 3903 842 3961 fuerit
876 3907 1211 3975 proscriptus
1242 3908 1321 3962 vel
1354 3908 1687 3971 interfectus,
1718 3906 1915 3977 placuit

319 4007 437 4046 eum
468 4008 568 4049 nec
595 3995 649 4049 in
685 3998 843 4050 linem
867 3999 1112 4066 accipere
1139 3999 1609 4066 communionem;
1648 3998 1693 4053 si
1748 3998 1915 4053 levior

321 4096 483 4140 causa
529 4084 711 4153 fuerit,
762 4087 900 4142 intra
949 4090 1367 4159 quinquennium
1424 4091 1667 4159 accipere
1720 4088 1915 4159 poterit

317 4175 752 4231 communionem
784 4193 799 4231 :
831 4178 873 4233 si
907 4178 1325 4233 catechumenus
1374 4178 1554 4245 fuerit,
1607 4188 1726 4248 post
1754 4179 1912 4249 quin-

324 4269 543 4337 quennii
574 4278 813 4340 tempora
841 4272 1155 4327 admi‘tetur
1183 4272 1247 4325 ad
1281 4271 1626 4341 baptismum.

753 4359 988 4417 LXXIV.
1021 4362 1095 4417 De
1116 4363 1261 4435 falsis
1288 4363 1514 4417 testibus.

2017 1786 2323 1840 munionem
2357 1802 2368 1836 :
2403 1782 2543 1853 quod
2572 1783 2616 1837 si
2647 1783 2782 1837 alius
2814 1797 2936 1836 eum
2964 1781 3254 1844 detexerit,
3295 1790 3412 1849 post
3452 1780 3602 1850 quin-

2013 1876 2301 1945 quennium
2345 1884 2460 1930 acta
2493 1874 2655 1947 294
2679 1875 2987 1945 pmnitentia
3016 1874 3257 1945 accipere
3272 1872 3602 1928 communio-

2015 1984 2136 2024 nem
2170 1968 2354 2022 laicam
2380 1968 2595 2023 debere.

2014 2060 2274 2117 LXXVII.
2306 2060 2381 2114 De
2428 2059 2696 2131 baptizatis
2738 2061 2844 2183 qui;
2885 2058 3110 2113 nondum
3158 2055 3447 2126 conﬁrmati
3498 2071 3603 2109 mo-

2704 2147 2822 2183 rtua
2851 2147 2927 2182 ur.

2704 2147 2927 2183 nuntur.

2086 2223 2141 2280 Si
2172 2224 2291 2293 quis
2317 2222 2576 2277 diaconus
2608 2236 2800 2290 regens
2831 2220 3041 2290 plebem
3082 2217 3199 2272 sine
3226 2216 3479 2285 episcopo
3523 2215 3605 2269 vel

2013 2314 2328 2386 presbytero
2375 2313 2585 2382 aliquos
2636 2312 3011 2380 baptizaverlt,
3052 2308 3338 2375 episcopus
3388 2320 3482 2360 eos
3513 2320 3603 2371 per

2015 2406 2442 2462 benedictionem
2470 2404 2729 2473 perﬁcere
2752 2401 2966 2457 debebit
2990 2418 3004 2455 :
3028 2400 3171 2471 quod
3197 2401 3242 2454 si
3265 2407 3393 2453 ante
3413 2398 3481 2453 de
3504 2413 3602 2451 sa:-

2013 2499 2136 2554 culo
2182 2499 2526 2564 recesserint,
2572 2496 2675 2552 sub
2704 2495 2807 2552 [ide
2850 2510 2952 2566 qua
2998 2495 3115 2565 quis
3144 2491 3369 2548 credidit
3410 2491 3606 2561 poterit

2012 2603 2133 2644 esse
2150 2589 2343 2658 justus.

2014 2699 2295 2757 LXXVIII.
2344 2700 2423 2755 De
2464 2701 2705 2771 ﬁdelibus
2751 2701 3057 2771 conjugntis,
3088 2698 3135 2771 si
3172 2715 3284 2753 cum
3320 2695 3505 2753 Judtea
3529 2698 3605 2750 vel

2493 2774 2634 2826 cntili
2674 2770 2935 2825 moecham
2964 2770 3177 2841 fuerint.

2088 2886 2142 2943 Si
2173 2886 2293 2956 quis
2322 2884 2495 2941 ﬁdelis
2525 2886 2726 2939 habens
2755 2900 2975 2939 uxorem
3000 2898 3119 2939 cum
3145 2882 3326 2938 Iudaea
3354 2885 3435 2939 vel
3458 2884 3602 2940 Gen-

2019 2977 2094 3031 tili
2128 2977 2284 3031 fuerit
2314 2976 2633 3042 moechatus,
2662 2991 2692 3030 a
2723 2975 3101 3031 communione
3130 2983 3378 3030 arceatur
3415 2990 3433 3030 :
3463 2977 3603 3044 quod

1941 3073 1987 3136 C
2017 3070 2061 3122 si
2092 3069 2227 3122 alius
2259 3082 2380 3123 eum
2413 3068 2699 3132 detexerit,
2731 3077 2852 3136 post
2872 3064 3295 3138 quinquennium
3328 3074 3444 3119 acta
3472 3064 3601 3133 legi-

2015 3162 2140 3217 tima
2188 3162 2501 3235 pmniteutia
2552 3162 2748 3232 poterit
2791 3160 3072 3216 dominica:
3126 3158 3321 3215 sociari
3372 3174 3603 3214 commu-

2014 3266 2181 3307 ment.

2268 3342 2507 3398 LXXIX.
2544 3342 2619 3398 De
2662 3343 2742 3397 Itis
2780 3344 2865 3413 qui
2895 3344 3122 3396 tabulam
3152 3345 3355 3398 ludunt.

2083 3453 2139 3510 Si
2170 3455 2291 3523 quis
2324 3453 2495 3510 lidelis
2522 3454 2719 3522 aleam,
2762 3454 2813 3508 id
2845 3463 2927 3508 est
2955 3454 3188 3509 tabulam
3224 3453 3409 3507 luserit
3451 3466 3601 3506 num-

2015 3546 2135 3613 mis,
2169 3545 2372 3615 placuit
2416 3561 2538 3601 eum
2570 3544 2860 3609 abstineri;
2911 3544 3040 3600 etsi
3070 3545 3384 3598 emendatus
3429 3557 3602 3597 cessa-

2015 3637 2169 3703 verit,
2200 3644 2322 3706 post
2344 3650 2543 3690 annum
2570 3634 2762 3704 poterit
2784 3632 3148 3691 communioni
3178 3631 3532 3689 reconciliari.

2516 3744 2728 3803 LXXX.
2774 3746 2851 3800 De
2891 3745 3103 3807 libertis.

2089 3861 2484 3917 Prohibendum
2512 3869 2568 3915 ut
2598 3860 2792 3925 liberti,
2818 3874 3041 3930 quorum
3086 3856 3293 3928 patroni
3333 3856 3385 3914 in
3409 3856 3604 3913 sacculo

2016 3952 2234 4017 fuerint,
2261 3954 2325 4007 ad
2353 3955 2558 4008 clerum
2587 3966 2692 4006 non
2716 3958 3153 4020 promoveantur.

2337 4066 2571 4123 LXXXI.
2604 4065 2676 4121 De
2702 4066 3006 4135 [culinarum
3032 4064 3282 4134 epistolis.

2085 4181 2163 4237 Ne
2186 4179 2405 4237 femina:
2453 4195 2548 4235 suo
2582 4180 2757 4250 potius
2780 4178 2984 4247 absque
3027 4176 3340 4231 maritorum
3372 4175 3599 4228 nomini.

2017 4277 2118 4333 bus
2146 4276 2298 4332 laicis
2326 4275 2563 4331 scribere
2593 4274 2851 4340 audeant;
2879 4287 2996 4342 quae
3043 4269 3230 4324 ﬁdeles
3251 4277 3373 4323 sunt
3401 4267 3481 4321 vel
3513 4268 3600 4319 lit-

2020 4377 2159 4425 teras
2186 4368 2413 4436 alicujns
2446 4367 2692 4437 paeiﬁcas
2718 4366 2784 4421 ad
2823 4380 2977 4420 suum
3026 4362 3200 4418 solum
3245 4372 3442 4416 nomen
3468 4358 3603 4415 scri-

386 4447 581 4506 F‘alsus
605 4454 757 4508 testis
786 4464 942 4523 prout
971 4468 1050 4509 est
1080 4454 1284 4509 crimen
1326 4455 1679 4511 abstinebitur
1710 4473 1725 4509 :
1752 4455 1795 4510 si
1828 4464 1906 4509 Ia-
1939 4440 1991 4495 D
2018 4469 2134 4531 ptas
2157 4462 2442 4529 accipiant.

390 4590 418 4659 ξ
552 4586 622 4659 1ζ
634 4585 692 4640 Si
717 4588 831 4659 quis
855 4598 1143 4642 anteactam
1169 4591 1472 4659 privignam.

390 4652 417 4691 ι’
450 4654 527 4707 Ex
560 4656 675 4721 113.,
710 4652 866 4723 B.ll.,
891 4659 951 4714 Τ.
986 4662 1036 4724 Ἰ,
1071 4659 1134 4715 U.
1169 4652 1225 4715 In
1247 4652 1321 4715 Δί
1438 4661 1500 4725 ὃν
1516 4662 1822 4715 ceuorarios.
1853 4661 1911 4717 In

2017 4596 2080 4650 Τ.
2108 4594 2163 4665 2,
2193 4595 2482 4666 genuarios

318 4759 3604 4815 Μ

1784 4890 2135 4965 XXXIX

1102 5035 1762 5119 CONCILIUM
1837 5028 2794 5117 TARRACONENSE

322 5174 536 5221 DECEM
587 5181 1053 5246 EPISCOPOBUM,
1101 5189 1390 5232 HABITUM
1440 5189 1576 5232 ΒΕΔ
1624 5162 1795 5244 DLIV,
1832 5186 1996 5231 ANNO
2041 5188 2246 5227 SEXTO
2291 5183 2681 5227 THEODUIUCI
2729 5183 2935 5234 REGZS,
2968 5177 3336 5222 CONSULATU
3388 5176 3603 5232 PETRI,

1424 5269 1541 5310 SUB
1586 5269 1694 5310 DIE
1744 5270 1854 5311 VIII
1902 5266 2043 5309 IDUS
2091 5265 2478 5307 NOVEMIIBIS.

388 5406 747 5483 295-296
788 5409 1020 5482 Antiqua
1064 5412 1276 5466 Patrum
1313 5421 1507 5467 statuta
1556 5412 1625 5469 de
1675 5412 1757 5467 his
1786 5427 1911 5467 cen-

318 5497 493 5552 Suisse
525 5498 798 5569 videntur,
832 5516 950 5571 qua:
996 5502 1050 5556 in
1084 5513 1321 5571 tempore
1362 5511 1457 5558 aut
1491 5503 1561 5558 ad
1594 5504 1715 5558 illos
1743 5505 1910 5557 relata

320 5597 687 5657 pervenerunt
726 5600 817 5645 aut
848 5601 995 5648 certe
1043 5602 1159 5648 acta
1190 5594 1498 5649 testimonio
1526 5595 1738 5664 proprio
1767 5609 1911 5647 com-

321 5677 681 5746 probaverunt
715 5695 727 5731 :
758 5681 909 5751 cuius
933 5683 1007 5738 rei
1037 5694 1088 5739 et
1130 5699 1227 5741 nos
1265 5694 1552 5757 sequentes
1584 5684 1906 5754 exemplum,

2020 5409 2107 5463 illa
2134 5423 2254 5477 qua:
2286 5419 2427 5460 nunc
2458 5404 2589 5458 ﬁunt
2616 5400 2808 5471 placuit
2842 5400 3176 5457 observanda
3205 5400 3519 5468 decernere.
3546 5411 3602 5456 nt

2018 5499 2282 5570 praeterita
2315 5496 2513 5566 absque
2552 5494 2775 5563 ambage
2804 5494 3189 5558 custodiantur,
3233 5502 3288 5549 et
3316 5496 3602 5564 praesentis

2017 5591 2391 5647 observatlone
2417 5586 2523 5642 sint
2552 5586 2723 5641 ﬁrma.
2756 5585 2917 5656 Igitur
2945 5599 3064 5639 cum
3112 5585 3165 5640 in
3208 5601 3370 5639 unum
3404 5586 3601 5655 pariter

2019 5683 2454 5739 convenissemus
2507 5682 2561 5736 in
2613 5679 2796 5735 urbem
2848 5678 3299 5735 Tarraconensem
3350 5691 3469 5749 quae
3522 5686 3603 5734 εει
