4060 6184
443 314 535 371 311
1143 308 1524 367 COLLECTIO
1561 308 1890 366 C.\i\'0.\'U&I
1931 306 1992 363 S.
2034 304 2306 364 ISIDORO
2350 305 2616 363 [IISPAL
2662 305 3015 365 ASCRIPTA.

3619 310 3725 369 512

443 432 851 502 metropolitaua
874 439 919 495 η,
941 430 1125 487 titulos
1145 430 1332 484 subter
1354 442 1593 483 annexos
1616 427 2031 495 conscripsimus
2063 424 2109 484 A
2142 425 2372 479 monitus
2402 442 2427 476 a
2464 425 2875 493 metropolitano
2907 424 2970 478 ad
3005 424 3264 496 synodum
3295 424 3435 478 nulla
3466 426 3612 494 gravi
3646 428 3723 480 in-

442 523 823 578 observandos.

444 615 482 671 ι.
521 615 589 671 Ut
610 616 760 671 etiam
788 615 856 668 ad
888 615 1145 683 proxima;
1174 612 1441 735 sanguinis
1470 611 1638 665 cleric:
1663 627 1777 663 cum
1805 610 2029 664 te:-.timo-

1070 685 1154 735 nio
1195 700 1251 735 va
1293 692 1398 735 ant.

1070 685 1154 737 nia
1195 685 1398 736 vadunt.

514 777 589 831 lle
622 778 724 843 his,
755 776 946 846 quibus
970 792 1099 829 cura
1131 790 1226 844 pro
1257 774 1545 844 parentelte
1576 774 1918 843 proximitate
1945 773 2033 825 ha-

443 868 570 923 bere
612 866 958 935 permittitur,
1002 875 1059 919 ut
1100 880 1163 920 ea
1208 865 1413 919 cautela
1462 880 1645 919 earum
1678 869 2030 920 necessitates

440 965 765 1019 sustentent,
799 965 854 1009 ut
881 956 1097 1024 pietatis
1130 955 1386 1009 beneficia
1416 970 1534 1024 qua:
1562 955 1639 1011 eis
1682 967 1804 1010 sunt
1848 969 2032 1009 neces-

440 1046 580 1101 saria
614 1062 641 1099 a
686 1046 898 1116 longius
930 1048 1204 1117 prtebeant
1231 1064 1243 1099 :
1280 1046 1380 1116 ipsi
1406 1061 1534 1101 vero
1564 1062 1657 1116 pro
1690 1047 1923 1101 visendis
1952 1046 2031 1100 eis

441 1151 563 1189 cum
596 1136 821 1204 ingressi
852 1135 1067 1199 fuerint,
1088 1136 1250 1190 celeri
1276 1137 1595 1190 salutatione
1625 1147 1904 1190 recurrant
1933 1152 2031 1191 nec

439 1226 569 1281 inibi
599 1227 794 1281 faciam
838 1228 1168 1282 mansionem
1206 1246 1218 1281 :
1252 1228 1338 1297 qui
1370 1239 1544 1281 tamen
1573 1244 1691 1281 cum
1738 1228 1803 1282 ad
1846 1244 2028 1283 earum

440 1316 804 1372 visitationem
834 1327 1079 1387 pergunt,
1114 1328 1302 1372 teStem
1332 1318 1507 1371 διμιδιῙί
1538 1320 1618 1372 sui
1656 1318 1760 1373 lide
1788 1328 1841 1373 et
1872 1329 2031 1374 mtate

442 1410 725 1479 probatum
751 1412 1037 1467 adhibeant
1066 1427 1267 1467 secum.
1310 1412 1364 1467 Si
1394 1412 1513 1481 quis
1544 1413 1657 1466 hinc
1686 1428 1713 1464 a
1746 1413 1898 1467 nobis
1922 1423 2030 1468 sta-

441 1512 553 1557 tuta
596 1503 1003 1570 contempserit,
1033 1504 1075 1557 si
1107 1504 1340 1557 clericus
1385 1514 1484 1567 est,
1522 1504 1622 1558 Ιυιί
1664 1505 1745 1559 sui
1777 1506 2032 1574 dignitate

444 1594 712 1659 privetur;
740 1592 786 1647 si
821 1591 932 1664 [G.,
964 1591 1072 1664 sin]
1100 1609 1227 1648 vero
1275 1593 1551 1663 religiosus
1583 1596 1661 1649 vel
1710 1597 2028 1661 monachus,

445 1685 499 1738 in
550 1686 683 1739 cella
731 1687 1043 1739 monasterii
1098 1688 1337 1740 reclusus
1396 1687 1727 1755 paenitentiae
1786 1688 2031 1742 lamentis

2138 519 2443 573 tercedente
2469 518 2784 572 nece~sitate
2807 518 3069 585 corporali
3100 516 3279 570 venire
3310 517 3721 585 contempserit,

2134 614 2271 665 sicut
2299 620 2493 665 statuta
2542 610 2753 663 Patrum
2801 619 3114 674 sanxerunt,
3149 624 3317 676 usque
3371 608 3436 662 ad
3487 610 3722 664 futurum

2134 702 2417 757 concilium
2441 713 2751 759 cunctorum
2776 704 3150 772 episeoporum
3173 700 3451 756 chr-ritatis
3477 716 3721 757 continu-

2134 797 2291 849 nione
2319 796 2573 864 privetur.

2139 888 2241 942 VII.
2287 886 2351 942 Ut
2376 888 2646 942 dioecesnni
2675 887 2843 940 clerici
2873 887 3182 952 septimanos
3204 895 3403 940 teneant
3427 895 3474 942 et
3493 888 3577 942 die
3606 890 3724 943 sab-

2470 958 2573 1011 bati
2601 971 2773 1012 omnes
2800 960 2851 1009 in
2879 974 3032 1010 unum
3055 958 3375 1012 conveniant.

2208 1047 2280 1102 De
2301 1046 2622 1102 diazcesauis
2647 1046 2889 1100 ccclesiis
2912 1046 2991 1099 vel
3017 1045 3160 1099 clero
3188 1045 3238 1098 id
3274 1046 3469 1114 placuit
3487 1046 3719 1109 deliniri,

2133 1150 2189 1194 ut
2218 1140 2513 1209 presbyteri
2543 1141 2623 1196 vel
2649 1140 2858 1193 diaconi
2878 1139 2965 1207 qui
2990 1139 3059 1194 ibi
3090 1138 3115 1176 ι)
3144 1140 3418 1194 constituti
3445 1151 3567 1195 sunt
3597 1157 3718 1195 cum

2132 1231 2342 1285 clericis
2368 1231 2691 1301 septimanas
2745 1233 3065 1296 observent;
3112 1228 3165 1283 id
3196 1239 3276 1283 est
3324 1240 3379 1283 ut
3432 1231 3712 1300 presbyter

2135 1338 2291 1375 unum
2324 1321 2483 1376 faciat
2515 1322 2926 1384 hebdomadam,
2955 1337 3057 1390 qua
3103 1321 3320 1389 expleta
3371 1321 3628 1375 succedat
3659 1324 3707 1375 ei

2133 1415 2389 1470 diaconus
2412 1415 2678 1481 similiter,
2704 1432 2765 1470 ea
2796 1417 3005 1471 scilicet
3052 1417 3361 1470 conditione
3406 1428 3638 1483 servata,
3666 1426 3725 1471 ut

2133 1507 2315 1561 omnis
2338 1508 2514 1562 clerus
2546 1509 2631 1561 die
2652 1508 2860 1562 sabbati
2887 1508 2953 1561 ad
2984 1523 3027 1558 Vl
3048 1522 3233 1576 speras
3251 1508 3322 1560 sit
3346 1517 3583 1575 paratus,
3617 1524 3723 1577 quo

2134 1599 2338 1653 facilius
2368 1600 2453 1653 die
2484 1599 2753 1653 dominico
2792 1601 3105 1653 solemnitas
3164 1615 3286 1653 cum
3315 1600 3555 1653 omnium
3588 1616 3722 1667 prm-

2132 1698 2304 1751 sentia
2333 1696 2633 1751 celebretur
2666 1713 2678 1748 :
2714 1696 2781 1749 ita
2807 1705 2984 1750 tamen
3015 1704 3071 1748 ut
3102 1696 3350 1749 omnibus
3390 1696 3577 1749 dii-bus
3604 1712 3721 1749 ves-

442 1776 733 1839 incutttbat,
785 1777 871 1829 ubi
919 1778 1178 1847 singulari
1233 1778 1523 1832 afﬂictione
1574 1780 1724 1848 panis
1769 1788 1824 1834 et
1876 1796 2027 1850 aquae
2059 1780 2104 1839 Β
2136 1803 2259 1855 pera
2293 1796 2347 1842 (ιι
2378 1789 2636 1843 matutina
2669 1787 3029 1851 celebrentur,
3061 1788 3181 1855 quia
3228 1786 3520 1841 desistente
3551 1789 3715 1849 cli-ro,

444 1871 645 1923 victum
673 1885 736 1922 ex
763 1867 970 1923 abbatis
996 1869 1331 1922 ordinatione
1358 1870 1632 1937 percipiat.

440 1962 503 2017 Il.
538 1962 605 2017 Ut
626 1962 793 2017 clerici
822 1962 1020 2016 emendi
1047 1963 1193 2015 vilius
1218 1964 1293 2015 vel
1320 1962 1567 2016 vendendi
1589 1964 1758 2017 carius
1780 1980 1877 2019 non
1908 1980 2029 2033 per»

1089 2036 1376 2088 mittantur.

514 2128 664 2184 Sicut
692 2141 954 2181 canonum
984 2128 1193 2181 statutis
1224 2127 1488 2180 firmatum
1517 2137 1617 2192 est,
1648 2127 1951 2197 quicunque
1976 2126 2028 2180 in

443 2222 591 2276 clero
620 2236 741 2275 esse
767 2220 998 2274 voluerit
1024 2219 1236 2275 emendi
1271 2221 1425 2274 vilius
1454 2221 1536 2275 vel
1565 2219 1824 2276 vendendi
1854 2219 2031 2274 carius

444 2312 621 2367 studio
652 2328 755 2364 non
788 2320 964 2365 utatur
994 2328 1009 2365 :
1040 2322 1184 2367 certe
1226 2312 1271 2366 si
1322 2313 1434 2368 haec
1479 2312 1703 2367 νυιυθνὶι
1755 2326 2027 2375 exercere,

442 2403 756 2458 cohibeatur
783 2418 813 2456 a
842 2404 1012 2459 clero.

441 2494 528 2552 III.
567 2495 634 2551 Ut
672 2494 845 2550 clerici
886 2499 931 2551 si
960 2498 1185 2552 solidum
1204 2498 1550 2578 .pra’stiterint
1578 2499 1687 2552 sine
1707 2514 1862 2551 usura
1894 2498 2031 2552 reci-

1163 2578 1326 2635 piant.

511 2661 567 2716 Si
595 2662 716 2732 quis
746 2676 873 2716 vero
901 2660 1131 2715 clericus
1178 2660 1406 2713 solidum
1452 2660 1504 2713 in
1538 2659 1857 2714 n~-cessitate
1889 2674 2027 2729 pra:-

440 2757 658 2822 stiterit,
709 2756 808 2810 hoc
854 2756 920 2810 de
969 2754 1094 2810 vino
1125 2752 1208 2807 vel
1265 2754 1531 2806 frumento
1580 2752 1828 2821 accipiat,
1888 2752 2028 2820 quod

447 2848 718 2903 mercandi
751 2862 910 2901 causa
938 2854 1178 2914 tempore
1210 2851 1409 2897 statuto
1439 2843 1715 2898 decretum
1759 2842 1915 2897 fuerit
1941 2858 2030 2898 ve-

440 2938 666 2995 nundari
701 2958 713 2992 :
744 2947 995 2994 caeterum
1045 2936 1091 2990 si
1129 2934 1357 3003 Speciem
1407 2950 1511 2989 non
1564 2936 1807 2990 habuerit
1846 2950 2031 2990 neces-

438 3030 659 3098 sariam,
700 3032 873 3101 ipsum
906 3028 1045 3100 quod
1082 3027 1227 3083 dedit
1276 3027 1394 3081 sine
1435 3026 1541 3081 ullo
1583 3035 1865 3097 augmento
1897 3027 2031 3080 reci-

439 3126 568 3195 piat.

442 3218 527 3274 IV.
568 3215 634 3273 Ut
665 3216 838 3272 nullus
869 3218 1139 3286 cpiscOpus
1168 3214 1244 3269 vel
1274 3215 1411 3285 infra
1442 3215 1641 3282 po:.itus
1668 3215 1750 3267 die
1777 3214 2032 3268 dominico

846 3304 1025 3342 causas
1045 3287 1288 3358 judicare
1312 3298 1608 3357 primumut.

512 3402 576 3457 Ut
606 3403 790 3458 nullt'J
813 3401 1185 3470 episcoitorum
1216 3408 1310 3454 aut
1342 3398 1776 3470 presbyterorum
1808 3396 1885 3451 vel
1917 3397 2032 3451 cle-

438 3493 673 3547 ri'corum
706 3490 785 3550 uie
815 3492 1086 3546 dominico
1119 3491 1446 3560 pr0positum
1471 3489 1834 3559 cujuscunque
1858 3503 2033 3541 causa:

440 3586 708 3656 negotium
753 3585 944 3638 audeat
986 3583 1252 3653 judicare,
1294 3580 1393 3634 nisi
1425 3582 1524 3634 hoc
1573 3589 1797 3642 tanttnn,
1830 3588 1884 3631 ut
1922 3578 2032 3631 Deo

445 3688 643 3733 statuta
674 3675 935 3730 solemnia
966 3684 1219 3742 peragant
1245 3690 1257 3724 :
1284 3673 1490 3726 exteris
1530 3686 1656 3723 vero
1686 3670 1872 3723 diebus
1902 3685 2028 3722 con-

443 3768 750 3823 niventibus
801 3764 1045 3835 personis
1096 3764 1184 3817 illa
1230 3763 1506 3832 quiejusta
1538 3772 1661 3815 sunt
1707 3762 1997 3817 habeantli

442 3860 668 3916 centiam
691 3857 983 3928 judicandi,
1016 3864 1241 3925 excepto
1271 3853 1565 3909 criminalia
1596 3854 1828 3923 negotia.

440 3972 506 4029 ν.
543 3971 609 4027 Ut
638 3972 727 4042 qui
755 3972 807 4024 in
838 3971 1229 4040 metropolitana
1259 3969 1455 4022 civitate
1484 3983 1583 4021 non
1624 3968 1892 4042 ordinatur
1921 3970 2030 4035 epi-

511 4040 714 4114 scopus,
762 4053 876 4111 post
928 4042 1058 4096 duos
1106 4056 1302 4096 menses
1359 4056 1413 4095 se
1456 4040 1842 4109 metropolitano
1897 4053 2030 4107 prte-

508 4124 684 4169 sentet.

509 4225 569 4287 Si
598 4230 721 4302 quis
748 4232 801 4285 in
833 4227 1243 4296 metmpolitana
1266 4226 1480 4281 civitate
1508 4239 1610 4277 non
1638 4223 1793 4278 fuerit
1821 4222 2029 4290 episco-

440 4336 540 4390 pus
586 4318 907 4382 ordinatus,
962 4328 1309 4386 posteaquam
1362 4320 1607 4379 susceita
1662 4312 2032 4367 benedictione

438 4410 589 4486 με..
624 4411 711 4474 Τ..
758 4406 1115 4478 ordinatione]
1142 4423 1233 4475 per
1266 4405 1653 4474 metropolitani
1701 4405 1902 4459 litteras
1932 4404 2029 4457 lto-

2132 1879 2277 1945 quod
2308 1888 2390 1935 est
2424 1880 2737 1947 pessimum,
2782 1880 3143 1945 comperimus
3191 1878 3241 1931 in
3274 1877 3504 1931 basdicis
3533 1894 3631 1932 nec
3654 1882 3723 1929 Iu-

2132 1971 2354 2025 minaria
2384 1970 2697 2025 ministrari.
2725 1970 2780 2026 Si
2805 1971 2893 2041 qui
2924 1984 3054 2025 sane
3084 1970 3418 2040 negligentia:
3450 1971 3577 2023 vitio
3604 1972 3717 2025 lucc

2132 2063 2357 2135 implere
2408 2065 2719 2132 noluerint,
2755 2064 3003 2118 noverint
3059 2078 3118 2118 se
3167 2063 3461 2117 secundum
3522 2072 3720 2115 statuta

2132 2172 2396 2212 canonum
2432 2173 2525 2226 pro
2558 2157 2716 2211 modo
2749 2171 3094 2223 persmiarum
3122 2153 3395 2210 canonica:
3424 2154 3721 2223 ἀίειοὶμιῖίιω

2133 2262 2190 2301 su
2200 2247 2457 2302 btlendos.

2137 2335 2268 2392 VIII.
2307 2337 2372 2391 Ut
2417 2338 2565 2390 annis
2607 2337 2823 2408 singulis
2865 2338 3083 2407 episcOpi
3112 2338 3375 2391 diacescm
3424 2337 3646 2405 visitent,
3672 2350 3717 2392 ct

2201 2420 2255 2462 ut
2285 2424 2385 2461 non
2417 2412 2530 2476 plus
2569 2425 2721 2476 quam
2748 2410 2946 2462 tertiam
2977 2410 3041 2461 de
3088 2409 3341 2477 parochiis
3369 2410 3645 2475 accipiant.

2204 2500 2490 2556 Multorum
2518 2514 2737 2554 casuum
2766 2504 3096 2568 experientia
3122 2502 3474 2567 magistrante
3502 2502 3705 2569 reperio

2132 2608 2251 2647 mus
2278 2593 2559 2647 nonnullas
2590 2594 2922 2647 dimcesanas
2952 2607 3071 2647 esse
3101 2593 3359 2647 ecclesias
3389 2592 3671 2647 destitutas
3696 2610 3711 2646 :

2131 2683 2202 2738 ob
2231 2699 2390 2753 quain
2424 2698 2534 2737 rem
2561 2682 2610 2737 id
2625 2684 3007 2737 constitutione
3030 2683 3389 2749 decrevimus,
3416 2685 3721 2750 ntantiqua:

2130 2777 2536 2833 consuetudinis
2574 2775 2708 2831 ordo
2758 2785 3025 2841 servetur,
3052 2784 3109 2830 et
3163 2776 3355 2829 annuis
3407 2775 3611 2829 vicibus
3652 2778 3720 2829 ab

2131 2869 2385 2938 episcopo
2412 2868 2675 2923 dimceses
2698 2868 3003 2932 visitentur,
3038 2878 3092 2922 ut
3130 2869 3174 2922 si
3205 2883 3305 2937 qua
3334 2867 3470 2922 forte
3502 2867 3715 2922 basilica

2132 2972 2347 3032 reperta
2371 2962 2527 3020 fuerit
2550 2962 2803 3018 destituta
2832 2962 3170 3017 ordinatione
3212 2960 3375 3030 ipsius
3405 2973 3711 3030 reparetur;

2132 3058 2251 3128 quia
2278 3058 2433 3112 tertia
2462 3072 2526 3111 ex
2558 3056 2804 3111 omnibus
2842 3071 2936 3125 per
2964 3055 3232 3125 antiquam
3265 3053 3604 3109 traditionem
3660 3064 3715 3108 ut

2061 3142 2109 3206 C
2140 3152 2431 3221 accipiatur
2457 3151 2524 3205 ab
2549 3149 2814 3221 episcopis
2845 3151 3089 3203 novimus
3118 3156 3394 3203 statutum.

2133 3243 2223 3302 IX.
2258 3244 2332 3299 De
2362 3243 2558 3296 c'ericis
2581 3252 2628 3295 et
2668 3242 2890 3296 ostiariis
2913 3243 3000 3310 qui
3022 3240 3274 3294 adulteris
3301 3238 3589 3292 mulieribus
3621 3239 3715 3289 ad-

2439 3314 2732 3381 miscentur,
2761 3322 2817 3366 ut
2846 3314 3029 3366 aclero
3055 3312 3411 3383 projiciantur.

2204 3407 2258 3463 Si
2289 3404 2410 3476 quis
2436 3407 2695 3461 lectorum
2727 3404 2987 3459 adultera:
3016 3401 3225 3456 mulieri
3256 3401 3485 3455 voluerit
3506 3400 3719 3457 misceri

2132 3498 2214 3553 vel
2242 3497 2516 3553 adhaerere
2538 3496 2833 3564 consortio,
2866 3503 2958 3550 aut
2985 3494 3251 3562 relinquat
3285 3491 3601 3557 adulteram,
3630 3500 3720 3545 aut

2132 3603 2162 3643 a
2186 3589 2331 3643 clero
2364 3589 2623 3643 habeatur
2648 3596 2935 3643 extraneus
2970 3603 2982 3637 :
3016 3585 3207 3639 similis
3250 3583 3519 3638 sententia
3550 3581 3714 3637 ostia-

2132 3678 2332 3732 riorum
2365 3694 2505 3732 mam
2525 3679 2601 3733 hit
2629 3676 2893 3732 scholam.

2159 3769 2223 3824 X.
2255 3768 2321 3823 Ut
2346 3770 2517 3822 nullus
2540 3769 2805 3840 episco;:us
2832 3783 2924 3837 pro
2944 3766 3159 3837 judiciis
3190 3781 3404 3819 munera
3442 3765 3685 3833 accipiat.

2202 3860 2605 3917 Observandum
2642 3874 2853 3930 quoque
2898 3859 3265 3923 decrevimus,
3301 3871 3367 3911 ne
3392 3856 3510 3925 quis
3538 3869 3713 3910 sacer.

2130 3954 2315 4010 dotum
2341 3954 2421 4008 vel
2450 3953 2766 4009 clericorum
2817 3966 2968 4006 more
3024 3950 3359 4005 szecularium
3389 3948 3553 4019 298
3573 3946 3713 4016 judi-

2130 4064 2249 4104 cum
2277 4050 2466 4105 audeat
2498 4049 2747 4117 accipere
2800 4061 2897 4116 pro
2957 4044 3216 4112 impensis
3264 4043 3572 4114 patrociniis
3598 4058 3715 4096 mil-

2132 4154 2282 4204 nera,
2314 4139 2413 4193 nisi
2443 4138 2582 4193 forte
2608 4138 2659 4190 in
2692 4136 2917 4191 ecclesia
2950 4134 3131 4188 oblata
3170 4133 3422 4204 gratuita,
3457 4147 3576 4201 quae
3609 4145 3713 4185 nou

2132 4230 2312 4285 favore
2338 4231 2576 4283 muneris
2608 4228 2888 4282 videantur
2918 4234 3161 4295 accepta,
3194 4225 3289 4279 sed
3321 4223 3606 4278 collatione
3629 4224 3712 4278 de-

2131 4320 2364 4374 votionis
2393 4320 2574 4385 illata;
2606 4321 2726 4387 quia
2757 4321 2799 4373 si
2828 4333 2927 4387 qua
2958 4320 3057 4371 ista
3089 4316 3200 4389 [U.,
3224 4316 3299 4371 sic
3322 4317 3409 4385 qui
3441 4313 3560 4385 ista]
3594 4330 3715 4382 pro-

2131 4412 2328 4467 bantur
2356 4413 2623 4480 accipere,
2656 4412 2818 4467 veluti
2878 4421 3158 4466 exactores
3188 4410 3384 4467 fenoris
3406 4417 3497 4462 aut
3526 4423 3715 4463 usura-

443 4523 629 4562 ﬂOl‘em
680 4503 836 4560 Ῐυεΐίῑ
884 4504 1222 4573 episcopatus
1253 4498 1497 4566 adeptus,
1531 4496 1578 4549 id
1621 4497 1876 4565 0I’li'm'm
1906 4510 2025 4549 esse
2056 4501 2103 4560 D
2134 4519 2247 4557 rum
2278 4517 2616 4572 possessores
2639 4502 2929 4557 secundum
2974 4511 3168 4555 statuta
3199 4502 3412 4553 Patrum
3461 4515 3520 4555 se
3554 4514 3714 4553 nore-

438 4598 792 4664 decrevimus,
820 4604 875 4649 ut
917 4595 1247 4663 postmodum
1296 4598 1494 4643 statuto
1538 4596 1801 4652 tempore,
1832 4584 1883 4639 id
1915 4595 2020 4651 est,

439 4687 676 4755 impletis
707 4684 915 4739 duobus
965 4681 1258 4745 mensibus,
1283 4693 1342 4733 se
1386 4676 1779 4746 metropolitani
1825 4674 1905 4729 sui
1938 4690 2023 4728 re-

442 4786 727 4847 prtcscntet
758 4776 1082 4846 aspectibus,
1103 4782 1161 4828 ut
1189 4773 1256 4826 ab
1286 4772 1376 4825 illo
1408 4770 1621 4823 monitis
1650 4768 2025 4822 ecclesiasticis

439 4872 728 4927 instructus
773 4868 978 4936 plenius
1025 4865 1165 4936 quod
1195 4862 1338 4935 [ιΕ.,
1392 4862 1455 4916 Ε.
1503 4862 1556 4927 5,
1601 4860 1688 4925 U.,
1737 4860 1827 4924 G.,
1878 4856 2023 4930 quid]

436 4962 725 5016 observare
773 4958 964 5012 debeat
1017 4963 1366 5025 recognoscat
1416 4970 1429 5006 :
1478 4952 1617 5021 quod
1663 4950 1707 5005 si
1749 4950 1884 5004 fovte
1914 4952 2026 5003 haec

441 5053 664 5121 implere
698 5049 1014 5120 neglexerit,
1049 5048 1101 5101 in
1142 5046 1348 5116 synodo
1378 5047 1679 5113 increpatus
1710 5058 1738 5096 a
1772 5042 2024 5096 fratribus

438 5144 781 5215 corrigatur;
807 5142 943 5212 quod
973 5143 1016 5197 si
1047 5139 1354 5194 infirmitate
1382 5137 1557 5205 aliqua
1588 5150 1653 5190 ne
1682 5136 1782 5189 hoc
1810 5135 2026 5201 impleat

439 5239 598 5291 fuerit
629 5237 965 5306 pra-peditus,
1002 5233 1102 5289 hoc
1130 5232 1242 5287 suis
1282 5230 1471 5284 litteris
1499 5226 1909 5297 utetropol.tano
1942 5226 2017 5280 in-

442 5329 624 5385 dicare
656 5338 922 5396 prncuret.

440 5421 600 5491 297
634 5421 717 5474 VI.
750 5420 816 5473 Ut
842 5419 1125 5487 episcopus,
1161 5418 1248 5485 qui
1286 5433 1317 5469 α
1364 5414 1768 5491 metropolitano.
1800 5427 2024 5465 commo-

536 5484 671 5543 mtus
689 5494 755 5543 ad
777 5484 1029 5560 synodum
1056 5484 1179 5540 non
1208 5488 1415 5550 venerit,
1448 5484 1927 5539 crcommunicetur.

513 5584 568 5636 Si
605 5584 723 5651 quis
754 5584 1124 5651 episcoporum
1152 5578 1238 5649 [Τ.
1261 5579 1311 5642 l,
1343 5580 1400 5638 2.
1432 5578 1521 5644 U.,
1550 5576 1859 5649 episcopus]
1886 5592 2025 5632 com-

513 5722 535 5744 "
571 5714 634 5765 Α.
668 5714 730 5764 Ε.
756 5712 812 5771 3,
848 5711 1240 5779 metropolitano
1269 5709 1618 5764 observatione
1651 5714 1885 5778 fundata.

515 5782 543 5821 ³
575 5782 686 5845 At,
721 5782 873 5845 ιλιι,
910 5782 968 5834 Ε.
996 5782 1050 5847 5,
1078 5783 1217 5833 inibi.
1259 5781 1346 5848 U.,
1379 5780 1467 5847 (1.,
1499 5783 1548 5834 in
1575 5785 1701 5836 vico.

2128 4592 2233 4647 rint
2262 4592 2631 4663 degradandos
2657 4603 2703 4644 α.

2126 4700 2215 4757 XI.
2254 4700 2321 4755 Ut
2362 4701 2639 4755 monachus
2665 4703 2847 4754 missus
2886 4701 3075 4755 alicubi
3126 4700 3461 4753 ministerium
3494 4699 3714 4752 clerica-

2197 4782 2278 4826 tus
2301 4789 2448 4842 agere
2473 4789 2576 4826 non
2602 4782 2910 4842 praesumat,
2939 4787 3030 4825 nec
3084 4772 3370 4842 negotiator
3389 4787 3479 4824 nec
3508 4786 3719 4823 exsecu-

2198 4852 2277 4896 tor
2302 4849 2510 4897 existat.

2197 4932 2436 4986 Monachi
2468 4948 2494 4984 a
2529 4932 2852 4987 monasterio
2881 4931 3021 4986 foras
3042 4932 3383 5001 egredientes
3407 4946 3472 4984 ne
3498 4930 3711 4999 aliquod

2127 5024 2478 5079 ministerium
2506 5024 2927 5078 ecclesiasticum
2959 5034 3281 5090 pnesumant
3332 5037 3491 5093 agerc
3525 5020 3709 5090 prohi-

2126 5118 2331 5179 bemus,
2365 5116 2462 5169 nisi
2490 5114 2626 5170 forte
2661 5131 2781 5170 cum
2822 5116 3030 5171 abbatis
3080 5115 3303 5184 imperio
3335 5132 3347 5165 :
3377 5114 3627 5167 similiter
3657 5122 3711 5166 ut

2126 5210 2303 5263 nullus
2331 5223 2541 5271 eorum,
2590 5207 2639 5260 id
2668 5217 2749 5262 est
2795 5208 3204 5273 monachorum,
3256 5206 3482 5260 forensis
3514 5205 3712 5269 negotii

2126 5310 2403 5367 susceptor
2432 5299 2512 5353 vel
2541 5307 2818 5352 exsecutor
2846 5298 3058 5363 existat,
3091 5298 3189 5351 nisi
3219 5297 3271 5350 id
3320 5295 3461 5365 quod
3492 5308 3711 5348 monas-

2128 5391 2248 5445 terii
2277 5390 2515 5459 exposcit
2540 5389 2757 5450 utilitas,
2782 5390 2975 5445 abbate
3017 5389 3117 5444 sibi
3169 5387 3516 5443 nihilominus
3539 5387 3711 5454 impe-

2128 5491 2302 5546 rante,
2331 5490 2730 5536 canonumantc
2759 5482 2935 5535 omnia
2966 5481 3358 5537 G..llicanornm
3386 5478 3452 5533 de
3480 5477 3559 5530 eis
3584 5491 3710 5530 con-

2127 5574 2400 5628 stitutione
2426 5581 2653 5626 servata.

2205 5720 2227 5745 ε
2256 5709 2331 5763 Ex
2379 5707 2589 5761 caeteris
2634 5705 2953 5769 Codicibus,
2990 5716 3181 5776 printer
3240 5709 3327 5771 Α..
3366 5706 3413 5758 in
3445 5718 3552 5773 quo
3580 5701 3708 5769 legi-

2129 5788 2214 5835 tur
2244 5796 2259 5834 :
2288 5778 2628 5847 denegandos.
