4060 6184
304 326 400 382 615

1255 323 1567 379 CUNCILIA
1612 323 1976 379 IIISPANIrE.
2006 353 2074 365 --
2112 322 2595 381 GEIKUNDENSE.

3464 324 3570 379 3H

304 444 408 498 XII.
446 440 515 495 Ut
540 442 583 493 si
612 440 881 511 episcopus
922 438 1191 511 intestatus
1231 439 1429 511 abierit,
1458 440 1793 511 iuventarium
1816 440 1878 492 de
1910 447 1956 503 Α
2052 440 2250 495 Paulus
2274 443 2325 497 in
2372 442 2568 496 Christi
2617 441 2832 495 nomine
2879 442 3162 511 episcopus
3213 440 3572 508 Emporitana:

361 514 511 652 relpts
543 514 654 582 ejus
707 510 874 562 clerici
925 510 1115 578 faciant
1161 522 1209 563 et
1247 510 1420 563 nullus
1467 510 1651 563 ex'nde
1681 510 1878 581 aliquid

362 600 428 637 au
458 594 588 637 erat.

362 594 588 637 auferat.

364 673 547 730 Sicubi
577 671 861 727 defunctus
885 670 1045 726 fuerit
1094 670 1378 738 episcopus
1426 670 1730 737 intestatus,
1767 681 1886 738 post

296 766 687 835 depositionem
721 765 836 832 ejus
859 778 886 815 a
929 762 1257 832 presbyteris
1286 773 1338 817 et
1367 762 1679 817 diacnnihus
1709 764 1775 818 de
1804 780 1884 816 re-

298 857 393 911 bus
416 857 585 922 ipsius
609 856 770 909 breve
800 855 1031 909 ﬁdeliter
1072 854 1441 908 eonscribatnr
1468 869 1498 907 a
1556 855 1775 908 tuininto
1806 871 1883 906 ns-

296 962 398 1016 que
425 947 490 999 ad
523 947 828 1006 iuaximnm,
849 945 897 997 id
922 953 1005 998 est
1028 946 1096 999 de
1128 945 1436 999 utensilibus
1468 943 1579 1016 [G.,
1604 944 1883 1015 ntensiliis]

300 1040 377 1091 vel
411 1037 557 1091 onmi
588 1036 943 1105 supellectile,
976 1036 1047 1088 ita
1080 1044 1257 1088 tamen
1288 1044 1346 1089 ut
1368 1035 1410 1087 si
1434 1038 1552 1105 quis
1583 1037 1772 1089 exinde
1803 1038 1882 1088 vel

298 1128 700 1195 pmsnmpsisse
731 1128 811 1181 vel
835 1129 1040 1181 occulte
1069 1126 1230 1180 fuerit
1271 1127 1453 1179 tulisse
1476 1126 1771 1189 convictus,
1807 1142 1886 1180 sc-

296 1220 526 1274 cundum
559 1220 681 1272 furti
716 1228 956 1274 tenorem
990 1218 1234 1272 restituat
1262 1218 1526 1271 universa.

300 1311 437 1366 XIII.
472 1311 535 1365 Ut
565 1312 831 1381 episcoyus
853 1310 1167 1364 dicecesanos
1221 1310 1538 1378 presbyteros
1568 1319 1616 1361 et
1640 1310 1887 1376 quasdam

402 1398 465 1434 ex
492 1382 637 1435 laicis
666 1384 929 1435 convenire
956 1382 1023 1433 ad
1062 1381 1316 1449 synodum
1344 1381 1525 1433 litteris
1558 1390 1777 1432 moueat.

370 1471 624 1539 Epistolm
656 1472 789 1525 talos
821 1486 915 1538 per
965 1470 1159 1523 fratres
1212 1485 1240 1522 a
1297 1469 1711 1536 metropolitano
1762 1478 1886 1521 sunt

295 1561 608 1633 dirigenda,
641 1572 699 1615 ut
752 1576 859 1615 non
892 1564 1063 1614 solum
1116 1575 1145 1613 a
1202 1560 1596 1613 cathedralzbns
1642 1559 1887 1613 ecclesiis

298 1656 657 1725 presbyteros,
686 1668 864 1708 verum
893 1654 1050 1706 etiam
1076 1652 1141 1704 de
1166 1651 1485 1704 dicere-sanis
1507 1652 1570 1703 ad
1601 1652 1885 1704 concilium

297 1751 530 1811 trahant.
562 1761 608 1801 et
636 1749 845 1814 aliquos
870 1748 935 1800 de
958 1746 1079 1800 ﬁliis
1120 1743 1376 1799 Ecclesim
1428 1745 1771 1799 smcnlaribus
1800 1761 1883 1799 se-

293 1852 414 1893 cum
442 1840 705 1893 addnci-re
733 1840 979 1891 debeant.

360 1929 594 1985 JOannes
624 1930 673 1982 in
698 1929 898 1983 Christi
927 1929 1141 1983 nomine
1158 1929 1440 1997 episcopus
1467 1928 1884 1985 Tarraconensis

292 2023 519 2076 civitatis
551 2025 963 2079 constitutiones
992 2038 1021 2076 a
1056 2023 1209 2077 nobis
1256 2038 1355 2077 con
1387 2022 1589 2090 criptas
1621 2019 1740 2092 [U.,
1771 2023 1880 2079 fac-

295 2115 396 2185 tasj
416 2116 735 2183 subscripsi.

361 2257 388 2285 ⁸
413 2248 526 2311 18.,
554 2249 709 2310 ιλιι,
735 2246 1146 2319 Cartltogincusis
1167 2248 1479 2318 metropolis.
1505 2248 1568 2302 T.
1594 2250 1640 2313 I,
1666 2248 1882 2302 Cartha-

289 2318 427 2387 ginis
458 2320 769 2388 metropolis.

368 2390 392 2423 ι’
430 2391 503 2441 Ex
538 2387 647 2452 115.,
683 2390 838 2456 B.R.,
871 2391 932 2443 Ε.
964 2391 1017 2452 3,
1050 2390 1115 2444 Τ.
1158 2391 1204 2456 I,
1236 2389 1293 2453 9.,
1328 2389 1393 2442 Ο.
1423 2388 1476 2440 In
1512 2389 1601 2455 A.,
1635 2387 1724 2456 U.,
1749 2388 1881 2442 Tor-

289 2468 507 2513 ιοεαηαῖ.

1901 608 1907 615 _
1984 532 2210 586 civitatis
2237 533 2549 601 subscripsi.

2056 624 2251 679 Hector
2281 626 2331 678 iii
2370 624 2570 679 Christi
2602 624 2817 677 nomine
2840 621 3574 693 episCOpnsCarthaginiensis

1986 714 2406 783 metroiiolitana:
2432 726 2454 750 ο
2485 715 2799 784 subscripsi.

2057 806 2433 862 Frontinianus
2465 807 2481 881 [
2514 808 2573 864 Τ.
2604 808 2655 872 i,
2692 806 3024 880 Fozntianns]
3049 809 3099 863 in
3131 808 3325 862 Christi
3353 809 3568 863 nomine

1985 899 2263 967 episcopus
2294 897 2657 953 Gernndensis
2683 899 2911 953 civitatis
2949 901 3262 969 subscripsi.

2057 989 2299 1056 Agl'il'iIIS
2325 991 2375 1042 in
2394 990 2588 1043 Christi
2614 993 2827 1044 nomine
2855 992 3134 1060 episcopus
3160 991 3571 1047 Barcmoncnsrs

1985 1080 2213 1135 civitatis
2243 1082 2558 1150 subscripsi.

2058 1171 2313 1225 Orontius
2344 1173 2394 1226 in
2424 1173 2620 1228 Christi
2646 1174 2861 1230 nomine
2914 1177 3196 1246 episeopus
3229 1175 3570 1231 Eliberitinm

1986 1264 2215 1320 civitatis
2246 1267 2560 1335 subcripsi.

2060 1379 2223 1448 299
2253 1378 2565 1433 Vincentius
2595 1379 2646 1432 in
2675 1378 2876 1434 Christi
2906 1379 3121 1434 nomine
3150 1381 3349 1449 episco;
3371 1395 3433 1432 ns
3456 1378 3574 1434 Cae-

1987 1481 2384 1539 saraugustam:
2407 1471 2638 1525 civitatis
2665 1473 2984 1541 subscripsi.

2061 1562 2230 1633 Ursus
2259 1563 2309 1615 in
2342 1564 2537 1617 Chriin
2596 1565 2813 1619 nomine
2863 1568 3146 1635 episcopus
3203 1564 3513 1618 Dertosana:
3544 1561 3569 1599 δ

1990 1652 2214 1709 civitatis
2246 1654 2558 1723 subscripsi.

2058 1746 2309 1817 Cyuidius
2336 1758 2356 1783 ο
2400 1748 2449 1800 in
2482 1747 2680 1802 Christi
2710 1749 2927 1804 nomine
2964 1749 3247 1818 episcopus
3272 1749 3434 1819 300
3464 1749 3576 1802 An-

1990 1844 2248 1894 sonitauaz
2276 1841 2503 1896 civitatis
2526 1843 2813 1911 subscripsi
2837 1840 2881 1893 ά,

2059 1931 2246 1986 Nibrid
2275 1948 2333 1985 us
2358 1933 2408 1986 in
2440 1934 2639 1987 Christi
2694 1935 2911 1989 nomine
2954 1934 3207 1988 minimus
3234 1934 3575 1988 sacerdotum

1984 2025 2424 2078 constitutionem
2465 2034 2772 2079 sanctorum
2825 2041 3089 2080 canonum
3144 2024 3455 2093 subscripsi,
3487 2037 3575 2077 ec-

1981 2113 2157 2169 clesic
2185 2117 2469 2183 Egarensls
2499 2116 2763 2171 minister.

2061 2259 2082 2286 ε
2119 2250 2191 2302 Et
2222 2249 2333 2311 ίΕη
2362 2249 2424 2302 Ε.
2450 2248 2502 2311 5,
2533 2248 2593 2302 Τ.
2619 2247 2674 2314 ‘2,
2707 2248 2794 2306 υ..
2825 2247 2889 2302 G.
2917 2247 2969 2300 lit
2997 2250 3087 2313 A.,
3116 2249 3388 2302 Dinudius.
3417 2246 3574 2315 BIL,

1985 2319 2048 2374 Τ.
2078 2321 2129 2385 1,
2163 2323 2428 2371 Lartidius.

2057 2387 2080 2426 δ
2112 2391 2200 2457 υ.,
2232 2395 2347 2460 ep's
2371 2406 2499 2458 opus
2529 2390 2747 2443 Ausona:
2773 2392 3072 2459 subscripsi.

1662 2594 1849 2595 is,”
1932 2594 1945 2595 ,

1858 2708 2003 2779 XL

1163 2851 1642 2936 CONCILI
1660 2855 1835 2937 UM
1911 2853 1994 2935 G
2012 2854 2331 2949 ERUN
2356 2853 2725 2935 DENSE

326 3004 576 3049 suntm
619 3004 1083 3061 BPISCOPORUM,
1134 3008 1424 3050 HABITUM
1473 3009 1612 3050 mea
1652 3007 1796 3063 nLv,
1843 3007 2008 3048 anno
2043 3006 2312 3047 suprmo
2349 2988 2567 3063 [B.Il.,
2602 2988 2858 3059 TERTIO]
2889 3002 3280 3044 THEODOBICI
3328 3002 3534 3059 nea's,

880 3076 885 3081 ’
930 3088 1132 3130 SEXTO
1180 3088 1323 3130 IDUS
1368 3088 1616 3149 JUNIAS,
1665 3087 1954 3129 AGAPETO
2004 3086 2148 3127 νιιιυ
2194 3084 2570 3127 οιΑιιιεειιιιο
2614 3082 2918 3126 υοκευιε.

287 3235 329 3291 Ι.
361 3234 431 3293 Ut
459 3253 773 3307 unaqua'que
800 3237 1061 3307 provincia
1100 3239 1153 3291 in
1204 3237 1380 3305 ofﬁcio
1436 3236 1680 3291 Ecclesia:
1720 3252 1877 3289 unum
1909 3241 1953 3302 ο
1992 3234 2055 3288 ν.
2085 3233 2153 3288 Ut
2185 3241 2335 3288 unius
2356 3234 2457 3287 diei
2480 3233 2670 3300 infans,
2694 3233 2738 3285 si
2758 3232 2811 3285 in
2839 3231 3132 3284 discrimine
3153 3239 3246 3294 est,
3268 3228 3568 3299 baptizatur.

858 3308 1087 3361 ordinem
1109 3318 1299 3361 teneat.

363 3401 441 3456 De
469 3401 801 3457 institutione
833 3404 1139 3470 missarum,
1174 3411 1229 3455 ut
1268 3400 1540 3470 quomodo
1590 3399 1641 3453 in
1675 3407 1877 3452 metro-

284 3494 519 3563 politana
545 3496 781 3550 Ecclesia
834 3494 987 3558 ﬁunt,
1016 3494 1086 3548 ita
1134 3494 1187 3548 in
1218 3493 1310 3547 Dei
1363 3493 1576 3546 nomine
1624 3491 1675 3544 in
1730 3490 1876 3545 omni

282 3585 677 3641 Tarraconensi
704 3588 976 3656 provincia
1010 3596 1114 3639 tam
1145 3585 1316 3655 ipsius
1353 3584 1529 3637 missa:
1557 3582 1690 3635 ordo
1720 3597 1876 3650 quam

285 3679 551 3746 psallendi
581 3680 661 3736 vel
689 3679 1029 3734 ministrandi
1065 3676 1403 3732 consuetudo
1426 3685 1695 3731 servetur.

284 3770 345 3824 Il.
378 3768 449 3826 Ut
480 3770 678 3826 litauit:
708 3782 820 3841 post
839 3771 1179 3844 Pentecosten
1204 3790 1235 3826 a
1261 3774 1442 3844 quinta
1483 3771 1614 3841 feria
1644 3786 1803 3839 usque
1822 3773 1878 3823 in

768 3842 1035 3896 sabbatum
1059 3842 1391 3897 celebrentur.

353 3934 435 3989 De
465 3935 690 4001 litaniis,
720 3946 779 3991 ut
804 3937 1015 4005 expleta
1045 3937 1384 3992 solemnitate
1418 3936 1761 3991 Pentecostes
1790 3951 1878 3991 se-

281 4040 457 4093 quens
486 4026 831 4093 septimanae
863 4027 1045 4097 quinta
1072 4027 1207 4081 feria
1261 4042 1433 4097 usque
1491 4026 1544 4079 in
1595 4026 1875 4080 sabbatum

282 4131 374 4185 per
409 4117 514 4173 hoc
540 4118 768 4173 triduum
791 4120 1111 4174 abstinentia
1136 4120 1460 4175 celebretur.

351 4213 442 4268 Ill.
472 4212 550 4267 De
572 4215 805 4268 secundis
829 4214 1019 4338 litaniiz
1046 4214 1293 4337 [griendis
1326 4212 1572 4267 Kalendis
1603 4211 1650 4270 Ν
1657 4228 1821 4267 ovem-

1017 4302 1058 4337 ri
1100 4302 1177 4338 us.

1017 4302 1177 4338 ηοω.

351 4374 485 4428 Item
515 4373 765 4428 secundae
794 4374 996 4428 litaniae
1047 4374 1307 4429 facienda:
1349 4375 1603 4430 Kalendis
1647 4372 1877 4428 Novem-

278 4464 490 4527 bribus,
520 4480 581 4519 ea
609 4475 784 4521 tamen
812 4466 1119 4521 conditione
1137 4478 1363 4529 servata,
1391 4475 1445 4519 ut
1471 4466 1516 4519 si
1548 4464 1735 4520 iisdem
1767 4464 1878 4518 die-

280 4557 379 4611 bus
430 4557 697 4612 dominica
740 4558 1125 4625 intercesserit,
1178 4559 1230 4613 in
1272 4560 1377 4613 alia
1430 4556 1762 4613 hebdomada
1790 4571 1877 4612 se-

277 4648 519 4703 cundum
553 4648 747 4715 prioris
768 4648 1106 4703 abstinentia:
1157 4648 1554 4704 observantiam
1606 4664 1633 4701 a
1690 4646 1874 4715 quinta

278 4737 412 4792 feria
446 4739 789 4806 incipiantur,
812 4747 868 4791 et
919 4739 970 4792 in
1026 4740 1252 4794 sabbato
1280 4752 1503 4805 vespere
1551 4737 1708 4792 missa
1735 4736 1873 4791 facta

278 4828 544 4883 liniantur
576 4848 587 4881 :
622 4830 816 4899 quibus
848 4841 1025 4884 tamen
1056 4831 1243 4885 diebus
1272 4844 1301 4883 a
1329 4829 1580 4883 carnibus
1609 4838 1661 4882 et
1688 4842 1718 4882 a
1748 4828 1874 4881 vino

276 4922 625 4977 decrevimus
648 4924 1047 4978 abstinendum.

274 5012 367 5067 IV.
431 5013 501 5067 Ut
542 5014 733 5082 pascha
779 5023 975 5067 tantum
1026 5024 1076 5067 et
1133 5013 1295 5067 natali
1338 5011 1547 5065 Domini
1590 5009 1869 5075 baptismus

384 5086 563 5149 detur,
596 5088 816 5151 exceptis
843 5085 919 5138 liis
948 5086 1034 5155 qui
1064 5085 1117 5137 in
1164 5085 1411 5153 languore
1457 5083 1760 5136 consistunt.

350 5176 428 5228 De
455 5176 858 5230 catechumenis
897 5174 1231 5253 baptizandis
1267 5174 1317 5228 id
1365 5182 1622 5227 Statntum
1679 5178 1782 5236 est,
1816 5176 1874 5223 ut

266 5267 404 5335 quia
473 5266 525 5319 in
577 5265 795 5321 Pasehce
860 5266 1203 5322 solemnitate
1256 5264 1340 5320 vel
1381 5264 1574 5317 natalis
1640 5261 1871 5326 Dom'ni,

266 5355 500 5423 quando
524 5358 693 5424 magis
715 5357 1075 5412 solemnitatis
1100 5355 1391 5411 celebritas
1440 5354 1611 5423 major
1649 5359 1753 5417 est,
1789 5366 1873 5404 ra—

264 5449 452 5503 riores
482 5446 549 5501 ad
574 5448 953 5513 baptizandum
984 5446 1239 5513 veniunt,
1268 5446 1479 5501 caneris
1525 5442 1872 5498 solemnitati-

262 5541 377 5595 bus
418 5540 617 5594 inﬁrmi
673 5540 1052 5595 tantummodo
1096 5540 1325 5594 debeant
1379 5537 1654 5607 baptizari,
1680 5534 1870 5604 quibus

261 5648 600 5702 quocunque
625 5641 867 5702 tempore
895 5633 1148 5689 convenit
1174 5634 1495 5703 baptismum
1529 5644 1632 5684 non
1657 5629 1858 5699 uagari.

2058 3327 2131 3379 De
2164 3326 2400 3395 parvulis
2430 3340 2558 3379 vero
2589 3326 2675 3393 qui
2737 3338 2905 3391 nuper
2938 3332 3184 3376 materno
3230 3330 3382 3373 utero
3410 3320 3571 3390 θοι

1981 3417 2108 3472 editi
2139 3428 2262 3471 sunt
2304 3416 2502 3484 placuit
2531 3414 2803 3479 consului,
2847 3421 2904 3467 ut
2950 3412 2992 3466 si
3032 3411 3228 3465 inﬁrmi
3290 3421 3341 3463 ut
3372 3411 3573 3466 assolet

1983 3507 2176 3562 fuerint
2201 3516 2253 3561 et
2284 3507 2365 3561 lac
2388 3517 2684 3560 maternum
2728 3520 2831 3557 non
2887 3511 3164 3571 appetunt,
3194 3503 3353 3555 etiam
3383 3502 3573 3562 eadem

1982 3602 2070 3656 die
2097 3617 2197 3668 qua
2227 3602 2333 3655 nati
2364 3610 2508 3667 sunt,
2540 3600 2583 3655 si
2608 3598 2770 3655 oblati
2800 3599 3017 3662 luerint,
3049 3598 3404 3667 baptizentur.

1983 3712 2071 3769 VI.
2099 3712 2166 3769 Ut
2196 3714 2457 3785 conjugati
2486 3713 2548 3795 ab
2594 3713 2831 3795 episcopo
2884 3727 3041 3794 usque
3091 3712 3157 3795 all
3197 3710 3567 3764 subdiaconum

2376 3801 2477 3837 non
2504 3785 2611 3837 sine
2643 3785 2931 3837 testimonio
2984 3784 3174 3835 vivant.

2057 3876 2131 3930 De
2157 3885 2181 3912 ⁸
2212 3877 2617 3930 οοηνιιτειιιίοηθ
2644 3877 2763 3929 vitae
2786 3890 2815 3928 a
2861 3877 3111 3943 pontiﬁce
3146 3888 3309 3942 usque
3351 3873 3420 3927 ab
3440 3873 3571 3927 sub-

1982 3966 2266 4021 diaconem
2298 3974 2415 4034 post
2438 3966 2671 4033 su.-cepti
2711 3966 2932 4019 honoris
2980 3964 3213 4018 ofﬁcium
3274 3964 3437 4032 siqui
3492 3977 3560 4018 ex

1981 4059 2279 4129 conjngatis
2309 4058 2505 4112 fuerint
2550 4055 2802 4122 ordinati,
2830 4064 2885 4108 ut
2930 4056 3050 4109 sine
3101 4052 3408 4107 testimonio
3436 4054 3570 4106 alte-

1982 4156 2094 4211 rius
2124 4154 2304 4209 fratris
2331 4170 2434 4208 non
2470 4160 2684 4206 utantur
2726 4148 2927 4203 auxilio
2956 4164 2971 4202 :
3004 4161 3123 4201 cum
3155 4160 3342 4199 sorore
3364 4144 3471 4212 jazn
3500 4159 3565 4197 ex

1981 4244 2208 4314 conjuge
2238 4245 2373 4298 facta
2396 4260 2500 4297 non
2535 4241 2808 4305 habitent;
2864 4237 3003 4307 quod
3043 4239 3087 4291 si
3119 4233 3360 4291 habitare
3388 4234 3573 4289 volne-

1982 4337 2107 4401 rint,
2140 4337 2360 4390 alterius
2390 4335 2569 4388 fratris
2594 4342 2809 4386 utantur
2829 4332 3027 4385 auxilio
3057 4329 3210 4398 cujus
3259 4327 3567 4384 testimonio

1980 4428 2084 4482 vita
2110 4442 2295 4481 eorum
2318 4426 2511 4480 debeat
2537 4423 2730 4478 clarior
2758 4434 3035 4491 apparere.

1987 4538 2095 4594 VII.
2128 4538 2293 4608 thui
2312 4539 2421 4592 sine
2452 4536 2694 4591 uxoribus
2715 4533 3021 4608 ordinantur
3040 4539 3306 4584 extraneas
3334 4532 3388 4581 in
3415 4528 3567 4580 domo

2564 4623 2664 4658 non
2710 4604 2947 4658 habeant.

2053 4720 2127 4775 De
2158 4719 2241 4774 his
2269 4734 2393 4774 vero
2416 4719 2503 4788 qui
2548 4719 2667 4772 sine
2695 4716 3012 4787 cenjugibus
3054 4714 3371 4768 ordinantur
3399 4722 3452 4767 et
3484 4711 3568 4765 fa-

1979 4813 2151 4866 milias
2175 4811 2366 4866 domus
2393 4810 2608 4874 habent,
2638 4808 2820 4863 habito
2849 4822 3031 4862 secmn
3070 4821 3168 4876 pro
3198 4805 3315 4859 vita:
3341 4818 3569 4858 conver-

1976 4906 2184 4962 satione
2203 4906 2369 4959 fratre
2396 4902 2449 4958 in
2474 4903 2861 4969 testimonium,
2892 4917 2996 4954 non
3059 4914 3153 4968 per
3183 4910 3559 4968 quamcunque

1975 4998 2190 5055 feminei
2220 5012 2380 5055 sexus
2407 5012 2688 5068 personam
2717 4994 2834 5066 ejus
2865 4995 3168 5049 substantia
3209 4992 3560 5060 gubernetur,

1980 5091 2081 5146 nisi
2111 5101 2199 5145 ant
2229 5106 2325 5159 per
2364 5105 2583 5159 puerum
2613 5102 2703 5143 aut
2747 5102 2845 5158 per
2898 5086 3128 5140 amicum
3170 5097 3323 5137 suam
3348 5080 3565 5133 domum

1981 5186 2141 5242 debet
2172 5187 2460 5241 ordinare:
2492 5186 2535 5239 si
2578 5199 2704 5238 vero
2754 5191 2981 5235 matrem
3011 5181 3060 5231 in
3111 5176 3271 5229 domo
3319 5170 3566 5226 habuerit

1982 5286 2072 5331 aut
2117 5290 2359 5330 sororem
2388 5316 2401 5338 ,
2431 5272 2723 5328 secundum
2781 5270 3013 5338 priorum
3059 5277 3325 5319 canonum
3370 5268 3563 5317 statuta

1984 5385 2078 5439 per
2106 5384 2289 5423 earnm
2321 5380 2576 5433 personas
2606 5362 2723 5431 ejus
2766 5361 2924 5415 debet
2952 5357 3218 5413 contutari
3243 5352 3559 5410 substantia.

1980 5462 2113 5518 VIII.
2148 5461 2224 5514 De
2254 5460 2396 5514 laicis
2426 5459 2511 5525 qui
2540 5456 2746 5509 viduam
2769 5462 2855 5507 aut
2880 5452 3142 5505 dimissam
3164 5448 3472 5515 acceperint,
3506 5456 3561 5499 ut

2366 5531 2416 5582 in
2444 5528 2639 5581 clerum
2682 5543 2783 5581 non
2819 5524 3169 5578 adntittautur.

2043 5623 2097 5680 Si
2130 5623 2246 5692 quis
2274 5636 2401 5675 vero
2444 5622 2510 5675 de
2556 5618 2704 5673 laicis
2758 5624 2876 5686 post
2907 5626 3125 5668 uxorem
3179 5610 3337 5664 aliam
3382 5606 3561 5677 cujus-

345 5805 369 5828 ³·
406 5793 482 5846 Es
514 5790 599 5846 El.
632 5792 948 5863 desumptus
974 5807 1146 5848 canon
1176 5790 1283 5856 hic,
1310 5791 1397 5860 qui
1430 5789 1482 5844 in
1516 5787 1734 5857 reliquis
1766 5782 2051 5841 Codicibus
2074 5794 2250 5850 neque
2271 5794 2491 5836 sensum
2525 5793 2697 5848 neque
2718 5774 2963 5846 syntasin
2994 5770 3236 5827 exhibet.
