4060 6184
503 324 604 380 515

1225 318 1612 376 COLLl‘ZCTIO
1651 316 1979 373 CANONUM
2021 317 2081 374 S.
2126 315 2402 374 ISIDORO
2444 313 2711 372 lllSl‘AL.
2753 313 3112 370 ASClill’TA.

3673 317 3704 370 3
3718 316 3781 369 ιιε

500 461 710 515 cunque
761 442 1084 498 conditionis
1132 441 1447 509 cognoverit
1500 438 1798 503 mulierem,
1825 438 1878 492 in
1935 437 2082 492 clero
2113 443 2160 501 Α
2186 435 2409 504 cipiunt,
2443 444 2496 490 ut
2527 434 2738 504 aliquod
2771 434 2994 487 mortale
3025 443 3299 502 peccatum
3325 443 3664 502 perpetrasse
3689 450 3772 501 pu-

502 535 803 589 nullatenus
833 534 1162 586 admittatur.

506 625 594 681 IX.
624 625 702 680 De
725 627 804 679 his
833 628 919 694 qui
963 625 1160 690 publice
1201 623 1545 689 penitentiam
1571 638 1671 674 non
1717 622 1973 686 accipiunt
1999 624 2089 674 sed

673 705 870 748 tantum
896 696 1152 756 viaticum,
1182 704 1236 746 ut
1264 695 1316 746 in
1340 694 1477 747 clero
1508 701 1920 761 promoveantur.

574 785 622 839 is
649 800 776 840 vero
805 785 894 853 qui
915 783 1249 852 aegritudinis
1306 782 1563 850 languore
1612 783 1896 850 depressus
1929 781 2087 852 302

505 877 834 944 pteuitentize
882 874 1335 942 benedictionem,
1377 875 1517 945 quod
1565 875 1812 928 viaticum
1867 862 2089 942 deputa-

505 983 643 1032 mus,
679 982 775 1032 per
819 968 1253 1021 communionem
1294 969 1599 1033 accelcrit,
1643 976 1698 1020 ct
1746 967 2088 1034 postmodum

504 1059 837 1114 revalescens
863 1071 1018 1130 caput
1055 1058 1376 1128 pmnitentize
1411 1061 1460 1112 in
1490 1059 1716 1112 ecclesia
1746 1057 1956 1128 publice
1982 1072 2088 1110 non

501 1152 816 1218 subdiderit,
835 1154 880 1208 si
911 1154 1186 1219 prohibitis
1209 1153 1348 1209 vitiis
1378 1169 1481 1208 non
1508 1152 1779 1209 detinetur
1801 1152 2087 1220 obnoxius,

503 1244 821 1298 admittatur
844 1243 910 1298 ad
935 1247 1164 1302 clerum.

507 1334 570 1389 Χ.
607 1335 682 1386 De
725 1344 752 1372 σι
795 1336 1096 1391 discretione
1155 1337 1504 1404 paenitentiam
1551 1353 1571 1390 :
1627 1339 1715 1404 qui
1770 1345 1978 1403 possunt
2023 1336 2092 1387 ad

574 1404 939 1460 ecclesiasticos
986 1407 1191 1461 ordines
1238 1409 1521 1477 promoveri
1565 1408 1643 1460 vel
1680 1408 1768 1476 qui
1809 1423 1908 1459 non
1965 1421 2090 1476 pos-

572 1486 710 1528 sunt.

575 1565 632 1618 lli
663 1566 750 1633 qui
783 1566 835 1619 in
867 1566 1180 1622 discriminc
1236 1567 1512 1622 constituti
1545 1566 1919 1636 paenitentiam
1949 1566 2091 1620 acci-

502 1656 651 1723 piunt
679 1656 820 1709 nulla
850 1657 1125 1711 manifesta
1152 1659 1355 1712 scelera
1385 1657 1724 1722 conﬁtentes,
1755 1658 1848 1712 sed
1878 1643 2090 1714 tantum

501 1756 812 1816 peccatores
832 1763 891 1802 se
919 1749 1297 1816 przedicantes;
1332 1748 1637 1818 hujusmodi
1670 1750 1710 1802 si
1741 1749 2088 1816 revaluerint,

2193 530 2330 584 blice
2353 529 2643 590 fateantur,
2671 527 2736 581 ad
2761 529 2964 582 clerum
2993 527 3074 580 vel
3122 527 3356 580 honores
3382 527 3780 582 ecclesiasticos

2192 620 2476 690 pervenire
2521 619 2826 672 nullatenus
2881 627 3122 688 possunt,
3155 618 3278 686 quia
3329 631 3389 671 se
3445 617 3782 673 confessione

2195 711 2408 779 propria
2451 720 2789 765 notaverunt.

2193 828 2282 882 ΧΙ.
2319 826 2386 882 Ut
2428 826 2452 866 δ
2481 826 2710 881 omnibus
2740 824 2915 877 diebus
2961 822 3256 891 uespertinis
3285 829 3333 874 et
3360 820 3623 873 matutinis
3647 836 3769 874 ora-

2657 900 2726 949 tio
2772 895 3027 948 dominica
3091 894 3314 945 dicatur.

2264 1018 2338 1072 Ita
2372 1018 2526 1072 nobis
2559 1017 2777 1086 placuit,
2810 1026 2866 1069 ut
2913 1013 3164 1069 omnibus
3194 1012 3383 1066 diebus
3419 1020 3541 1079 post
3570 1011 3778 1066 matuti;

2191 1123 2291 1162 nos
2315 1117 2371 1162 et
2393 1122 2645 1178 vesperas
2683 1107 2855 1161 oratio
2907 1102 3174 1159 dominica
3230 1117 3261 1155 a
3291 1102 3573 1157 sacerdote
3605 1103 3787 1172 profc-

2193 1212 2358 1256 ratur.

2262 1292 2496 1347 Joannes
2526 1292 2577 1345 in
2602 1290 2800 1346 Christi
2828 1288 3048 1343 nomine
3077 1286 3366 1355 episcopus
3389 1283 3705 1354 subscripsi.

2264 1382 2646 1437 Frontinianus
2693 1381 2746 1436 in
2787 1379 2988 1434 Christi
3045 1378 3263 1433 nomine
3308 1378 3594 1447 cpiscopus
3647 1377 3780 1430 sub-

2191 1473 2401 1540 scripsi.

2262 1564 2454 1619 Paulus
2476 1566 2526 1618 in
2547 1564 2744 1618 Christi
2770 1563 2985 1616 nomine
3014 1561 3299 1629 cpiscopus
3327 1557 3646 1628 subscripsi.

2262 1656 2510 1725 Agripius
2536 1667 2557 1693 ε
2592 1655 2644 1708 in
2674 1653 2874 1708 Christi
2911 1652 3126 1706 nomine
3157 1651 3439 1718 episcopus
3464 1649 3793 1717 subscripsi-

2261 1747 2517 1816 Cynidius
2545 1746 2596 1799 in
2627 1745 2826 1800 Christi
2873 1744 3088 1797 nomine
3119 1744 3403 1810 episc0pus
3449 1739 3769 1807 subscripsi.

501 1849 718 1905 possunt
750 1839 908 1892 etiam
941 1855 1033 1909 per
1064 1855 1273 1895 morum
1318 1816 1638 1909 probitatem
1670 1843 1735 1895 ad
1761 1842 1961 1910 gradus
1991 1855 2084 1896 ec-
2117 1816 2166 1877 Β
2264 1839 2534 1895 Nibiidius
2557 1840 2607 1892 in
2632 1837 2828 1891 Christi
2874 1836 3093 1889 nomine
3126 1835 3416 1902 cpiscopus
3459 1832 3771 1900 subscripsi.

499 1929 830 1986 clcsiasticos
854 1932 1135 1999 pervenire
1171 1950 1185 1989 :
1213 1933 1304 2003 qui
1339 1949 1466 1990 vero
1495 1935 1563 1987 ita
1594 1933 1962 2003 paenitentiam
1995 1947 2084 1988 ac-

569 2069 594 2094 ι
621 2059 691 2112 Es
725 2059 813 2113 ΑΞ.
840 2061 1172 2131 depromitur
1199 2078 1369 2120 canon
1393 2065 1517 2132 iste,
1543 2079 1663 2119 cum
1695 2064 1833 2121 desit
1862 2065 1914 2120 in
1946 2063 2013 2119 Α.
2037 2071 2094 2119 et

536 2132 732 2182 ueteris.

536 2144 634 2181 :eI-
688 2144 732 2182 s.

502 2144 531 2183 ο
568 2147 800 2254 δῗὲηοη
827 2203 916 2258 hic
944 2205 998 2258 iu
1045 2205 1270 2274 reliquis
1296 2204 1582 2261 Codicibus
1627 2215 1820 2276 praeter
1867 2206 1957 2262 (Ε,
1985 2221 2088 2260 nu-

2257 1928 2512 1986 Orontius
2539 1929 2591 1982 in
2643 1927 2839 1983 Christi
2889 1927 3106 1981 nomine
3154 1924 3435 1993 cpiscOpus
3463 1922 3776 1990 subscripsi.

2197 2078 2346 2117 mero
2371 2063 2581 2117 decimo
2607 2070 2840 2126 notatur,
2878 2059 3000 2129 quia
3055 2057 3368 2129 prmcedens
3406 2057 3457 2111 in
3505 2055 3638 2124 ipsis
3685 2055 3778 2110 de-

2193 2133 2386 2187 fuerat.

2264 2217 2285 2243 ο
2319 2204 2477 2268 B.R.,
2506 2203 2570 2257 T.
2599 2203 2646 2268 l,
2678 2202 2769 2264 υ..
2799 2201 2889 2266 (1.,
2926 2201 3182 2271 Agricius.

2040 2497 2221 2568 XLI

1086 2638 1749 2720 CONCILIUM
1826 2632 3092 2719 C/ZESARAUGUSTANUM
3166 2630 3206 2709 Ι

1354 2797 1686 2838 DUODECIM
1735 2795 2198 2852 EPZSCOPORUM,
2247 2794 2306 2838 IV
2355 2792 2555 2834 NONAS
2599 2791 2929 2833 OCTOBBIS.

559 2943 959 3011 Ciesaraugusta
1008 2941 1059 2996 in
1103 2943 1395 2998 secretario
1424 2942 1786 2999 residentibus
1809 2943 2072 3012 episcopis

486 3036 694 3092 Fltadio
750 3032 870 3107 [U.,
918 3032 1174 3106 lliladio],
1213 3034 1454 3101 Dellino,
1489 3036 1772 3107 Eutychio.
1805 3037 2072 3104 Ampelio,

485 3126 772 3190 Auxentiu,
836 3125 1021 3192 Lucio,
1072 3124 1233 3179 ltacio
1286 3124 1405 3198 [_U.,
1453 3124 1694 3198 Etacio],
1744 3125 2072 3193 Splendonio

489 3216 677 3290 [B.lt.,
708 3213 1064 3287 Splendinio],
1089 3215 1322 3282 Valerio,
1356 3217 1661 3288 Symposio,
1711 3215 1994 3272 Cartherio
2019 3226 2072 3274 et

485 3311 661 3366 ldacio
687 3309 806 3384 [U.,
841 3307 1103 3381 llidacio].
1129 3309 1196 3363 ab
1238 3310 1498 3365 universis
1545 3309 1743 3365 dictum
1768 3319 1886 3366 est:
1915 3309 2070 3367 Reci-

487 3411 663 3458 tentur
685 3405 986 3457 sententiae.
1011 3401 1202 3457 Lucius
1222 3404 1510 3473 episc0pus
1535 3403 1682 3475 legit.

484 3517 645 3588 303
677 3516 716 3571 Ι·
751 3515 818 3571 Ut
839 3516 1045 3586 {ciuium
1093 3515 1268 3583 ﬁdeles
1298 3532 1330 3568 a
1359 3516 1584 3570 virorum
1622 3516 1906 3570 alienorum
1931 3515 2068 3571 carti-

1048 3588 1139 3640 bus
1176 3596 1496 3655 separentur.

555 3696 626 3752 Ut
656 3696 908 3750 mulieres
931 3710 1120 3750 omnes
1148 3696 1400 3752 Ecclesiae
1419 3697 1700 3753 catholicae
1728 3707 1782 3753 et
1823 3698 2008 3754 lldeles
2032 3713 2061 3752 a

484 3787 718 3839 virorum
748 3786 1044 3840 alienorum
1083 3787 1315 3841 lectione
1363 3796 1417 3842 et
1449 3788 1676 3844 ctetibus
1727 3799 2068 3858 separentur,

485 3879 566 3933 vel
597 3877 663 3933 ad
683 3881 848 3948 ipsas
875 3878 1110 3948 legentes
1140 3877 1260 3934 aliae
1284 3880 1465 3934 studio
1486 3880 1568 3938 vel
1595 3881 1820 3939 docendi
1846 3883 1930 3939 vel
1960 3884 2071 3939 dis-

481 3968 640 4023 cendi
667 3969 1004 4038 conveniant,
1036 3969 1290 4040 quoniam
1335 3971 1438 4026 hoc
1477 3972 1763 4043 Apostolus
1787 3973 1957 4043 jubet.
1987 3973 2066 4028 Ab

483 4059 747 4115 universis
773 4059 1038 4130 episcopis
1058 4060 1256 4116 dictum
1286 4073 1368 4118 est
1393 4080 1409 4118 :
1433 4063 1726 4120 Anathema
1753 4064 1958 4120 futuros
1979 4065 2066 4136 qui

483 4150 622 4205 banc
646 4151 856 4207 concilii
882 4153 1199 4212 sententiam
1230 4168 1334 4209 non
1360 4155 1782 4210 observaverint.

484 4264 550 4321 11.
584 4265 652 4321 Ut
674 4267 848 4322 diebus
865 4267 1135 4321 dominicis
1170 4266 1346 4320 nullus
1362 4267 1559 4336 jejunet
1594 4283 1686 4321 nec
1706 4268 1882 4322 diebus
1931 4268 2070 4336 Qua-

825 4337 1125 4407 dragesima:
1149 4337 1213 4390 ab
1239 4337 1448 4390 ecclesia
1485 4337 1730 4393 absentet.

559 4448 688 4502 Item
733 4447 856 4517 legit
886 4463 900 4504 :
930 4449 1008 4503 Ne
1062 4449 1181 4520 quis
1227 4449 1433 4520 jejunet
1486 4451 1573 4507 die
1610 4450 1872 4508 dominica
1912 4469 2069 4508 causa

489 4541 747 4611 temporis
779 4550 867 4596 aut
895 4542 1253 4611 persuasionis
1279 4552 1368 4596 aut
1415 4544 1829 4612 superstitionis,
1862 4555 1916 4599 et
1944 4563 2069 4615 qua-

489 4632 911 4699 dragesimarum
939 4632 1025 4687 die
1046 4635 1115 4686 ab
1143 4634 1385 4688 ccclesiis
1419 4650 1522 4688 non
1576 4635 1754 4690 desint
1797 4651 1894 4691 nec
1924 4637 2071 4692 habi-

492 4733 600 4776 tent
645 4724 858 4780 latibula
901 4727 1262 4782 cubiculorum
1293 4743 1356 4782 ac
1385 4730 1641 4783 montium
1673 4729 1760 4798 qui
1786 4729 1836 4783 in
1863 4729 1945 4783 his
1977 4746 2070 4783 su-

488 4817 813 4882 spicionibus
837 4832 1196 4887 perseverant,
1221 4821 1315 4874 sed
1339 4823 1640 4890 exemplum
1666 4830 1721 4877 et
1751 4831 2068 4889 praeceptum
2104 4819 2152 4878 D

488 4907 786 4962 custodiant
815 4916 1148 4967 sacerdotum
1177 4922 1232 4967 et
1257 4913 1321 4966 ad
1345 4913 1543 4967 alienas
1572 4914 1723 4967 villas
1744 4913 2068 4982 agendorum

488 5011 843 5055 conventuum
899 5017 1058 5057 causa
1118 5021 1222 5058 non
1276 5008 1620 5061 conveniant.
1672 5005 1753 5060 Ab
1808 5005 2071 5060 universis

489 5094 756 5165 episcopis
775 5095 976 5151 dictum
1005 5107 1087 5152 est
1119 5115 1132 5151 :
1166 5099 1460 5154 Anathema
1489 5099 1561 5154 sit
1593 5097 1683 5168 qui
1714 5098 1814 5151 hoc
1835 5096 2073 5152 commi-

489 5191 640 5244 serit.

491 5279 578 5334 Ill.
612 5279 680 5334 Ut
708 5299 794 5351 qut
833 5283 1196 5338 eucharistiam
1223 5287 1275 5338 in
1302 5284 1512 5337 ecclesia
1539 5282 1722 5348 accipit
1761 5289 1810 5336 et
1859 5280 1930 5335 ibi
1957 5296 2070 5335 eam

883 5370 985 5407 non
1024 5360 1175 5409 sumit
1197 5357 1675 5410 anathematizctur.

559 5441 690 5496 Item
719 5441 845 5510 legit
875 5460 888 5495 :
921 5445 1266 5500 Eucharistize
1307 5446 1528 5516 gratiam
1575 5447 1617 5500 si
1663 5445 1781 5514 quis
1814 5443 2068 5516 probatur

488 5545 759 5601 acceptam
790 5533 842 5588 in
873 5536 1097 5590 ecclesia
1127 5554 1231 5592 non
1259 5539 1571 5607 sumpsisse,
1599 5537 1884 5591 anathema
1916 5536 1985 5589 sit
2015 5538 2065 5589 in

491 5627 920 5692 perpetuum.Ab
934 5628 1195 5683 universis
1217 5629 1486 5700 episcopis
1506 5629 1704 5684 dictum
1731 5639 1842 5684 cst:
1866 5627 2064 5683 Placet.

563 5809 586 5839 ³
616 5800 734 5871 ἀλ,
764 5803 823 5856 Τ.
856 5805 911 5874 ε’,
948 5805 1294 5873 obscrt'aret‘it,
1332 5806 1408 5860 his
1438 5805 1648 5859 decretis
1677 5806 1969 5862 anathcma.

2185 2941 2271 2996 IV.
2307 2941 2374 2996 Ut
2400 2942 2557 2995 tribus
2608 2939 2940 2992 hebdomadis
2987 2953 3102 3006 qua:
3135 2947 3252 2989 sunt
3279 2947 3399 2990 ante
3431 2936 3771 3008 Epiphaniam

2603 3012 2665 3064 ab
2707 3011 2916 3063 ecclesia
2948 3024 3097 3064 nemo
3126 3011 3342 3062 recedat.

2252 3145 2382 3200 Item
2416 3145 2540 3215 legit
2571 3162 2583 3198 :
2618 3145 2814 3212 Viginti
2835 3152 2887 3198 et
2921 3158 3026 3196 uno
3069 3143 3158 3211 die
3205 3156 3364 3213 quoa
3390 3158 3476 3195 xvi
3505 3143 3768 3196 Kalendas

2178 3237 2458 3292 Januarias
2489 3250 2656 3304 usque
2682 3236 2731 3289 in
2761 3234 2900 3288 diem
2925 3233 3238 3304 Epiphaniae
3266 3230 3425 3302 304
3449 3232 3534 3300 qui
3565 3240 3650 3284 est
3671 3247 3781 3284 Vltl'

2179 3325 2300 3380 ldus
2330 3327 2609 3381 Januarias
2628 3326 2893 3381 coutinuis
2915 3325 3104 3379 diebus
3137 3325 3267 3378 nulli
3303 3323 3460 3378 liceat
3489 3324 3556 3376 de
3581 3323 3763 3376 eccle-

2096 3457 2142 3518 ε
2179 3421 2255 3475 sia
2283 3421 2584 3486 absentarc,
2611 3434 2708 3476 nec
2731 3421 2895 3474 latere
2924 3419 2976 3473 in
3007 3418 3276 3482 domibus,
3301 3432 3398 3472 nec
3429 3416 3684 3472 secedere
3713 3417 3762 3469 in

2178 3512 2380 3579 villam,
2413 3528 2511 3566 nec
2542 3521 2750 3566 montes
2801 3521 3002 3579 petere,
3028 3523 3126 3563 nec
3152 3508 3310 3564 nudis
3359 3507 3582 3576 pedibus
3614 3505 3760 3561 in'ce-

2172 3604 2323 3669 dere,
2357 3604 2451 3658 sed
2481 3616 2803 3657 concurrere
2859 3599 2924 3656 ad
2967 3599 3251 3656 ecclesiam
3284 3597 3463 3667 :quod
3518 3597 3605 3666 qui
3656 3611 3768 3650 non

2173 3696 2538 3751 observaverit
2581 3695 2649 3748 de
2694 3692 2981 3761 susceptis,
3032 3690 3317 3745 anathema
3363 3689 3434 3743 sit
3478 3688 3532 3742 in
3573 3703 3761 3757 perpe-

2174 3796 2322 3842 tuum
2347 3795 2398 3841 ι.
2429 3784 2512 3842 Ab
2541 3785 2808 3842 universis
2830 3783 3096 3855 episcopis
3116 3782 3326 3840 'dictum
3356 3789 3442 3836 est
3472 3796 3487 3834 :
3519 3779 3758 3835 Anatheo

2173 3893 2258 3932 ma
2284 3878 2375 3932 sit.

2247 3990 2309 4046 γ.
2347 3993 2410 4044 Ut
2437 3989 2578 4060 quia
2601 3991 2705 4046 suis
2751 3989 3002 4058 episcopis
3054 3988 3324 4059 privamur
3362 3987 3426 4040 ab
3449 3985 3570 4039 aliis
3589 4001 3697 4037 non

2798 4061 3130 4130 recipiantur.

2244 4170 2373 4226 Item
2404 4172 2598 4227 lectum
2622 4178 2710 4226 est
2740 4188 2754 4223 :
2780 4170 2851 4227 Ut
2880 4170 2933 4225 bi
2980 4171 3069 4239 qui
3129 4183 3227 4238 per
3273 4165 3613 4234 disciplinam
3669 4173 3766 4218 aus

2173 4263 2491 4318 sententiam
2532 4263 2766 4333 episcopi
2809 4261 2878 4318 ab
2907 4260 3146 4318 Ecclesia
3194 4257 3390 4314 fuerint
3435 4255 3666 4327 separati
3695 4253 3766 4308 ab

2174 4353 2290 4408 aliis
2315 4353 2582 4422 episc0pis
2608 4367 2712 4407 non
2750 4352 2857 4406 sint
2903 4349 3225 4420 recipiendi;
3254 4347 3393 4416 quod
3423 4348 3468 4402 si
3521 4347 3755 4401 scientes

2171 4445 2408 4515 epist-cpi
2461 4444 2704 4509 fecerint,
2759 4459 2864 4497 non
2922 4442 3152 4496 habeant
3194 4436 3756 4496 communionem.“

2173 4538 2436 4591 universis
2467 4536 2732 4607 episcOpis
2759 4536 2957 4589 dictum
2987 4541 3070 4588 est
3097 4551 3109 4584 :
3138 4533 3238 4599 Qui
3272 4533 3371 4585 hoc
3401 4526 3758 4594 commiserit,

2172 4628 2543 4698 episcOporum
2571 4640 2676 4680 non
2707 4624 2900 4679 habeat
2930 4621 3384 4677 communionem.

2177 4760 2263 4815 Vl.
2301 4760 2368 4816 Ut
2395 4762 2611 4816 clericus
2638 4759 2727 4828 qui
2775 4764 2978 4826 praptcr
3029 4754 3288 4835 licentiam
3319 4749 3600 4804 monachus
3656 4746 3762 4800 uult

2653 4845 2758 4882 €888
2797 4836 3283 4880 ρποηιηιυηιεεηιν.

2247 4944 2374 5000 Item
2404 4944 2531 5012 legit
2563 4961 2576 4994 :
2608 4942 2664 4997 Si
2694 4941 2813 5008 quis
2843 4939 2910 4992 de
2945 4935 3158 4992 clericis
3208 4942 3424 5004 propter
3451 4931 3631 4986 luxum
3661 4944 3765 4983 va-

2174 5035 2504 5104 nitatemque
2533 5040 2908 5102 praesumptam
2958 5029 3026 5083 de
3055 5025 3233 5081 oilicio
3286 5039 3384 5078 suo
3427 5033 3619 5092 sponte
3646 5020 3762 5074 dis-

2173 5130 2416 5191 cesserit,
2447 5141 2509 5180 ac
2537 5141 2596 5181 se
2625 5127 2768 5180 velut
2795 5123 3212 5179 observatiorem
3245 5119 3376 5186 legis
3409 5117 3461 5170 in
3495 5114 3761 5169 monacho

2174 5219 2338 5274 videri
2374 5217 2598 5273 voluerit
2625 5233 2743 5272 esse
2781 5232 2938 5286 quam
2989 5213 3264 5277 clericum,
3300 5211 3369 5265 ita
3421 5208 3487 5262 de
3521 5207 3760 5260 Ecclesia

2176 5309 2538 5380 repellendum
2572 5321 2628 5365 ut
2656 5310 2756 5363 nisi
2808 5307 3043 5376 rogando
3088 5314 3250 5372 atque
3301 5295 3644 5355 observando
3667 5294 3756 5367 [T.

2175 5401 2225 5468 1,
2253 5399 2309 5466 2,
2338 5398 2441 5467 ·υ.,
2471 5394 2828 5468 obsecrando]
2855 5395 3095 5465 plurimis
3123 5389 3453 5460 temporibus
3477 5383 3755 5439 satisfece-

2172 5494 2260 5557 rit,
2303 5508 2406 5546 non
2449 5491 2753 5563 recipiatur.
2799 5488 2881 5543 Ab
2923 5485 3190 5542 universis
3227 5479 3496 5554 episcopis
3554 5476 3756 5532 dictum

2171 5595 2255 5641 est
2285 5603 2296 5638 :
2324 5584 2397 5638 lta
2423 5585 2532 5638 ﬁat.
