4060 6184
319 289 416 344 517

1069 285 1380 342 CONCILIA
1423 285 1791 345 HISPANVS.
1836 319 1905 329 —-
1945 285 2672 345 ΟίΕΞΛίὶΑυϐυδτΑΝωι
2715 287 2803 342 Ill.

3488 293 3593 348 5I3

321 403 422 459 ΠΙ.
461 401 767 458 Utdoctoris
791 401 886 456 sibi
910 418 1090 456 nomen
1115 419 1215 484 non
1245 401 1471 470 imponat
1493 403 1578 456 cui
1603 418 1896 457 concessum
1929 408 1975 466 Α
2074 403 2234 475 305
2275 401 2406 457 VIII.
2436 400 2520 484 .llnt
2543 410 2568 436 ⁸
2598 415 2716 484 ante
2741 402 3086 484 quadragin_ta
3115 420 3278 459 annos
3309 408 3589 462 sanctimo-

1001 489 1102 526 11011
1121 483 1212 527 εει.

382 567 511 621 Item
537 566 735 620 lectum
763 573 844 619 est
871 582 883 617 :
909 563 985 618 Ne
1011 564 1131 631 quis
1167 563 1403 617 doctoris
1432 563 1534 618 sibi
1587 579 1780 618 nomen
1805 566 1903 618 im-

312 666 475 726 ικιιιει
504 666 700 725 praeter
753 656 850 711 his
901 669 1157 724 personas
1205 655 1400 724 quibus
1456 670 1770 710 concessum
1799 664 1900 722 est,

310 751 607 804 secundum
641 746 692 801 id
741 746 882 815 quod
941 748 1201 816 scriptum
1249 757 1351 802 εει.
1388 747 1469 803 Ab
1513 748 1775 804 universis
1795 750 1908 820 epi-

312 842 492 913 scopis
522 840 728 895 dictum
760 847 842 894 est
875 858 886 891 :
918 838 1116 893 Placet.

381 966 407 994 ι
453 955 612 1010 Deest
641 955 727 1008 hic
752 969 923 1008 canon
946 953 998 1006 in
1029 951 1096 1009 U.

2393 473 2556 527 niales
2581 473 2798 546 virginif
2828 487 2930 527 non
2961 475 3206 530 velentur.

2081 563 2212 622 Item
2257 564 2453 620 lectum
2508 575 2584 618 est
2619 581 2631 616 :
2664 563 2778 618 Non
2837 564 3095 620 velan'las
3137 579 3258 621 esse
3313 565 3587 636 virgines.

2013 659 2177 730 306
2206 673 2325 727 qua:
2354 672 2412 711 se
2443 656 2552 711 Deo
2580 657 2829 711 voverint
2849 700 2864 724 ,
2908 656 3007 717 nisi
3037 658 3390 728 quadraginta
3420 673 3593 714 anno-

2015 767 2132 807 rum
2174 752 2392 822 probata
2421 761 2611 815 astate,
2643 765 2801 819 quam
2845 751 3098 806 sacerdos
3141 753 3594 819 comprobaverit.

2018 841 2099 898 Ab
2131 843 2394 898 universis
2422 843 2686 914 episcopis
2714 842 2915 898 dictum
2942 852 3025 899 est
3056 860 3071 901 :
3107 845 3308 901 Placet.

873 1281 1430 1366 CONCILIU
1450 1286 1539 1365 M
1621 1161 2880 1372 ClllisxiilgtllUGUSTANUM
2956 1289 3031 1369 Il

1275 1418 1440 1460 ANNO
1489 1419 1569 1461 ιιι
1625 1420 1940 1462 HECAREDI
1990 1421 2198 1478 REGIS,
2247 1422 2382 1462 ΕΒΔ
2432 1422 2679 1464 DC‘IXX.

389 1568 428 1623 l.
483 1564 616 1622 Cum
661 1565 714 1620 in
756 1565 848 1619 Dei
889 1565 1103 1620 nomine
1145 1566 1201 1620 in
1243 1566 1430 1620 urbem
1473 1565 1904 1634 Ctesaraugusta-
1937 1568 1980 1625 Β
2012 1574 2285 1635 percepta,
2312 1581 2339 1619 a
2367 1566 2637 1620 catholico
2667 1568 2950 1625 sacerdote
2981 1580 3365 1628 consecrentur
3396 1577 3592 1637 denuo.

321 1676 439 1714 nam
486 1658 777 1729 provincia:
827 1657 1251 1712 Tarraconensis
1281 1671 1345 1711 ex
1388 1656 1652 1725 permissu
1685 1654 1902 1723 gloriosi

318 1760 474 1816 atque
503 1745 827 1802 sanctissimi
870 1745 1124 1816 principis
1171 1743 1433 1800 Recaredi
1483 1745 1626 1814 regis
1682 1745 1735 1797 in
1764 1758 1905 1798 anno

317 1843 542 1912 septimo
573 1842 721 1910 regni
749 1840 866 1909 ejus
900 1839 1210 1910 congregati
1244 1838 1532 1894 fuissemus
1579 1855 1675 1908 pro
1709 1838 1803 1892 Dei
1833 1838 1904 1891 ti-

319 1952 465 1992 more
490 1943 800 1999 tractantes,
827 1933 878 1987 id
911 1933 1110 2002 placuit
1137 1940 1338 1987 sanctae
1362 1946 1424 1985 ac
1447 1931 1737 1986 venerabili
1772 1946 1903 2000 syn-

316 2030 458 2097 odo,
501 2036 559 2082 ut
608 2024 910 2096 presbyteri
940 2024 1028 2092 qui
1059 2039 1122 2078 ex
1169 2021 1361 2077 haaresi
1409 2022 1606 2076 Ariana
1645 2021 1710 2073 ad
1743 2035 1884 2076 sane

321 2128 423 2173 tam
458 2117 779 2174 catholicam
827 2113 1118 2170 Ecclesiam
1152 2113 1395 2167 conversi
1425 2120 1582 2176 sunt,
1632 2111 1721 2180 qui
1751 2125 1906 2165 sane.

320 2221 423 2264 tam
455 2220 508 2265 et
539 2225 723 2279 puram
762 2208 916 2260 fidem
950 2216 1112 2277 atque
1141 2206 1496 2260 castissimum
1526 2203 1796 2259 tenuerint
1827 2202 1907 2257 vi-

319 2316 480 2370 tam,
547 2314 762 2371 accepta
826 2301 1004 2356 denuo
1072 2299 1449 2354 benedictione
1503 2296 1905 2368 presbyteratus

322 2405 515 2453 sancte
549 2406 599 2451 et
635 2410 762 2464 pure
803 2395 1113 2449 ministrare
1145 2393 1411 2446 debeant:
1435 2389 1614 2444 caeteri
1649 2403 1776 2443 vero
1817 2387 1905 2456 qui

326 2490 465 2543 hanc
506 2488 925 2557 Suprascriptam
961 2486 1124 2540 vitam
1156 2483 1454 2554 adimplere
1481 2482 1565 2538 vel
1597 2490 1780 2536 tenere
1809 2495 1906 2535 ne-

331 2581 622 2651 glexerint,
675 2579 745 2634 ab
775 2579 954 2635 ollicio
983 2576 1211 2647 depositi
1244 2578 1356 2632 sint
1387 2577 1438 2629 in
1462 2575 1628 2631 clero.
1659 2575 1732 2629 Ita
1761 2583 1816 2629 et
1841 2573 1910 2630 de

330 2672 647 2728 diaconibus
678 2673 820 2726 sicut
845 2680 896 2726 et
921 2670 987 2726 tie
1013 2668 1340 2741 presbyteris
1370 2668 1714 2723 constitutum
1744 2673 1846 2720 est.

391 2764 452 2817 ll.
495 2762 694 2820 Statuit
717 2770 900 2816 sancta
933 2760 1206 2834 synodus,
1243 2770 1302 2814 ιιι
1333 2757 1572 2829 reliquiae
1605 2758 1657 2812 iu
1689 2755 1910 2826 quibus-

319 2869 530 2927 eunque
567 2855 702 2910 locis
728 2854 794 2907 de
823 2854 1022 2909 Ariana
1065 2853 1257 2907 hmresi
1291 2851 1526 2906 inventa:
1554 2846 1756 2904 fuerint
1789 2863 1905 2915 pro-

319 2948 442 3000 lata:
467 2962 498 2998 a
525 2945 914 3014 sacerdotibus,
939 2946 991 3000 in
1016 2958 1245 3015 quorum
1272 2942 1520 2998 ecclesiis
1543 2940 1905 3010 reperiuntur,
1936 2932 1984 2996 C

320 3037 657 3106 pontificibus
695 3046 1038 3107 prtesentatre
1077 3038 1202 3107 igne
1247 3034 1582 3105 probentur:
1615 3033 1755 3104 quod
1798 3032 1842 3088 si
1873 3047 1904 3086 a

323 3127 654 3195 quibuslibet
679 3128 964 3182 occultata:
988 3127 1189 3182 fuerint
1217 3133 1271 3181 et
1303 3125 1648 3194 deteguntur,
1679 3139 1708 3178 a
1732 3137 1908 3179 sacro-

319 3228 519 3274 sanctae
546 3219 831 3274 catholica:
864 3219 1120 3274 Ecclesiae
1147 3227 1290 3273 cmtu
1319 3224 1688 3288 segregantur.

396 3309 482 3365 Ill.
522 3310 718 3367 Statuit
744 3320 929 3366 Sancta
963 3310 1233 3380 synodus,
1269 3319 1324 3363 ut
1352 3309 1589 3379 episcopi
1619 3307 1688 3361 de
1712 3307 1906 3362 Ariana

327 3402 515 3458 haesi
544 3405 824 3459 venientes
845 3443 860 3468 ,
911 3405 957 3458 si
989 3417 1122 3471 quas
1151 3401 1410 3458 ecclesias
1439 3401 1539 3456 sub
1570 3402 1788 3456 nomine
1816 3415 1907 3454 ea-

323 3494 534 3548 tholica:
565 3494 687 3549 lidei
726 3495 1197 3562 consecraverint,
1250 3492 1480 3549 necdum
1524 3491 1904 3548 benedictione

2009 1657 2118 1713 Sub
2148 1658 2234 1713 die
2263 1657 2621 1714 Kalendarum
2640 1659 3023 1716 Novembrium
3051 1678 3190 1719 anno
3213 1682 3318 1734 quo
3343 1683 3525 1738 supra.

2081 1753 2355 1806 Artemius
2399 1753 2450 1806 in
2501 1750 2702 1806 Christi
2748 1753 2962 1807 nomine
3002 1753 3291 1827 episcopus
3340 1758 3597 1816 Tarraco—

2010 1845 2198 1899 nensis
2239 1844 2534 1913 provincia:
2575 1845 3023 1914 metropolitanus
3077 1848 3214 1904 hanc
3257 1854 3598 1908 constitutio-

2009 1952 2129 1991 nem
2163 1937 2480 2006 subscripsi.

2082 2029 2416 2099 Sephronius
2436 2030 2487 2084 in
2512 2028 2709 2084 Christi
2734 2029 2951 2085 nomine
2978 2030 3262 2100 episcopus
3291 2033 3428 2090 hanc
3456 2050 3597 2090 con-

2008 2121 2351 2176 stitutionem
2379 2120 2701 2189 subscripsi.

2079 2212 2388 2279 Stephanus
2451 2213 2502 2266 in
2563 2211 2760 2267 Christi
2830 2212 3042 2269 nomine
3109 2214 3394 2284 episcopus
3463 2215 3589 2270 sub-

2010 2304 2225 2372 scripsi.

2079 2393 2324 2450 Julianus
2354 2393 2408 2448 in
2435 2393 2634 2448 Christi
2669 2392 2887 2448 nomine
2926 2395 3214 2464 episcopus
3244 2395 3559 2466 subscripsi.

2081 2486 2392 2556 Simplicius
2417 2488 2469 2540 in
2497 2486 2696 2541 Christi
2728 2486 2948 2543 nomine
2973 2488 3254 2557 episcopus
3280 2489 3597 2558 subscripsi.

2082 2578 2331 2634 Asterius
2371 2579 2422 2632 in
2453 2577 2646 2633 Christi
2676 2576 2892 2633 nomine
2923 2579 3558 2651 episcopussubscripsl.

2085 2670 2314 2726 Mumius
2341 2670 2392 2726 in
2422 2668 2624 2725 Christi
2654 2672 2872 2727 nomine
2902 2673 3186 2740 episcopus
3208 2649 3525 2744 subscripsi.

2085 2760 2310 2816 Liliolus
2339 2761 2389 2816 in
2417 2760 2617 2817 Christi
2643 2764 2859 2819 nomine
2880 2763 3165 2833 episcOpus
3185 2767 3502 2836 subscripsi.

2087 2851 2310 2923 Magnus
2335 2853 2388 2906 in
2417 2851 2618 2907 Christi
2649 2853 2866 2909 nomine
2888 2855 3173 2925 episcopus
3197 2855 3513 2924 subscripsi.

2087 2943 2324 3000 Joannes
2347 2945 2400 3000 in
2428 2942 2631 3000 Christi
2661 2946 2881 3001 nomine
2902 2946 3186 3015 episcopus
3211 2947 3526 3014 subscripsi.

2089 3035 2327 3092 Galanus
2350 3037 2402 3090 in
2429 3035 2630 3091 Christi
2661 3036 2878 3090 nomine
2906 3037 3190 3106 episcopus
3213 3037 3528 3108 subscripsi.

2083 3126 2329 3181 Julianus
2357 3127 2409 3180 in
2438 3125 2642 3181 Christi
2677 3127 2895 3181 nomine
2921 3127 3211 3196 episcopus
3246 3127 3564 3200 subscripsi.

2083 3217 2344 3272 Antedius
2373 3217 2426 3271 in
2447 3216 2645 3271 Christi
2693 3217 2910 3271 nomine
2950 3217 3210 3272 diaconus
3239 3233 3402 3288 agens
3427 3220 3596 3273 vicem

2011 3308 2217 3365 domini
2241 3310 2345 3364 mei
2379 3309 2568 3363 Gavini
2596 3309 2835 3379 episcopi
2866 3309 3184 3379 subscripsi.

2089 3399 2395 3469 Stephanus
2419 3401 2470 3455 in
2494 3399 2692 3456 Christi
2716 3400 2932 3455 nomine
2955 3400 3214 3458 diaconus
3236 3417 3402 3474 agens
3424 3403 3594 3458 vicem

2017 3493 2219 3548 domini
2254 3492 2357 3548 mei
2386 3492 2620 3563 Aquilini
2652 3493 2889 3564 episcopi
2917 3493 3233 3565 subscripsi.

393 3623 416 3648 η
461 3613 621 3669 Deest
676 3613 780 3668 hoc
845 3612 1137 3668 concilium
1184 3611 1238 3666 in
1299 3610 1549 3666 omnibus
1617 3607 1904 3666 Codieibus
1944 3619 2140 3680 praeter
2167 3609 2282 3674 ΑΒ..
2318 3626 2386 3664 ex
2420 3625 2529 3680 quo
2551 3609 2892 3679 desumptum
2925 3618 3030 3666 est.

325 3745 3015 3782 ΜΨΨεί
3453 3745 3490 3783 Η
3546 3744 3597 3785 η

1831 3839 2102 3911 XLIII

846 3964 1493 4048 CONCILIUM
1577 3961 1887 4044 ClESA
1905 3961 2825 4046 RAUGUSTANUM
2904 3967 3064 4046 Ill.

327 4126 606 4169 HABITUM
656 4125 772 4166 SUB
821 4123 925 4164 DIE
974 4121 1410 4164 KALENDABUM
1459 4119 1905 4172 ΝιὶνΕΜΒιιῐυΜ,

2009 4118 2116 4158 ῚΝΟ
2147 4117 2208 4159 ιν
2242 4114 2620 4158 οιιτιιουοιι
2668 4115 2877 4167 ATQUE
2923 4113 3322 4156 SERENISSIMI
3368 4114 3600 4158 υοιίιηι

1443 4199 1696 4242 EGICANI
1746 4197 1952 4254 REGIS,
1998 4197 2140 4239 ΛΕΒΔ
2187 4196 2495 4238 DCCXXIX.

388 4351 754 4425 307-308
793 4347 1117 4406 Sacerdotes
1147 4346 1354 4401 Domini
1381 4391 1396 4414 ,
1427 4362 1563 4416 quos
1596 4362 1700 4402 non
1729 4346 1901 4401 solum
1937 4345 1984 4404 D
2012 4355 2210 4400 Sancta:
2239 4343 2519 4398 Trinitatis
2551 4342 2812 4414 mysterio
2853 4342 3148 4397 secundum
3182 4341 3462 4397 formulam
3501 4340 3598 4395 Ni-

314 4447 492 4500 divina
531 4445 705 4514 pietas
735 4442 802 4498 ad
833 4439 1200 4512 magisterium
1231 4438 1475 4507 provehit
1515 4452 1761 4505 sacrum,
1811 4437 1903 4490 sed

314 4539 477 4594 etiam
507 4548 561 4593 et
592 4537 960 4608 speculatores
991 4534 1225 4588 instituit
1247 4532 1504 4601 plebium,
1537 4543 1600 4585 ea
1625 4544 1684 4584 se
1711 4529 1908 4584 debent

312 4630 647 4684 auctoritatis
681 4627 890 4683 munire
911 4627 1202 4690 sententia,
1257 4639 1362 4693 quo
1378 4632 1431 4676 et
1457 4621 1651 4675 divinis
1679 4621 1795 4675 sine
1826 4621 1906 4674 in-

313 4720 660 4775 termissione
700 4719 948 4773 insistant
992 4718 1274 4786 praeceptis
1305 4723 1360 4769 et
1399 4722 1644 4769 cunctam
1693 4712 1903 4782 plebem

311 4810 491 4879 dignis
517 4810 858 4878 condirigant
885 4809 1171 4876 exemplis.
1202 4807 1269 4860 Et
1295 4805 1415 4861 ideo
1442 4803 1568 4874 quia
1601 4818 1699 4859 nos
1721 4803 1899 4858 divina

309 4903 580 4959 celsitudo
609 4919 673 4958 ex
704 4903 854 4972 jussu
887 4900 1324 4957 excellentissimi
1353 4907 1409 4953 et
1441 4898 1668 4965 piissimi
1699 4896 1903 4967 magni-

307 5010 415 5062 que
458 4994 552 5047 Dei
586 4993 808 5048 cultoris
838 4993 1038 5046 domini
1082 4992 1249 5045 nostri
1298 4991 1516 5061 Egicaui
1558 4989 1810 5058 principis
1851 4989 1902 5042 in

309 5086 452 5138 hanc
481 5083 1021 5153 Caesaraugustanam
1053 5083 1240 5137 urbem
1273 5082 1562 5136 eoadunari
1609 5080 1864 5151 praecepit
1884 5120 1900 5147 ,

305 5187 355 5229 et
400 5174 474 5227 ita
507 5173 612 5228 sub
645 5174 953 5228 omnimoda
981 5173 1317 5242 specialitate
1357 5173 1625 5236 instituit,
1675 5182 1730 5225 ut
1754 5186 1902 5226 rese-

305 5275 472 5322 cante
504 5265 640 5320 falce
664 5265 883 5334 iustitia;
919 5263 1187 5333 aequitatis
1216 5263 1580 5318 consolidetur
1608 5263 1857 5316 materies
1884 5302 1901 5328 ,

303 5369 360 5414 et
392 5357 660 5428 quidquid
689 5357 984 5427 cujuslibet
1013 5356 1303 5410 indiscreta
1343 5353 1606 5423 pernicies
1641 5367 1672 5405 a
1702 5354 1904 5408 sanctis

303 5452 745 5507 institutionibus
773 5463 984 5521 patrum
1013 5449 1085 5505 de
1113 5448 1393 5503 ordinibus
1419 5445 1801 5502 ecclesiasticis
1822 5447 1903 5500 di-

303 5545 469 5600 vellit
495 5543 697 5597 nostris
741 5542 1068 5599 elucubratis
1097 5539 1378 5595 sententiis
1412 5538 1521 5594 Deo
1551 5537 1821 5592 mediante
1850 5539 1902 5592 in

303 5635 516 5690 lumine
562 5632 861 5688 deducatur
895 5631 1184 5687 veritatis:
1221 5629 1425 5684 idcirco
1467 5627 1593 5684 dum
1642 5627 1796 5683 nobis
1834 5627 1904 5684 de

2011 4436 2145 4490 cretii
2170 4435 2384 4490 concilii
2409 4434 2590 4489 triduo
2617 4442 2795 4487 mutua
2827 4434 3016 4487 fuisset
3045 4433 3284 4498 collatio,
3307 4448 3371 4487 ea
3394 4447 3510 4501 qua!
3536 4446 3600 4485 se

2009 4529 2170 4584 coetui
2204 4539 2388 4582 nostro
2416 4527 2483 4582 ad
2515 4526 2927 4581 a-dificationem
2959 4527 3117 4580 totius
3149 4525 3321 4595 plebis
3347 4522 3600 4594 ingesseo

2008 4628 2132 4674 runt
2181 4621 2472 4688 conspicua
2514 4618 2864 4687 diligentique
2909 4616 3117 4670 ratione
3165 4625 3591 4685 pertractantes.

2008 4727 2126 4777 qua:
2156 4711 2459 4764 necessaria
2489 4708 2793 4764 exstiterint
2840 4706 3058 4761 Christo
3087 4706 3408 4776 opitulante,
3440 4706 3594 4777 cujus

2008 4815 2109 4856 nos
2158 4815 2322 4856 causa
2369 4800 2560 4856 salutis
2599 4800 2666 4854 ad
2710 4799 2815 4855 hoc
2864 4797 3171 4868 provocavit
3216 4797 3450 4851 studium
3477 4837 3494 4862 ,
3543 4797 3598 4850 in

2007 4894 2259 4949 brevibus
2297 4903 2458 4963 atque
2488 4891 2811 4947 continuatis
2835 4889 3088 4959 capitulis
3117 4898 3307 4944 cuncta
3341 4889 3594 4943 delinivi-

2007 5003 2125 5041 mus
2148 5028 2163 5054 ,
2213 4995 2269 5042 et
2296 4987 2360 5041 ad
2393 4985 2747 5056 perennitatis
2777 4999 2889 5039 suae
2935 4983 3098 5038 robur
3125 4999 3188 5037 ea
3219 4997 3337 5051 qua:
3380 4997 3407 5033 a
3439 4981 3595 5033 nobis

2006 5089 2123 5134 acta
2155 5081 2238 5133 vel
2271 5079 2492 5134 definita
2521 5085 2646 5132 sunt
2673 5080 2906 5146 propriae
2938 5089 3127 5128 manus
3157 5080 3359 5126 nostra:
3399 5085 3594 5125 exara-

2008 5173 2153 5225 tioiie
2181 5171 2400 5224 ﬁrmare
2429 5169 2858 5238 procuravimus.

2081 5279 2117 5334 Ι.
2170 5278 2238 5333 Ut
2269 5296 2368 5332 non
2396 5279 2546 5331 liceat
2581 5275 2845 5347 episcopis
2868 5274 2998 5326 citra
3026 5272 3134 5326 dies
3164 5271 3443 5325 dominicas
3474 5288 3595 5325 ron-

2331 5344 2640 5402 secratione's
2664 5344 2999 5399 ecclesiarum
3019 5359 3268 5397 exercere.

2078 5443 2134 5498 In
2162 5450 2404 5496 sanctum
2437 5448 2489 5492 et
2521 5438 2654 5492 satis
2683 5436 2992 5492 venerabile
3033 5434 3321 5492 concilium
3352 5432 3594 5488 residen-

2009 5535 2148 5589 tibus
2179 5530 2480 5586 nuntiatum
2503 5538 2586 5584 est
2613 5529 2790 5596 nobis,
2824 5544 2891 5585 eo
2916 5530 3058 5599 quod
3089 5529 3252 5599 aliqui
3275 5526 3553 5598 pontifices
3573 5563 3598 5591 ,

2008 5627 2243 5698 regulam
2292 5623 2533 5682 veritatis
2578 5623 3075 5696 praetermittentes,
3102 5621 3362 5680 ecclesias
3399 5633 3518 5692 qua
3559 5634 3598 5672 a

381 5776 406 5806 ο
455 5768 612 5822 Deest
657 5765 755 5822 hoc
785 5763 1063 5821 concilium
1109 5764 1161 5818 in
1193 5761 1480 5817 (iudicibus
1525 5760 1652 5815 B.Il.
1678 5800 1692 5826 ,
1738 5759 1797 5816 Ε.
1826 5763 1893 5827 5,
1941 5761 2002 5818 Τ.
2042 5761 2090 5828 I,
2115 5759 2172 5827 “2,
2203 5757 2292 5826 U.,
2324 5756 2388 5813 ϐ.
