4060 6184
266 294 358 349 59.!

1271 287 1489 343 CONCli
1516 286 1582 340 ιλ
1629 285 1989 341 lllSl‘ANl/E.
2031 314 2101 326 -—
2140 285 2548 343 ILERDENSE.

3446 294 3551 347 51νέ

274 411 325 463 γ,
369 406 435 462 (Ii
488 406 731 472 definit-to
788 402 1019 471 principe
1065 412 1317 469 superstes
1371 402 1545 471 regina
1594 400 1764 452 statim
1816 402 1938 459 οιΑ
1973 400 2103 454 libet
2133 400 2279 454 locus
2327 401 2667 463 attribuatur,
2719 414 2810 465 per
2842 400 2982 469 quod
3035 409 3119 453 aut
3170 406 3550 458 contumeliqu

330 487 516 530 restem
546 471 846 528 taetriorem
878 475 1097 542 deponat
1142 483 1187 525 et
1236 474 1289 525 in
1340 471 1562 525 comobio
1614 472 1863 539 virginum

332 548 659 616 mancipatur
688 560 1039 613 permansura.

326 683 488 736 Licet
538 679 848 747 plenissime
898 678 953 731 in
1004 678 1231 731 concilio
1261 676 1520 731 Toletano
1559 675 1625 730 de
1672 673 1867 743 prici-

269 790 388 844 pum
413 772 616 824 relictis
648 769 952 823 institutum
981 767 1190 834 fuisset,
1225 777 1284 822 ut
1325 769 1454 822 nulli
1487 768 1690 821 licitum
1720 774 1869 819 esset

270 864 613 932 superstitem
640 862 878 929 reginam
911 860 962 913 in
995 858 1243 928 conjugio
1267 860 1484 923 ducere,
1517 866 1611 911 aut
1634 855 1868 911 sordidis

271 954 608 1010 contactibus
649 952 919 1004 maculare
968 966 1143 1020 neque
1187 952 1451 1002 secuturis
1502 946 1717 1015 regibus
1769 960 1869 999 nec

270 1045 493 1100 cuilibet
545 1043 819 1095 hominum
869 1050 1014 1094 esset
1066 1040 1420 1109 permissum;
1472 1048 1649 1092 tamen
1700 1035 1867 1091 nostri

272 1136 478 1191 ordinis
505 1148 665 1187 causa
697 1142 800 1197 cst,
836 1146 893 1186 ut
917 1132 1263 1187 crebrissime
1294 1133 1359 1185 ad
1396 1132 1498 1185 hoc
1526 1131 1694 1184 aciem
1722 1144 1868 1183 men-

273 1230 341 1283 tis
374 1236 573 1280 nostra:
602 1224 1020 1293 condirigamus,
1052 1239 1169 1291 que
1201 1227 1391 1275 anima:
1421 1222 1692 1275 intuemur
1713 1218 1869 1273 exhi-

276 1322 404 1374 bere
454 1317 773 1386 profectum.
835 1314 987 1371 Unde
1032 1318 1155 1384 quia
1209 1314 1496 1384 praitcritis
1540 1311 1871 1383 temporibus

276 1411 471 1465 multas
502 1409 703 1462 scimus
750 1417 909 1476 atque
940 1407 1286 1475 cognovimus
1315 1407 1410 1473 pri:
1436 1407 1611 1473 cipum
1659 1404 1872 1458 relictas

277 1512 392 1570 post
424 1516 611 1556 eorum
658 1501 990 1553 vocationem
1043 1515 1139 1569 pro
1187 1499 1338 1570 apice
1372 1499 1542 1567 regni,
1576 1513 1738 1567 quem
1788 1511 1873 1551 re-

279 1592 454 1663 gendo
502 1592 557 1648 in
613 1589 824 1643 cunctis
889 1597 1191 1651 tenuerunt,
1254 1590 1451 1641 nullam
1512 1589 1921 1643 reverentiam,

283 1682 502 1734 honoris
536 1682 616 1734 eis
644 1677 890 1733 adhiberi
920 1694 947 1731 a
978 1680 1206 1748 populis,
1242 1679 1335 1732 sed
1363 1679 1558 1747 passim
1590 1677 1874 1747 unicuique

1968 502 2126 547 tanta:
2160 494 2406 562 potestati
2433 494 2702 561 ingeratur
2728 502 2752 529 ι
2781 503 2872 545 aut
2902 493 3111 546 subdita
3158 494 3295 562 plebi
3335 495 3554 550 hmsisse

1966 594 2207 655 patescat
2230 601 2456 654 quorum
2477 596 2602 639 ante
2627 586 2825 639 dudum
2854 588 3089 640 noscitur
3115 588 3327 641 domina
3352 589 3515 644 fuisse
3536 608 3551 650 ;

1968 678 2063 732 δρᾶ
2110 678 2245 731 infra
2288 680 2519 731 claustra
2555 692 2642 730 lllO
2683 677 2866 731 asterii
2912 678 3022 746 jugi
3064 680 3348 734 sedulitate
3373 681 3557 747 persi-

1968 782 2115 825 stens
2140 781 2300 840 atque
2330 771 2787 824 sanetiuionia'em
2822 771 2984 822 vitam
3011 785 3271 839 peragens
3299 770 3366 824 de
3389 787 3554 841 regno

1972 864 2250 932 temporali
2286 862 2637 931 opitulatione
2676 860 2852 914 divina
2885 860 2949 913 ad
2990 876 3209 929 regnum
3240 864 3557 915 :cternitatis

1972 961 2243 1006 mereatur
2277 952 2577 1019 pervenire.

2042 1047 2355 1115 Quicunque
2406 1046 2566 1115 igitur
2620 1046 2924 1113 superiores
2962 1045 3394 1109 constitutiones,
3439 1045 3558 1115 (tum

1972 1138 2170 1191 salubri
2227 1137 2452 1191 consilio
2502 1153 2529 1189 a
2589 1136 2742 1190 nobis
2792 1137 3026 1191 definitae
3068 1154 3189 1191 esse
3243 1148 3557 1200 noscuntur,

1974 1228 2252 1282 violaverit
2281 1229 2359 1281 vel
2391 1228 2668 1282 exsecrari
2701 1242 3011 1297 quacunque
3037 1227 3262 1281 factione
3289 1240 3561 1298 pertenta-

1979 1320 2113 1375 verit
2142 1330 2235 1373 aut
2279 1321 2604 1386 permiserit,
2638 1319 2848 1373 noverit
2898 1333 2956 1373 se
2996 1321 3564 1374 excommunicationis

1974 1421 2354 1479 percepturum
2399 1410 2720 1464 sententiam
2750 1419 2908 1477 atque
2938 1410 3097 1463 etiam
3130 1410 3300 1462 exsilii
3342 1410 3566 1464 damna-

1978 1503 2137 1557 tionis
2165 1503 2418 1557 diuturno
2453 1514 2689 1571 tempore
2722 1502 2995 1557 incurrere
3017 1502 3303 1571 jacturam.

2049 1595 2212 1665 312
2240 1593 2481 1646 Peraczis
2512 1609 2723 1662 quoque
2771 1607 2800 1645 a
2846 1594 2999 1647 nobis
3038 1608 3157 1661 qua:
3189 1607 3420 1659 caugrua
3454 1594 3562 1646 fue-

1981 1696 2110 1741 runt
2137 1688 2204 1741 de
2231 1688 2507 1742 ordinibus
2537 1688 2935 1752 ecclesiasticis,
2973 1688 3026 1740 in
3054 1688 3238 1756 primis
3280 1690 3567 1742 immensas

282 1771 563 1840 Ρΐοῦίιιυιη
610 1780 693 1824 €51
735 1770 978 1824 (Ῐῖνθϊδὲιε
1021 1777 1361 1825 θεδυηιθηῑοε
1410 1771 1721 1824 οεοηιεὶοηεε
1763 1784 1866 1824 non
1898 1756 1945 1814 Β
1979 1778 2167 1832 laudes
2215 1778 2569 1845 ortmipotenti
2626 1779 2734 1832 Deo
2780 1778 2922 1833 Patri
2973 1790 3023 1833 et
3071 1778 3207 1832 Filio
3250 1788 3303 1832 et
3347 1779 3568 1847 Spiritui

281 1864 450 1917 solum
483 1863 714 1916 latenter
743 1862 795 1914 in
843 1876 1025 1916 earum
1072 1862 1455 1916 contrarietate
1502 1862 1724 1916 insidias
1763 1878 1877 1915 mo-

285 1955 505 2020 liuntur,
542 1970 727 2009 verum
766 1956 951 2019 etiam,
998 1956 1141 2022 quod
1172 1957 1383 2009 veritati
1409 1956 1739 2009 contrarium
1771 1964 1873 2020 est,

291 2047 590 2115 procaciter
616 2047 778 2101 verba
840 2046 1228 2101 contumeliosa
1272 2047 1321 2099 in
1366 2055 1635 2100 conventu
1686 2046 1880 2101 multo-

287 2155 397 2193 rum
449 2154 541 2192 eas
584 2138 842 2203 afﬁciunt,
887 2147 960 2204 et,
996 2139 1137 2209 quod
1175 2140 1318 2193 oouri
1367 2138 1627 2207 religione
1666 2137 1878 2192 abomi-

286 2230 518 2283 nandum
551 2237 711 2297 atque
744 2229 1069 2282 horrendum
1113 2238 1214 2291 e-t,
1249 2227 1316 2281 de
1346 2227 1426 2281 his
1450 2227 1733 2282 detrahere
1775 2242 1877 2280 non

285 2318 486 2383 sinunt,
521 2333 653 2387 quas
685 2318 737 2371 in
769 2327 981 2371 caterva
1019 2317 1197 2387 populi
1235 2327 1463 2371 cernunt
1508 2332 1878 2381 commorare;

288 2412 518 2480 proinde
576 2422 788 2480 paterna
844 2414 1040 2480 pietate
1095 2413 1351 2468 cnmmoti
1404 2424 1564 2481 atque
1618 2412 1881 2482 condigna

289 2511 434 2557 circa
480 2512 684 2558 tantum
713 2505 919 2559 culmen
960 2505 1328 2573 providentes,
1367 2520 1457 2572 per
1493 2504 1651 2572 hujus
1680 2503 1881 2558 decreti

288 2596 458 2650 nostri
490 2598 735 2665 piginam
770 2612 873 2651 non
906 2598 1079 2652 solum
1110 2613 1227 2667 quae
1269 2599 1318 2651 in
1365 2597 1621 2666 praedicto
1653 2598 1882 2651 concilio

287 2702 502 2744 exarata
541 2701 665 2745 sant
714 2693 782 2746 de
834 2691 1061 2761 conjuge
1094 2693 1390 2760 principum
1436 2689 1692 2744 custodiri
1723 2690 1881 2761 311

290 2783 604 2851 perenniter
634 2792 795 2852 atque
841 2785 989 2837 lirma
1042 2784 1334 2837 stabilitate
1366 2782 1709 2836 decernimus
1760 2798 1882 2849 per—

292 2887 527 2936 manere,
562 2871 657 2925 sed
684 2874 845 2927 etiam
874 2888 935 2927 ea
977 2888 1096 2940 qua:
1129 2883 1250 2926 sunt
1281 2874 1567 2941 conspicua
1617 2872 1882 2926 honestati

292 2965 588 3017 necess:ria
621 2964 783 3018 modo
815 2975 1105 3018 annectere
1140 2978 1489 3031 procuramus
1522 2980 1534 3015 :
1569 2972 1623 3016 ut
1653 2962 1885 3017 servatis

292 3059 345 3109 in
408 3058 652 3112 omnibus
694 3057 1065 3113 sanctionibus
1109 3072 1372 3111 canonum
1426 3058 1588 3111 totius
1641 3055 1882 3111 Toletani

295 3149 530 3217 camilli,
566 3167 683 3220 qui-
730 3151 798 3205 de
840 3150 1140 3220 principum
1176 3149 1375 3204 relictis
1422 3147 1768 3219 promulgata:
1808 3157 1885 3201 at-

299 3254 399 3306 que
428 3241 659 3295 deﬁnita:
685 3257 806 3297 esse
840 3252 1151 3308 noscuntur,
1187 3241 1442 3310 deinceps
1475 3240 1659 3293 relicta
1690 3239 1823 3309 print
1845 3238 1889 3292 i-

299 3335 381 3402 pis
433 3338 763 3403 Superiorem
825 3335 1143 3390 sententiam
1201 3333 1408 3387 illibato
1466 3334 1646 3387 animo
1702 3331 1891 3401 pudice

296 3440 518 3479 servans
561 3428 744 3481 statim
776 3428 1037 3480 accersito
1078 3428 1144 3480 ab
1177 3427 1275 3480 hoc
1301 3425 1501 3479 sacculo
1535 3425 1770 3493 principe
1798 3440 1891 3477 ve-

295 3525 431 3570 stem
477 3519 789 3571 Stl‘Clllill‘elIl
821 3518 1079 3587 deponat,
1132 3526 1186 3572 et
1231 3516 1393 3571 alacri
1425 3515 1731 3571 curiositate
1763 3516 1885 3570 reli-

295 3609 465 3676 gi0nis
497 3612 733 3666 habitum
788 3620 1047 3665 assumat.
1083 3610 1250 3677 Quam
1302 3610 1462 3663 etiam
1515 3618 1569 3663 et
1612 3607 1892 3664 confestim

300 3702 353 3753 in
386 3704 636 3758 emnobio
670 3705 932 3772 virginum
983 3701 1388 3771 mancipandam
1430 3715 1551 3756 esse
1582 3716 1889 3763 censemus,

297 3801 353 3844 ut
382 3792 450 3845 ab
481 3795 626 3848 omni
664 3795 881 3848 turbine
926 3795 1107 3847 mundi
1154 3803 1385 3859 remota,
1427 3807 1758 3861 nequ:=quam
1791 3793 1899 3845 cui-

368 3917 394 3944 "
417 3908 529 3976 ΔΕ,
564 3911 802 3978 potestati
824 3911 875 3962 in
906 3910 1107 3979 publica
1133 3909 1408 3978 ingeraiur.

1978 1880 2186 1937 sancto,
2212 1870 2294 1923 eui
2323 1885 2451 1923 cura
2483 1879 2562 1923 est
2588 1884 2770 1937 pacein
2804 1881 2854 1924 et
2882 1870 3135 1923 unitatem
3167 1869 3417 1923 Ecclesiae
3457 1882 3570 1922 suae

1979 1971 2178 2015 sancta:
2226 1961 2510 2016 catholicae
2543 1961 2848 2029 providere,
2881 1960 3213 2025 deferimus;
3249 1959 3439 2014 deinde
3481 1975 3572 2013 ΟΥ·-

1982 2054 2215 2107 thodoxo
2245 2066 2296 2108 et
2329 2053 2677 2108 serenissima
2707 2054 2925 2107 domino
2958 2063 3139 2106 nostro
3172 2052 3405 2121 ltlgicano
3436 2048 3568 2119 regi,

1981 2146 2132 2215 cujus
2165 2145 2338 2199 institit
2363 2155 2418 2200 tu
2468 2156 2521 2200 et
2562 2147 2908 2200 demtissimo
2938 2145 3179 2199 instituto
3218 2146 3266 2197 in
3302 2144 3401 2198 hoc
3444 2159 3569 2197 coa-

1985 2236 2174 2288 tlunari
2234 2238 2525 2289 meruimus
2584 2235 2829 2305 synodali
2885 2244 3188 2301 conventu,
3252 2235 3572 2299 ntiiltiplices

1986 2327 2119 2394 grati
2143 2343 2274 2380 trum
2317 2328 2556 2381 artiones
2583 2327 2956 2395 persolvimus,
2999 2326 3088 2393 qui
3123 2341 3227 2379 non
3267 2324 3441 2378 Solum
3474 2339 3571 2375 no-

1985 2426 2217 2471 strorum
2250 2420 2460 2472 animos
2511 2417 2575 2471 rd
2606 2418 2953 2484 corrigendos
2995 2417 3212 2472 ordines
3250 2414 3574 2473 eet-lesiasti-

1989 2525 2079 2563 cos
2111 2510 2384 2574 excitavit,
2420 2510 2511 2566 sed
2551 2511 2709 2565 etiam
2751 2520 2805 2565 et
2838 2511 3089 2579 populum
3132 2526 3226 2577 per
3247 2509 3458 2563 oracula
3491 2523 3575 2561 rc-

1984 2602 2074 2669 gni
2103 2601 2184 2654 sui
2220 2612 2342 2654 Vult)
2383 2603 2620 2670 gratioso
2648 2600 2717 2655 ab
2764 2602 3099 2670 impensioue
3138 2599 3317 2655 tributi
3349 2599 3577 2653 reddidit

1986 2690 2290 2747 absolutum
2320 2710 2332 2745 :
2367 2709 2459 2761 pro
2488 2708 2593 2762 quo
2621 2692 2868 2747 beneﬁcii
2901 2692 3097 2755 studio,
3142 2706 3247 2759 quo
3288 2690 3424 2758 plebi
3465 2703 3575 2742 ευιθ

1988 2792 2130 2837 tanta
2178 2784 2399 2852 largitus
2440 2792 2524 2838 est
2554 2784 2719 2847 dona,
2752 2784 3034 2838 Dominum
3064 2782 3243 2837 .lesuui
3282 2781 3576 2842 Christum,

1988 2875 2200 2944 quinos
2236 2875 2471 2944 potentia
2515 2877 2721 2928 virtutis
2761 2891 2871 2929 sua:
2914 2874 3204 2937 decoravit,
3242 2876 3474 2941 pretiosa
3514 2886 3576 2923 ac

1992 2967 2203 3034 propria
2243 2965 2509 3021 effusioiie
2564 2966 2837 3036 sanguinis
2883 2967 2963 3019 soi
3005 2965 3252 3029 redemit,
3297 2974 3580 3016 exi-ramus

1994 3064 2051 3108 ut
2074 3055 2187 3124 ipse
2214 3071 2435 3126 regnum
2460 3057 2576 3126 ejus
2600 3057 2651 3111 in
2683 3070 2812 3125 pace
2842 3056 2941 3111 sub
2972 3055 3282 3108 multimoda
3314 3068 3575 3117 annorum

1995 3149 2260 3203 curricula
2294 3150 2510 3214 solidet,
2552 3160 2876 3219 gentemque
2925 3159 2976 3202 et
3008 3146 3305 3202 universam
3356 3143 3579 3212 patriam

1995 3240 2047 3294 in
2079 3243 2460 3310 tranquillitate
2492 3253 2799 3309 conservet,
2841 3249 2897 3296 et
2937 3250 3121 3294 contra
3154 3242 3357 3293 hostem
3387 3238 3584 3291 adver-

1995 3348 2110 3386 sum
2145 3333 2331 3387 vit-trix
2360 3334 2554 3388 Christi
2589 3336 2806 3389 dextera
2838 3335 3092 3387 victorem
3121 3332 3319 3387 efficiat
3345 3346 3581 3399 semper,

1997 3441 2101 3497 quo
2130 3428 2357 3495 expletis
2386 3427 2543 3495 lzlljllS
2573 3428 2808 3482 extensis
2838 3427 2960 3480 vitae
2983 3426 3308 3491 temporibus
3339 3424 3401 3475 ad
3426 3433 3586 3475 teter-

2001 3536 2123 3576 num
2157 3520 2501 3575 beatitudinis
2534 3519 2809 3588 praemium
2844 3520 3126 3585 pervenire
3158 3524 3425 3570 mereatur
3454 3514 3586 3567 illic-

2000 3626 2110 3675 sus,
2148 3621 2436 3683 prmstaute
2470 3611 2691 3665 Domino
2731 3620 2916 3665 nostro
2946 3608 3074 3665 Jesu
3114 3605 3346 3669 Christo,
3383 3604 3469 3657 cui
3500 3610 3587 3656 est

2004 3708 2193 3765 honor.
2236 3720 2440 3759 summa
2477 3704 2647 3760 virtus
2684 3713 2738 3759 et
2767 3712 3003 3772 potestas
3035 3702 3086 3755 in
3129 3697 3322 3755 stecula
3373 3695 3589 3750 stecalo-

2004 3812 2139 3849 rum.
2174 3795 2363 3849 Amen.

317 4052 3591 4093 _W-im

1235 4153 2649 4367 CONCILIUXMLII‘LERDENSE

407 4420 566 4462 OCTO
605 4415 1069 4468 EPISCOI‘OBUM,
1115 4414 1369 4457 GESTUM
1416 4414 1555 4455 EBA
1605 4411 1915 4464 DLXXXIV,
1964 4411 2133 4452 ANNO
2176 4411 2260 4455 XV
2306 4407 2699 4454 THEODORICI
2735 4404 2761 4435 ⁸
2807 4404 3013 4463 REGIS,
3060 4404 3177 4447 SUB
3224 4405 3326 4447 DlE
3376 4403 3485 4447 V."

1672 4491 1815 4533 IDUS
1862 4491 2207 4533 AUGUS'I'AS.

301 4651 341 4709 Ι.
388 4648 465 4704 De
494 4652 571 4703 his
600 4652 688 4720 qui
735 4651 920 4705 altario
958 4655 1267 4713 ministrant,
1314 4654 1369 4699 ut
1401 4662 1432 4699 a
1478 4646 1726 4716 sanguine
1765 4642 1902 4696 omni
1932 4644 1983 4704 ι)
2010 4640 2249 4694 nmuioni
2286 4638 2601 4703 reddantur,
2641 4650 2701 4691 ea
2736 4645 2912 4691 tamen
2961 4635 3166 4690 ratione
3197 4631 3343 4703 [Εη
3383 4635 3590 4687 ratione

899 4738 951 4774 se
988 4722 1296 4773 abstineant.

376 4815 457 4867 De
504 4812 588 4865 his
617 4812 832 4866 clericis
862 4812 949 4881 qui
984 4811 1035 4863 in
1068 4806 1401 4863 obsessionis
1445 4814 1767 4861 necessuate
1805 4819 1900 4873 po-

297 4903 390 4957 siti
427 4902 624 4956 fuerint
658 4904 708 4957 id
739 4912 998 4957 statutum
1027 4911 1130 4968 est,
1159 4910 1215 4954 ut
1238 4900 1329 4969 qui
1370 4900 1561 4953 altario
1592 4897 1902 4953 rnIni~trant

296 5007 353 5052 et
386 4996 593 5052 Christi
627 4995 942 5065 sanguinem
990 4993 1207 5049 tradunt
1241 4993 1319 5046 vel
1353 5006 1477 5044 vasa
1527 5004 1683 5044 sacro
1725 4990 1902 5044 ofﬁcio

295 5091 564 5152 deputata
616 5096 973 5150 contrectant,
1030 5085 1098 5138 ab
1155 5083 1302 5137 omni
1362 5083 1593 5135 humano
1644 5082 1903 5151 sanguine

293 5179 469 5230 etiam
505 5178 687 5231 hostili
724 5177 1025 5231 abstineant
1051 5194 1063 5229 :
1089 5176 1229 5245 quod
1261 5175 1303 5228 si
1357 5174 1407 5227 in
1457 5178 1557 5227 hoc
1597 5174 1900 5242 inciderint,

292 5268 471 5340 313
496 5268 705 5323 duobus
756 5269 911 5321 annis
953 5279 1057 5321 tam
1111 5268 1289 5321 ollicio
1333 5281 1491 5335 quam
1528 5266 1906 5321 communione

294 5362 613 5428 priventur,
647 5362 718 5413 ita
768 5366 825 5411 ut
872 5358 954 5412 bis
985 5357 1193 5411 duobus
1226 5356 1378 5410 annis
1408 5356 1624 5426 vigiliis,
1663 5356 1898 5426 jejnniis,

290 5450 651 5504 orationibus
674 5459 729 5504 et
750 5448 1111 5519 eleemosynis
1143 5464 1237 5516 pro
1267 5447 1466 5500 viribus
1488 5461 1622 5516 quas
1649 5446 1905 5502 Dominus

291 5544 597 5599 donaverit
627 5543 933 5613 expientur,
971 5550 1024 5598 et
1070 5544 1139 5596 ita
1171 5543 1384 5595 demum
1413 5540 1593 5595 oflicio
1630 5540 1712 5596 vel
1757 5555 1905 5597 com-

378 5710 406 5736 ⁸
436 5700 576 5764 Βλῖ,
604 5700 695 5765 (3.,
724 5699 905 5755 Tcndi.
932 5698 973 5755 U
1009 5738 1023 5767 ,
1052 5695 1374 5751 Theoderici.

2004 4729 2261 4802 servata],
2310 4744 2376 4783 ne
2421 4728 2649 4783 ulterius
2677 4728 2741 4781 ad
2780 4727 2952 4782 ofﬁcia
2981 4726 3186 4795 potiora
3230 4739 3584 4793 promovean-

2006 4833 2128 4887 tur;
2161 4825 2299 4893 quod
2343 4822 2386 4876 si
2416 4821 2551 4876 infra
2584 4821 2903 4890 prwlinitum
2936 4828 3145 4888 tempus
3177 4820 3592 4888 negligentiores

2006 4915 2146 4969 circa
2202 4915 2427 4968 salutem
2474 4928 2625 4967 suam
2678 4913 3029 4980 exstiterint,
3086 4910 3380 4980 protelandi
3432 4906 3591 4980 [£.,

2009 5004 2416 5078 proadjiciendi]
2448 5003 2613 5074 ipsius
2641 5003 2966 5074 pwuitentia:
3002 5012 3211 5071 tempus
3240 5001 3291 5055 iu
3326 5006 3592 5067 potestate

2010 5111 2223 5156 maneat
2248 5099 2565 5156 sacerdotis.

2113 5236 2179 5290 ll.
2227 5235 2301 5290 De
2329 5236 2408 5289 his
2445 5236 2531 5305 qui
2570 5235 2809 5289 aborsuin
2846 5233 3042 5299 faciunt
3081 5228 3157 5281 vel
3192 5236 3333 5279 natos
3366 5240 3484 5279 suos

2625 5306 2977 5371 exstinguat".

2078 5436 2144 5491 lli
2175 5451 2299 5490 vero
2329 5436 2415 5505 qui
2451 5434 2589 5488 male
2617 5440 2910 5502 conceptos
2935 5446 2999 5486 ex
3027 5430 3290 5486 adulterio
3315 5428 3483 5482 factos
3509 5427 3591 5482 vel

2014 5527 2188 5585 editos
2227 5540 2418 5582 nccare
2448 5523 2768 5591 studuerint,
2807 5525 2886 5581 vel
2923 5523 2976 5579 in
3015 5525 3181 5580 uteris
3223 5528 3451 5576 matrum
3498 5532 3593 5588 po-
