4060 6184
496 281 601 340 513

1197 269 1575 328 (IULLECTIO
1615 268 1946 324 CANUNUM
1989 267 2048 323 ὃ.
2092 267 2359 324 ISIDORO
2399 268 2664 324 IIISPAL.
2708 267 3064 324 ASCIIIPTA.

3666 264 3770 322 324

499 395 734 452 tionibus
765 391 1031 463 aliquibus
1064 387 1383 452 Collisetint,
1415 389 1467 440 in
1500 394 1726 454 utroque
1771 399 1902 437 scsu
1933 383 2082 436 atlnl-
2111 388 2163 445 Α
2188 383 2510 456 abluatjzad
2540 383 2854 438 charitatem
2881 400 3006 437 vero
3038 398 3154 451 quae
3177 381 3350 450 operit
3379 380 3768 437 multitudinem

498 493 630 550 teris
661 497 783 562 post
820 499 1022 559 septem
1055 499 1314 540 annorum
1345 480 1615 536 curricula
1645 477 1957 534 communio
1989 479 2085 532 tti-

501 586 714 647 bnatur,
741 582 811 636 ita
841 591 1016 633 tamen
1048 587 1102 629 ut
1135 573 1277 628 omni
1312 581 1554 640 tempore
1576 571 1698 623 vitae
1729 583 1838 623 suae
1869 567 2084 622 fletibus

493 685 552 729 ct
596 668 887 728 humilitati
931 668 1202 729 insistant,
1240 662 1478 716 officium
1510 658 1588 713 eis
1618 656 1958 711 ministrandi
1997 671 2083 709 re-
2117 692 2162 746 ﬂ

495 779 758 836 cuperare
779 776 884 816 non
912 761 1102 822 liceat;
1129 766 1362 810 attamen
1395 754 1446 808 in
1474 754 1643 808 choro
1674 750 2016 821 psallentium
2049 763 2078 802 a

503 868 744 926 tempore
768 857 996 918 recepta.-
1026 846 1420 901 communionis
1450 841 1698 898 intersint
1724 859 1737 893 :
1763 841 1891 908 ipsis
1922 854 2086 893 vene-

502 947 611 1000 ficis
637 947 688 998 in
714 942 858 998 exitu
883 948 1109 1001 tantum,
1160 939 1202 990 si
1252 936 1482 989 facinora
1533 948 1627 993 sua
1671 933 2087 999 omnitempore

499 1037 620 1091 vita:
648 1049 760 1089 sua:
788 1030 1122 1094 defleverint,
1154 1025 1460 1082 communio
1491 1025 1776 1079 tribuatur.

497 1128 584 1183 III.
626 1124 704 1180 De
737 1123 1019 1184 monachis,
1059 1128 1114 1172 ut
1172 1119 1342 1172 clerici
1398 1117 1698 1169 ordinentur
1744 1130 1860 1166 cum
1907 1113 2084 1165 volun-

565 1209 666 1250 tate
693 1197 908 1259 abbatis,
954 1203 999 1245 et
1028 1206 1140 1255 qua:
1172 1190 1478 1240 monasterio
1518 1185 1805 1259 offeruntur
1850 1200 1951 1235 non
1995 1199 2087 1234 au-

567 1273 819 1336 ferantur,
845 1257 901 1317 eti
919 1263 980 1315 de
1007 1261 1224 1314 basilicis
1253 1275 1381 1328 quas
1416 1259 1534 1310 laici
1553 1257 1796 1325 fecerint.

567 1359 643 1413 De
669 1355 943 1412 monachis
973 1369 1101 1408 vero
1130 1353 1181 1405 id
1206 1351 1480 1406 observari
1514 1349 1715 1418 placuit
1744 1345 1886 1416 quod
1911 1359 2085 1414 syno-

495 1453 594 1504 dus
625 1447 943 1518 Agathensis
966 1446 1047 1500 vel
1075 1441 1472 1498 Aurelianensis
1503 1439 1698 1511 [B.R.,
1733 1434 2085 1507 Arelatensis]

504 1542 736 1597 noscitur
771 1538 1077 1594 decrevisse
1101 1552 1119 1590 :
1143 1536 1244 1589 hoc
1284 1531 1654 1587 tantummodo
1699 1529 2083 1598 adjiciendum,

498 1644 555 1687 ut
597 1647 692 1702 pro
739 1629 989 1685 Ecclesite
1021 1627 1251 1682 utilitate
1278 1639 1410 1694 quos
1443 1626 1732 1693 cpiscopus
1777 1620 2088 1690 probaverit

501 1728 552 1778 in
577 1724 863 1777 clericatus
885 1717 1121 1774 officium
1150 1730 1273 1770 cum
1312 1714 1523 1769 abbatis
1549 1713 1825 1766 voluntate
1852 1711 2082 1764 debeant
2119 1735 2162 1794 Β

498 1812 753 1870 ordinari.
799 1811 870 1864 Ea
905 1824 1033 1864 vero
1054 1821 1172 1877 quae
1201 1805 1252 1860 in
1277 1807 1398 1875 jure
1425 1801 1740 1858 monasterii
1770 1802 1839 1857 de
1868 1801 2085 1854 faculta-

497 1905 638 1960 libus
683 1901 1003 1966 efferuntur,
1039 1900 1090 1952 in
1119 1898 1266 1951 nullo
1293 1897 1600 1951 dimcesana
1629 1895 1746 1964 lege
1775 1893 1843 1947 ab
1866 1891 2086 1962 episco-

497 1998 580 2066 pis
621 1994 1019 2062 contingantur.
1057 1991 1112 2044 Si
1155 1998 1331 2043 autem
1375 2001 1444 2042 ex
1487 1982 1640 2043 IaicIs
1669 1985 1950 2054 quisquam
1979 1995 2087 2036 asc

500 2086 692 2138 factam
741 2082 1020 2136 basilicam
1061 2078 1372 2133 consecrari
1401 2078 1699 2140 desiderat,
1747 2088 2084 2144 nequaquam

497 2176 597 2229 sub
627 2172 934 2228 monasterii
965 2169 1174 2240 specie,
1223 2168 1310 2222 ubi
1341 2166 1690 2235 congregatio
1735 2178 1841 2218 non
1885 2163 2090 2233 col‘igi-

497 2278 584 2321 tur
639 2267 722 2320 vel
770 2263 947 2333 regula
993 2262 1062 2317 ab
1093 2262 1346 2330 episc0pu
1377 2272 1484 2313 non
1519 2255 1884 2323 constituitur,
1916 2268 2032 2309 eam
2058 2268 2088 2308 a

494 2360 800 2413 tlitncesana
828 2357 946 2424 lege
978 2355 1170 2408 audeat
1198 2364 1507 2420 segregare.

493 2450 582 2505 IV.
605 2449 678 2503 De
699 2448 923 2512 incestis,
947 2459 999 2500 ut
1017 2444 1323 2515 quaudr'ujin
1350 2440 1537 2497 scelere
1557 2450 1674 2495 sunt
1696 2439 1826 2493 inter
1851 2436 2090 2491 catechu-

1031 2513 1202 2569 menos
1243 2513 1553 2566 habeantur.

569 2610 643 2664 De
668 2609 750 2662 his
775 2608 864 2676 qui
900 2621 960 2661 se
990 2605 1179 2659 incesti
1214 2604 1508 2671 pollutione
1537 2601 1939 2655 commaculant
1965 2599 2084 2669 pla-

500 2703 633 2767 cuit,
657 2711 714 2755 ut
738 2713 1018 2769 quousque
1056 2698 1107 2750 in
1155 2696 1272 2764 ipso
1300 2693 1623 2748 detestanda
1669 2699 1725 2746 et
1755 2690 1943 2745 illicito
1963 2704 2088 2743 car-

498 2797 582 2849 nis
620 2791 977 2849 contubernio
1015 2795 1385 2858 perseverant,
1420 2799 1589 2854 usque
1619 2785 1684 2838 ad
1717 2783 1935 2837 missam
1967 2792 2087 2836 tan-

499 2897 608 2938 tum
635 2883 1146 2939 catechumenorutn
1187 2880 1238 2933 in
1277 2877 1512 2933 ecclesia
1553 2873 1936 2939 admittantur;
1967 2887 2088 2926 cuin

494 2977 686 3047 quibus
711 2975 874 3031 etiam
915 2987 1016 3028 nec
1055 2970 1232 3027 cibum
1263 2983 1478 3024 sumere
1508 2967 1600 3022 ulli
1632 2964 2084 3029 Christianorum,

494 3069 634 3122 sicut
661 3067 735 3122 ait
765 3064 1054 3135 Apostolus
1080 3063 1162 3118 vel
1188 3060 1367 3132 jussit,
1402 3065 1636 3126 Oportet.

491 3159 658 3231 314
680 3157 744 3215 ν.
777 3157 854 3212 De
889 3158 968 3211 his
999 3154 1318 3231 quia/tario
1355 3149 1582 3231 serviunt
1618 3147 1661 3202 si
1705 3145 1870 3200 subito
1915 3145 2086 3196 carnis

981 3220 1265 3296 fragilitate
1297 3220 1604 3275 corruerint.

567 3325 630 3382 iii
660 3324 752 3395 qui
785 3321 976 3376 altario
1013 3318 1102 3373 Dei
1132 3315 1465 3380 deserviunt,
1497 3312 1540 3367 si
1575 3311 1751 3365 subito
1782 3305 1954 3364 flenda
1975 3321 2090 3360 car-

494 3422 576 3475 nis
599 3417 885 3488 fragilitate
915 3409 1222 3466 corruerint
1243 3417 1297 3464 et
1325 3407 1549 3461 Domino
1578 3400 1901 3472 respiciente
1928 3399 2087 3467 digne

497 3509 862 3581 pmnituerint,
894 3508 964 3560 ita
993 3514 1050 3559 ut
1093 3501 1414 3558 mortificato
1457 3511 1686 3566 corpore
1730 3494 1910 3550 cordis
1955 3505 2086 3544 con-

496 3604 602 3657 triti
649 3600 969 3655 sacrificium
1019 3596 1126 3649 Deo
1165 3592 1420 3654 offerant,
1473 3594 1687 3642 maneat
1731 3586 1784 3639 in
1825 3589 2087 3652 potestate

496 3691 762 3763 pontificis
801 3688 881 3741 vel
913 3686 1176 3740 veraciter
1206 3682 1438 3736 afflictos
1466 3694 1570 3733 non
1603 3679 1695 3731 ditt
1723 3673 2076 3740 surrender»,

499 3762 583 3838 vel
612 3781 914 3836 desidittsos
963 3773 1237 3846 prolixiori
1281 3780 1526 3840 tempore
1565 3767 1635 3820 ab
1680 3762 1936 3819 Ecclesia:
1970 3776 2090 3815 cor-

508 3887 638 3943 pore
686 3882 1003 3940 segregare;
1038 3867 1106 3918 ita
1140 3873 1317 3918 tamen
1351 3869 1409 3914 ut
1439 3861 1515 3914 sic
1546 3857 1839 3911 officiorum
1870 3865 2086 3907 suorum

506 3967 622 4019 loca
654 3961 935 4031 recipiant,
983 3972 1049 4012 ne
1086 3955 1294 4027 possint
1333 3952 1397 4006 ad
1440 3952 1630 4005 altiora
1660 3946 1834 4003 ofﬁcia
1865 3943 2089 3999 ulterius

497 4053 800 4126 promoveri
829 4069 843 4105 :
869 4049 1012 4122 quod
1042 4050 1086 4104 si
1119 4050 1311 4103 iterato
1351 4044 1497 4099 velut
1528 4056 1690 4097 canes
1713 4038 1780 4094 ad
1825 4038 2086 4090 vomitum

503 4145 704 4202 reversi
739 4141 957 4208 fuerint,
999 4155 1105 4195 non
1146 4140 1320 4192 solum
1364 4134 1626 4204 dignitate
1650 4128 1814 4184 officii
1845 4134 2084 4192 careant,

497 4237 591 4292 sed
627 4236 785 4292 etiam
816 4240 1055 4289 sanctam
1091 4225 1524 4284 communionem
1557 4221 1658 4276 nisi
1689 4220 1740 4274 in
1769 4219 1918 4274 exitu
1964 4230 2083 4286 per-

496 4328 719 4398 cipiant.

2187 486 2526 548 peccatorum
2560 477 2808 531 celeriter
2839 474 3050 530 festinet
3083 474 3283 528 venire.

2191 589 2321 645 VIII.
2365 589 2427 646 Si
2467 589 2680 643 clericus
2722 604 2928 669 servum
2970 586 3048 669 vel
3079 586 3402 669 discipulum
3455 586 3519 639 de
3564 589 3774 640 ecclesia

2543 660 2773 724 traxerit,
2811 669 2865 712 ut
2893 660 3240 725 paenitentiam
3271 667 3408 724 agat.

2257 751 2449 807 Nullus
2478 752 2796 807 clericorum
2824 766 3037 804 servum
3068 758 3158 804 aut
3177 748 3497 814 discipulum
3530 763 3682 800 suum
3708 747 3774 802 ad

2185 843 2468 898 eet-lesiam
2507 842 2905 910 confugientem
2930 840 3216 894 extrahere
3244 839 3435 892 audeat
3464 839 3548 892 vel
3581 838 3773 907 flagel-

2191 936 2302 990 lare
2353 944 2673 1004 przcsutuat;
2721 934 2860 1003 quod
2891 933 2934 986 si
2968 932 3174 997 fecerit,
3229 931 3403 985 donec
3451 930 3611 1000 digne
3660 946 3773 999 pte-

2189 1027 2352 1081 niteat
2381 1042 2410 1079 a
2444 1026 2563 1079 loco
2591 1026 2673 1079 cui
2706 1024 2964 1078 honorem
2995 1039 3097 1076 non
3127 1022 3270 1076 dedit
3299 1032 3627 1092 segregrtur.

2191 1119 2280 1172 IX.
2326 1117 2398 1170 De
2425 1117 2504 1170 his
2535 1117 2618 1185 qui
2666 1114 2972 1185 rebaptizai
3015 1123 3130 1168 sunt
3174 1123 3424 1182 quantum
3473 1114 3769 1179 paeniteant.

2265 1211 2337 1264 De
2367 1211 2449 1264 his
2481 1210 2570 1278 qui
2607 1211 2656 1262 in
2688 1207 3126 1276 prznvarieatione
3168 1205 3478 1274 rebaptizati
3521 1207 3637 1258 sine
3669 1206 3771 1259 ali-

2187 1320 2291 1372 qua
2324 1302 2644 1359 necessitate
2691 1301 2777 1357 vel
2811 1309 3078 1355 tormento
3099 1298 3289 1368 dilapsi
3317 1307 3463 1363 sunt,
3500 1299 3696 1364 placuit
3719 1306 3775 1352 ut

2183 1394 2330 1449 circa
2371 1409 2465 1450 eos
2505 1394 2593 1447 illa
2629 1391 2858 1446 Nicazna:
2886 1388 3076 1462 synodi
3109 1398 3303 1443 statuta
3347 1399 3628 1442 serventur
3656 1404 3774 1458 quae

2185 1484 2256 1540 de
2298 1483 2795 1553 praevaricatoribus
2839 1483 3045 1538 censita
3085 1495 3208 1537 esse
3253 1492 3576 1547 noscuntur;
3613 1480 3663 1535 id
3693 1490 3776 1536 est

2189 1587 2244 1631 ut
2286 1586 2491 1645 septem
2529 1575 2683 1630 annis
2713 1577 2852 1630 inter
2878 1574 3293 1628 catechumenos
3319 1580 3500 1638 orent,
3531 1579 3584 1624 et
3605 1571 3768 1644 315

2188 1670 2397 1727 duobus
2439 1672 2579 1725 inter
2621 1668 2936 1732 catholicos,
2985 1674 3037 1722 et
3084 1675 3266 1734 postea
3305 1662 3673 1718 moderatione
3715 1671 3771 1716 et

2187 1762 2473 1818 clementia
2487 1759 2722 1830 episcopi
2749 1759 2990 1814 fidelibus
3015 1757 3066 1812 in
3083 1753 3356 1810 ob‘atione
3379 1763 3432 1808 ct
3452 1753 3775 1808 eucharistia

2187 1854 2610 1909 communicent.

2190 1946 2260 2003 Χ.
2297 1945 2376 2001 De
2405 1947 2484 2000 his
2505 1946 2591 2016 qui
2605 1947 2817 2027 jubente
2837 1946 3074 2027 episcopo
3105 1942 3292 2027 omissa
3315 1939 3469 2010 culpa
3489 1938 3554 1992 ab
3589 1938 3772 1992 Eccle-

2661 2021 2737 2070 sia
2770 2021 2910 2069 exire
2938 2021 3283 2069 contemnunt.

2259 2111 2360 2178 Qui
2407 2109 2629 2180 jubrnte
2683 2106 2961 2162 sacerdote
3008 2120 3104 2176 pro
3153 2117 3472 2175 quacunque
3518 2103 3672 2171 culpa
3699 2105 3768 2156 ab

2191 2204 2420 2260 ecclesia
2463 2202 2614 2258 exire
2655 2198 3097 2269 contempserint,
3132 2213 3230 2267 pro
3259 2211 3394 2252 noxa
3425 2195 3777 2251 contumacia:

2192 2297 2398 2351 tardius
2433 2295 2758 2365 recipiantur
2781 2293 2845 2346 ad
2869 2295 3102 2348 veniam.

2192 2389 2284 2444 XI.
2349 2388 2422 2442 De
2463 2388 2661 2442 clericis
2703 2386 2790 2456 qui
2826 2387 2875 2439 in
2917 2394 3148 2439 mutuam
3182 2383 3374 2437 credent
3411 2389 3777 2452 prorumpunt.

2261 2479 2315 2534 Si
2342 2479 2522 2534 clerici
2575 2479 2626 2533 in
2673 2488 2910 2531 mutuam
2958 2475 3159 2530 easdem
3207 2475 3571 2544 proruperint,
3624 2483 3779 2543 prout

2192 2571 2425 2640 dignitas
2456 2569 2760 2624 officiorum
2794 2569 2846 2622 itt
2882 2567 2970 2622 tali
2994 2580 3219 2622 excessu
3245 2566 3624 2620 contumeliam
3650 2579 3777 2634 per-

2189 2660 2395 2725 tulerit,
2423 2676 2450 2713 a
2477 2659 2731 2729 pontifice
2763 2659 3057 2713 districtius
3083 2657 3410 2712 vindicetur.

2282 2749 2396 2805 XII.
2440 2749 2516 2802 De
2545 2749 2626 2803 his
2658 2749 2745 2819 qui
2783 2760 2959 2802 contra
2993 2763 3214 2801 canones
3245 2747 3468 2801 ordinati
3496 2754 3611 2800 sunt
3641 2755 3697 2799 ut

2812 2824 3152 2889 deponantur.

2261 2909 2364 2980 Qui
2400 2920 2586 2965 contra
2640 2910 2860 2964 decreta
2903 2922 3165 2964 canonum
3214 2907 3505 2961 indiscrete
3555 2906 3778 2961 clericos

2193 3019 2358 3072 usque
2389 3016 2528 3057 nunc
2555 3001 2957 3065 ordinaverunt,
3007 3002 3086 3055 eis
3117 3000 3377 3055 Dominus
3407 2999 3487 3052 vel
3519 3009 3700 3053 sancta
3727 3006 3778 3053 et

2115 3091 2164 3155 C
2199 3095 2568 3152 ecclesiastica
2617 3092 2855 3147 cbaritas
2903 3092 3178 3161 ignoscat:
3209 3091 3401 3145 amodo
3456 3104 3584 3145 vero
3634 3091 3678 3143 si
3725 3091 3776 3144 in

2193 3189 2316 3244 talia
2369 3202 2501 3242 ausu
2554 3186 2916 3255 proruperint,
2969 3188 3247 3241 dccretum
3298 3197 3580 3244 canonum,
3631 3183 3777 3249 quod

2189 3283 2329 3337 circa
2351 3295 2536 3334 eorum
2569 3293 2824 3348 personas
2853 3285 3110 3332 statutum
3137 3287 3239 3345 est,
3269 3277 3317 3330 id
3344 3285 3443 3341 est,
3477 3285 3533 3328 ut
3567 3275 3773 3329 nullum

2191 3372 2449 3428 ordinare
2497 3370 2750 3436 audeant,
2789 3367 3123 3433 observetur,
3174 3368 3257 3423 vel
3286 3366 3374 3437 qui
3407 3368 3656 3434 deinceps
3687 3384 3774 3420 or-

2191 3464 2357 3520 dinati
2387 3463 2583 3517 fuerint
2611 3461 2983 3529 deponantur;
3020 3459 3071 3512 hi
3098 3473 3224 3512 vero
3254 3457 3342 3527 qui
3368 3456 3496 3510 tales
3524 3458 3776 3511 hactenus

2189 3555 2419 3609 ordinati
2466 3563 2588 3606 sunt
2632 3551 2778 3605 nulio
2815 3560 3058 3620 tempore
3103 3556 3514 3618 promoveantur
3544 3544 3771 3620 [.E.,T.

2189 3645 2243 3712 Ξ,
2271 3640 2665 3712 amoveantur].

2189 3738 2326 3794 XIII.
2363 3736 2439 3790 De
2472 3736 2738 3791 catholicis
2767 3736 2854 3804 qui
2886 3735 3018 3803 ﬁlios
3046 3750 3164 3788 suos
3192 3734 3487 3804 baptismati
3512 3733 3776 3787 hceretico-

2779 3823 2892 3859 rutn
2921 3807 3192 3859 dederunt.

2261 3898 2570 3954 Catholicus
2608 3897 2697 3968 qui
2737 3897 2875 3951 filios
2917 3911 3045 3951 suos
3090 3897 3143 3951 in
3191 3897 3382 3951 hatresi
3431 3895 3776 3965 baptizandus

2190 3994 2467 4060 obtulerit,
2524 3993 2725 4047 oblatio
2766 3992 2907 4047 illius
2937 3992 2987 4044 itt
3021 3991 3248 4047 ecclesia
3297 3991 3599 4046 nullatenus
3639 3989 3778 4043 reei-

2193 4088 2387 4156 piatur.

2263 4176 2406 4232 XIV.
2451 4175 2529 4230 De
2555 4175 2840 4241 catholicis,
2873 4184 2924 4226 ut
2955 4190 3067 4228 cum
3102 4171 3427 4241 rebaptizatis
3458 4187 3557 4225 non
3584 4183 3705 4221 con-

2837 4256 3117 4299 versentur.

2264 4341 2399 4396 Cum
2434 4337 2781 4410 rebaptizatis
2811 4337 2998 4392 fideles
3029 4337 3262 4408 religiosi
3293 4351 3388 4391 net-
3421 4335 3471 4390 iu
3502 4334 3621 4389 cibo
3649 4347 3777 4401 par-

505 4441 593 4496 Ἥ.
639 4437 718 4493 De
751 4435 832 4490 his
874 4434 963 4505 qui
1002 4431 1168 4519 vidua:
1201 4427 1576 4519 ρῳςιὶςεψῇυςι
1614 4423 1864 4495 religiosa:
1901 4418 2086 4493 uirgini
2118 4459 2171 4519 Β
2197 4433 2431 4502 “apem,

1005 4513 1101 4572 ,δια
1108 4498 1257 4572 prum
1284 4498 1566 4553 intuletsiut.

575 4623 679 4692 Qui
701 4619 982 4693 ptenitcnti
1015 4617 1191 4672 vidua:
1223 4614 1307 4670 vel
1333 4611 1525 4682 virgini
1553 4609 1818 4681 religiosas
1847 4607 1953 4663 vim
1983 4614 2094 4662 stu-

503 4716 583 4785 pri
615 4714 876 4778 intulerit,
913 4711 957 4766 si
989 4724 1050 4764 se
1078 4708 1146 4762 ab
1177 4721 1243 4762 eo
1273 4716 1617 4777 sequestrare
1657 4702 1911 4765 noluerit,
1952 4701 2093 4769 pari-

499 4817 586 4863 ter
611 4821 639 4859 a
668 4804 1048 4860 communione
1086 4809 1142 4856 et
1168 4815 1199 4853 a
1230 4799 1655 4854 Christianorum
1704 4792 1977 4850 consortio
2009 4808 2092 4846 se-

499 4907 786 4971 ge-egetur:
815 4897 862 4948 si
886 4909 1013 4948 vero
1045 4894 1130 4947 illa
1159 4907 1277 4962 quae
1321 4891 1426 4945 vim
1475 4887 1694 4958 pertulit
1737 4887 1805 4941 ad
1853 4894 2090 4940 sanetam

499 4990 814 5061 religionem
859 4983 1101 5049 redierit,
1138 4985 1190 5037 in
1233 4983 1325 5038 illo
1362 4981 1478 5037 solo
1506 4979 1853 5050 quoadusque
1885 4976 2093 5046 publice

505 5080 763 5150 paeniteat
792 5077 915 5132 data
945 5075 1211 5131 sententia
1242 5080 1577 5143 perseveret.

505 5191 617 5246 VII.
658 5187 736 5244 De
773 5188 852 5244 his
892 5185 980 5259 qui
1025 5192 1343 5308 summatim
1371 5198 1439 5307 ‘se
1478 5180 1704 5252 obligant
1733 5195 1797 5235 nc
1825 5180 1892 5232 ad
1919 5195 2092 5248 par-con

1177 5272 1232 5308 re
1272 5271 1366 5307 ean
1395 5295 1406 5307 .

1177 5271 1406 5310 redeant.

2066 5331 2095 5347 l

577 5368 676 5438 Qui
699 5375 1040 5424 sacramento
1061 5380 1121 5422 se
1141 5365 1456 5438 obligaverit
1489 5375 1546 5418 ut
1572 5362 1786 5434 litigans
1816 5375 1936 5417 cum
1957 5374 2092 5430 quo-

504 5463 633 5518 libet
659 5463 727 5518 ad
758 5477 942 5532 pacem
984 5460 1298 5516 nullomodo
1334 5459 1539 5524 redeat,
1584 5472 1680 5528 pro
1715 5453 1950 5526 perjurio
1985 5466 2090 5506 uno

504 5565 648 5604 anno
683 5565 712 5604 a
755 5551 1137 5606 communione
1179 5550 1421 5617 corporis
1462 5557 1517 5602 et
1558 5546 1832 5617 sanguinis
1881 5541 2092 5598 Domini

501 5649 817 5710 segregatus
868 5649 1074 5695 reatum
1131 5653 1288 5694 suum
1347 5637 1724 5708 eleemosynis.
1776 5635 1989 5691 fletibus
2033 5641 2089 5688 et

503 5733 718 5801 quantis
775 5732 1010 5803 potuerit
1071 5729 1290 5802 jejuniis
1355 5731 1598 5785 absolvat
1665 5730 1839 5802 [.'E.,
1898 5730 1962 5784 Τ.
2005 5730 2084 5796 2,

2267 4524 2382 4582 XV.
2427 4526 2494 4580 Ut
2534 4525 2706 4580 clerici
2729 4539 2842 4578 cum
2871 4521 3125 4646 citraneis
3157 4519 3452 4574 mulieribus
3480 4533 3582 4572 non
3612 4516 3707 4568 ha-

2938 4604 3080 4646 stent.

2938 4604 3080 4648 itent.

2267 4690 2705 4746 Familiaritatem
2762 4697 3142 4743 extranearum
3195 4684 3479 4739 mulierum
3535 4681 3661 4736 licet
3714 4694 3779 4734 es

2194 4793 2308 4840 toto
2353 4784 2521 4838 sancti
2577 4781 2762 4837 Patres
2803 4778 3034 4848 antiquis
3080 4775 3465 4832 monitionibus
3512 4785 3785 4842 prmeepe-

2193 4881 2302 4933 rint
2329 4876 2578 4933 ecclesiis
2603 4875 2932 4940 evitandum,
2961 4873 3015 4927 id
3045 4886 3183 4926 nunc
3208 4880 3386 4924 tamen
3414 4868 3566 4923 nobis
3604 4867 3783 4919 visum

2191 4979 2295 5035 est,
2329 4978 2390 5024 ut
2413 4969 2502 5037 qui
2536 4966 2660 5020 talis
2697 4963 3030 5034 probabitur,
3068 4972 3188 5031 post
3228 4962 3452 5032 primum
3482 4967 3536 5012 et
3573 4970 3787 5010 secun-

2193 5062 2314 5116 dam
2343 5058 2821 5114 comntouitionem
2856 5056 2900 5110 si
2932 5055 3220 5111 enteudare
3261 5050 3577 5120 neglexerit,
3607 5048 3788 5101 donec

2194 5155 2244 5207 in
2295 5151 2426 5206 vitio
2479 5157 2789 5222 perseverat
2842 5147 3006 5203 officii
3053 5147 3137 5201 sui
3195 5146 3450 5215 dignitate
3505 5141 3784 5211 pritetur;

2191 5242 2332 5314 quod
2360 5242 2403 5296 si
2432 5256 2492 5295 se
2517 5241 2628 5296 Deo
2649 5239 2870 5310 juvante
2894 5237 3214 5304 correxerit,
3239 5245 3430 5292 sancto
3470 5231 3785 5288 ministerio

2194 5343 2546 5389 restauretur.

2191 5447 2500 5520 31mm.
2528 5446 2589 5502 Si
2618 5445 2855 5501 sacerdos
2880 5445 3120 5520 tuor-itur,
3148 5444 3273 5515 quid
3296 5443 3360 5496 de
3382 5441 3533 5496 rebus
3554 5440 3784 5494 ccclesiis

2837 5517 2943 5570 obs.
2957 5529 3144 5570 rvetur.

2260 5631 2412 5688 Licet
2436 5631 2502 5688 de
2535 5647 2593 5688 re
2623 5631 2990 5701 hujuscemodi
3023 5646 3182 5700 quam
3209 5629 3542 5685 constituere
3572 5625 3781 5682 salubri

2189 5721 2524 5781 ordinatione
2567 5724 2905 5781 decernimus
2953 5723 3123 5794 prisca
3164 5722 3455 5778 auctoritas
3505 5731 3782 5775 canonum
