4060 6184
311 323 427 376 325

1296 304 1608 363 CONClLlA
1653 297 2014 359 I'ilSPANlAS.
2061 331 2123 341 -
2167 296 2650 354 VALLETANUM.

3501 295 3608 350 5:26

323 446 664 502 nequaquam
715 425 943 489 silurrit,
994 421 1091 479 scd
1141 418 1375 476 evidenti
1420 417 1696 473 sanctione
1727 429 1921 485 praece-
1953 420 1995 478 Α
2028 411 2184 466 fuerit
2235 409 2518 464 abstulisse
2563 409 2646 462 vel
2700 407 2922 461 forsitan
2969 408 3092 461 dolo
3136 407 3316 477 aliquo
3358 423 3607 478 suppres-

326 527 484 592 perit,
533 534 592 576 ut
655 519 1026 589 cujuscunque
1067 514 1311 572 ecclesia:
1362 512 1616 579 pontiﬁce
1671 508 1922 563 defuncto

327 632 429 673 non
461 615 663 685 passim
703 624 802 682 pro
842 610 995 664 libitu
1026 623 1124 663 suo
1148 607 1200 664 in
1227 619 1412 660 earum
1445 619 1622 658 rerum
1656 601 1918 668 direptio-

327 722 470 773 nem,
517 719 648 775 quas
693 703 886 756 obiens
925 699 1272 768 derelinquit,
1325 695 1568 766 quisquis
1606 695 1774 748 irruat
1820 691 1922 746 do-

327 811 586 867 mumque
637 793 934 860 subvertat,
984 790 1078 845 sed
1127 788 1379 844 sacerdos
1414 786 1502 856 qui
1547 783 1922 853 exsequiarum

328 902 569 960 tempore
595 888 748 941 adest
777 884 953 939 omnia
983 896 1104 952 quae
1131 881 1196 936 ad
1226 882 1507 935 utilitatem
1551 887 1607 933 et
1629 890 1924 932 conserva-

330 985 530 1036 tionem
588 979 861 1049 pertinent
908 976 1103 1031 debeat
1145 972 1382 1044 diligenti
1437 970 1925 1040 circumspectione

331 1072 544 1127 munire
571 1087 587 1123 :
617 1078 794 1124 tamen
823 1068 947 1137 quia
982 1067 1096 1121 haec
1144 1066 1258 1136 ipsa
1302 1067 1530 1130 sanctio,
1579 1061 1720 1131 quod
1770 1060 1924 1129 pejus

337 1173 443 1233 est,
468 1179 498 1216 a
528 1162 710 1217 multis
749 1160 962 1215 clericis
1006 1157 1350 1229 cognoscitur
1389 1157 1599 1220 violari,
1645 1156 1714 1209 ita
1747 1166 1804 1209 ut
1836 1169 1926 1209 oc-

327 1258 618 1312 eumbente
677 1253 956 1308 sact—rdote
986 1258 1335 1319 expectorato
1363 1247 1555 1302 affectu
1597 1255 1809 1314 totaque
1839 1244 1923 1299 di-

334 1349 576 1418 sciplina:
632 1346 921 1400 severitate
963 1342 1284 1413 ,posthabita
1347 1339 1654 1395 immaniter
1698 1354 1818 1408 quze
1869 1339 1923 1392 in

320 1437 488 1492 domo
531 1434 818 1506 pontiﬁcali
866 1436 1207 1505 reperiuntur
1256 1432 1508 1486 lnvadant
1535 1440 1588 1486 et
1639 1430 1922 1496 abradant,

341 1530 390 1583 id
418 1543 561 1584 nunc
587 1543 779 1583 omnes
825 1525 985 1596 hujus
1017 1524 1196 1594 placiti
1228 1523 1312 1578 vel
1353 1520 1629 1577 constituti
1661 1520 1800 1576 inter
1828 1533 1924 1572 nos

329 1635 556 1675 censura
588 1619 788 1689 placuit
817 1615 1090 1672 custodire
1129 1630 1145 1667 :
1193 1623 1250 1668 ut
1287 1613 1540 1667 defuncto
1567 1609 1812 1666 antistite
1843 1608 1925 1663 vel

322 1713 492 1768 etiam
563 1712 738 1764 adhuc
772 1711 824 1763 in
853 1707 1120 1778 supremis
1149 1715 1358 1776 agente,
1399 1703 1578 1758 nullos
1605 1701 1920 1757 clericorum

2025 503 2180 564 sisse,
2214 514 2339 557 reus
2368 499 2630 569 sacrilegii
2668 499 2945 569 prolixiori
2973 498 3311 554 anathemate
3349 501 3607 554 condem-

2028 605 2206 661 netur,
2237 604 2294 650 et
2317 597 2402 648 Vix
2435 608 2648 663 quoque
2679 593 2960 662 peregrina
3004 591 3053 644 ei
3085 591 3391 645 communio
3414 594 3610 646 anima:

2024 688 2349 742 concedatur
2376 703 2390 741 :
2418 688 2539 756 quia
2571 686 2764 739 durum
2809 695 2890 738 est
2933 693 2987 735 ut
3035 683 3085 736 hi
3137 698 3269 751 quos
3307 693 3517 738 constat
3557 686 3607 739 in

2025 780 2248 834 servitio
2299 779 2510 834 Domini
2563 793 2684 832 cum
2742 776 2927 845 primm
2977 777 3120 830 sedis
3170 776 3411 831 antistite
3453 778 3611 831 desu-

2026 873 2207 939 dasse,
2242 873 2480 937 illorum,
2523 872 2613 941 qui
2662 885 2875 924 suarum
2921 885 3097 924 rerum
3145 871 3485 934 int-ubatores
3529 873 3611 926 Vel

2028 967 2348 1022 utilitatibus
2375 967 2677 1022 servientes
2705 974 2864 1030 atque
2893 973 3142 1018 vacantes
3174 961 3339 1020 fuisse
3383 980 3612 1019 noscun-

2028 1071 2133 1128 tur,
2167 1061 2507 1132 despectibus
2538 1059 2872 1128 aliquatenus
2895 1059 3225 1112 crucientur.

2095 1152 2276 1223 Sergis
2307 1150 2426 1225 [U.,
2457 1148 2700 1220 Sergius]
2734 1149 2786 1204 in
2817 1147 3017 1204 Christi
3067 1151 3283 1204 nomine
3327 1150 3613 1216 episcopus

2027 1245 2122 1299 has
2144 1245 2580 1309 eunstitutiunes,
2614 1244 2909 1298 secundum
2950 1244 3090 1313 quod
3136 1244 3292 1298 nobis
3338 1259 3459 1298 cmn
3508 1242 3615 1298 fra-

2027 1337 2198 1393 tribus
2244 1335 2444 1393 nostris
2488 1336 2598 1392 Deo
2641 1334 2938 1406 inspirante
2969 1337 3321 1406 complacuit,
3364 1337 3529 1407 relegi
3560 1346 3616 1392 et

2027 1430 2349 1500 subscripsi.

2099 1520 2286 1576 Justus
2330 1522 2381 1575 in
2426 1519 2627 1575 Christi
2671 1519 2888 1573 nomine
2930 1517 3218 1589 episcopus
3249 1519 3332 1573 his
3356 1520 3616 1573 constitu~

2028 1614 2262 1669 tionibus
2291 1613 2507 1669 interfui
2534 1621 2588 1667 ct
2611 1612 2925 1682 subscripsi.

2098 1706 2385 1762 Caroutius
2413 1705 2466 1761 in
2498 1705 2698 1761 Christi
2741 1705 2956 1759 nomine
2993 1706 3276 1774 episcopus
3325 1704 3409 1759 his
3447 1705 3609 1777 317

331 1803 616 1874 cujuslibet
643 1803 872 1866 ordinis,
906 1799 1069 1855 ofﬁcii
1100 1797 1366 1870 gradusve
1395 1796 1488 1863 sit,
1530 1792 1824 1864 quidquam
1852 1790 1921 1846 de
1953 1791 1998 1850 B
2024 1795 2503 1855 constitutionibus
2532 1795 2748 1851 interfui
2780 1805 2830 1849 et
2864 1795 3178 1866 subscripsi.

333 1899 496 1952 domo
527 1898 739 1951 auferre
768 1903 1079 1965 praesumat,
1110 1892 1194 1946 vel
1223 1891 1292 1945 de
1322 1889 1555 1945 utilitate
1581 1903 1700 1957 quae
1729 1887 1927 1942 instru-

332 1992 499 2045 menti
527 1990 720 2044 domus
749 2003 871 2042 esse
913 1987 1174 2051 noscitur,
1209 1984 1260 2038 id
1292 1993 1375 2037 est
1402 1982 1588 2036 mobili
1619 1981 1703 2035 vel
1735 1982 1928 2036 immo-

331 2081 424 2137 bili
454 2083 536 2138 rei
566 2079 950 2137 ecclesiastica:
987 2088 1213 2132 conetur
1253 2075 1526 2140 invadere,
1574 2073 1706 2128 nihil
1757 2073 1922 2137 furto,

332 2174 462 2228 nihil
490 2175 565 2239 vi,
592 2173 725 2229 nihil
757 2172 882 2225 dolo
928 2169 1293 2239 supprimens,
1321 2166 1570 2220 aufcrens
1596 2174 1755 2234 atque
1799 2163 1926 2217 abs-

324 2269 592 2331 condens,
625 2266 716 2321 sed
746 2265 794 2319 is
839 2263 924 2318 cui
957 2264 1151 2318 domus
1180 2260 1464 2316 commissa
1496 2267 1601 2324 est,
1627 2256 1924 2325 subiunctis

332 2358 440 2412 sibi
469 2373 591 2412 cum
621 2356 843 2411 consilio
874 2355 1004 2409 cleri
1055 2369 1161 2407 uno
1210 2353 1289 2406 vel
1323 2350 1530 2404 duobus
1577 2347 1924 2411 ﬁdelissimis,

336 2449 525 2504 omnia
555 2465 716 2519 usque
746 2447 807 2501 ad
841 2457 1048 2514 lenitus
1101 2442 1367 2514 pontiﬁcis
1416 2439 1772 2494 subs'ituendi
1825 2438 1924 2493 de-

336 2546 462 2599 beat
500 2557 860 2607 conservare,
901 2541 982 2595 vel
1029 2538 1110 2592 his
1148 2537 1236 2606 qui
1284 2539 1336 2590 in
1379 2534 1541 2589 domo
1584 2531 1926 2586 inveniuntur

329 2636 548 2692 clericis
594 2643 906 2689 consuetam
938 2629 1246 2684 alimoniam
1280 2627 1678 2680 administrare.
1719 2622 1924 2677 Substi-

335 2740 477 2784 tutus
499 2731 728 2784 antistes
759 2737 1009 2795 suscepta
1043 2741 1128 2789 ea,
1172 2730 1331 2792 preut
1356 2722 1608 2774 decessor
1634 2732 1762 2772 suus
1784 2716 1928 2770 ordi-

335 2824 482 2877 navit
520 2821 604 2876 vel
657 2820 779 2874 huic
828 2818 970 2872 Deus
1013 2814 1352 2885 imperaverit
1391 2810 1509 2884 [U.,
1543 2805 1926 2877 inspiraverit],

333 2914 408 2968 uti
442 2929 566 2968 cum
611 2912 696 2966 his
739 2909 934 2965 debeat
979 2921 1114 2978 quos
1163 2903 1476 2976 cognoverit
1524 2901 1820 2970 disciplinae
1874 2906 1930 2953 et

337 3006 593 3059 rharitati
645 3003 946 3058 decessoris
995 3001 1078 3055 sui
1131 2999 1362 3055 fideliter
1417 2994 1676 3065 paruisse.
1707 2993 1856 3061 Quod
1883 2991 1928 3046 si

343 3098 624 3166 quisquam
668 3105 786 3163 post
836 3096 951 3147 hmc
987 3091 1269 3160 cujuslibet
1309 3087 1534 3152 ordinis,
1582 3093 1637 3139 ut
1681 3085 1925 3152 superius

335 3189 538 3243 dictum
570 3197 672 3251 est,
703 3185 934 3242 clericus
982 3197 1297 3254 quacunque
1340 3182 1624 3236 occasione
1665 3177 1731 3231 de
1767 3177 1926 3229 dotno

340 3283 578 3338 ecclesiae
626 3282 712 3336 vel
751 3281 819 3334 de
849 3279 993 3332 omni
1043 3277 1294 3331 facultate
1344 3274 1614 3343 quidpiam
1672 3270 1928 3339 probatus

348 3401 712 3414 ~—

2094 1894 2332 1949 Joannes
2359 1893 2412 1947 in
2439 1891 2637 1946 Christi
2669 1890 2885 1945 nomine
2913 1890 3196 1960 episcopus
3236 1890 3318 1945 his
3346 1891 3609 1946 constitu-

2027 1982 2262 2038 tionibus
2285 1981 2502 2037 interfui
2532 1990 2587 2036 et
2615 1981 2926 2050 subscripsi.

2098 2075 2360 2130 Pateruus
2421 2074 2475 2128 iu
2522 2071 2718 2128 Christi
2767 2071 2983 2126 nomine
3029 2070 3283 2126 Ecclesia:
3341 2071 3618 2126 catholica:

2032 2167 2446 2224 Barcinonensis
2475 2166 2760 2235 episcopus
2787 2164 3028 2232 acquievi
3051 2171 3107 2217 et
3132 2163 3378 2230 subscrip
3410 2164 3425 2216 i

2104 2260 2342 2315 Mamilio
2385 2256 2571 2330 [B.R.,
2603 2255 2665 2310 T.
2701 2256 2753 2310 1.
2793 2254 2882 2319 υ.,
2915 2251 3006 2320 6.,
3031 2251 3312 2323 Maurulio]
3337 2257 3390 2307 in
3419 2252 3618 2307 Christi

2031 2352 2246 2408 nomine
2279 2353 2534 2408 Ecclesia:
2563 2350 2842 2406 catholicae
2880 2348 3190 2404 Dertosana:
3218 2346 3503 2416 episcopus
3531 2363 3621 2402 ac-

2028 2447 2204 2517 quievi
2231 2455 2287 2501 et
2315 2443 2633 2512 subscripsi.

2101 2540 2266 2608 318
2291 2538 2501 2591 Taurus
2531 2535 2649 2606 [U.,
2673 2530 2906 2603 Μςιιιτιιμι
2950 2534 3000 2586 in
3030 2533 3227 2587 Christi
3261 2532 3478 2586 nomine
3510 2533 3620 2585 Ec-

2029 2628 2210 2685 clesia:
2237 2628 2522 2694 Egarensis
2551 2624 2640 2700 [In
2668 2625 2856 2687 Codd.,
2887 2622 3198 2695 Agarensisj
3231 2625 3513 2694 episcopus
3538 2626 3620 2678 his

2031 2721 2433 2776 definitionibus
2465 2719 2675 2774 interfui
2708 2730 2762 2773 et
2789 2718 3100 2786 subscripsi.

2110 2813 2430 2867 Februarius
2463 2813 2514 2865 in
2546 2810 2739 2864 Christi
2769 2812 2983 2863 nomine
3014 2810 3296 2879 episcopus
3337 2807 3506 2863 Ilerde
3545 2808 3623 2862 sis

2034 2907 2118 2961 his
2147 2904 2624 2961 constitutionibus
2653 2903 2866 2958 in'erl'ui
2897 2913 2948 2957 et
2978 2901 3289 2970 subscripsi.

2106 2999 2301 3053 Gratus
2331 3000 2382 3052 itt
2411 2995 2606 3051 Christi
2642 2997 2858 3050 nomine
2890 2996 3166 3066 presbyter
3204 2996 3438 3050 directus
3469 3014 3498 3047 a
3527 2996 3621 3049 do-

2035 3093 2179 3145 mino
2210 3106 2330 3145 meo
2363 3089 2639 3159 Shpltylio
2669 3086 2755 3157 [Τ.
2784 3089 2842 3153 ξι,
2870 3086 2959 3152 U.,
2983 3084 3230 3156 Stabilio]
3255 3087 3508 3156 episcopo
3539 3087 3622 3142 his

2033 3183 2508 3238 constitutionibus
2536 3180 2751 3235 interfui
2779 3187 2834 3233 et
2863 3180 3177 3248 subscripsi.

719 3380 3620 3411 Mm

1203 3605 1536 3692 GONC
1556 3483 2119 3688 ΙΙλΙΠΜΧξἌ
2136 3602 2578 3686 LLETAN
2597 3603 2782 3686 UM

348 3800 456 3842 sax
508 3792 973 3849 EPISCUPOBUM,
1019 3786 1313 3830 mnium
1363 3785 1499 3826 EBA
1548 3777 1572 3805 ι
1619 3781 1958 3833 anxxvn,
2007 3782 2172 3823 anno
2210 3783 2291 3823 xv
2338 3783 2727 3826 THEODORICI
2775 3765 2908 3842 [U.,
2941 3765 3368 3840 TttEL'nnutct]
3415 3781 3624 3839 necis,

1467 3863 1585 3906 SUB
1628 3861 1739 3903 DIE
1784 3860 1828 3902 ll

521 4027 561 4081 Ι.
609 4023 675 4079 Ut
707 4018 1041 4092 Evangelium
1064 4024 1176 4088 post
1203 4013 1506 4085 Apostolum
1535 4010 1757 4081 legatur.

417 4143 472 4199 In
519 4137 738 4195 nomine
781 4133 990 4190 Domini
1037 4129 1206 4187 nostri
1247 4128 1370 4184 Jesu
1420 4125 1617 4182 Christi
1661 4123 1837 4178 Valles
1884 4123 1934 4177 in

351 4232 586 4288 concilio
612 4225 920 4299 congregati
953 4222 1078 4279 dum
1119 4221 1186 4276 de
1229 4216 1588 4274 ecclesiastica
1621 4212 1798 4283 regula
1832 4225 1938 4265 trao

350 4336 637 4384 ctaremus,
668 4322 920 4388 antiquos
948 4326 1189 4369 canones
1212 4309 1512 4378 relegentes
1531 4347 1546 4372 ,
1578 4305 1716 4359 inter
1743 4313 1937 4358 caatera

351 4423 448 4477 hoc
468 4419 784 4476 censuimus
815 4410 1206 4470 observandum
1233 4447 1250 4475 ,
1299 4416 1357 4462 ut
1400 4410 1737 4458 sacrosancta
1770 4400 1940 4454 Evan-

348 4515 476 4584 gelia
508 4521 634 4567 ante
661 4522 939 4564 munerum
973 4503 1267 4560 illationem
1312 4497 1396 4554 vel
1441 4496 1661 4551 missam
1691 4493 1941 4547 catechu-

348 4619 628 4660 menorum
676 4603 729 4655 in
778 4599 966 4653 ordine
1008 4597 1297 4651 lectionum
1347 4600 1469 4660 post
1515 4587 1828 4657 Apostolum
1865 4585 1942 4639 le-

349 4707 574 4767 gantur,
609 4701 876 4763 quatenus
918 4687 1171 4744 salutaria
1219 4690 1481 4754 prarcepta
1522 4679 1731 4734 Domini
1777 4676 1942 4731 nostri

350 4785 473 4839 Jesu
498 4783 699 4838 Christi
736 4780 819 4834 vel
865 4791 1169 4834 sermonem
1212 4771 1504 4828 sacerdotis
1547 4784 1651 4823 non
1679 4767 1850 4822 solum
1884 4768 1943 4820 ﬁ.

352 4875 499 4932 deles
550 4874 644 4929 sed
695 4872 856 4928 etiam
906 4867 1277 4926 catechumeni
1310 4879 1373 4920 ac
1397 4862 1740 4933 poenitentes,
1770 4858 1863 4915 sed
1891 4868 1944 4913 et

355 4982 541 5023 omnes
568 4966 658 5035 qui
699 4979 730 5020 e
759 4965 971 5019 diverso
1009 4969 1170 5026 sunt,
1200 4958 1387 5012 audire
1429 4953 1628 5009 licitum
1676 4950 1941 5030 habeant:

357 5062 433 5114 sic
481 5059 626 5114 enim
675 5055 986 5128 pontiﬁcum
1039 5050 1420 5121 praedicatione
1454 5045 1632 5100 audita
1661 5043 1947 5100 nonnullos

359 5151 421 5204 ad
453 5149 612 5204 ﬁdem
643 5156 904 5201 attractos
927 5145 1204 5200 evidenter
1231 5142 1449 5195 scimus.

1877 3861 2073 3904 NONAS
2121 3862 2503 3905 DECEMBRIS.

1966 4009 2012 4072 C
2043 4009 2189 4079 scopi
2240 4010 2293 4063 in
2334 4007 2482 4064 libris
2505 4047 2522 4074 ,
2567 4009 2620 4062 in
2669 4007 2970 4076 speciebus,
2999 4009 3337 4074 utensilibus,
3372 4009 3624 4078 vasculis,

2041 4103 2283 4174 frugibus
2305 4141 2321 4167 ,
2353 4101 2600 4174 gregibus
2627 4141 2643 4167 ,
2675 4100 2994 4156 animalibus
3022 4101 3104 4154 vel
3135 4102 3280 4153 omni
3313 4102 3534 4156 omnino
3562 4117 3622 4157 re

2040 4209 2261 4265 rapaces
2310 4208 2500 4250 manus
2545 4193 2842 4248 abstineant
2884 4199 2940 4246 et
2985 4190 3116 4246 nihil
3169 4191 3431 4245 latronum
3477 4208 3629 4248 more

2040 4287 2324 4358 diripiant;
2371 4285 2463 4357 qui
2515 4285 2558 4340 si
2611 4298 2711 4342 nec
2753 4297 3018 4338 canonum
3057 4283 3377 4338 auctoritate
3405 4281 3626 4338 cohibiti

2043 4379 2278 4445 fuerint,
2330 4379 2509 4434 omnia
2547 4392 2666 4447 qua
2709 4374 3075 4446 pervaserint,
3108 4373 3504 4442 metropolitani
3544 4374 3629 4429 vel

2042 4474 2280 4528 omnium
2331 4470 2861 4540 comprovincialium
2901 4468 3240 4526 sacerdotum
3291 4466 3631 4522 districtione

2042 4565 2212 4620 coacti
2242 4604 2257 4630 ,
2309 4564 2362 4619 in
2391 4562 2674 4633 pristinum
2707 4546 2903 4616 statum
2943 4559 3309 4629 redintegrare
3347 4568 3628 4629 cogantur,

2044 4655 2245 4712 utnihil
2267 4655 2489 4711 antistiti
2507 4654 2592 4711 vel
2621 4653 2976 4724 dispensatori
3009 4651 3184 4707 futuro
3197 4651 3630 4706 necessariorum

2044 4756 2144 4811 sub
2173 4757 2271 4810 hac
2294 4755 2433 4825 justa
2481 4752 2870 4809 constitutione
2894 4752 3168 4820 depereat.
3187 4747 3339 4816 Quod
3375 4757 3434 4802 ut
3464 4744 3632 4800 couti-

2045 4848 2258 4903 dentius
2274 4845 2476 4914 justitia
2491 4851 2741 4899 manente
2762 4851 3026 4906 servetur,
3043 4839 3333 4895 secundum
3355 4835 3634 4906 Regiensis

2046 4940 2236 5011 synodi
2263 4937 2586 4997 constituta.
2617 4935 2868 5004 episcopo
2896 4947 2925 4986 a
2955 4945 3181 5002 corpore
3216 4928 3523 4989 recedente,
3559 4926 3635 4978 vi-

2047 5036 2218 5091 cinior
2261 5033 2332 5089 illi
2371 5033 2590 5086 accedat
2620 5029 2937 5099 episc0pus,
2967 5027 3056 5096 qui
3089 5041 3151 5078 ex
3184 5038 3333 5077 more
3361 5016 3637 5084 exsequiis

2049 5127 2337 5183 celebratis
2363 5124 2544 5180 statim
2579 5121 2835 5176 Ecclesia;
2874 5118 3044 5186 ipsius
3078 5129 3260 5169 curam
3303 5108 3637 5165 districtissi-

362 5200 423 5295 fl.
455 5200 806 5309 fiftvdefuncto
852 5238 1088 5309 episcopo
1126 5235 1189 5288 de
1228 5232 1375 5286 rebus
1414 5229 1573 5300 ipsius
1603 5227 1678 5281 vel
1708 5225 1951 5282 Ecclesia:
2051 5235 2138 5273 me
2165 5227 2333 5288 gerat,
2371 5231 2438 5270 ne
2467 5216 2591 5283 quid
2614 5221 2737 5267 ante
2760 5207 3148 5264 ordinatiOnem
3174 5202 3333 5257 futuri
3365 5200 3638 5309 pontiﬁcis

750 5307 926 5362 nullus
945 5308 1222 5376 quidquam
1250 5309 1553 5373 prwsumat.

2055 5312 2371 5367 inhiantium
2437 5307 2752 5363 clericorum
2811 5298 3147 5354 subversioni
3203 5295 3289 5350 vel
3345 5293 3635 5362 direptioni

434 5408 544 5462 Hoc
571 5408 734 5462 etiam
768 5404 963 5475 placuit
987 5445 1000 5469 ,
1033 5411 1088 5456 ut
1113 5401 1365 5470 episcopo
1393 5398 1458 5452 ab
1489 5395 1591 5448 hoc
1618 5391 1837 5456 srcculo,
1862 5391 1949 5459 ju—

2052 5407 2161 5476 jam
2217 5405 2414 5458 liceat:
2452 5401 2521 5453 ita
2572 5407 2629 5450 ut
2672 5396 2740 5451 de
2781 5391 3010 5462 repertis
3056 5389 3309 5446 omnibus
3348 5387 3639 5455 inspectior

363 5501 521 5556 heute
556 5499 804 5562 Domino,
835 5497 1116 5561 arcessito,
1135 5491 1317 5548 clerici
1348 5490 1416 5545 ab
1445 5486 1590 5543 omni
1615 5484 1836 5540 omnino
1862 5499 1949 5538 su-

365 5595 608 5664 pel'ectili
657 5594 741 5649 vel
791 5606 1109 5664 quacunque
1156 5591 1208 5644 in
1239 5589 1401 5644 domo
1430 5583 1673 5641 ecclesia:
1712 5580 1792 5635 vel
1834 5578 1949 5648 epi-

439 5786 462 5810 "
504 5775 615 5842 AL,
651 5775 809 5839 B.fl.,
838 5773 902 5828 Τ.
940 5772 992 5840 l,
1021 5769 1079 5839 Ξ,
1111 5767 1204 5839 U.,
1237 5768 1330 5838 G.,
1361 5783 1461 5822 tera
1494 5776 1750 5820 nuxxtv.

2055 5496 2279 5555 consitio
2308 5491 2704 5561 descriptioqne
2735 5483 3038 5541 ﬁdelissima
3062 5525 3077 5548 ,
3107 5481 3152 5536 si
3176 5480 3290 5536 fieri
3316 5485 3490 5549 potest
3509 5520 3525 5545 ,
3561 5477 3644 5530 in-

2055 5607 2133 5652 tra
2163 5601 2379 5647 octavas
2423 5581 2657 5642 defuncti
2690 5580 2788 5637 sub
2817 5577 3011 5649 diligcn
3039 5574 3088 5630 ia
3121 5569 3647 5655 prmsentisepiscoo
