1969 3052
477 329 659 361 LECTORI
688 329 914 360 BENEVOLO
941 328 1058 359 JOAN.
1089 329 1237 359 LUDOV.
1268 328 1472 358 SCHULZE.

195 468 339 498 Maximam
356 468 439 497 studii
453 469 610 504 laborisque
629 469 716 496 nostri
742 474 847 504 partem
868 469 920 496 sibi
939 468 1085 496 vindicavit
1106 469 1220 496 ultimus
1238 469 1320 504 hujus
1331 468 1461 496 editionis
1477 473 1576 501 tomus,
1593 469 1621 496 in
1641 477 1697 503 quo
1711 469 1792 496 ador—

161 529 251 557 naudo
262 535 372 556 omnem
387 526 513 554 dedimus
529 531 639 560 operam
655 529 694 556 ut.
713 532 775 560 quae
785 524 936 552 Garnerius
953 524 1019 551 olim
1034 524 1062 551 iu
1079 524 1207 551 Auctario
1223 531 1273 551 suo
1283 528 1469 559 congesserat,
1483 524 1673 559 locupletiora,
1685 531 1725 558 et,
1741 526 1788 553 ubi

160 592 230 620 opus
245 588 329 616 esset,
342 583 530 611 emendatiora
544 582 696 616 prodirent.
710 581 804 616 Longo
824 587 880 609 non
897 582 1001 608 utimur
1017 581 1174 616 praefamine
1191 591 1197 609 :
1213 581 1248 609 de
1264 582 1358 609 multis
1371 582 1445 609 enim
1457 582 1600 611 Lectorem
1613 574 1668 620 jam
1684 586 1713 613 in
1730 586 1790 621 ipso

161 650 255 679 opere,
271 643 335 678 quia
354 649 400 669 res
414 641 452 668 ita
465 640 581 673 ferebat,
596 639 799 667 admonuimus.
821 639 942 666 Primum
965 639 1056 667 locum
1076 643 1152 667 tenet
1173 640 1347 675 Reprehensio
1367 639 1422 667 XII
1437 640 1726 670 Anathematismorum
1740 643 1792 679 Cy.

163 700 217 728 ritli
242 699 292 735 (ιι),
308 707 342 726 ex
359 696 497 726 Sirmondi
510 702 666 732 nostraeque
685 696 816 724 editionis
831 701 905 724 tomo
916 701 1015 732 quarto
1029 697 1120 725 adhuc
1135 698 1250 733 reliqua.
1269 698 1309 725 Ex
1323 699 1453 726 Auctario
1466 698 1592 726 Gamerii
1609 707 1641 727 ea
1654 701 1745 728 omnia
1763 702 1791 728 in

162 758 236 785 hunc
251 762 355 784 tomum
376 755 466 790 colligi
482 754 649 786 debuerunt.
666 761 726 788 quae
737 757 922 789 opportunum
943 754 972 781 in
993 755 1185 789 superioribus
1202 754 1323 782 nondum
1338 759 1419 782 nacta
1433 760 1512 783 erant
1525 756 1617 783 locum
1634 765 1640 783 :
1657 758 1790 785 nonnulla

164 815 238 843 enim
247 815 300 850 jam
313 819 387 841 tomo
401 814 490 848 primo
502 813 531 840 in
544 812 757 840 Commentariis
771 812 805 840 ad
821 812 943 840 Psalmos
959 814 1175 848 pertinentibus,
1192 818 1221 841 ct
1232 818 1306 842 tomo
1316 818 1414 849 quarto
1424 819 1479 841 tum
1493 814 1527 841 ad
1542 814 1628 842 libros
1641 815 1680 842 De
1694 824 1792 843 curan-

163 874 202 900 di:
219 873 370 901 Graecorum
381 872 568 907 affectionibus,
585 875 642 898 tum
657 871 686 898 in
697 871 860 899 collectione
874 871 1053 906 epistolarum
1068 872 1246 904 Theodoreti,
1263 873 1346 900 allata
1360 880 1421 900 esse
1445 877 1557 906 norunt,
1573 877 1708 908 quotquot
1730 874 1791 901 edi-

163 931 237 957 tione
250 935 344 957 nostra
360 933 487 962 utuntur,
502 935 653 963 omnesque
670 928 837 964 intelligent,
857 928 904 963 qui
920 928 1057 961 ordinem,
1071 937 1126 964 quo
1145 929 1250 965 pagina:
1265 930 1396 957 editionis
1415 935 1517 957 nostrae
1533 930 1640 965 paginis
1661 930 1792 959 editionis

162 989 264 1024 prioris
279 988 458 1024 respondent,
470 996 505 1015 ex
520 987 612 1015 tabula
628 987 693 1015 huic
711 988 865 1022 praefationi
877 988 999 1023 subjecta
1011 983 1176 1023 cognoscere
1187 989 1284 1016 velint.
1301 989 1436 1023 Lacunas,
1453 997 1522 1024 quas
1531 990 1681 1018 Garnerius
1694 991 1722 1018 in
1738 991 1792 1027 Ην

164 1046 341 1081 pomnesticis
356 1045 389 1072 ad
404 1045 527 1073 Psalmos
545 1044 751 1080 pertinentibus
760 1045 881 1080 reliquas
894 1044 1007 1076 fecerat,
1019 1053 1053 1072 ex
1068 1046 1226 1081 apographo
1241 1046 1346 1075 codicis
1356 1047 1575 1075 Vindobonensis
1589 1048 1710 1083 explere,
1723 1048 1792 1076 alia-

166 1110 219 1137 que
238 1111 270 1130 ex
282 1103 334 1130 hoc
352 1107 381 1130 et
396 1102 555 1129 Florentino
579 1101 698 1136 quodam
714 1101 871 1137 apographo
890 1101 1009 1137 adjicere
1023 1102 1103 1130 nobis
1117 1103 1204 1130 licuit.
1218 1103 1285 1131 Eam
1296 1104 1418 1132 Auctarii
1435 1110 1553 1139 partem,
1575 1112 1635 1140 pag.
1656 1104 1792 1135 84-152.

165 1169 226 1197 quae
238 1162 271 1189 ad
284 1167 388 1189 tomum
404 1166 531 1196 quartum
547 1165 663 1196 spectat,
677 1169 710 1188 cx
725 1161 871 1197 codicibus
882 1161 993 1196 quidem
1007 1161 1177 1196 locupletare
1192 1169 1247 1190 non
1261 1163 1412 1197 potuimus,
1426 1171 1460 1190 ex
1475 1162 1573 1190 Photio
1588 1167 1680 1193 autem
1695 1167 1723 1190 et
1734 1163 1791 1190 Ma-

162 1217 205 1244 rio
225 1216 376 1245 Mercatore
401 1217 506 1252 aliquot
519 1217 594 1244 locos
611 1217 775 1244 emendandi
791 1217 950 1252 nostrisque
965 1218 1060 1245 utendi
1074 1219 1239 1254 conjecturis
1256 1219 1446 1255 opportunitas
1470 1220 1543 1248 haud
1558 1228 1622 1248 raro
1642 1226 1723 1248 enata
1738 1225 1791 1249 est.

163 1278 279 1305 Prolixis
293 1277 528 1312 disputationibus
542 1277 715 1305 occasionem
733 1277 875 1305 dedissent
885 1277 1013 1305 Garuerii
1024 1278 1146 1313 quinque
1160 1279 1381 1312 Dissertationes.
1398 1287 1458 1315 quae
1470 1272 1624 1314 proximum
1643 1280 1735 1308 locum
1752 1286 1792 1310 te-

162 1343 229 1366 nent
242 1347 304 1374 pag.
317 1338 456 1366 155-906
468 1347 475 1370 ;
492 1338 540 1366 sed
553 1338 717 1365 scribendus
732 1337 828 1365 fuisset
837 1338 956 1372 libellus,
968 1339 991 1366 si
1004 1338 1156 1366 refutandis
1167 1339 1294 1367 omnibus
1309 1339 1512 1372 audacior-ibus,
1526 1344 1554 1367 et
1564 1340 1680 1368 subinde
1696 1348 1793 1375 parum

162 1395 248 1431 aequis
276 1394 335 1429 ejus
354 1394 519 1430 conjecturis
539 1401 637 1421 vacare
668 1394 806 1421 libuisset.
828 1393 960 1421 Brevitati
978 1395 1070 1429 itaque
1085 1394 1207 1427 studere,
1223 1400 1251 1422 et
1271 1395 1314 1423 vel
1331 1395 1424 1422 minus
1436 1400 1510 1423 recte
1524 1396 1566 1423 vel
1584 1396 1707 1430 iniquius
1720 1396 1794 1424 dicta

163 1455 269 1491 paucis,
286 1454 308 1481 si
332 1462 400 1489 opus
417 1458 501 1485 esset,
520 1460 647 1488 arguere.
663 1459 745 1487 quam
758 1453 786 1479 in
800 1452 974 1487 scriptorem,
992 1453 1071 1488 cujus
1084 1453 1188 1488 aliquot
1207 1454 1318 1488 quidem
1337 1462 1438 1486 naevos,
1456 1453 1504 1481 sed
1518 1461 1615 1489 magna
1635 1454 1718 1482 etiam
1731 1461 1793 1482 esse

164 1516 289 1542 novimus
301 1515 409 1546 merita,
426 1513 536 1548 copiosa
550 1513 674 1540 oratione
691 1512 782 1540 invehi
796 1512 953 1540 maluimus.

198 1588 323 1620 Numeri,
343 1587 445 1623 quibus
461 1587 503 1614 hae
517 1586 644 1614 Garnerii
658 1584 870 1614 Dissertationes
883 1583 1101 1622 distinguuntur,
1114 1584 1141 1614 in
1158 1587 1278 1614 editione
1291 1587 1376 1622 priori
1390 1595 1554 1623 magnopere
1567 1587 1697 1616 fallebant
1709 1588 1794 1616 lecto—

166 1654 220 1679 res,
236 1651 267 1674 ut
278 1655 338 1682 pag.
352 1646 403 1673 420
420 1646 587 1677 monuimus.
602 1644 802 1673 Emendatione
823 1645 916 1680 itaque
931 1652 1001 1680 opus
1012 1642 1076 1677 fuit,
1096 1653 1131 1673 ne
1148 1646 1176 1673 in
1192 1646 1244 1674 hac
1259 1646 1333 1673 enim
1353 1646 1474 1673 editione
1487 1650 1645 1674 recurreret
1659 1653 1793 1674 numerus

166 1707 370 1735 Dissertationis
387 1707 480 1739 tertias,
495 1714 551 1741 quo
563 1706 674 1733 nomine
689 1706 749 1734 duae
763 1706 791 1733 in
802 1701 932 1734 Auctario
948 1703 1073 1734 Garuerii
1087 1706 1224 1742 inscriptae
1237 1710 1326 1734 erant.
1343 1707 1443 1734 Harum
1456 1707 1586 1742 priorem,
1604 1711 1633 1735 ut
1647 1715 1792 1743 argumen-

168 1772 224 1794 tum
237 1766 380 1799 suadebat,
394 1766 572 1801 appendicem
587 1764 702 1793 fecimus
719 1765 857 1798 secundze,
875 1772 936 1800 quae
950 1765 984 1792 de
998 1765 1075 1792 libris
1090 1765 1262 1793 Theodoreto
1279 1766 1335 1793 sive
1344 1767 1406 1801 jure
1421 1767 1478 1794 sive
1493 1768 1595 1795 temere
1609 1767 1735 1802 ascriptis
1744 1774 1788 1794 ex-

168 1824 265 1857 ponit:
283 1823 363 1853 alteri
383 1830 448 1850 vero
460 1831 521 1857 qua:
537 1823 571 1850 de
586 1822 639 1850 ﬁde
652 1822 818 1850 Theodoreti
832 1822 897 1858 agit,
915 1823 999 1850 tertia
1019 1831 1119 1850 nomen
1137 1823 1330 1852 vindicandum
1349 1832 1409 1852 esse
1423 1825 1561 1852 duximus.
1577 1825 1710 1853 Secunda:
1726 1826 1792 1853 sub-

167 1880 315 1914 junximus,
331 1887 393 1915 pag.
411 1879 463 1907 550
482 1887 553 1915 seq.,
572 1879 779 1908 observationes
793 1880 864 1912 illas,
882 1888 943 1915 quae
955 1880 1106 1908 Garnerius
1119 1882 1243 1916 epistolis
1263 1883 1290 1909 in
1306 1882 1436 1910 Auctario
1449 1884 1568 1917 primum
1586 1883 1667 1911 editis
1687 1884 1793 1919 adjece-

165 1941 217 1965 rat.
235 1937 314 1964 Hunc
327 1938 402 1965 enim
418 1937 508 1965 locum
522 1937 575 1965 illis
587 1937 759 1973 aptissimum
772 1938 938 1972 putavimus,
953 1947 988 1966 ne
1009 1939 1153 1966 molestth
1173 1944 1246 1968 esset
1261 1940 1421 1974 lectoribus,
1435 1941 1480 1968 hic
1493 1946 1522 1969 et
1532 1942 1581 1975 ibi,
1594 1951 1655 1977 qua
1677 1943 1711 1971 ad
1730 1944 1794 1971 illu-

163 1996 292 2023 strandas
303 1994 469 2024 Theodoreti
484 1996 613 2032 epistolas
625 1996 775 2031 pertinent.
792 2003 842 2024 ceu
854 1997 970 2032 disjecta
983 1997 1105 2025 membra
1118 1998 1256 2033 colligere.
1273 1998 1399 2034 Dialogus
1412 1999 1474 2027 illos
1490 2004 1593 2033 autem,
1608 2000 1709 2035 quibus
1723 2000 1792 2028 Gar-

163 2055 260 2082 nerius
275 2055 347 2082 inter
360 2054 571 2083 Dissertationes
584 2055 675 2082 locum
692 2055 814 2087 dederat,
834 2055 866 2082 ad
882 2055 963 2082 finem
977 2056 1059 2091 hujus
1073 2055 1139 2083 tomi
1154 2057 1334 2084 remittendos
1355 2064 1416 2084 esse
1436 2057 1575 2090 duximus,
1589 2058 1663 2092 quod
1680 2059 1791 2094 quidem

163 2116 310 2144 consilium
322 2116 358 2143 ob
369 2115 499 2148 rationes,
515 2123 576 2151 pag.
595 2115 646 2143 420
658 2116 764 2146 allatas,
783 2115 943 2147 lectoribus,
960 2120 990 2143 ut
1007 2123 1158 2151 speramus,
1178 2124 1233 2143 non
1249 2116 1414 2151 displicebit.
1434 2116 1595 2144 Dissertatio
1609 2118 1715 2152 quinta.
1732 2127 1792 2153 qua:

164 2173 324 2200 inscribitur
336 2173 375 2200 De
387 2173 543 2200 Theodoreto
558 2177 581 2200 et
600 2172 776 2200 Orientalium
796 2181 887 2204 causa,
899 2177 927 2200 et
945 2173 1002 2200 fere
1016 2173 1149 2201 ducentas
1161 2173 1284 2201 continet
1300 2174 1438 2201 variorum
1457 2174 1587 2208 epistolas
1601 2174 1634 2201 ad
1649 2174 1791 2203 historiam

170 2229 331 2258 Theodoreti
349 2231 530 2267 pertinentes,
543 2232 645 2259 multos
658 2232 685 2258 in
698 2232 829 2259 Auctario
844 2231 969 2259 Garuerii
985 2232 1103 2259 habebat
1119 2233 1221 2259 hiatus.
1236 2233 1357 2260 Aberant
1370 2233 1444 2260 enim
1454 2232 1487 2259 ab
1504 2232 1625 2261 editione
1635 2235 1694 2270 ejus
1705 2236 1792 2270 priori

166 2288 296 2324 Epistolas
306 2290 460 2326 complures
468 2299 537 2325 quas
547 2291 593 2326 qui
608 2291 698 2325 legere
709 2291 801 2323 vellet,
820 2291 938 2326 majores
951 2290 1012 2317 illas
1026 2290 1213 2318 Conciliorum
1230 2291 1407 2318 collectiones
1418 2289 1495 2317 adire
1508 2290 1613 2318 debuit.
1632 2291 1670 2318 Ex
1682 2292 1725 2319 his
1741 2301 1774 2319 au
1784 2308 1791 2313 ‹

165 2352 221 2374 tem
236 2347 357 2374 fontibus
370 2355 433 2375 cum
444 2355 499 2374 non
510 2355 606 2375 omnes
619 2348 726 2382 possint
740 2347 861 2379 haurire,
875 2354 974 2382 magno
985 2354 1013 2373 se
1029 2347 1133 2373 levatos
1149 2347 1285 2381 putabunt
1302 2354 1395 2378 onere,
1410 2351 1544 2381 quotquot
1559 2351 1622 2374 sunt
1638 2347 1734 2374 harum
1749 2356 1791 2375 rc-

164 2411 227 2430 rum
241 2404 335 2438 cupidi
350 2411 377 2431 et
387 2405 468 2439 periti
480 2405 608 2436 lectores,
618 2404 718 2438 quibus
730 2404 834 2438 integra
847 2404 903 2438 jam
919 2403 1034 2431 offertur
1047 2402 1145 2430 harum
1155 2403 1331 2438 epistolarum
1343 2403 1478 2434 collectio,
1491 2404 1585 2430 multis
1596 2403 1708 2434 lialuzii,
1719 2403 1791 2430 Man-

162 2463 210 2494 sii,
225 2462 396 2497 aliorumque
408 2462 522 2490 scholiis
537 2462 713 2497 locupletata,
729 2462 763 2489 de
776 2462 878 2496 quibus
896 2462 1016 2489 diximus
1029 2470 1090 2498 pag.
1103 2462 1164 2490 608.

198 2518 318 2545 Alteram
331 2518 413 2553 hujus
426 2518 491 2545 tomi
507 2522 613 2553 partem
626 2519 798 2546 constituunt
811 2524 908 2554 septem
920 2519 958 2546 illi
971 2519 1078 2554 Dialogi
1094 2519 1218 2546 adversus
1231 2519 1354 2551 Arianae,
1367 2516 1530 2546 Macedonio:
1540 2524 1563 2545 et
1574 2519 1790 2554 Apollinarium,

162 2582 218 2602 una
230 2583 293 2603 cum
303 2576 429 2603 Eutherii
443 2576 594 2612 Tyanensis
608 2576 786 2604 Sermonibus
799 2576 846 2612 (b),
866 2581 893 2604 et
906 2577 1110 2604 accessionibus
1129 2576 1294 2612 quibusdam
1309 2577 1342 2604 ad
1358 2581 1460 2604 tomum
1478 2578 1596 2612 primum
1617 2581 1644 2604 et
1662 2582 1790 2612 quartum

199 2674 235 2712 (α)
254 2675 369 2703 Librum
384 2676 468 2712 hunc,
483 2676 538 2711 jam
556 2676 627 2702 inter
641 2675 729 2712 Opera
749 2676 839 2712 Cyrilli
855 2676 886 2711 (t.
903 2675 948 2712 IX)
1002 2676 1094 2712 nensis
1112 2675 1264 2712 Sermones
1284 2675 1338 2710 jam
1357 2677 1427 2712 inter
1446 2675 1534 2711 Opera
1564 2675 1648 2712 sancti
1671 2674 1790 2712 Athana~

158 2709 279 2746 editum,
291 2709 504 2738 memoravimus
516 2715 621 2738 tantum
634 2709 727 2738 in'fine
745 2709 810 2738 toini
825 2709 949 2746 superio-
1003 2711 1036 2738 sii
1052 2711 1220 2745 prodierant,
1242 2709 1342 2738 nostra
1360 2709 1489 2739 editionis
1508 2715 1573 2738 tom.
1594 2709 1637 2742 ιν,
1655 2709 1689 2736 ad
1706 2717 1788 2744 quem

162 2744 212 2771 ris.
227 2744 301 2771 Eon.
316 2746 396 2773 Pun.
860 2744 865 2746 ⁷
1005 2744 1102 2773 Lector
1114 2750 1266 2774 revocatur.
1288 2746 1360 2773 EDIT.

201 2779 236 2814 (ὁ)
251 2779 356 2815 Dialogi
371 2781 433 2808 adv.
457 2781 584 2810 Arianos.
606 2787 673 2814 etc.,
695 2785 722 2809 et
739 2780 864 2809 Eutherii
884 2780 950 2816 Tya-

329 2827 466 2858 PATROL.
487 2829 545 2858 Gn.
567 2828 723 2858 LXXXIV.
1583 2826 1594 2854 ι
