1969 3052
172 154 184 185 1
191 154 202 184 1
885 151 1092 182 PRIEFATIO.
1764 148 1800 180 13

170 219 381 257 pertinentibus.
408 219 448 246 Ad
475 219 601 254 Dialogus
619 218 680 262 illos
695 217 768 252 quod
781 217 889 248 attinet,
910 222 1016 244 mutare
1039 218 1149 252 quidem
1165 218 1303 245 noluimus
1316 218 1425 245 titulum
1438 217 1484 243 τοῦ
1505 216 1640 252 μακαρίου
1657 215 1798 250 emtum-

132 282 138 294 "
169 288 226 311 του,
241 286 321 314 quem
338 277 393 305 illis
412 277 526 304 dederat
542 276 709 309 Garnerius;
726 275 754 303 in
767 275 957 310 superioribus
971 281 1061 302 autem
1083 280 1111 302 et
1126 277 1153 303 in
1174 277 1232 311 ipso
1247 276 1341 303 limine
1357 276 1439 311 hujus
1455 275 1548 309 operis
1562 274 1618 309 jam
1630 273 1761 300 monuimi
1775 280 1799 303 s,

170 334 226 364 imo
242 342 330 370 nuper
345 335 372 362 in
386 334 590 369 Programmate
602 332 756 360 Academiae
770 331 881 359 nomine
897 331 1010 365 scripto,
1025 338 1081 366 quo
1104 331 1163 358 dies
1185 331 1269 358 festos
1289 331 1429 357 memoria:
1449 329 1513 358 Jesu
1526 329 1629 357 Christi
1648 336 1663 355 a
1682 328 1801 355 mortuis

170 390 326 418 resuscitati
346 397 439 417 saeros
463 390 629 422 indiximus,
650 389 774 417 instituta
793 397 856 417 cum
878 388 1006 424 genuinis
1025 389 1170 424 scriptoris
1187 390 1274 417 nostri
1292 389 1372 417 libris
1386 389 1591 424 comparatione
1613 388 1798 423 probavimus,

169 450 294 484 libellum
309 450 391 478 istum
403 449 480 477 nullo
492 450 554 485 jure
565 449 739 477 Theodoreto
751 449 885 476 vindicari
897 456 987 484 posse.
1002 449 1119 476 Textum
1133 449 1258 477 Graecum
1273 450 1375 485 passim
1389 457 1423 477 ex
1437 450 1557 478 editione
1568 449 1651 478 Henr.
1669 450 1799 486 Stephani

169 511 198 535 et
211 515 245 534 ex
259 507 362 535 Bened.
377 507 498 542 Operum
510 507 652 535 Athanasii
663 507 785 534 editione
798 507 945 535 emendare
961 507 1049 535 licuit.
1070 508 1126 535 Hac
1142 508 1367 542 praestantissima
1377 508 1519 536 Athanasii
1534 508 1656 536 editione
1673 508 1715 535 usi
1731 515 1800 542 quo-

169 571 223 600 que
237 571 332 591 sumus
345 563 379 591 ad
397 563 583 591 emendandas
596 563 700 598 aliquot
712 563 846 591 lectiones
869 562 897 590 in
915 563 1041 591 Eutherii
1059 563 1248 592 Sermonibus.
1266 564 1323 592 Hos
1341 564 1453 599 quidem
1475 563 1633 591 Harduinus
1652 563 1680 590 in
1696 563 1800 590 scholia

169 622 242 658 quod
264 625 353 649 exstat
364 629 425 656 pag.
441 621 520 653 1117,
536 620 604 648 dicit
616 624 673 647 octo
689 624 714 646 et
726 620 812 647 decem
827 628 898 652 esse,
913 621 961 648 sed
974 621 1021 648 alii
1034 620 1090 648 fere
1108 629 1206 649 omnes
1217 626 1364 649 numerant
1380 621 1461 649 XVII.
1478 620 1635 658 ijarduinus
1653 621 1745 655 itaque
1759 620 1799 646 vi-

169 684 251 711 detur
263 683 369 710 calculo
379 681 518 710 addidisse
533 681 678 716 epistolam
693 681 765 708 iilam
779 680 980 716 prooemialem,
995 689 1055 715 qua:
1075 681 1250 716 praemittitur
1262 689 1323 717 pag.
1338 681 1406 708 1118
1419 681 1551 708 editionis
1564 674 1674 707 nostrai

204 741 352 776 Reliquum
373 744 425 771 est.
441 743 471 766 ut
493 739 527 766 de
554 739 588 766 iis
608 739 743 772 dicamus,
759 747 820 774 quae
837 739 1034 767 Addendorum
1053 740 1166 767 nomine
1183 729 1318 776 complexi
1333 747 1438 768 sumus.
1458 739 1498 767 Ad
1514 739 1581 766 tomi
1593 737 1675 773 primi
1693 742 1798 772 partem

170 799 291 834 priorem
307 802 364 826 tum
377 797 531 833 augendam
546 801 604 825 tum
616 797 807 826 illustrandam
821 798 894 826 haud
911 806 1008 834 parum
1021 799 1149 826 utilitatis
1162 799 1242 827 nobis
1261 799 1353 827 attulit
1373 799 1482 835 egregia
1503 798 1549 826 illa
1560 797 1662 825 Catena
1678 786 1799 838 inpete-

170 855 301 883 tenchum
315 858 343 882 et
358 853 444 882 libros
453 855 558 890 Regum
571 861 667 882 recens
681 855 756 882 edita
770 854 878 890 Lipsiae,
894 863 967 882 anno
985 855 1054 883 1772
1070 860 1098 883 et
1112 856 1190 888 H75,
1203 864 1263 891 qua:
1285 856 1448 884 inscribitur
1470 854 1552 890 Σειρὰ
1567 854 1625 885 ἐνὸς
1643 852 1690 879 καὶ
1702 836 1800 886 ἑέεντή.

170 922 252 940 κοντα
267 912 518 948 ὑπομνηματιστῶν
531 913 571 942 εἰς
584 912 632 948 τὴν
656 912 833 948 Ὀκτάτευχον
850 913 941 940 καὶτὰ
953 913 1006 940 τῶν
1022 913 1182 947 Βασιλειῶν,
1197 914 1247 950 ἤδη
1262 914 1369 949 πρῶτον
1384 915 1479 945 τύποις
1498 912 1638 940 ἐκδοθεῖσα
1656 909 1800 944 ἐπιμελείᾳ

168 971 325 1006 Νικηφόρου
346 969 533 1006 Ἰερομονάχου
549 970 596 996 τοῦ
608 970 750 997 Θεοτὸκου.
761 970 848 1004 Quam
864 971 945 1006 praecl

1022 971 1042 1000 l'e
1055 980 1085 1000 re
1101 972 1235 1000 litteraria
1247 973 1391 1004 meruerit,
1409 973 1457 1007 qui
1469 972 1584 1000 edenda)
1598 971 1681 1006 hujus
1691 968 1799 996 Catena!

169 1036 264 1058 curam
282 1028 310 1055 iu
322 1035 352 1054 se
362 1027 493 1062 suscepit,
509 1026 551 1053 vir
563 1034 653 1054 rever.
666 1034 742 1054 nunc
753 1030 866 1054 vocatus
879 1026 1105 1063 archiepiscopus
1120 1029 1147 1056 in
1160 1028 1266 1056 ditione
1284 1029 1462 1061 Venetorum,
1477 1033 1572 1055 nostro
1593 1026 1722 1054 omnibus
1734 1032 1799 1060 pro-

168 1091 228 1118 bari
252 1090 377 1124 cupimus
398 1088 534 1123 exemplo,
553 1092 581 1115 et
593 1091 720 1123 optamus
738 1093 768 1115 ut
787 1088 906 1116 aliorum
920 1088 1004 1116 etiam
1021 1090 1179 1118 excitentur
1196 1090 1286 1117 studia
1305 1089 1338 1116 ad
1356 1089 1468 1117 Patrum
1491 1088 1593 1123 scripta
1613 1095 1647 1114 ex
1663 1088 1716 1114 hoc
1728 1095 1800 1115 novo

165 1150 243 1178 fonte
256 1148 458 1184 locupletanda.
471 1147 587 1183 Largam
601 1147 674 1175 enim
690 1155 751 1175 esse
765 1147 836 1175 hanc
850 1155 978 1181 messem,
993 1149 1147 1184 intelligent
1162 1157 1258 1177 omnes
1274 1157 1308 1176 ex
1319 1148 1373 1176 illis
1390 1156 1452 1182 quae
1465 1155 1526 1182 pag.
1544 1146 1718 1174 1176-1255
1730 1150 1800 1173 attu-

166 1209 249 1237 limus
261 1207 311 1244 (a).
324 1207 380 1235 Nec
390 1206 508 1242 amplius
519 1205 702 1234 dubitandum
717 1209 760 1233 est
771 1206 806 1233 de
818 1206 935 1233 veritate
947 1208 1123 1242 conjectum,
1137 1207 1164 1233 in
1179 1214 1260 1241 quam
1271 1192 1429 1233 inciderunt
1439 1205 1493 1231 viri
1505 1203 1617 1235 eruditi,
1629 1202 1802 1235 Quaestiones

167 1266 228 1294 illas
241 1263 409 1292 Theodoreti
422 1263 448 1290 in
464 1262 663 1291 Octateuchum
681 1255 804 1298 aliosque
819 1263 965 1291 historicos
977 1263 1010 1291 V.
1024 1263 1056 1290 T.
1070 1264 1167 1296 libros,
1182 1271 1215 1290 ex
1233 1266 1310 1298 parte
1324 1261 1473 1289 admodum
1491 1260 1621 1295 prolixas,
1641 1267 1696 1286 non
1711 1258 1803 1286 ubivis

167 1327 262 1350 autem
276 1321 343 1349 satis
365 1321 548 1352 cohaerentes,
564 1327 625 1348 esse
644 1320 775 1348 conﬂatas
797 1328 832 1348 ex
853 1321 1007 1349 minoribus
1025 1321 1139 1349 scholiis
1159 1321 1193 1348 ad
1215 1321 1289 1348 hunc
1304 1320 1437 1354 illumque
1455 1319 1546 1346 locum
1562 1318 1755 1346 illustrandum
1767 1318 1801 1345 ab

166 1379 214 1408 illo
225 1377 395 1413 compositis.
409 1376 487 1410 Quod
504 1381 535 1404 ut
544 1384 577 1404 eo
591 1377 678 1412 magis
691 1382 836 1412 appareret
847 1378 985 1411 omnibus,
999 1382 1084 1413 utque
1099 1378 1153 1405 illis
1163 1377 1246 1405 utiles
1256 1384 1389 1409 essemus,
1403 1376 1450 1411 qui
1461 1375 1608 1410 aliquando
1622 1374 1656 1402 de
1667 1375 1802 1410 scriptore

165 1438 262 1463 nostro
276 1434 376 1461 iterum
387 1430 495 1458 edendo
507 1432 607 1459 mereri
618 1432 714 1464 velint,
728 1440 780 1459 nec
796 1432 916 1460 alienum
933 1441 949 1460 a
966 1433 1057 1466 nobis,
1068 1441 1120 1461 nec
1133 1432 1280 1460 molestum
1298 1431 1456 1468 putavimus
1476 1431 1599 1459 laborem
1612 1430 1700 1463 illum,
1719 1438 1801 1466 quem

165 1491 195 1519 in
206 1489 386 1526 congerendis
396 1487 509 1515 scholiis
517 1487 552 1514 ad
564 1488 623 1516 haec
634 1492 762 1523 excerpta
771 1489 973 1524 pertinentibus
984 1490 1057 1517 ultro
1066 1489 1146 1517 nobis
1156 1489 1348 1525 imposuimus.
1358 1489 1398 1516 Ex
1408 1489 1452 1516 his
1463 1488 1535 1516 enim
1549 1487 1681 1523 intelliget
1704 1488 1802 1515 Lector

165 1551 352 1586 Quaestionum
370 1556 466 1577 earum
481 1556 564 1576 unam
581 1549 729 1577 alteramve
745 1550 864 1577 subinde
880 1550 914 1577 ad
929 1551 1008 1586 plura
1026 1551 1116 1586 capita
1139 1555 1168 1579 et
1184 1556 1321 1578 commata
1341 1549 1492 1585 pertinere,
1506 1548 1655 1583 multisque
1671 1552 1801 1575 constare

163 1611 300 1649 partibus,
316 1617 377 1645 qum
387 1609 414 1636 in
423 1608 526 1636 Catena
542 1615 596 1634 non
611 1607 670 1634 sine
684 1607 809 1642 improbo
822 1607 916 1635 labore
931 1608 1016 1644 quaeri
1029 1613 1057 1636 et
1070 1609 1159 1645 colligi
1172 1613 1331 1644 potuerunt.
1346 1608 1406 1641 Quo
1423 1606 1534 1642 quidem
1547 1605 1639 1633 labore
1654 1613 1727 1633 nunc
1740 1613 1802 1641 per-

165 1675 226 1698 acto
243 1669 295 1696 hoc
311 1676 362 1696 nos
377 1666 501 1696 eﬂ‘ecisse
513 1667 650 1699 putamus,
663 1665 693 1689 ut
703 1662 831 1690 facillime
844 1670 940 1690 omnes
956 1671 1121 1699 cognoscere
1135 1663 1251 1699 possint,
1264 1671 1320 1698 quo
1333 1662 1548 1698 unumquodque
1563 1662 1598 1689 sit
1614 1661 1799 1689 referendum.

164 1724 206 1752 Ad
224 1724 310 1751 libros
324 1724 429 1757 Regum
445 1724 543 1755 praeter
557 1719 688 1747 Catenam
703 1719 758 1754 jam
776 1719 913 1747 laudatam
932 1721 974 1748 usi
993 1729 1088 1749 sumus
1099 1722 1237 1757 excerptis
1257 1729 1291 1749 ex
1303 1721 1446 1748 codicibus
1460 1720 1525 1748 olim
1537 1719 1723 1753 Coislinianis,
1739 1729 1800 1757 pag.

165 1779 235 1807 1196
258 1777 413 1813 descriptis,
434 1785 495 1812 quae
512 1776 650 1803 debentur
674 1775 765 1803 studio
781 1776 815 1803 cl.
833 1776 997 1811 Lobsteinii,
1013 1779 1073 1806 0rd.
1092 1780 1319 1815 philosophorum
1337 1781 1365 1807 in
1380 1779 1465 1807 Acad.
1481 1778 1801 1814 Argentoratensi'nunc

164 1837 296 1873 adjuncti.
319 1834 607 1874 Subiecimusgdeinde
635 1842 695 1869 pag.
717 1834 784 1861 1254
799 1842 856 1870 seq.
871 1844 932 1870 qua:
949 1837 976 1863 in
1000 1838 1157 1873 apographo
1173 1838 1378 1866 Vindobouensi
1397 1843 1426 1866 et
1446 1839 1605 1866 Florentino
1619 1839 1802 1874 deprehendi-

163 1903 226 1922 mus
238 1893 271 1921 ad
284 1892 497 1928 Hypomnestica
510 1892 537 1918 in
552 1891 675 1918 Psaimos
686 1892 862 1927 pertinentia.

200 1951 306 1979 Indices
318 1950 455 1978 debentur
469 1948 560 1976 studio
573 1948 608 1975 cl.
626 1946 732 1980 Bavcri,
747 1947 779 1976 A.
797 1947 831 1975 Μ.
845 1952 872 1975 et
884 1949 989 1984 scholae.
999 1949 1240 1986 Hirschbergensis
1253 1952 1368 1978 rectoris
1383 1951 1563 1984 meritissimi,
1575 1952 1622 1987 qui
1636 1952 1693 1987 jam
1708 1953 1802 1981 multis

163 2007 265 2042 ingenii
283 2010 365 2040 atque
376 2004 507 2032 doctrina:
525 2003 723 2038 speciminibus
739 2003 848 2031 laudem
870 2005 979 2037 meruit,
1001 2014 1083 2040 quam
1103 2006 1155 2034 hoc
1169 2015 1241 2035 novo
1258 2008 1353 2036 labore
1369 2008 1489 2036 feliciter
1504 2014 1616 2044 peracto
1636 2013 1743 2037 auctam
1762 2010 1801 2037 illi

163 2064 343 2100 gratulamur.
360 2061 449 2090 Efficit
464 2061 546 2088 etiam
559 2061 593 2087 cl.
612 2060 736 2088 Bertram
748 2061 780 2088 Α.
800 2061 833 2088 Μ.
847 2062 1007 2090 assiduitate
1019 2071 1069 2091 sua
1080 2069 1109 2091 et
1125 2064 1225 2092 eximia
1243 2065 1396 2101 diligentia,
1413 2071 1442 2094 ut
1455 2067 1532 2094 multi
1543 2067 1716 2102 mirarentur,
1732 2069 1801 2099 adeo

163 2131 225 2151 rara
242 2123 269 2150 in
288 2123 341 2150 hoc
356 2123 484 2150 universo
502 2126 586 2155 opere
596 2126 656 2146 esse
676 2119 879 2155 typothetarum
893 2121 1057 2155 sphalmata.

198 2181 272 2208 inter
284 2180 402 2207 maxima
416 2185 506 2207 autem
525 2179 669 2211 beneﬁcia,
688 2187 749 2214 qua:
762 2180 817 2207 Deo
838 2181 869 2208 T.
882 2181 913 2209 Ο.
927 2182 961 2209 Μ.
978 2188 1089 2218 accepta
1107 2183 1208 2216 refero,
1224 2185 1276 2212 hoc
1294 2185 1429 2221 imprimis
1445 2191 1495 2218 per
1509 2187 1593 2211 totam
1612 2185 1696 2212 vitam
1710 2194 1800 2214 meam

160 2236 320 2268 celebrabo,
332 2237 404 2271 quod
417 2237 550 2265 hodierno
568 2237 612 2265 die
625 2246 658 2264 ex
671 2242 735 2265 voto
746 2238 812 2265 mihi
831 2239 953 2275 contigit.
973 2240 1128 2275 Adjuvante
1140 2241 1213 2268 enim
1229 2242 1333 2275 divina,
1349 2250 1410 2277 quae
1428 2250 1524 2271 omnes
1544 2244 1724 2279 cogitationes
1738 2247 1799 2274 lau-

148 2296 268 2330 .dcsque
281 2300 387 2323 nostras
397 2302 519 2331 superat,
534 2297 631 2332 gratia,
643 2297 676 2325 ad
694 2298 776 2325 linem
792 2306 865 2326 nunc
882 2300 1033 2334 perductus
1044 2305 1086 2328 est
1100 2301 1188 2334 labor,
1203 2310 1253 2337 per
1267 2307 1339 2336 octo,
1356 2307 1384 2331 et
1395 2294 1469 2339 quod
1484 2306 1616 2337 excurrit,
1629 2314 1715 2334 annos
1727 2307 1799 2335 inter

161 2352 265 2379 inultas
277 2351 451 2380 difficultates
462 2357 489 2380 et
501 2354 706 2383 vicissitudines
717 2356 904 2385 continuatus.
916 2357 1002 2391 Quem
1020 2362 1050 2386 ut
1067 2359 1140 2387 Deus
1153 2359 1180 2386 in
1193 2361 1291 2388 summi
1304 2362 1425 2393 nominis
1435 2362 1477 2389 sui
1490 2363 1613 2397 gloriam,
1630 2365 1798 2400 multamque

163 2409 280 2437 aliorum
294 2409 440 2437 utilitatem
457 2410 556 2437 cedere
569 2410 674 2445 jubeat,
693 2411 809 2446 supplex
822 2419 880 2438 oro.

198 2467 300 2494 Dabam
317 2465 400 2499 “alae,
414 2466 441 2493 in
458 2467 605 2495 Academia
619 2467 817 2500 Fridericiana,
836 2468 862 2495 d.
881 2477 942 2496 xxv:
955 2470 1066 2505 Aprilis,
1078 2470 1111 2497 Α.
1131 2472 1163 2498 Β.
1183 2471 1211 2498 S.
1225 2480 1398 2502 unccuxuu.

197 2544 237 2587 te)
249 2544 324 2586 lianc
333 2545 480 2587 legionum
491 2546 652 2575 varietatem
664 2554 696 2574 ex
708 2552 804 2575 catena
816 2547 950 2583 Lipsiensi
970 2557 1129 2584 expressam
1140 2549 1174 2577 ad
1187 2555 1290 2579 tomum
1319 2553 1439 2587 primum
1470 2538 1658 2585 revocavimus
1668 2562 1697 2586 et
1711 2560 1795 2587 textui

164 2580 339 2617 subjecimus.
354 2581 429 2608 Ευιτ.
442 2581 525 2609 Pun.
850 2580 857 2583 “

1801 2620 1806 2635 i
