1969 3052
137 189 175 222 33
715 193 951 224 AUC’I‘ARIUM.
965 206 999 211 -
1019 194 1068 224 AD
1085 194 1172 225 TOM.
1193 195 1240 225 1V.
1542 172 1547 175 -
1737 195 1774 230 δι

162 300 1756 318 —________.______________,___________.

731 397 805 441 AD
846 396 1064 443 TOMUM
1105 399 1187 443 IV.

590 506 834 537 THEODORETI
853 507 1053 538 SERMONES
1073 508 1121 538 ET
1140 508 1324 539 HOMILI/E.

135 683 330 718 Θεοδωρήτου
350 682 373 698 ³⁸
390 683 560 719 ὲπιᾳκνόπου
578 682 687 719 Κύρου,
713 682 859 719 ἐγκώμιον
884 683 927 719 είς

984 682 1036 719 εξ,
1054 682 1207 719 Theodoreti
1231 683 1343 718 episcopi
1363 683 1436 719 Cyri,
1464 684 1491 711 in
1510 686 1675 714 nativitatem
1698 695 1773 717 vene-

171 717 393 754 τὴνηέννησιν
406 718 458 744 τοῦ
473 718 596 754 ἐντίμου
610 717 659 754 καί
672 717 800 754 ᾃνδρξου
813 718 928 752 προφή-

172 752 226 782 του
240 752 288 781 καί
303 752 660 788 προδρόμουἙιιπτιστοῦ
677 752 827 779 Ἰωάννου.

174 809 206 836 El
226 809 276 844 μὲν
291 810 306 835 ό
320 808 367 835 τοῦ
380 808 466 842 Λόγου
480 808 568 844 χήρυξ
584 807 630 835 καὶ
645 808 797 844 πρόδρομος
810 808 863 835 τῶν
880 809 929 836 κὰ-

133 865 176 883 τω
187 856 274 890 λόγων
293 855 379 882 ἐδεῖτο
399 855 466 890 πρὸς
482 854 603 887 ἔπαινον,
618 854 728 890 θαρρεῖν
747 854 796 890 μὲν
813 855 868 881 οὐδ’
883 854 929 881 οὓ-

135 910 191 934 τως
217 902 232 928 ό
256 900 351 936 παρὼν
376 898 431 936 εῐχε
451 900 541 934 λόγος,
567 900 598 926 τὸ
614 900 743 927 ἀδύνατον
761 901 830 936 τάχα
848 900 864 936 ἢ
882 900 928 927 καὶ

135 946 239 982 ἄπορον
258 944 489 981 προδαλλόμενος,
506 944 553 971 καὶ
568 944 598 971 τὸ
619 943 704 980 μείζω
721 944 737 980 ἢ
754 944 824 971 κατὰ
846 943 927 970 δύνα-

137 1001 185 1027 μιν
199 992 290 1026 λόγου,
301 991 352 1027 τὴν
363 989 504 1026 παροῦσαν
516 989 643 1016 ὑπόθεσιν
654 990 759 1025 ὲνορᾷν·
774 989 836 1016 ἐπεὶ
852 990 873 1016 δ’
885 986 929 1016 οὖ-

134 1048 182 1070 τος
193 1039 297 1066 ἄνωθεν
311 1038 370 1074 μὲν,
393 1038 441 1065 καὶ
454 1038 531 1074 παρὰ
543 1037 591 1064 τοῦ
614 1037 672 1065 ἄνω
693 1038 741 1065 καὶ
757 1037 866 1074 πρώτου
881 1037 930 1065 Λό-

134 1094 198 1120 γου,
212 1085 261 1120 τὴν
275 1084 427 1120 μαρτυρίαν
447 1084 543 1119 εἴληφε
571 1083 618 1111 καὶ
631 1083 678 1111 τὸν
697 1083 818 1117 ἔπαινον,
836 1092 928 1119 περιτ-

135 1131 182 1162 τὸς
199 1130 248 1166 μὲν
263 1130 336 1162 ἄπας
349 1129 427 1164 λόγος
440 1129 515 1165 αὑτῷ
533 1129 749 1164 προσαγόμενος,
766 1127 894 1164 περιττὸς
906 1128 928 1155 δ’

135 1176 150 1202 ό
162 1176 211 1210 τῆς
226 1175 350 1210 γλώττης
364 1175 474 1207 ἔπαινος
490 1174 585 1201 τούτου
603 1174 672 1210 πρὸς
686 1173 824 1209 εὐφημίαν
837 1173 928 1200 κινού-

137 1230 228 1257 μενος.
248 1221 297 1253 Τίς
314 1221 336 1237 ³ο
360 1221 414 1256 γὰρ
431 1221 478 1247 καὶ
494 1220 566 1247 εῐποι
589 1220 620 1246 τὸ
639 1220 775 1252 τοσοῦτον,
787 1220 820 1246 δι’
836 1220 866 1246 οὑ
881 1219 929 1247 καὶ

135 1268 230 1299 ποσῶς
246 1268 296 1302 τῆς
312 1267 440 1302 ἀληθείας
453 1267 594 1300 ὲφίκοιτο;
613 1266 680 1292 Οὐδὲ
691 1266 746 1301 γὰρ
763 1265 818 1292 οὐδ’
829 1257 864 1292 εὶΔ
876 1266 929 1297 πᾶς

135 1312 216 1346 λόγος
230 1313 269 1344 εἰς
281 1312 311 1338 ἐν
324 1312 375 1347 ἤδη
386 1311 518 1343 συνέλθοι.
531 1312 577 1338 καὶ
588 1311 653 1346 μίαν
666 1311 824 1337 ἀποτελέσει
837 1311 929 1346 φωνὴν

1017 718 1097 755 (undi
1114 722 1138 745 et
1153 718 1412 755 gloriosiqprophetat
1428 723 1453 746 et
1476 722 1648 755 prwcursoris
1661 722 1773 751 Joannis

1018 753 1157 788 Baptism,
1175 754 1331 781 encomium.

1017 809 1132 837 Etiamsi
1147 809 1231 837 Verbi
1247 817 1337 845 praeco
1355 815 1383 837 et
1401 817 1556 844 prtecursor
1582 813 1699 840 terrenis
1726 821 1774 840 vo-

982 854 1061 882 cibus
1079 854 1114 882 ad
1134 854 1320 882 laudationem
1347 855 1492 890 indigeret.
1518 863 1572 883 non
1591 863 1664 885 esset
1682 862 1773 886 tamen

982 899 1055 934 quod
1075 899 1102 927 in
1118 900 1170 927 hac
1185 901 1309 927 oratione
1322 900 1491 928 confiderem
1508 909 1514 927 :
1534 901 1590 928 imo
1601 903 1773 937 propositum

982 950 1174 980 argumentum
1191 946 1330 981 persequi,
1346 953 1408 973 cum
1430 945 1601 981 impossibile
1627 952 1655 974 et
1677 948 1774 976 obsur-

981 990 1058 1024 dum,
1077 995 1136 1018 tum
1151 991 1226 1018 omni
1243 999 1370 1019 sermone
1385 992 1473 1027 majus
1492 999 1563 1024 esse,
1578 998 1768 1028 praetexerem.

981 1036 1049 1064 Cum
1065 1041 1158 1065 autem
1173 1037 1217 1065 ille
1229 1037 1338 1066 coalitus
1348 1041 1376 1065 et
1389 1046 1404 1065 a
1416 1038 1511 1065 divino
1524 1039 1669 1074 primoque
1683 1041 1774 1068 Verbo

982 1083 1170 1110 testimonium
1183 1091 1214 1110 ac
1231 1083 1340 1110 laudem
1353 1084 1501 1119 acceperit,
1515 1084 1616 1112 frustra
1631 1085 1666 1112 sit
1683 1086 1773 1114 omnis

982 1129 1071 1156 oratio
1087 1129 1211 1164 quaesita,
1228 1129 1330 1156 frustra
1352 1130 1451 1164 linguae
1467 1131 1635 1164 praeconium
1659 1132 1719 1166 ejus
1744 1134 1772 1159 in

981 1175 1115 1202 honorem
1133 1175 1299 1202 adhibitum.
1315 1174 1382 1208 Quis
1397 1175 1440 1202 vel
1456 1183 1542 1202 unum
1569 1176 1636 1203 illud
1657 1177 1769 1208 dixerit,

981 1229 997 1248 a
1014 1229 1069 1256 quo
1088 1225 1116 1248 et
1130 1229 1184 1256 qua
1206 1222 1314 1248 ratione
1331 1221 1474 1248 veritatem
1489 1220 1573 1248 fuerit
1585 1223 1772 1249 consecutus?

981 1267 1076 1302 Neque
1092 1267 1177 1299 enim,
1200 1266 1224 1294 si
1245 1266 1336 1294 omnis
1354 1267 1444 1294 oratio
1464 1267 1491 1294 in
1509 1266 1622 1294 delicias
1634 1267 1707 1302 ipsas
1727 1275 1772 1294 co-

982 1317 1042 1340 acta
1059 1313 1104 1346 sit,
1123 1319 1274 1347 vocemque
1287 1313 1395 1339 unicam
1412 1312 1583 1346 splendidam
1608 1313 1661 1348 85
1674 1317 1701 1339 ct
1716 1320 1773 1340 ma-

135 1358 338 1393 λαμπρόφωνον
357 1357 416 1393 ἅμα
436 1358 484 1384 καὶ
507 1357 708 1393 μεγαλόφωνον,
726 1357 772 1384 τὸν
790 1357 865 1389 ἄξιον
890 1357 927 1393 τῷ

984 1366 1062 1394 gnam
1079 1358 1237 1393 perfecerit,
1250 1358 1349 1385 Joanni
1360 1357 1454 1387 divino
1464 1359 1576 1386 numine
1596 1367 1678 1393 supra
1690 1367 1773 1394 quant

136 1404 278 1440 Βαπτιστῇ
292 1403 402 1431 ἔπαινον
415 1404 539 1438 ἀποδοίη,
552 1403 630 1430 πάνθ’
641 1403 711 1439 ὑπὲρ
728 1404 806 1438 λόγον
820 1404 859 1439 τῷ
873 1403 930 1430 θεο-

136 1449 234 1485 λήπτῳ
255 1450 354 1484 ἔχοντι,
382 1450 470 1476 πάντα
499 1449 608 1485 ἇληπτά
630 1458 659 1476 τε
676 1450 723 1476 καὶ
745 1441 928 1485 ἀπερίληπτα.

137 1495 223 1522 Ὥστε
253 1495 328 1531 αὐτῷ
357 1496 405 1531 μὲν
440 1495 589 1531 ἀποχρῶσα
616 1495 696 1531 μόνη,
727 1497 743 1531 ἡ
778 1495 930 1531 Δεσποτικὴ

136 1541 239 1577 δηλαδὴ
251 1542 299 1568 καὶ
314 1541 374 1568 θεία
386 1541 472 1577 φωνὴ,
488 1539 522 1578 ἧς
541 1542 589 1568 καὶ
603 1541 709 1575 άληθῶς
724 1541 826 1572 ἐκεῖνος
844 1540 928 1574 ἄξιος,

137 1587 186 1612 καὶ
200 1587 234 1613 δι’
248 1587 281 1623 ἢν
296 1586 362 1622 ἄλλη
378 1588 452 1614 πᾶσα
465 1586 542 1623 φωνὴ
561 1587 699 1622 ὑποχωρεῖ
723 1586 762 1621 τῷ
778 1586 930 1622 τηλικούτῳ

137 1632 186 1658 καὶ
198 1632 388 1665 ὑπεξίσταται.

173 1679 213 1705 Δι’
225 1678 244 1705 ἃ.
257 1679 304 1705 καὶ
318 1679 392 1714 αὐτῴ
405 1687 449 1713 μοι
461 1678 567 1714 βέλτιον
582 1675 653 1705 εἶναι
664 1678 747 1711 δοκεῖ,
765 1678 803 1714 μὴ
818 1677 928 1714 μικρὸν,

138 1725 179 1760 μὴ
194 1725 265 1760 μέγα
280 1724 448 1759 φθέγξασθαι
462 1725 509 1752 ἐπὶ
521 1725 568 1752 τοῦ
584 1725 716 1760 παρόντος
728 1731 735 1739 ·
751 1724 789 1756 ὡς
801 1724 834 1751 ἂν
850 1725 888 1760 μή
902 1732 929 1751 τι

136 1771 186 1797 καὶ
195 1770 264 1804 δόξω
287 1770 418 1806 πράττειν
439 1770 774 1806 παρακεκινδυνευμένον,
793 1769 872 1804 λόγον
883 1769 928 1797 τὸν

136 1817 206 1852 παρ’
225 1815 345 1851 ἐμαυτοῦ
356 1816 484 1843 ὑποθέσει
494 1816 565 1844 οὕτω
586 1816 718 1852 μεγέθους
729 1816 829 1852 ἐχούσῃ
842 1824 929 1852 προσ-

141 1862 249 1889 ϐάλλων
263 1882 271 1895 ,
299 1862 328 1895 ὃς
344 1863 392 1890 καὶ
409 1863 496 1895 ἄλλως
511 1862 611 1897 φαῦλος
628 1862 781 1898 τυγχάνων,
807 1861 855 1890 νῦν
881 1862 928 1889 καὶ

139 1908 257 1942 μάλιστα
273 1908 304 1934 τὸ
314 1908 397 1944 μηδὲν
406 1906 475 1936 εἶναι
486 1908 565 1941 δόξει,
584 1909 625 1936 ὃτι
649 1909 710 1945 μηδ’
732 1909 805 1944 ἐρεῖν
827 1917 854 1935 τι
873 1907 928 1935 τῶν

137 1955 233 1990 ἐκείνῳ
250 1955 405 1991 προσόντων
418 1955 570 1992 δυνήσεται.

173 2013 229 2039 Καὶ
242 2013 304 2047 ἐμοὶ
326 2013 375 2048 μὲν
390 2013 436 2040 διὰ
457 2013 544 2040 ταῦτα
558 2013 690 2048 κρείττων
714 2014 731 2049 ή
745 2014 835 2050 σιωπὴ
846 2033 854 2046 ,
880 2014 927 2041 καὶ

135 2058 345 2093 λυσιτελεστέρα
360 2059 407 2086 τοῦ
423 2059 589 2094 φθέγγεσθαι
599 2068 606 2075 ·
621 2059 680 2086 ἐπεὶ
696 2060 719 2086 δ’
740 2060 797 2095 ὁρῶ
813 2059 926 2092 πολλοὺς

135 2105 176 2140 τῷ
191 2105 335 2141 πράγματι
347 2106 585 2141 δυσχεραίνοντας,
599 2107 646 2132 καὶ
655 2106 702 2133 τὸν
712 2106 790 2140 λόγον
800 2107 927 2133 ἐκκαλου-

137 2150 236 2185 μένους
250 2170 257 2182 .
285 2151 334 2177 καὶ
363 2151 480 2185 μάλιστα
494 2150 543 2185 τῆς
566 2150 622 2178 τῶν
647 2151 777 2184 γενεσίων
793 2151 927 2187 ἐνστάσης

134 2197 256 2238 ἡμέρας,
270 2197 288 2232 ἢ
300 2197 349 2223 καὶ
365 2197 451 2232 μείζω
466 2197 512 2223 τὸν
534 2197 656 2232 παρόντα
679 2197 812 2233 πεποίηκε
833 2198 927 2225 σύλλο-

134 2251 197 2277 γον.
212 2243 260 2269 καὶ
272 2242 306 2269 δι’
321 2242 356 2277 ἢν
367 2242 572 2279 ὲμπαράσκευοι
586 2243 654 2278 πρὸς
663 2243 712 2278 τὴν
725 2243 857 2278 ἀκρόασιν
868 2244 928 2280 ἐλη-

133 2288 250 2315 λύθασιν
266 2289 396 2320 ἕκαστος,
416 2289 442 2315 οἳ
464 2288 513 2315 καὶ
530 2288 657 2324 περιττόν
673 2297 732 2320 πως
751 2289 798 2316 καὶ
813 2289 927 2324 ἄκαιρον

133 2336 166 2362 τὸ
181 2336 316 2370 ἡμέτερον
338 2335 459 2368 οἴονται,
485 2335 524 2367 ὡς
539 2335 587 2362 καὶ
607 2335 641 2362 δι’
667 2335 783 2366 ὀνείδους
805 2335 925 2362 τιθέναι·

133 2382 208 2409 δοκῶ
223 2389 269 2416 μοι
283 2381 332 2408 καὶ
348 2381 425 2416 παρὰ
436 2380 550 2416 γνώμην
571 2379 650 2406 λῦσαι
674 2381 724 2415 τὴν
741 2381 857 2417 σιωπὴν,
879 2382 927 2409 καὶ

133 2428 181 2454 τὸν
191 2427 271 2461 λόγον
282 2447 289 2458 ,
302 2427 354 2453 κᾶν
368 2426 471 2461 φαῦλον
481 2426 556 2458 ὄντα,
567 2426 659 2453 δοῦναι
672 2428 729 2458 τοῖς
743 2426 924 2462 βουλομένοις·

134 2473 175 2505 ὡς
188 2473 221 2499 ἂν
239 2473 275 2508 μὴ
288 2474 336 2499 καὶ
350 2473 498 2508 φαινοίμην
513 2471 623 2504 τούτους
641 2472 822 2507 παραλυπῶν,
836 2472 877 2505 οἷς
896 2474 926 2501 τὸ

134 2519 301 2555 χαρίζεσθαι
313 2519 428 2553 βέλτιον.

174 2565 280 2596 Ἄλλως
295 2574 323 2591 τε
341 2565 387 2591 καὶ
403 2564 453 2599 τῆς
469 2564 563 2599 φωνῆς
574 2564 622 2591 νῦν
636 2565 832 2600 προαχθείσης,
843 2565 926 2601 λυθῆ-

135 2620 182 2639 ναι
192 2612 264 2646 τάχα
281 2611 329 2638 καὶ
339 2611 388 2646 τὴν
407 2611 545 2646 ἡμετέραν
559 2611 643 2646 ἐχρῆν
659 2611 706 2638 ἐπὶ
730 2613 817 2649 τούτῳ
835 2614 927 2649 φωνὴν

135 2657 254 2693 ᾅδουσαν
265 2665 294 2683 τε
305 2656 388 2683 αὑτοῦ
403 2657 436 2683 τὰ
449 2656 585 2691 γενέθλια,
595 2657 642 2683 καὶ
657 2658 707 2693 τὴν
721 2659 848 2694 ὑπερφυᾶ
863 2669 928 2687 κατ-

982 1404 1036 1431 dici
1051 1408 1141 1439 potest
1151 1404 1250 1437 amato,
1265 1404 1555 1439 incomprehensibilia
1568 1405 1659 1431 omnia
1679 1409 1706 1431 et
1723 1405 1774 1431 im-

982 1458 1076 1477 mensa
1099 1450 1302 1485 complcctenti,
1321 1449 1417 1485 dignas
1430 1449 1527 1477 laudes
1541 1450 1684 1485 rependat.
1697 1450 1773 1478 Adco

983 1500 1013 1523 ut
1024 1495 1075 1530 ipsi
1089 1495 1169 1522 unica
1182 1503 1235 1522 vox
1250 1495 1376 1527 suﬂiciat,
1393 1495 1534 1523 Dominica
1557 1495 1663 1523 scilicet
1682 1501 1710 1523 et
1729 1496 1772 1524 di-

981 1541 1055 1574 vina,
1073 1549 1126 1576 qua
1144 1549 1207 1568 cum
1220 1549 1284 1568 vere
1297 1541 1396 1576 dignus
1412 1542 1458 1574 sit,
1471 1542 1562 1569 omnis
1574 1542 1628 1570 alia
1643 1543 1704 1578 ejus
1716 1550 1773 1570 me-

981 1587 1044 1614 ritis
1054 1587 1128 1614 cedit
1139 1591 1167 1614 et
1181 1586 1297 1614 inferior
1312 1591 1364 1614 est.

1015 1678 1199 1711 Quamobrem
1216 1677 1302 1705 satius
1319 1677 1385 1704 mihi
1401 1676 1528 1709 videtur,
1546 1684 1636 1712 neque
1653 1684 1769 1711 parvum

979 1723 1095 1759 aliquid,
1109 1731 1198 1758 neque
1215 1731 1343 1758 magnum
1357 1723 1391 1750 de
1402 1722 1542 1758 proposito
1557 1726 1719 1757 argumento
1730 1721 1772 1748 lo-

980 1770 1028 1806 qui
1043 1779 1050 1797 :
1065 1774 1096 1797 ut
1118 1777 1154 1797 ne
1175 1769 1240 1804 quid
1258 1768 1442 1804 periculosius
1461 1775 1541 1803 agere
1558 1767 1664 1799 videar,
1689 1771 1772 1794 tanta:

979 1815 1123 1852 dignitatis
1137 1818 1299 1850 argumento
1312 1820 1467 1841 sermonem
1486 1820 1502 1840 a
1521 1812 1625 1846 meipso
1639 1812 1647 1821 '
1662 1819 1772 1839 accom—

979 1861 1106 1893 modans,
1117 1860 1166 1895 qui
1180 1867 1243 1887 cum
1258 1859 1360 1894 alioqui
1372 1858 1408 1886 sit
1425 1858 1589 1892 incomptus,
1605 1864 1680 1884 nunc
1696 1861 1772 1884 certe

979 1907 1086 1936 inutilis
1097 1905 1255 1938 habebitur,
1267 1905 1368 1940 quippe
1381 1904 1428 1940 qui
1440 1904 1508 1932 nihil
1526 1910 1633 1936 eorum,
1646 1910 1708 1938 quae
1718 1903 1773 1930 sint

979 1954 1008 1982 in
1019 1954 1135 1985 Joanne,
1150 1952 1237 1988 possit
1253 1951 1399 1987 explicare.

1015 2009 1082 2037 Mihi
1103 2008 1216 2044 quidem
1238 2012 1385 2043 propterea
1407 2008 1489 2035 silere
1512 2007 1604 2042 potius
1624 2012 1653 2035 et
1677 2007 1771 2035 utilius

977 2063 1031 2091 est,
1043 2056 1213 2093 quamloqui
1228 2065 1234 2083 :
1245 2064 1354 2089 verum,
1363 2063 1425 2083 cum
1437 2056 1540 2083 multos
1548 2055 1655 2083 videam
1669 2055 1696 2082 id
1710 2062 1770 2082 mo-

977 2104 1047 2132 leste
1060 2104 1145 2135 ferre.
1160 2107 1189 2131 et
1204 2103 1356 2131 orationem
1373 2108 1512 2137 expetere,
1531 2101 1583 2129 hac
1598 2101 1770 2137 potissimum

977 2149 1168 2177 natalitiorum
1180 2148 1236 2181 die,
1254 2156 1316 2184 quae
1334 2148 1466 2183 majorem
1484 2147 1550 2175 fecit
1568 2147 1642 2174 hunc
1656 2153 1770 2173 conses-

978 2204 1050 2229 sum,
1081 2195 1200 2223 maxime
1224 2202 1288 2222 cum
1311 2194 1400 2229 parati
1419 2193 1453 2222 ad
1479 2193 1648 2220 audiendum
1668 2191 1770 2227 singuli

977 2241 1169 2274 convenerint,
1192 2241 1241 2276 qui
1259 2247 1496 2275 supervacaneum
1523 2237 1726 2273 quodammodo
1741 2241 1771 2265 et

978 2287 1202 2322 intempestivum
1230 2291 1355 2314 nostrum
1381 2285 1527 2313 consilium
1549 2285 1611 2316 rati,
1632 2284 1660 2311 id
1688 2284 1770 2311 nobis

976 2332 1080 2367 probro
1096 2336 1251 2366 verterent;
1268 2332 1308 2359 sic
1322 2339 1421 2360 censeo
1435 2330 1598 2358 solvendum
1613 2338 1673 2358 esse
1689 2330 1767 2362 mihi,

979 2377 1023 2405 vel
1049 2382 1150 2412 praeter
1181 2378 1351 2412 opinionem,
1376 2377 1529 2408 silentium,
1554 2380 1582 2403 et
1603 2375 1768 2407 orationem,

979 2423 1045 2450 licet
1064 2423 1196 2458 ineptam,
1223 2424 1256 2451 ad
1277 2431 1325 2450 eos
1339 2423 1386 2458 qui
1405 2423 1528 2457 exigunt.
1546 2421 1710 2452 habendam,
1733 2428 1768 2448 ne

979 2469 1076 2497 videar
1094 2469 1245 2502 oﬂ‘endere,
1264 2469 1365 2504 quibus
1380 2473 1491 2503 praestat
1504 2468 1663 2503 gratificari.

1014 2571 1048 2598 Et
1065 2578 1132 2598 vero
1153 2577 1216 2597 cum
1238 2577 1290 2597 vox
1315 2570 1494 2605 pmcesserit,
1521 2570 1641 2604 oportuit
1660 2577 1769 2605 quoque

978 2621 1074 2642 vocem
1089 2619 1211 2642 nostram
1231 2615 1309 2642 ocius
1322 2615 1402 2648 solvi,
1423 2623 1484 2650 quae
1500 2615 1625 2642 laudaret
1640 2616 1701 2650 ejus
1719 2623 1769 2643 na-

979 2660 1077 2692 talitia,
1091 2664 1118 2687 et
1134 2664 1239 2687 natura:
1251 2660 1334 2687 modo
1348 2660 1518 2695 superiorem
1536 2660 1684 2687 adventum
1699 2668 1768 2695 prte-

135 2703 324 2739 αγγέλλουσαν
344 2703 468 2738 πρόοδον.
495 2703 601 2730 Οὐκοῦν
619 2703 665 2730 διὰ
689 2704 776 2731 πάντα
796 2706 844 2732 καὶ
862 2715 927 2741 συγ-

984 2707 1100 2734 dicaret.
1119 2705 1179 2733 Erit
1202 2705 1294 2740 itaque
1314 2706 1380 2733 huic
1402 2706 1522 2734 sermoni
1541 2706 1671 2733 nonnulla
1691 2707 1770 2734 venia

163 2793 186 2830 θ’
201 2792 378 2830 Theodoreto
396 2794 577 2830 quidemrhoc
591 2795 747 2822 encomium
771 2795 904 2822 tribuitur
921 2795 949 2822 in
972 2796 1033 2823 cod.
1050 2796 1138 2823 Vatic.
1154 2797 1238 2830 1074,
1253 2802 1321 2825 teste
1340 2798 1456 2830 Allalio,
1474 2798 1535 2826 aliis
1556 2803 1646 2825 autem
1661 2798 1770 2825 videtur

135 2827 286 2868 '_l'_heodoro
306 2827 492 2868 Daphnopatte
513 2829 580 2868 illud
596 2830 883 2868 vindicandumvesse.
902 2831 971 2868 Vide
985 2831 1092 2868 Fabric.
1110 2831 1178 2868 Βίίιι.
1200 2827 1246 2860 Cf.
1274 2833 1326 2860 vol.
1344 2833 1388 2865 Vl,
1404 2841 1431 2867 p.
1450 2827 1526 2865 '557;
1542 2838 1569 2860 et
1588 2834 1646 2866 V'll,
1663 2841 1689 2868 p.
1706 2833 1768 2860 ΜΟ.

135 2862 393 2902 ldem‘eneomium
415 2862 506 2902 enstat
520 2865 794 2902 incodiceiquodam
810 2866 987 2902 Bibliotheete
1001 2866 1129 2902 Medic-eae
1142 2866 1286 2897 Laurent.,
1306 2868 1353 2896 ubi
1368 2862 1490 2896 a'd'diem
1502 2862 1536 2895 ελ
1552 2869 1625 2896 Junii
1641 2862 1769 2902 refertur,

134 2897 186 2926 sed
200 2898 307 2934 absque
322 2899 466 2934 scriptoris
486 2900 607 2928 nomine.
622 2897 814 2929 Videandini
827 2901 914 2930 Catal.
931 2906 951 2928 t.
967 2902 989 2934 l,
1005 2910 1033 2937 p.
1048 2901 1110 2929 496.
1147 2903 1168 2919 ²⁹
1181 2903 1232 2935 τίς.
1248 2903 1320 2931 Edit.
1335 2903 1411 2938 prior
1423 2902 1519 2930 habuit
1533 2903 1569 2929 τι.
