1969 3052
229 171 261 201 35

843 174 1000 203 OPERUM
1019 174 1042 202 Τ
1044 174 1263 204 ΗΕΟΒΟΒΕΤΙ

1816 176 1852 208 26

228 229 309 259 atque
326 225 476 255 excusatio,
497 226 538 251 vel
553 225 616 252 hinc
629 227 736 257 saltem,
757 226 830 260 quod
850 227 954 261 aliquid
970 235 1009 254 ac-

1069 227 1165 263 γνώμη
1181 227 1220 263 τῷ
1233 228 1304 264 λόγῳ
1319 229 1365 255 καὶ
1380 229 1544 265 παραίτησις
1558 229 1646 261 ἔσται,
1658 230 1740 265 χωρεῖ
1755 231 1812 264 (40)
1826 238 1853 256 τι

228 270 428 297 commodatum
461 271 495 297 ad
519 272 690 306 propositum
722 272 778 307 86
805 273 1015 307 complectatur.

228 315 304 348 Quod
316 315 337 342 si
351 316 413 343 huic
426 316 483 343 sola
496 325 568 344 nunc
579 317 706 352 Baptistae
718 318 847 345 nativitas
855 319 1017 353 exponenda

228 361 398 396 subjiciatur,
417 368 515 389 cetera
528 371 593 390 vero
615 364 870 397 prretermittantur,
886 364 938 391 hoc
959 365 1016 399 ipso

228 407 342 434 fortasse
359 409 472 442 penuria
486 409 597 436 obtendi
609 414 702 444 posset
715 419 721 436 :
735 411 812 444 quasi
827 411 895 437 nihil
907 418 1014 442 eorum,

228 461 288 487 qua:
296 458 434 487 aptentur,
444 453 535 481 dicere
542 455 668 487 habeam,
678 456 830 490 cujusmodi
840 461 903 484 sunt
913 457 1014 489 omniaI

228 505 289 532 qua:
301 498 334 525 de
346 500 523 533 consequenti
537 500 602 531 vita,
615 499 649 527 de
662 500 784 528 moribus
794 505 821 527 et
831 506 918 529 tnorte
931 501 1017 536 ipsius

227 542 329 569 omissa
350 543 460 570 fuerunt
482 552 487 569 :
509 552 542 570 ex
564 544 664 578 quibus
686 549 775 572 tamen
801 546 914 573 laudum
933 554 1017 582 argu-

198 589 202 602 "
227 591 320 614 menta
332 592 481 622 suppetunt
497 589 530 616 iis
549 590 596 623 qui
608 590 720 617 laudare
733 591 882 618 voluerint.

263 632 423 668 Quanquam
441 634 474 660 de
487 634 539 661 hoc
556 635 615 669 ipso
630 640 704 662 recte
720 637 822 664 sentire
838 645 892 664 non
908 637 1015 665 videor.

225 678 297 712 Quid
314 678 398 711 enim,
421 679 472 706 etsi
491 681 566 707 nulla
587 680 633 708 ﬁat
656 689 747 708 rerum
770 682 885 709 aliarum
901 683 1014 716 mentio,

227 732 318 751 annon
341 724 399 751 hrec
422 733 473 752 una
494 726 560 753 satis
581 727 735 762 argumenti
753 727 879 761 suﬂiciet,
903 733 931 756 et
954 730 1016 756 illu-

226 774 321 801 strem,
343 774 373 796 ut
388 778 436 804 par
448 775 499 803 est,
518 771 582 798 licet
595 772 630 799 sit
645 773 734 805 unica,
751 773 860 800 dicendi
874 775 1014 802 materiam

226 810 569 849 suppeditabitfl’ossunt
587 817 716 846 videlicet
737 819 871 854 stupenda
884 819 929 846 illa
946 828 1015 854 prte—

225 859 302 886 conis
319 860 479 895 primordia,
495 862 550 888 sola
565 863 692 896 quamvis
711 863 744 890 ad
765 864 949 891 laudationem
967 873 1013 891 ac-

225 905 335 937 cersita,
352 910 440 932 totum
460 907 594 935 orationis
608 913 800 943 argumentum
821 909 880 937 sine
902 910 957 937 ulla
970 910 1013 937 di-

224 951 365 985 gressionc
378 952 503 987 implere.

260 1048 290 1076 In
302 1049 375 1076 hunc
389 1049 472 1085 igitur
483 1057 620 1084 campum,
639 1056 772 1085 quantum
787 1050 861 1083 licet,
873 1059 923 1086 pro
940 1048 1012 1078 virili

225 1099 312 1130 parte,
325 1100 454 1122 excurrat
465 1095 564 1127 oratio,
574 1095 738 1131 omissisque
751 1096 822 1128 aliis,
836 1104 896 1131 qua:
907 1096 1013 1131 singula

224 1148 312 1173 suam,
326 1141 450 1174 utseitis,
464 1141 617 1168 disserendi
631 1142 772 1169 materiem
782 1141 894 1175 habent,
904 1147 1013 1177 oportet

223 1186 343 1223 primum
363 1186 397 1214 de
411 1187 463 1214 viri
480 1195 495 1214 a
512 1187 568 1214 Deo
583 1187 665 1214 alllati
684 1188 844 1223 parentibus
858 1196 1012 1215 sermonem

224 1233 337 1265 habere,
352 1233 399 1268 qui
415 1234 527 1266 fuerint,
538 1234 677 1269 quomodo
688 1234 790 1261 donum
803 1234 869 1269 ipsis
881 1234 1013 1262 divinitus

222 1287 256 1306 ac
271 1284 370 1314 prteter
378 1284 441 1306 natu
447 1288 482 1306 ra:
492 1279 566 1314 leges
573 1280 606 1306 ad
611 1280 716 1306 venerit
727 1289 733 1306 ι
743 1280 904 1314 praeclarum
914 1287 1012 1315 nempe

222 1324 288 1351 illud
302 1331 414 1359 germen
431 1324 519 1351 felicis
535 1329 680 1358 parentum
697 1329 801 1359 partus,
819 1331 1012 1352 ornamentum

223 1369 295 1396 idem
311 1376 342 1395 ac
358 1368 500 1395 terminus.

259 1417 267 1424 '
279 1414 346 1447 Quis
363 1422 427 1441 vero
439 1414 600 1441 Zachariam
616 1417 643 1441 et
659 1414 843 1442 Elisabetham
857 1423 912 1442 non
924 1415 1010 1448 novit,

221 1459 351 1494 eonjugio
364 1468 396 1486 ac
409 1459 532 1486 maribus
546 1458 643 1486 iisdem
655 1460 827 1495 conjunctos.
842 1460 943 1488 virtute
957 1469 1012 1488 non

223 1506 314 1533 minus
329 1505 471 1532 devinctos
489 1513 570 1540 quam
585 1512 711 1540 corpore,
726 1505 802 1532 nullo
818 1513 910 1533 rerum
926 1510 1012 1533 terre—

222 1559 320 1579 narum
334 1551 427 1578 studio
443 1551 598 1585 depressos,
622 1551 656 1578 ad
670 1551 791 1578 omlestia
807 1555 878 1579 totos
891 1559 1010 1587 propen-

222 1598 319 1625 dentes
335 1607 341 1624 :
355 1604 472 1632 quorum
489 1597 552 1624 vitae
570 1597 685 1632 paritas.
703 1604 820 1632 quorum
835 1597 959 1624 ascensio
976 1597 1010 1624 ad

221 1644 318 1676 Deum,
333 1650 452 1678 quorum
463 1650 529 1669 cura
542 1642 697 1675 meliorum,
709 1646 737 1669 et
750 1641 850 1669 mentis
864 1642 941 1677 quasi
953 1642 1011 1670 dei-

223 1690 322 1721 ticatio,
339 1689 393 1723 87
412 1696 529 1723 quorum
549 1696 611 1715 cum
633 1688 704 1715 inter
720 1688 800 1721 alios,
824 1693 882 1714 tum
902 1687 930 1714 in
951 1688 1009 1722 ipsa

222 1734 295 1764 tribu
310 1734 428 1769 dignitas
443 1738 470 1761 et
483 1733 614 1768 splendor
630 1732 744 1768 insignis
755 1733 791 1760 ita
803 1732 864 1765 fuit,
883 1738 913 1760 ιιι
927 1739 954 1760 et
971 1733 1008 1760 ibi

220 1779 378 1806 domeslicis
394 1779 600 1806 antecellerent.

255 1826 293 1852 Ex
306 1825 465 1860 prophetica
480 1825 554 1852 enim
564 1829 593 1851 et
606 1825 768 1852 sacerdotali
778 1825 862 1860 stirpe
875 1826 1008 1853 oriundus

219 1875 280 1898 erat
299 1870 460 1903 Zacharias;
487 1870 661 1905 prophetissa
687 1870 788 1905 pariter
813 1870 871 1905 ipsa
896 1871 1006 1905 conjux,

219 1920 332 1952 propter
351 1915 509 1943 afﬁnitatem
527 1915 650 1950 ejusdem
669 1922 731 1942 cum
746 1915 806 1942 viro
828 1915 967 1951 dignitatis
980 1919 1008 1942 et

218 1962 324 1989 ordinis
336 1961 483 1997 particeps.
495 1961 609 1995 Utrique
624 1968 673 1996 pro
686 1960 809 1995 simplice
819 1959 918 1995 duplex
929 1961 1008 1988 clari-

219 2015 260 2036 tas
276 2008 403 2036 elucebat
419 2016 424 2034 :
445 2007 473 2034 in
489 2006 556 2042 ipsis
579 2013 687 2033 omnem
702 2006 812 2041 pietatis
831 2007 1006 2034 exercitatio~

219 2063 281 2082 nem
297 2054 403 2082 diceres
414 2061 474 2081 esse
489 2054 570 2085 viam,
582 2053 655 2080 unde
669 2061 766 2081 omnes
777 2053 897 2081 caelestis
914 2054 1006 2088 gratiae

218 2101 281 2131 rivi,
297 2104 327 2127 ut
343 2107 392 2135 par
407 2104 458 2131 est,
473 2099 501 2125 in
517 2106 565 2126 eos
577 2098 740 2126 deﬂuerent.
762 2111 766 2113 >

253 2146 342 2174 Unum
354 2149 413 2173 erat
427 2144 569 2176 duntaxat,
582 2143 657 2179 quod
668 2144 735 2179 ipsis
746 2151 780 2171 ex
797 2144 879 2171 animi
892 2148 1004 2171 senten-

217 2192 255 2219 tia
268 2199 323 2218 non
336 2190 458 2222 cederet,
471 2198 571 2225 nempe
583 2198 617 2217 eo
627 2197 713 2224 usque
725 2189 825 2216 vixisse
836 2190 895 2216 sine
909 2190 1005 2217 liberis

217 2241 245 2263 et
256 2235 373 2268 steriles,
388 2235 460 2270 quod
476 2235 548 2270 apud
564 2235 632 2262 alios
647 2235 684 2261 ita
701 2235 900 2262 exsecrandum
918 2235 1004 2262 habe-

216 2283 297 2309 batur
312 2286 340 2309 et
354 2281 501 2317 abjectum,
518 2285 548 2307 ut
565 2285 631 2307 tunc
646 2280 776 2315 temporis
793 2281 895 2314 probro
912 2284 1003 2308 verte-

217 2333 294 2355 retur
313 2337 318 2354 :
337 2335 493 2362 quanquam
506 2335 560 2354 non
576 2327 670 2354 eratid
687 2327 754 2362 ipsis
765 2326 912 2354 admodum
925 2327 1004 2354 triste

216 2383 248 2402 ac
264 2374 427 2406 molestum;
446 2378 579 2400 noverant
599 2373 688 2404 enim,
709 2372 732 2399 si
751 2372 898 2407 quisquam
921 2371 1002 2404 alius,

216 2422 298 2448 rebus
313 2420 415 2447 nostris
431 2420 516 2446 Deum
530 2426 657 2453 praeesse,
671 2422 698 2446 et
710 2418 880 2453 singulorum
897 2418 1003 2446 utilita-

215 2467 289 2494 tibus
304 2466 447 2501 providere
458 2474 465 2497 ;
475 2473 507 2492 ex
524 2465 584 2500 ejus
599 2464 713 2491 arbitrio
725 2469 842 2499 tempus,
863 2468 1000 2495 naturain,

214 2512 306 2539 omnia
320 2511 438 2546 denique
449 2510 581 2546 pendere,
592 2518 662 2544 quae,
684 2514 715 2536 ut
730 2510 818 2536 visum
832 2508 926 2541 fuerit,
946 2509 1002 2536 dis-

215 2561 309 2591 ponat,
321 2560 470 2584 commutet
478 2563 510 2583 ac
520 2555 663 2582 subvertat
683 2563 688 2580 :
707 2554 758 2588 ipsi
770 2553 930 2580 facillimum
941 2561 1002 2580 esse

213 2601 337 2629 catlibem
356 2606 464 2628 uterum
478 2600 596 2635 aperire,
615 2603 643 2626 et
660 2598 779 2630 efﬁcere,
798 2601 829 2624 ut
850 2597 931 2625 eﬂ'cta
954 2604 1003 2624 na-

214 2654 287 2680 tura,
306 2651 449 2683 postquam
464 2649 559 2673 exacta
575 2650 617 2672 est
630 2649 707 2677 tetas,
720 2644 818 2679 pariat.
837 2642 908 2676 Quid
927 2643 1000 2669 enim

212 2700 269 2723 tam
289 2693 408 2725 diﬁicilc,
422 2693 494 2728 quod
507 2693 563 2720 Deo
579 2699 633 2718 non
647 2691 681 2718 sit
695 2689 875 2718 facillimum?

1031 901 1050 928 Β

1024 1572 1045 1600 C

1020 2247 1042 2274 D

1069 274 1138 308 πρὸς
1153 275 1202 310 τὴν
1219 274 1359 301 ὑπόθεσιν.
1386 274 1418 301 El
1434 274 1462 301 δὲ
1477 275 1618 310 πρόκειται
1644 275 1690 301 νῦν
1716 275 1803 311 τούτῳ
1819 277 1854 302 τὰ

1067 320 1117 351 τῆς
1141 321 1294 354 γεννήσεως
1318 320 1397 355 μόνον
1419 320 1464 347 τοῦ
1487 320 1638 347 Βαπτιστοῦ
1658 320 1764 352 διιέναι,
1783 321 1818 347 τὰ
1832 321 1854 347 δ’

1069 365 1135 390 ἄλλα
1152 365 1318 400 παραλιπεῖν
1332 386 1339 397 ,
1358 366 1405 392 καὶ
1427 365 1470 392 διὰ
1494 365 1573 391 τοῦτο
1598 366 1662 397 ἴσως
1678 366 1854 401 προϐαλεῖται

1069 408 1115 434 καὶ
1130 409 1246 443 ἀπορίαν
1258 417 1264 423 ·
1282 409 1320 440 ᾡς
1331 409 1406 435 οῦδὲν
1418 408 1489 444 εἶχον
1507 410 1562 445 (M)
1578 409 1631 436 τῶν
1645 411 1715 437 κατὰ
1727 410 1854 446 βούλησιν

1068 454 1220 488 εἰρηκέναι,
1232 452 1275 480 οἷα
1287 455 1394 482 πάντων
1409 455 1472 490 ἑξῆς
1486 455 1658 491 παρειμένων
1675 457 1722 482 καὶ
1738 456 1795 491 βίου
1806 459 1854 483 καὶ

1067 499 1189 534 ἀγωγῆς,
1206 500 1253 527 καὶ
1263 500 1357 532 τέλους
1370 501 1464 533 αὑτοῦ,
1480 500 1509 533 ἐξ
1535 498 1573 528 ὧν
1596 502 1643 528 καὶ
1658 503 1714 534 τοῖς
1734 503 1853 529 ἐπαινεῖν

1069 544 1242 580 βουλομένοις
1257 545 1291 572 τὰ
1305 547 1354 581 τῆς
1367 547 1503 582 εὐφημίας
1521 547 1667 582 προῆκται.

1109 634 1177 660 Ἀλλ’
1192 634 1221 661 οῦ
1237 644 1281 670 μοι
1296 636 1370 662 δοκεῖ
1385 635 1474 667 καλῶς
1496 637 1558 670 περὶ
1573 636 1648 663 τοῦδε
1660 637 1851 672 ὑπειληφέναι.

1067 681 1100 706 Τί
1113 680 1167 716 γὰρ
1181 682 1205 707 εξ
1226 681 1308 716 μηδὲν
1329 681 1383 707 τῶν
1404 681 1491 708 ἄλλων
1504 681 1752 717 δίαμνημονεύσοι;
1771 683 1852 710 Ἀποε

1067 726 1163 761 χρήσει
1178 725 1233 761 γὰρ
1244 727 1350 758 πάντως
1362 727 1436 762 αὐτῷ
1447 728 1494 754 καὶ
1511 728 1590 762 μόνον
1603 728 1701 764 δηλαδὴ
1711 729 1741 756 τὸ
1754 730 1851 766 παρόνθ

1067 771 1212 798 πολλοστὸν
1228 772 1276 807 μὲν
1290 774 1338 808 τῆς
1357 773 1421 808 ὅλης
1442 773 1596 806 ὑποθέσεως
1619 775 1658 808 ὃν,
1674 776 1803 812 λαμπρὰν
1818 776 1850 809 δ’,

1065 817 1102 848 ὡς
1115 817 1197 849 εἰκὸς,
1216 818 1308 853 φέρον,
1326 819 1372 845 καὶ
1388 819 1467 853 μόνον
1494 819 1556 846 καθ’
1571 820 1638 847 αὐτὸ
1649 820 1698 856 τὴν
1718 821 1850 857 διήγησιν.

1072 864 1148 890 Ἐπεὶ
1164 865 1210 890 καὶ
1228 863 1296 891 οἶδεν
1312 867 1328 901 ή
1349 866 1493 902 θαυμαστὴ
1519 867 1566 893 τοῦ
1585 868 1704 904 κήρυκος
1728 869 1850 904 πρόοδος,

1065 908 1112 934 καὶ
1124 909 1192 944 μόνη
1207 910 1275 945 πρὸς
1287 912 1397 946 μνήμην
1413 911 1498 943 ἰοῦσα,
1512 912 1575 947 ὅλην
1589 921 1617 939 τε
1632 912 1773 948 πληρῶσαι
1788 914 1852 940 ὑπό-

1065 954 1150 987 θεσιν,
1167 956 1213 981 καὶ
1229 956 1311 991 μηδὲν
1335 957 1582 993 προσεπιδεομένην
1603 958 1657 985 τῶν
1676 958 1762 991 ἄλλως
1779 968 1851 996 παρ-

1065 1000 1204 1034 επομένων
1219 1001 1257 1035 τῷ
1272 1001 1353 1036 λόγῳ.

1101 1045 1205 1071 Οὐκοῦν
1221 1053 1266 1081 μοι
1283 1047 1329 1072 καὶ
1349 1046 1387 1078 ὡς
1411 1048 1548 1083 ἐγχωροῦν
1570 1049 1675 1081 ὂιεξίτω
1690 1051 1702 1076 ὁ
1715 1050 1792 1085 λόγος
1817 1051 1851 1078 τὰ

1065 1089 1129 1124 περὶ
1140 1090 1251 1125 ταύτης,
1263 1090 1295 1117 τὰ
1307 1091 1375 1118 ἄλλα
1387 1092 1472 1127 δήπου
1488 1094 1598 1129 παρεὶς,
1608 1091 1644 1121 ὧν
1656 1095 1771 1122 ἕκαστον
1784 1096 1851 1123 [δίαν

1064 1135 1130 1169 ἔχει,
1143 1135 1181 1167 ὡς
1195 1137 1262 1168 ἴστε,
1277 1138 1323 1162 καὶ
1333 1137 1382 1173 τὴν
1395 1138 1538 1166 ὑπόθεσιν
1554 1140 1620 1166 ἀλλὰ
1636 1140 1690 1176 γὰρ
1704 1141 1850 1176 ἀναγκαῖον

1063 1179 1118 1206 τῶν
1133 1179 1179 1206 τοῦ
1198 1180 1345 1216 θεολήπτου
1364 1183 1460 1217 πρῶτα
1474 1184 1627 1220 μνησθῆναι
1641 1186 1779 1222 πατέρων.
1796 1187 1850 1213 Καὶ

1063 1225 1161 1256 οἵτινες
1172 1221 1256 1256 οὗτοι.
1273 1227 1317 1253 καὶ
1329 1227 1401 1259 ὃπως
1415 1227 1500 1263 δῶρον
1513 1229 1605 1262 αὐτοῖς
1629 1231 1730 1264 θεόθεν,
1757 1231 1804 1258 καὶ
1819 1232 1849 1258 οὐ

1064 1271 1134 1297 κατὰ
1149 1273 1230 1306 φύσιν
1249 1273 1278 1298 τὺ
1304 1273 1385 1299 καλὸν
1408 1273 1487 1300 τοῦτο
1513 1274 1655 1310 βλάστημα
1672 1276 1732 1310 ἔφυ,
1749 1277 1850 1313 κόσμος

1064 1316 1132 1351 ἅμα,
1150 1317 1197 1343 καὶ
1210 1317 1272 1352 ὄρος
1287 1318 1429 1350 εὐπαιδίας
1441 1320 1497 1351 τοῖς
1515 1321 1657 1355 ἐνεγκοῦσι
1674 1323 1822 1358 γινόμενον.

1104 1404 1184 1431 Ἀλλὰ
1196 1405 1237 1436 τίς
1249 1405 1299 1432 οὐκ
1316 1403 1369 1432 οἶδε
1383 1407 1520 1442 Ζαχαρίαν
1534 1409 1581 1434 καὶ
1602 1409 1741 1437 Ἐλισάὸετ
1753 1431 1761 1444 ,
1786 1411 1848 1444 τοὺς

1061 1449 1223 1484 ὁμοζύγους,
1239 1451 1284 1478 καὶ
1298 1452 1476 1487 ὁμοτρόπους,
1490 1454 1536 1480 καὶ
1553 1455 1601 1490 οὐχ
1611 1452 1692 1491 ἦττον
1706 1456 1776 1483 κατὰ
1786 1457 1848 1493 ἀρε-

1061 1493 1111 1529 τὴν
1128 1495 1322 1530 συναφθέντας,
1347 1496 1449 1532 ἢκατὸι
1472 1498 1569 1533 adluat;
1591 1501 1655 1531 τοὺς
1681 1501 1774 1536 μηδενὶ
1795 1501 1849 1528 τῶν

1063 1540 1138 1568 κάτω
1153 1542 1348 1577 καταχθέντας,
1365 1543 1422 1570 ἀλλ’
1437 1545 1514 1576 ὅλους
1531 1547 1599 1581 πρὸς
1617 1546 1650 1573 τὰ
1666 1547 1722 1575 ἄνω
1736 1557 1849 1583 μετατε-

1062 1586 1168 1630 θέντας,
1184 1583 1221 1614 ὧν
1237 1588 1253 1623 ἡ
1266 1588 1409 1624 κάθαρσις,
1423 1591 1469 1616 καὶ
1485 1587 1522 1617 ὧν
1535 1592 1550 1626 ή
1569 1592 1637 1628 πρὸς
1651 1593 1717 1620 Θεδν
1734 1594 1846 1630 ὕψωσις,

1061 1627 1099 1657 ὧν
1114 1631 1130 1666 ὴ
1146 1632 1200 1658 τῶν
1216 1633 1377 1668 κρειττόνων
1391 1634 1500 1671 μελέτη,
1515 1637 1561 1663 καὶ
1577 1638 1593 1672 ή
1606 1637 1653 1664 τοῦ
1674 1639 1719 1665 νοῦ
1739 1640 1847 1674 θέωσις,

1060 1673 1098 1703 ὧν
1110 1677 1178 1712 μετὰ
1194 1678 1249 1705 τῶν
1263 1679 1361 1711 ἄλλων,
1379 1681 1426 1707 καὶ
1438 1682 1506 1708 κατὰ
1520 1683 1597 1716 γένος
1613 1684 1784 1721 λαμπρότης,
1801 1673 1848 1713 καλ

1060 1723 1234 1758 περιφάνεια,
1253 1725 1286 1751 ἵν’
1299 1722 1349 1752 ὦσι
1365 1727 1505 1755 κάνταῦθα
1526 1729 1580 1756 τῶν
1599 1731 1658 1757 κατ’
1678 1732 1776 1764 αὐτοὺς
1790 1733 1848 1759 διας

1060 1769 1197 1804 φέροντες.

1095 1814 1270 1851 Προφητικῆς
1282 1816 1337 1852 γὰρ
1355 1817 1401 1844 καὶ
1418 1819 1559 1855 ίερατικῆς
1576 1821 1660 1856 φυλῆς
1680 1823 1694 1848 ό
1709 1823 1845 1859 Ζαχαρίας

1058 1859 1201 1895 ἐτύγχανε,
1219 1863 1364 1898 προφήτης
1382 1864 1410 1890 δὲ
1426 1866 1534 1898 πάντως
1548 1867 1594 1893 καὶ
1605 1867 1620 1901 ἡ
1633 1868 1729 1894 τούτου
1745 1870 1843 1903 ὁμόζυ-

1059 1913 1116 1939 γος,
1143 1907 1189 1933 καὶ
1215 1908 1265 1942 τῆς
1290 1909 1373 1945 αὐτῆς
1387 1910 1431 1936 διὰ
1453 1911 1485 1937 τὸ
1501 1912 1628 1946 συναφὲς,
1647 1913 1695 1940 καὶ
1715 1914 1793 1947 ἀξίας
1805 1914 1844 1950 τῷ

1057 1953 1134 1988 ἀνδρὶ
1145 1955 1321 1987 κοινωνοῦσα,
1333 1956 1381 1982 καὶ
1393 1956 1505 1990 τάξεως,
1515 1956 1555 1990 οἶς
1565 1958 1612 1985 καὶ
1622 1959 1722 1993 ἀμφοῖν
1734 1959 1843 1987 διπλοῦν

1058 1998 1115 2024 ἀνθ’
1131 1999 1218 2026 ἁπλοῦ
1233 2000 1263 2027 τὸ
1278 2001 1426 2036 περιφανὲς
1439 2002 1610 2038 ἐγνωρίζετο.
1627 2003 1739 2035 Τούτοις
1753 2005 1843 2031 πᾶσαν

1057 2043 1095 2074 ὡς
1105 2044 1192 2070 εἰπεῖν
1202 2045 1272 2080 ἀσκή
1277 2054 1354 2072 σασιν
1364 2046 1505 2078 εὐσεϐείας
1516 2048 1585 2080 ὁδὸν,
1598 2048 1697 2081 πάντα,
1711 2048 1749 2080 ὡς
1758 2050 1840 2082 εἰκὸς,

1057 2088 1168 2123 ἐπέρρει
1187 2089 1234 2115 καὶ
1248 2090 1282 2116 τὰ
1301 2090 1377 2125 παρὰ
1390 2092 1440 2126 τῆς
1455 2091 1558 2118 ἄνωθεν
1571 2092 1691 2127 χάριτος.

1095 2133 1142 2160 Ἓν
1156 2133 1237 2169 μόνον
1251 2132 1284 2170 ἦν
1306 2135 1336 2162 τὸ
1352 2135 1389 2170 μὴ
1404 2137 1476 2163 κατὰ
1501 2136 1629 2172 πρόθεσιν
1645 2139 1758 2172 ἐκείνοις
1772 2149 1842 2176 σομ-

1056 2178 1158 2211 ϐαῖνον,
1177 2181 1192 2215 ἡ
1204 2181 1233 2207 ὲν
1247 2180 1336 2215 χρόνῳ
1348 2181 1468 2217 τοσούτῳ
1482 2183 1598 2210 ἀπαιδία
1616 2186 1662 2211 καὶ
1680 2186 1821 2222 στείρωσις
1833 2197 1840 2204 ·

1055 2225 1069 2251 ὃ
1084 2227 1140 2257 τοῖς
1154 2225 1204 2261 μὲν
1219 2227 1308 2258 ἄλλοις
1322 2227 1391 2262 τάχα
1403 2228 1449 2255 καὶ
1463 2229 1599 2257 ἀπευκτόν
1613 2240 1671 2263 πως
1691 2233 1777 2260 ἐδόκει
1795 2235 1842 2262 καὶ

1056 2271 1169 2307 ἄθυμον,
1182 2269 1226 2300 οἷα
1238 2273 1268 2299 τὸ
1286 2273 1436 2309 τηνικαῦτα
1450 2275 1496 2302 καὶ
1512 2276 1552 2307 είς
1567 2276 1667 2309 ὄνειδος
1683 2279 1764 2314 φέρον
1777 2289 1783 2294 ·
1810 2282 1839 2307 οὐ

1058 2318 1110 2354 μὴν
1124 2319 1171 2345 καὶ
1183 2321 1274 2351 αὐτοῖς
1294 2320 1416 2356 λυπηρὸν
1436 2321 1563 2348 τοσοῦτον
1581 2323 1627 2349 κα)⁸
1647 2323 1779 2360 δύσφορον
1795 2325 1839 2362 ἦν·

1055 2363 1153 2398 ᾔδεσαν
1166 2365 1220 2400 γὰρ
1232 2365 1255 2391 εί
1273 2365 1319 2392 καί
1333 2373 1407 2396 τινες
1419 2366 1504 2397 ἄλλοι,
1519 2366 1560 2393 ὅτι
1583 2368 1649 2400 Θεός
1668 2369 1742 2396 ἐστιν
1756 2371 1770 2397 ό
1785 2373 1840 2403 τοῖς

1056 2409 1200 2444 ἡμετέροις
1213 2410 1377 2442 ἐπιστατῶν,
1393 2411 1438 2437 καὶ
1451 2410 1481 2437 τὸ
1499 2411 1654 2440 λυσιτελοῦν
1671 2415 1786 2442 ἑκάστου
1801 2417 1839 2442 οἰ-

1056 2454 1188 2488 κονομῶν,
1204 2454 1251 2480 καὶ
1266 2454 1307 2481 ὃτι
1320 2454 1403 2481 αὑτοῦ
1420 2454 1594 2491 βουλομένου,
1608 2459 1655 2485 καὶ
1665 2460 1770 2495 χρόνος,
1793 2462 1840 2488 καὶ

1056 2500 1145 2535 φύσις,
1161 2500 1208 2526 καὶ
1223 2500 1310 2526 πάντα
1323 2499 1401 2534 ὁμοῦ,
1420 2501 1484 2536 παρ’
1497 2501 1511 2527 ὃ
1530 2501 1597 2537 ἔχει,
1611 2504 1658 2530 καὶ
1675 2505 1838 2538 ἀλλοιοῦται,

1054 2547 1101 2573 καὶ
1111 2546 1240 2581 τρέπεται
1250 2554 1255 2560 ·
1265 2542 1288 2579 ᾧ
1297 2545 1389 2582 ῥᾴδιον
1402 2547 1511 2579 πάντως
1519 2548 1566 2574 καὶ
1576 2549 1658 2584 νηδὺν
1668 2550 1774 2586 ἄγαμον
1782 2553 1840 2588 (69)

1053 2591 1169 2625 ἀνοῖξαι,
1187 2592 1233 2619 καὶ
1251 2591 1352 2628 ἔξωρον
1369 2592 1450 2626 φύσιν
1467 2593 1527 2620 καθ’
1546 2593 1620 2629 ὥραν
1635 2595 1839 2630 βλαστάνουσαν

1052 2637 1136 2670 δεῖξαι
1148 2646 1154 2652 ι
1170 2637 1195 2664 τί
1210 2637 1265 2672 γὰρ
1279 2637 1332 2664 τῶν
1348 2637 1458 2673 ἀπόρων
1470 2639 1552 2671 ἐστὶν,
1563 2639 1577 2665 ὃ
1589 2640 1627 2676 μὴ
1637 2641 1676 2676 τῷ
1686 2641 1746 2678 Θεῷ
1760 2653 1839 2679 πορι-

1054 2685 1176 2721 μώτατον
1188 2693 1196 2718 ;

863 2757 976 2787 VARUS
995 2752 1194 2785 LECTIONES.

254 2823 277 2839 ι·
290 2821 447 2857 Legendus
463 2821 504 2848 vel
516 2821 557 2857 δτι
567 2820 661 2857 χωρεῖ·
677 2827 751 2857 κ-ητς.
764 2817 788 2844 λι
803 2816 845 2857 νει
862 2817 945 2857 κῳρξτ
961 2815 1062 2857 γάρὲιν
1078 2823 1105 2841 κ·
1121 2813 1196 2857 τιλι
1215 2811 1398 2857 ,ἴῖιξέΞ-Βὲἓῖ
1414 2809 1726 2857 Pi‘isztf‘xltlflﬁfd
1736 2811 1837 2857 19.339:

211 2860 277 2887 dum
290 2845 504 2890 Cici’éiai‘éiiavf
519 2845 557 2870 λ’
568 2845 687 2890 Madv.
704 2852 775 2880 Edit.
798 2845 877 2887 prio?
889 2845 1006 2878 Habebat
1016 2850 1125 2883 ἁγανον.
1141 2847 1200 2875 Non
1212 2845 1399 2874 dubitavimus
1414 2845 1549 2880 amplecti'
1561 2845 1719 2881 lectionem,
1733 2845 1794 2881 quas
1807 2847 1836 2875 In

213 2893 334 2928 margine
355 2892 474 2926 ascripta
486 2895 555 2919 erat.
