1969 3052
125 172 162 206 37
703 174 965 204 AUCTARIUM.—
1004 175 1053 204 AD
1071 174 1150 204 TOM
1183 174 1229 203 IV.
1723 173 1759 204 38

162 228 258 261 Οὕτως
273 230 289 265 ἡ
305 229 376 264 καλὴ
393 228 461 264 αὕτη
476 229 542 260 δυὰς
559 230 609 256 κὰν
628 231 682 261 τοῖς
711 230 836 256 δοκοῦσιν
864 231 918 256 ὰπ-

1005 230 1043 257 ltu
1064 230 1224 264 praeclarum
1245 229 1310 256 illud
1331 236 1380 263 par
1398 229 1556 264 conjugum,
1572 228 1654 256 etiam
1674 229 1701 256 lu
1725 230 1759 257 iis

125 276 236 306 ευκτοίς
245 275 304 311 Θεῷ
317 276 366 302 οὐκ
383 275 451 302 ἀνίει
473 275 680 310 εὐχαριστοῦσα,
693 272 714 309 ᾧ
731 276 778 302 καὶ
786 276 834 306 τὰς
843 276 918 302 ἐλπί-

124 323 174 353 δας
201 321 317 356 ἀνήρτα,
345 321 393 348 καὶ
418 318 447 348 οὗ
475 321 555 356 μόνον
581 321 619 356 τῷ
637 322 786 357 βουλήματι
809 322 916 348 εἴπετο-

125 368 212 403 ὲχρῆν
225 368 254 395 δὲ
268 368 387 399 πάντως,
405 367 498 402 ὥσπερ
515 369 538 394 τ’
552 368 619 394 ἄλλα
637 365 709 403 εἶχον
724 368 842 403 διαφεινῆ
872 369 918 395 καὶ

125 413 263 447 ἐπίσημα,
280 413 350 439 οὕτω
375 413 423 439 καὶ
447 413 529 448 γονὴν
552 414 704 448 παράδοξον
724 415 811 448 σχεῖνσ
829 414 866 444 ὡς
886 414 918 440 ἂν

124 458 216 493 ἔχοιεν
231 459 332 494 ταύτην
349 459 460 494 χάριτος
474 459 549 494 ὅλην,
564 459 632 485 ἀλλὰ
647 459 684 495 μὴ
699 459 806 494 φύσεως
822 460 917 495 δήπου.

165 597 202 623 Ἦ
213 596 257 623 ἵνα
266 595 296 622 τὸ
312 596 405 631 μεῖζον
414 596 493 629 εἴπω,
503 596 542 623 ὅτι
556 596 617 622 ἐπεὶ
630 595 742 631 ἔμελλεν
752 597 814 623 ὅσον
830 595 917 629 οὔπω,

124 644 174 671 καὶ
200 643 338 679 Παρθένος
361 644 451 669 τεκεῖν
465 663 471 673 ,
493 644 538 670 καὶ
564 643 726 678 ἐγγάστριον
750 642 796 669 τοῦ
820 643 918 674 mm;

123 688 198 722 ἕξειν
220 690 276 724 (45)
290 690 440 724 Δεσπότην.
458 686 532 715 διὀὖ
545 689 574 715 τὸ
589 690 723 724 σωτήριον
741 689 837 720 ἅπασι,
852 697 918 724 προ-

123 734 241 769 δραμεῖν
258 734 312 760 ἑδει
324 734 371 760 καὶ
387 734 432 760 τδν
450 734 572 769 παρόντα
582 734 660 759 τόκον
674 733 704 759 οὐ
720 732 918 768 παραπλησίως

123 780 182 810 τοϊς
195 779 296 812 ἄλλοις,
309 778 414 805 ἐκεῖνόν
431 778 487 813 (Η)
504 786 534 804 τε
548 778 598 812 τὴν
619 777 771 814 παρουσίαν
794 777 917 813 μηνύειν,

124 823 175 850 καὶ
189 824 292 858 ἀγαθον
305 823 384 850 τοῦτο
398 823 445 850 τοῦ
458 823 561 857 ἀγαθοῦ
573 823 718 858 τυγχάνειν
728 823 917 858 προάγγελμα,

124 870 172 897 ἕνα
188 869 219 896 τὺ
241 869 310 905 ὑπὲρ
334 869 414 904 φύσιν
434 870 525 902 τουτὶ,
547 869 578 895 τὸ
595 869 816 904 ὑπερφυέστερον
830 870 918 895 ἐκεῖνο

970 283 1031 310 (ιυιυ
1054 275 1183 302 videntur
1204 283 1257 302 non
1278 282 1338 302 esse
1359 274 1489 301 materies
1509 282 1632 309 precum,
1658 276 1769 308 gratias~

970 327 1051 355 agere
1069 327 1123 346 non
1137 320 1260 347 cessabat
1273 320 1337 352 Deo,
1354 328 1387 346 ex
1408 327 1463 354 quo
1480 319 1664 354 suspendebat
1683 328 1759 355 spem

970 374 1059 402 suam,
1079 372 1107 393 et
1123 367 1202 402 cujus
1218 367 1300 393 unius
1313 367 1481 393 voluntatem
1500 366 1677 401 sequebatur.
1693 367 1759 393 Οιοι

970 411 1036 439 nino
1054 412 1136 447 igitur
1153 419 1266 439 necesse
1286 415 1356 442 erat.
1384 415 1414 438 ut
1436 412 1537 446 quibus
1555 416 1653 439 caetera
1666 419 1761 440 essent

970 458 1090 485 illustria
1105 458 1162 493 88
1180 463 1208 486 et
1226 458 1353 493 insignia,
1371 458 1474 485 sobolis
1488 463 1566 486 ortus
1577 463 1650 486 esset
1665 459 1760 486 insoli-

970 506 1024 534 tus,
1043 507 1074 530 ut
1091 511 1151 530 eam
1164 511 1219 530 non
1235 511 1250 530 a
1272 509 1369 530 natura
1380 523 1386 535 ,
1404 503 1451 531 sed
1469 503 1581 530 omnino
1596 504 1730 532 haberent
1744 512 1760 531 ιι

969 549 1067 582 gratia.

1004 591 1091 627 Majus
1115 593 1219 628 aliquid
1245 594 1345 622 dicam.
1364 601 1427 621 cum
1444 594 1527 630 Virgo
1544 594 1665 629 paritura
1686 600 1760 623 esset

971 637 1067 669 ﬁlium,
1084 643 1204 673 quantus
1222 639 1289 666 alias
1308 647 1390 666 nemo
1412 645 1495 671 esset,
1517 639 1647 674 orbisque
1666 641 1759 668 Domi-

970 690 1047 714 num,
1061 690 1076 709 a
1095 690 1150 717 qug
1163 684 1237 711 salus
1250 685 1387 715 omnibus,
1403 689 1500 712 uterus
1513 685 1705 720 complexurus
1719 685 1760 712 fo-

969 732 1022 759 ret,
1040 729 1164 762 oportuit
1178 733 1208 756 ut
1221 736 1341 764 prasens
1352 734 1458 764 partus,
1472 730 1519 765 qui
1535 738 1589 757 non
1605 738 1681 757 more
1693 730 1761 757 alio-

970 781 1032 800 rum
1065 773 1152 806 ﬁeret,
1183 775 1302 809 praeiret,
1333 779 1360 803 et
1389 775 1473 802 futuri
1506 775 1579 803 illius
1612 776 1759 803 adventum

970 820 1177 853 praenuntiaret.
1192 820 1321 855 Oportuit
1335 822 1387 849 hoc
1397 822 1500 849 bonum
1518 822 1583 849 boni
1600 822 1674 850 illius
1692 830 1761 857 prte-

970 866 1097 893 nuntium
1113 867 1262 900 exsistere;
1285 872 1314 894 ut
1330 868 1382 895 hoc
1398 869 1471 904 quod
1489 872 1547 896 erat
1562 873 1662 903 pneter
1677 873 1759 896 natu-

124 915 308 952 πιστώσηται.
321 917 377 943 Καὶ
385 916 489 943 ἐκεῖθεν
504 917 560 947 τοῖς
573 915 744 951 βουλομένοις
755 915 800 951 ἐξῇ
817 916 860 942 διὰ
870 915 918 942 τοῦ

972 917 1040 943 ram,
1052 911 1091 939 illi
1103 913 1175 947 quod
1187 913 1272 940 multo
1283 914 1368 949 magis
1378 917 1503 942 naturam
1515 919 1668 950 superaret,
1679 914 1760 942 fidem

123 963 284 999 ἀπορρήτου
308 962 434 998 δέχεσθαι
455 961 487 988 τδ
510 962 740 998 ἀπορῥητότερον.
764 961 845 988 Ἀλλὰ
865 962 919 998 γὰρ

123 1010 287 1042 ἀναγκαῖον,
306 1009 353 1035 καὶ
366 1010 440 1039 ὅπως
455 1009 470 1036 ὁ
485 1007 635 1044 παράδοξος
650 1005 726 1040 οὗτος
741 1007 918 1043 συνετελέσθη

123 1055 207 1086 τόκος
220 1056 317 1086 εἰπεῖν,
335 1054 383 1081 καὶ
401 1054 454 1089 πρὸ
467 1054 544 1080 τοῦδε
561 1054 731 1089 θεοσημεῖαι,
751 1054 779 1080 αἳ
792 1054 838 1080 καὶ
853 1054 920 1089 μᾶλ-

123 1101 172 1128 λον
185 1101 363 1136 φρικτότερον
374 1100 480 1132 ἔδειξαν
491 1100 522 1126 τὸ
536 1100 687 1136 παραγθὲν,
699 1100 805 1134 καὶτῆς
817 1100 919 1127 ἄνωθεν

124 1146 248 1181 ἀτεχνῶς
262 1145 378 1181 δώρημα
394 1145 514 1181 χάριτος.

169 1235 200 1260 '0
215 1234 354 1270 Ζαχαρίας
379 1235 469 1261 τοίνυν
499 1233 635 1270 ἱερωσύνῃ
663 1234 857 1269 τετιμημένος,
883 1233 921 1264 ὡς

125 1281 245 1316 ἔφαμεν,
265 1281 313 1306 καὶ
327 1279 374 1306 τοῦ
391 1280 457 1306 λαοῦ
501 1280 582 1316 νόμος
601 1280 721 1316 ἱερεῦσιν
735 1280 922 1315 ὑπερευχόμε-

124 1335 183 1358 νος,
199 1327 237 1358 ὡς
253 1328 267 1353 ὁ
279 1327 329 1362 τῆς
347 1325 540 1361 Σκηνοπηγίας
559 1326 711 1359 ἐνειστήκει
730 1328 843 1361 καιρὸς,
861 1325 921 1352 καθ’

124 1371 217 1398 ὃνκαὶ
227 1371 266 1407 τῷ
282 1373 405 1406 ἀρχιερεῖ
423 1370 496 1406 μόνῳ
517 1370 591 1397 ἔνδον
610 1370 722 1397 εἰσιέναι
744 1370 797 1396 τῶν
818 1369 922 1396 ἀδύτων

125 1419 230 1452 ἐφεῖτο,
248 1418 328 1450 αὐτος
354 1417 402 1452 μὲν
422 1417 493 1443 κατὰ
508 1417 538 1443 τὸ
554 1416 708 1452 εἰθισμένον
725 1416 769 1443 τὸν
784 1416 847 1443 ναὸν
863 1417 920 1442 εισ-

126 1464 178 1491 ιὼν
197 1464 257 1499 Θεῷ
273 1459 302 1490 τε
319 1463 491 1498 ἐντυγχάνων
506 1461 551 1498 ἦν,
582 1463 630 1489 καὶ
649 1463 696 1489 τοῦ
728 1462 847 1497 πλήθους
873 1463 922 1497 ἄφ-

127 1518 186 1536 εσιν
209 1509 399 1543 ἐξαιτούμενος
410 1518 417 1524 '
433 1505 455 1542 ᾧ
472 1509 519 1535 καὶ
532 1509 566 1535 τὰ
579 1509 626 1543 τῆς
642 1509 724 1544 εὐχῆς
748 1508 920 1543 ἀναφέροντι,

126 1555 246 1589 ἄγγελος
261 1555 384 1586 ἒνωπὲως
401 1555 578 1590 παρίσταται,
596 1554 709 1589 φοδερὸς
726 1554 775 1589 μὲν
790 1555 863 1587 ἰδεῖν,
878 1564 922 1589 φο-

970 959 1116 983 astrueret.
1140 957 1217 985 Unde
1231 957 1327 985 liceret
1349 959 1392 991 iis,
1413 959 1459 994 qui
1474 960 1584 992 vellent,
1601 967 1634 986 ex
1651 960 1760 987 occulto

970 1002 1106 1030 occultius
1116 1003 1190 1030 aliud
1204 1004 1213 1013 ‘
1225 1005 1344 1040 assequi.
1362 1005 1415 1033 Sed
1428 1013 1565 1041 exponere
1578 1014 1690 1034 necesse
1706 1010 1762 1040 est,

970 1049 1110 1082 quomodo
1137 1057 1166 1076 se
1189 1050 1318 1079 habuerit
1336 1051 1508 1080 admirabilis
1537 1052 1582 1080 ille
1603 1058 1708 1088 partus,
1733 1056 1762 1080 et

970 1099 1072 1128 quanta
1089 1103 1172 1130 super
1188 1103 1221 1123 eo
1234 1101 1361 1131 portenta
1373 1098 1536 1130 acciderint,
1550 1107 1621 1133 quae,
1635 1100 1707 1134 quod
1720 1099 1760 1126 fa-

971 1143 1045 1167 ctum
1058 1145 1111 1173 est,
1126 1141 1271 1177 ipsumque
1284 1143 1404 1170 cmlestis
1417 1144 1511 1178 gratia:
1529 1144 1629 1172 donum
1644 1145 1761 1172 admira-

972 1185 1055 1213 bilius
1069 1186 1203 1215 fecerunt.

1007 1231 1153 1260 Zacharias
1167 1234 1250 1269 igitur
1266 1242 1327 1261 cum
1340 1241 1430 1268 esset;
1440 1239 1470 1262 ut
1487 1236 1617 1268 diximus,
1632 1237 1760 1264 sacerdo-

971 1277 1009 1304 tio
1023 1277 1180 1312 insignitus,
1200 1284 1228 1306 et
1248 1287 1298 1314 pro
1317 1280 1429 1315 populo,
1451 1285 1482 1308 ut
1499 1282 1689 1310 sacerdotibus
1702 1283 1761 1319 lege

972 1322 1130 1350 mandatum
1146 1328 1216 1356 erat,
1236 1332 1332 1359 preces
1345 1325 1482 1359 funderet,
1499 1334 1561 1354 cum
1581 1330 1687 1362 tempus
1703 1335 1762 1355 sce—

971 1368 1095 1403 nopegia:
1105 1368 1224 1402 adesset,
1241 1377 1297 1404 quo
1313 1370 1363 1397 soli
1376 1379 1484 1398 summo
1502 1372 1636 1399 sacerdoti
1648 1372 1688 1400 fas
1703 1378 1762 1400 erat

972 1411 1000 1438 in
1011 1412 1135 1439 intimum
1144 1413 1255 1448 adytum
1267 1418 1421 1449 penetrare,
1431 1423 1481 1450 pro
1493 1423 1568 1442 more
1579 1417 1709 1451 templum
1721 1417 1763 1444 in-

971 1466 1091 1493 gressus,
1109 1463 1137 1486 et
1152 1460 1238 1487 Deum
1259 1461 1448 1496 interpellans,
1471 1469 1522 1496 pro
1541 1462 1641 1497 {opulo
1653 1463 1762 1490 veniam

972 1504 1051 1530 enixe
1079 1505 1251 1539 precabatur.
1277 1505 1346 1534 Huic
1371 1514 1467 1541 preces
1494 1507 1619 1535 offerenti
1647 1509 1763 1536 visibilis

972 1549 1056 1576 astitit
1073 1551 1196 1586 angelus,
1217 1551 1347 1579 terribilis
1364 1553 1436 1584 visu,
1457 1553 1588 1580 terribilis
1605 1557 1632 1580 et
1644 1562 1763 1588 praesen-

126 1602 208 1636 δερὸς
221 1601 249 1627 δὲ
264 1601 359 1635 στῆναι
369 1601 415 1627 καὶ
429 1601 499 1635 ὄψει,
515 1600 628 1635 φοϐερὸς
637 1600 669 1632 δ’,
682 1600 719 1630 ὡς
732 1599 814 1632 εἰκὸς,
827 1600 920 1635 ὁμιλῆ-

972 1595 1019 1626 tia,
1038 1603 1069 1623 ac
1086 1597 1156 1631 ipso,
1174 1602 1204 1624 ut
1222 1597 1354 1625 credibile
1371 1603 1423 1629 est,
1444 1605 1602 1633 congressu.
1620 1599 1761 1632 Zacharia,

128 1656 192 1674 σαι·
217 1647 246 1679 ὃς
270 1648 317 1674 καὶ
344 1646 383 1682 τῷ
401 1647 524 1682 Ζαχαρία
550 1645 728 1681 εἰσηκοῦσθαι
749 1653 814 1679 φησι
845 1646 922 1681 παρὰ

126 1693 188 1727 Θεῷ
200 1692 349 1727 εὐχομένω,
366 1692 414 1719 καὶ
427 1692 477 1726 τῆς
491 1692 610 1726 δεήσεως
622 1691 708 1726 πέρας
722 1690 780 1717 υἱοῦ
795 1691 922 1724 ὰπότεξις

127 1739 206 1765 ἔσται
223 1740 256 1773 τῇ
281 1738 423 1773 ὁμοζύγῳ,
437 1739 485 1764 καὶ
501 1737 539 1772 τῷ
553 1738 705 1772 τικτομένῳ
723 1737 808 1772 ὄνομα
830 1737 922 1767 Ἰωάν-

125 1794 187 1820 νης,
203 1784 251 1811 καὶ
265 1784 300 1811 τὰ
311 1784 378 1811 ἄλλα
402 1785 453 1810 ὃσα
471 1783 538 1818 πρὸς
566 1782 640 1818 ῥῆμα
658 1782 689 1808 τὸ
705 1782 776 1809 θεῖον
794 1782 922 1815 διέξεισιν

127 1830 295 1864 εὐαγγέλιον
305 1838 312 1844 ·
327 1827 367 1861 οἷς
385 1830 431 1856 καὶ
446 1831 460 1856 ό
485 1829 624 1864 Ζαχαρίας
647 1828 753 1863 ἀθρόως
767 1828 921 1864 ὲνηχηθεὶς,

127 1877 177 1902 καὶ
190 1876 229 1910 τῷ
249 1875 393 1911 παραδόξῳ
412 1875 608 1908 καταπλαγεὶς,
624 1875 654 1901 οὑ
665 1874 710 1900 διὰ
724 1875 773 1910 τὴν
792 1875 922 1909 φανεῖσαν

127 1922 190 1956 ww
204 1921 316 1957 (εἴθιστο
328 1922 381 1957 γὰρ
397 1922 444 1947 καὶ
455 1921 540 1948 πάλαι
552 1921 627 1956 αὐτῷ
640 1920 674 1946 τὰ
690 1920 816 1955 τηλικάδε
832 1921 921 1956 ὁρᾷν),

127 1968 186 1994 ἀλλ’
213 1968 255 1994 ὅτι
281 1968 345 2002 περὶ
370 1967 438 1994 ἄλλα
468 1967 518 2002 μὲν
538 1968 555 2002 ὴ
584 1967 677 2001 δέησις
693 1966 789 2001 τούτῳ,
814 1966 882 1993 ἄλλα
894 1967 923 1994 δὲ

127 2013 298 2048 ἐπήγγελλεν
314 2013 328 2039 ὁ
342 2013 451 2047 φανείς·
466 2013 516 2047 οὐχ
539 2012 647 2047 ὑπήχθη
673 2013 764 2045 εὐθὺς,
781 2013 827 2039 καὶ
855 2013 922 2047 πρὸς

127 2058 178 2093 τὴν
192 2058 283 2084 πίστιν
302 2058 357 2085 τῶν
373 2058 559 2093 λαλουμένων,
577 2058 620 2084 ἵνα
638 2058 675 2093 μὴ
691 2058 730 2093 τῷ
742 2058 830 2094 ῥᾴδιος
848 2058 922 2090 δόξαι

128 2103 197 2139 περὶ
211 2104 261 2138 τὴν
283 2104 452 2139 παραδοχὴν,
473 2104 547 2139 ῥᾴων
566 2104 631 2135 ἴσως
655 2105 781 2137 φανεῖται
794 2104 840 2130 καὶ
861 2104 923 2138 περὶ

126 2149 179 2184 τὴν
197 2149 246 2175 τοῦ
258 2150 420 2184 δεδεγμένον
437 2149 576 2184 ἀποϐολήν
587 2158 593 2165 ⁸
611 2150 672 2176 ἐπεὶ
690 2150 736 2176 καὶ
752 2150 880 2176 εἰώθασιν
896 2152 922 2176 αἱ

125 2194 185 2221 τῶν
202 2194 328 2228 μεγάλων
350 2195 521 2229 πραγμάτων
541 2195 690 2230 ὑπερϐολαὶ
703 2195 834 2231 ὀκνηροὺς
853 2196 923 2230 τάχα

128 2241 196 2275 περὶ
213 2240 263 2275 τὴν
276 2241 386 2274 ταχεῖαν
399 2241 486 2267 ποιεῖν
499 2240 709 2274 συγκατάθεσιν.

973 1640 1071 1674 inquit,
1088 1642 1234 1670 exauditus
1251 1651 1280 1670 es
1294 1650 1308 1670 a
1323 1643 1390 1674 Deo,
1410 1647 1438 1671 et
1455 1644 1566 1679 quidem
1583 1644 1653 1672 ultra
1666 1654 1763 1681 preca-

973 1686 1093 1720 tionem;
1116 1687 1201 1714 ﬁlium
1220 1689 1307 1723 pariet
1325 1690 1434 1725 conjux,
1456 1690 1576 1718 Joannes
1593 1699 1692 1718 nomen
1710 1693 1762 1720 erit

973 1732 1069 1760 infanti
1089 1742 1095 1760 :
1115 1734 1222 1769 aliaque
1247 1735 1380 1770 subjecit,
1401 1743 1461 1770 qua:
1481 1736 1516 1763 ad
1536 1737 1650 1764 verbum
1671 1737 1763 1765 divino

973 1783 1137 1806 enarrantur
1152 1779 1300 1815 Evangelio
1314 1786 1336 1807 ε.
1358 1780 1403 1817 llis
1420 1781 1566 1809 Zacharias
1583 1782 1763 1810 vehementer

973 1823 1125 1857 perculsus,
1138 1828 1165 1851 et
1178 1832 1208 1852 re
1221 1825 1376 1852 admirabili
1389 1826 1444 1861 89
1458 1827 1599 1860 attonitus,
1611 1836 1666 1855 non
1689 1829 1763 1864 quod

973 1869 1063 1896 visum
1075 1869 1141 1897 illud
1155 1878 1255 1897 novum
1268 1871 1415 1904 accideret,
1429 1872 1534 1900 solebat
1545 1874 1646 1908 quippe
1657 1879 1681 1901 et
1696 1875 1764 1902 alias

975 1914 1037 1941 talia
1058 1915 1162 1948 videre,
1191 1916 1238 1943 sed
1261 1917 1334 1952 quod
1354 1925 1416 1945 cum
1445 1919 1497 1945 alia
1521 1924 1692 1954 precaretur,
1711 1921 1763 1948 alia

973 1961 1127 1989 nuntiasset
1142 1963 1188 1997 qui
1207 1964 1333 1998 apparuit
1350 1965 1472 2000 angelus.
1489 1966 1583 2001 Neque
1601 1975 1666 1994 vero
1684 1968 1764 1995 dictis

948 2016 951 2019 λ
975 2006 1055 2033 ﬁdem
1069 2008 1160 2034 statim
1175 2009 1279 2041 habuit,
1298 2017 1332 2037 ne
1344 2010 1422 2038 facile
1435 2015 1589 2046 susceptam
1605 2013 1764 2048 opinionem

974 2051 1080 2080 facilius
1093 2053 1225 2088 abjecisse
1238 2054 1337 2082 deinde
1349 2055 1491 2083 videretur
1505 2066 1511 2083 :
1525 2057 1615 2085 solent
1629 2059 1702 2086 enim
1720 2068 1764 2087 res

974 2105 1056 2132 supra
1068 2099 1180 2126 modum
1192 2100 1358 2129 excellentes
1370 2102 1403 2129 ad
1415 2103 1611 2138 promptiorem
1621 2112 1763 2132 assensum

975 2144 1108 2172 tardiores
1120 2145 1245 2173 reddere.

166 2273 250 2310 ’Ὅθεν
263 2273 334 2311 xc:in
347 2284 487 2320 Ζαχαρίας
497 2285 547 2312 οὐκ
559 2284 676 2316 ὀκλάσας
692 2286 754 2317 τοὺς
765 2285 920 2321 λογισμοὺς,

1009 2284 1088 2312 Unde
1105 2284 1252 2312 Zacharias
1272 2286 1315 2314 his
1333 2287 1506 2315 sermonibus
1526 2288 1637 2315 minime
1652 2288 1763 2320 cedens.

126 2329 200 2356 ἀλλὰ
215 2330 410 2364 στερῤοτέρους
430 2329 531 2364 μᾶλλον
547 2329 586 2364 τῷ
611 2330 717 2365 στερρῷ
738 2331 787 2366 τῆς
806 2331 924 2366 καταλή-

125 2375 204 2409 ψεως
227 2375 403 2408 ἀποφαίνωνσ
432 2376 701 2410 Καταγιγνὼσκομαι
721 2376 751 2402 rt
769 2377 844 2412 παρὰ
877 2377 923 2403 σοῦ

126 2420 403 2456 χρησμοδοτούμενον
415 2441 422 2452 ,
449 2421 615 2448 πυνθάνεται
631 2422 699 2456 πρὸς
720 2423 765 2449 τὸν
788 2423 904 2457 ἄγγελον
915 2431 922 2438 ·

126 2466 289 2501 πρεσϐύτης
305 2466 359 2501 γὰρ
374 2467 440 2500 ἐγὼ,
457 2467 549 2501 φησὶν,
567 2467 605 2499 ὡς
620 2468 685 2503 ὁρᾷς
696 2476 702 2482 ·
723 2470 817 2504 στεῖρα
833 2469 861 2495 δὲ
877 2470 924 2496 καὶ

126 2509 279 2549 ᾔσυνοικῶ
300 2513 419 2545 γυναικὶ,
440 2513 485 2539 καὶ
507 2513 553 2539 τοῦ
574 2514 670 2548 γεννᾷν
691 2514 867 2549 πεπαυμένη·
884 2512 924 2546 οἷς

126 2558 295 2593 ἀμφοτέροις
309 2558 408 2593 ἔξωρον
419 2558 448 2584 τὸ
459 2559 591 2588 κυΐσκειν,
608 2559 631 2585 ει
648 2559 684 2594 μή
698 2568 748 2585 που
759 2559 825 2586 Θεοῦ
837 2560 923 2595 δῶρον

127 2604 160 2630 τδ
173 2603 327 2639 ἐπίτευγμα
341 2605 383 2639 εἴη
395 2613 400 2618 ·
414 2600 435 2638 ᾧ
448 2605 494 2631 καὶ
509 2606 589 2639 ἡμεῖς
605 2605 639 2632 τὰ
657 2605 716 2631 κατ’
741 2605 839 2637 αὐτοὺς
861 2606 924 2632 ἀνα-

128 2649 239 2682 θέντες,
253 2649 330 2676 οὐδὲν
346 2650 359 2676 ὃ
375 2658 402 2675 τι
417 2650 454 2685 μὴ
472 2649 569 2684 ἐκείνῳ
583 2649 678 2676 δοκοῦν
689 2670 695 2680 ,
717 2650 764 2677 καὶ
783 2651 848 2686 ἡμῖν
862 2661 925 2678 συν-

126 2696 215 2722 δοκεῖ.
232 2695 326 2722 Ταῦτα
339 2695 394 2730 γὰρ
409 2697 512 2722 ἐκεῖνον
528 2695 600 2727 εἰκὸς
620 2696 666 2723 καὶ
677 2697 773 2730 εἰπεῖν,
789 2697 836 2723 καὶ
852 2698 923 2725 κατὰ

977 2329 1032 2356 imo
1054 2329 1277 2364 impenetrabiles
1295 2332 1321 2358 vi
1343 2332 1529 2367 intelligentim
1555 2333 1736 2367 pronuntians
1756 2343 1762 2360 :

971 2375 1035 2403 Non
1049 2375 1170 2412 intelligo
1182 2380 1259 2404 tuum
1273 2377 1425 2410 oraculum,
1442 2378 1549 2412 reponit
1560 2378 1667 2414 angelo;
1681 2387 1764 2407 senex

975 2422 1049 2449 enim
1062 2429 1132 2454 sum,
1155 2425 1185 2449 ut
1198 2423 1274 2450 vides
1289 2431 1294 2449 :
1307 2423 1418 2455 sterilis,
1433 2431 1486 2458 qua
1511 2428 1582 2456 utor,
1601 2424 1700 2459 coniux
1713 2433 1762 2460 pa-

974 2476 1036 2495 rere
1050 2468 1146 2502 desiit;
1164 2469 1273 2505 utrique
1285 2473 1350 2497 tetas
1362 2469 1528 2505 suscipiendi
1545 2470 1647 2497 liberos
1659 2475 1764 2502 exacta,

975 2514 1028 2541 nisi
1043 2514 1113 2542 forte
1126 2514 1152 2542 id
1171 2523 1285 2543 munere
1298 2515 1346 2543 Dei
1361 2515 1508 2550 contigerit
1524 2525 1529 2542 :
1543 2515 1587 2543 cui
1599 2523 1661 2543 cum
1674 2517 1766 2544 omnia

976 2565 1070 2588 nostra
1087 2562 1314 2594 commiserimus,
1336 2561 1411 2589 aliud
1431 2562 1500 2590 nihil
1517 2570 1598 2598 quam
1623 2563 1696 2597 quod
1713 2563 1767 2598 ipsi

975 2607 1113 2640 videatur,
1137 2608 1217 2643 nobis
1234 2608 1370 2643 expediet.
1388 2607 1446 2635 Hoc
1461 2608 1552 2636 dicere
1574 2613 1602 2636 et
1616 2613 1707 2636 mente
1723 2617 1767 2636 re-

976 2657 1072 2688 putare
1085 2641 1200 2680 deceb‘at
1211 2641 1284 2686 eum,
1296 2655 1341 2689 qui
1353 2654 1400 2682 Dei
1410 2655 1543 2690 propheta
1554 2660 1637 2687 esset,
1645 2659 1672 2682 et
1683 2654 1767 2682 verba

976 2698 1067 2725 divina
1083 2700 1262 2727 auscultarct.

128 2741 250 2767 διάνοιαν
267 2740 373 2776 φέρειν,
396 2740 465 2767 Θεοῦ
488 2741 631 2776 προφήτην
643 2750 674 2775 γε
700 2741 775 2773 ὄντα,
792 2742 840 2768 καὶ
855 2742 922 2770 Θεοῦ
942 2744 998 2775 τοῖς
1009 2744 1100 2778 λόγοις
1116 2745 1287 2780 πειθόμενον.

167 2803 179 2816 ε
199 2797 267 2826 an.
282 2806 303 2830 ι,
321 2798 351 2824 Η
370 2805 427 2832 seq.

772 2845 889 2873 VARIAS
912 2846 1117 2874 LECTIONES.

166 2890 191 2907 ⁸³
205 2891 246 2924 ἓξ.
261 2891 420 2926 Legendum
444 2892 554 2920 videtur
570 2892 653 2927 ἔχειν.
691 2893 713 2908 ⁸⁸
726 2893 767 2920 ἐκ.
785 2892 943 2928 Legendum
956 2899 1022 2928 puto
1036 2894 1152 2921 ἐκείνου.
