1969 3052
213 168 249 200 39
824 164 982 194 OPERUM
1001 164 1009 192 '.

1064 163 1244 193 EODORETI
1805 163 1846 195 4ον

249 223 283 250 At
308 229 454 256 quorsum,
481 221 554 248 dicat
586 221 702 256 aliquis,
732 221 878 248 Zacharias
907 220 1006 255 populo
1022 222 1043 251 Α

214 267 322 294 veniam
337 272 482 301 rogaturus
495 274 556 293 cum
571 266 734 301 ingreditur,
752 267 799 301 qui
814 267 940 301 apparuit
957 274 1005 292 an-

215 313 302 347 gelus,
315 313 450 340 exaudita:
463 312 631 348 precationis
647 312 756 347 pignus,
774 312 874 339 sterilis
887 317 1004 347 partum,

217 358 359 392 pra-dicit?
385 360 480 386 Annon
499 358 553 385 illis
568 359 731 394 conjugibus
751 358 925 385 manifestum
945 362 1006 385 erat

216 412 271 431 non
288 404 366 431 aliter
378 404 463 431 venizc
475 404 566 431 locum
581 411 641 430 esse
657 403 792 435 futurum,
806 406 814 414 '
827 412 908 439 quam
923 404 946 431 si
959 412 1007 430 na-

217 455 339 477 sceretur
354 450 402 484 qui
419 450 515 477 salutis
529 455 670 478 auctorem
687 450 858 482 ostenderet,
872 455 901 478 et
917 450 1006 477 omni-

218 496 269 523 bus
282 497 371 531 palam
383 496 572 528 anuuntiaret,
583 495 670 531 ipsius
680 500 707 523 et
717 497 831 528 amicus,
843 500 871 523 et
883 496 1006 528 nuntius,

217 547 244 569 et
264 550 327 574 vox,
343 547 371 569 et
388 550 542 577 praecursor
553 541 924 577 appellatus?Quamobrem
940 541 1007 568 illud

218 588 285 615 mihi
298 588 420 621 videtur,
436 591 464 615 et
477 588 601 623 apposite
615 588 721 616 dictum
737 588 772 615 ab
784 588 892 623 angelo,
906 592 1007 615 etcum

219 633 354 668 pontiﬁcis
371 633 516 668 postulatis
531 634 672 665 aptissime
687 642 849 669 congruere.

253 721 308 756 90
322 721 424 748 Verum
440 721 506 749 huic
518 722 637 749 sermoni
653 730 723 757 opus
734 727 776 750 est
790 730 823 750 ea
838 723 929 749 omnia
944 723 1009 750 sub-

216 767 344 801 jungere,
361 775 422 801 quae
435 767 534 795 deinde
552 767 691 794 Zachariae
708 767 777 795 dixit
801 768 923 803 angelus.
940 767 1009 795 Cum

217 811 304 842 enim,
319 817 348 838 ut
360 812 491 844 diximus,
507 813 567 848 ejus
578 813 660 840 dictis
672 821 726 840 non
740 812 832 840 statim
849 813 1008 845 assenserit,

218 855 265 882 sed
277 856 368 883 arcani
381 856 463 891 hujus
474 857 668 891 perfectiorem
678 857 817 892 qumsierit
827 857 1007 892 comprehen-

219 900 338 932 sionem,
361 905 392 928 ut
411 901 438 928 in
458 902 641 929 reconditiore
657 902 778 937 pectoris
795 902 857 930 sinu
877 910 1007 938 magnum

219 945 286 973 illud
307 946 470 974 miraculum
493 948 656 975 conclusum
677 948 839 983 deponeret,
859 952 917 975 tum
933 948 1008 975 aliud

219 992 287 1020 nihil
306 994 417 1029 angelus
433 994 483 1021 nisi
502 994 643 1021 silentium
661 995 826 1029 praescribit,
842 998 870 1022 et
888 994 1008 1029 linguam

219 1038 294 1065 vocis
318 1043 459 1073 expertem
488 1039 588 1071 reddit,
615 1039 806 1067 demonstrans
829 1039 953 1071 omnino,
979 1045 1010 1066 ut

219 1084 327 1119 opinor,
358 1093 415 1112 rem
429 1093 489 1112 esse
517 1086 647 1121 mysterio
674 1086 792 1121 plenam,
817 1090 845 1112 et
866 1087 1008 1121 majorem,

219 1137 300 1164 quam
317 1134 346 1156 ut
365 1134 431 1157 tunc
445 1138 571 1157 sermone
587 1135 616 1158 et
635 1130 728 1165 lingua
742 1129 884 1165 praedicari
905 1134 1007 1165 posset.

254 1224 402 1252 Zacharias
415 1225 498 1260 igitur
520 1233 553 1252 ex
570 1233 603 1252 eo
619 1229 742 1260 tempore
762 1224 914 1260 permansit
933 1232 1009 1252 com-

220 1271 323 1304 pressis
339 1271 430 1303 labiis,
447 1279 510 1298 cum
526 1272 637 1298 nemine
653 1271 824 1305 colloquens,
847 1278 899 1297 nec
913 1278 1010 1298 vocem

221 1316 360 1348 emittens,
376 1316 428 1343 etsi
446 1317 579 1343 voluisset
598 1325 605 1343 :
625 1316 692 1351 quid
708 1316 781 1343 enim
799 1315 850 1350 ipsi
864 1323 1010 1343 commune

221 1369 283 1389 cum
301 1361 423 1396 populo?
443 1361 506 1396 ipsi,
529 1361 651 1396 inquam,
669 1361 716 1396 qui
736 1369 788 1388 usu
807 1369 938 1389 sensuum
958 1361 1010 1389 sibi

221 1407 408 1439 interdixerat,
425 1408 471 1442 qui
488 1407 609 1435 animum
620 1407 789 1435 abstraxerat
806 1415 822 1434 a
833 1408 1011 1435 terrestribus

221 1457 249 1480 et
261 1453 372 1480 caducis
384 1453 476 1485 rebus,
491 1453 593 1487 quique
611 1453 773 1480 versabatur
791 1460 854 1480 cum
871 1460 1011 1488 corporeae

221 1497 392 1532 contagionis
412 1497 592 1532 expertibus?
610 1496 680 1530 Quid
704 1505 766 1524 cum
788 1497 852 1530 illis,
876 1498 923 1532 qui
946 1501 1011 1525 sunt

221 1543 256 1570 ad
270 1551 371 1578 corpus
385 1549 413 1570 et
425 1544 574 1570 crassiores
588 1551 686 1570 sensus
699 1543 836 1576 conversi,
850 1543 951 1578 quibus
964 1548 1010 1571 aut

221 1588 391 1623 superﬂuum
415 1587 627 1623 quodammodo,
652 1593 698 1615 aut
724 1588 807 1615 etiam
830 1588 1008 1623 impossibile,

222 1632 344 1660 divinam
361 1640 457 1660 vocem
478 1633 604 1660 humanis
627 1641 681 1660 non
704 1638 910 1666 consonantem,
933 1634 1010 1662 inso-

221 1686 298 1710 nare,
317 1678 457 1713 verbaque
473 1686 571 1706 arcana
591 1687 623 1706 ac
640 1679 788 1706 ineli'abilia
801 1679 936 1714 proferre,
950 1688 1011 1716 qua;

222 1732 313 1759 neque
324 1731 456 1759 percusso
463 1732 526 1751 aere
538 1725 616 1757 fiunt,
625 1732 714 1760 neque
725 1726 835 1761 organis
846 1726 880 1753 ad
893 1726 1012 1754 forman-

223 1769 286 1796 dam
301 1777 397 1797 voeem
414 1770 554 1802 institutis,
572 1770 620 1797 sed
639 1771 746 1798 silentio
763 1772 894 1800 interiore
910 1776 939 1800 et
951 1780 1010 1801 me-

223 1815 292 1842 liore
315 1814 368 1842 alia
389 1815 508 1850 loquela,
535 1816 588 1843 illis
608 1817 672 1844 solis
694 1821 768 1850 nota,
788 1818 836 1853 qui
852 1827 867 1846 a
885 1820 1012 1847 sensibus

224 1860 366 1893 recedunt,
377 1867 404 1888 et
419 1869 489 1896 pura
503 1866 593 1889 mente
608 1870 697 1890 rerum
713 1863 869 1891 divinarum
883 1865 1011 1893 similitu-

223 1906 302 1934 dines
318 1907 492 1942 percipiunt?
509 1907 575 1940 Quae
593 1908 634 1934 vel
651 1908 703 1943 ipsi
718 1908 856 1937 Zachariz
868 1929 874 1941 ,
890 1910 942 1937 sibi
959 1911 1012 1938 uti-

224 1961 277 1988 que
297 1953 417 1986 conscio,
436 1954 515 1988 cujus
534 1954 642 1981 tandem
662 1955 856 1983 muniﬁcentiae
874 1957 1012 1992 particeps

224 1996 312 2025 factus
322 2003 405 2030 esset,
418 1999 579 2026 inconsueta
590 2005 679 2032 erant,
694 2008 756 2027 cum
771 2001 828 2036 ipse
842 2002 875 2028 ad
890 2003 957 2030 alios
968 2003 1010 2030 lo—

224 2049 356 2078 queretur
370 2053 376 2070 :
389 2052 444 2071 non
460 2045 535 2077 item,
552 2053 614 2072 cum
630 2046 737 2074 audiret
750 2047 847 2080 Deum,
861 2048 904 2075 cui
918 2049 1011 2076 omnia

224 2094 288 2117 nota
305 2094 379 2122 sunt,
395 2091 476 2118 etiam
492 2099 552 2126 quae
569 2092 665 2119 latent.

259 2135 311 2170 91
328 2136 391 2162 Mihi
410 2144 477 2163 vero
499 2137 572 2163 aliud
591 2137 730 2172 quidpiam
749 2138 778 2166 in
795 2144 915 2167 mentem
932 2149 1011 2168 revo-

225 2187 269 2210 cat
291 2181 457 2216 stupendum
477 2182 614 2210 Zacharizc
628 2183 767 2211 silentium
785 2194 792 2212 :
810 2193 899 2221 neque
918 2187 943 2214 id
960 2195 1010 2222 ego

1101 219 1170 246 Ἀλλ’
1185 220 1247 246 ὅτου
1267 220 1356 256 χάριν,
1370 221 1426 255 ἐρεῖ
1439 229 1490 253 τις,
1505 222 1520 247 ὁ
1538 222 1586 256 μὲν
1596 220 1732 255 Ζαχαρίας
1743 219 1840 254 ἄφεσιν

1057 264 1144 300 εἰσῄει
1159 264 1206 291 τοῦ
1224 264 1340 300 πλήθους
1355 266 1483 301 αἰτήσων,
1496 267 1510 292 ὁ
1524 266 1553 292 δὲ
1568 265 1661 300 φανεὶς
1678 265 1792 300 ἄγγελος
1807 265 1842 291 τὰ

1056 310 1110 336 τῶν
1124 310 1257 346 αίτήσεὼν
1270 319 1299 338 τε
1311 311 1385 346 αὐτῷ
1397 311 1478 346 φάναι
1489 311 1631 346 ηκοῦσθαι,
1641 311 1770 346 ἐχέγγυον
1782 310 1843 337 τού-

1056 365 1102 382 του
1125 357 1203 383 τόκον
1232 355 1300 383 εἶναι
1329 356 1374 384 τον
1389 358 1421 384 ἐκ
1436 357 1484 392 τῆς
1497 357 1623 392 στείραςς
1636 354 1675 383 Ἦ
1695 356 1772 391 δῆλον
1786 357 1843 387 τοῖς

1058 401 1192 433 συνοῦσιν,
1208 402 1250 428 ὅτι
1265 403 1315 429 οὐκ
1327 403 1360 430 ἂν
1375 403 1462 435 ἄλλως
1473 403 1587 435 ἐκείνοις
1608 403 1658 437 τῆς
1679 403 1843 438 συγγνώμης

1057 449 1176 483 ἀπήντα,
1197 449 1220 475 εί
1243 449 1281 484 μὴ
1298 450 1312 476 ὁ
1330 449 1488 485 τικτόμενος
1500 445 1577 480 οὗτος
1601 449 1646 475 τὸν
1662 449 1708 475 ἐπὶ
1722 449 1844 484 σωτηρίᾳ.

1057 494 1159 528 ἥκοντα
1171 494 1320 527 ἐπεδείκνυ,
1332 495 1379 521 καὶ
1394 494 1474 521 αὐτὸν
1489 494 1623 529 ἅριδήλως
1633 494 1689 524 τοῖς
1701 495 1767 520 πᾶσι
1779 502 1844 520 κατ-

1058 539 1200 573 ήγγελλεν,
1212 537 1255 566 οἷα
1267 539 1299 574 δὴ
1309 539 1356 566 καὶ
1374 540 1450 574 φίλος
1461 540 1576 572 ἐκείνου,
1598 540 1642 566 καὶ
1655 539 1779 574 ἄγγελος,
1797 541 1844 567 καὶ

1059 585 1134 620 φωνὴ
1149 585 1340 620 χρηματίζων,
1355 586 1402 612 καὶ
1417 586 1583 622 πρόδρομος;
1599 586 1633 613 δι’
1652 586 1670 614 ἄ.
1692 595 1737 621 μοι
1760 586 1843 617 δοκεῖ.

1059 630 1152 656 καὶτὰ
1166 629 1241 666 παρὰ
1255 630 1302 656 τοῦ
1328 630 1443 665 ἀγγέλου
1465 631 1616 666 ἐπικαίρως
1641 631 1778 669 εἰρῆσθαι,
1796 632 1844 658 καὶ

1058 677 1115 704 τοῖς
1129 674 1175 700 τοῦ
1191 674 1341 710 ἀρχιερέως
1361 674 1483 710 συνᾴδειν
1500 675 1540 701 ὄτι
1556 675 1684 709 μάλιστα.

1101 719 1180 745 Ἀλλὰ
1190 720 1245 754 γὰρ
1255 720 1313 746 δέον
1328 719 1369 754 τῷ
1382 720 1454 755 λόγῳ
1473 720 1640 755 προσθεῖναι,
1652 720 1699 746 καὶ
1714 720 1764 746 ὅσα
1781 719 1844 754 ἑξῆς

1060 765 1128 799 πρὸς
1150 764 1196 791 τὸν
1213 765 1351 800 Ζαχαρίαν
1364 765 1474 801 εἴρηκεν
1493 767 1507 792 ὁ
1529 766 1633 800 φανείς.
1653 765 1761 800 Ἐπειδὴ
1777 767 1843 802 γὰρ,

1059 810 1097 842 ὡς
1123 810 1238 845 ἔφαμεν,
1265 812 1302 846 μὴ
1326 812 1497 847 παραχρῆμα
1511 812 1525 838 ὁ
1551 811 1681 846 λογισμὸς
1699 811 1773 847 αὺτῷ
1789 813 1844 843 τοῖς

1061 855 1182 891 ῥηθεῖσιν
1193 856 1331 889 ἐπένευεν,
1342 857 1398 884 ἀλλ’
1414 857 1604 892 ἐντελεστέραν
1615 857 1685 892 τάχα
1699 857 1789 892 ἐξῄτει
1798 857 1844 884 τοῦ

1058 903 1216 938 ἀπορρήτου
1231 902 1263 937 δὴ
1273 902 1321 938 τὴν
1338 902 1489 938 κατάληψιν
1500 924 1507 936 ,
1523 902 1561 935 ὡς
1578 903 1611 930 ἂν
1631 904 1677 930 καὶ
1695 905 1750 935 τοῖς
1771 903 1846 930 ἐνδο-

1058 949 1149 983 τέροις
1167 949 1218 984 τῆς
1232 948 1351 980 διανοίας
1365 949 1487 983 ταμείοις
1503 948 1575 975 ἔνδον
1587 949 1718 983 κατάσχοι
1731 948 1761 976 τὸ
1775 949 1847 984 μέγα

1058 992 1147 1024 τοῦτο,
1161 993 1208 1019 καὶ
1224 994 1381 1020 ἐναπόθοιτο
1392 993 1460 1028 (45),
1471 993 1533 1020 ἄλλο
1549 992 1599 1028 μὲν
1613 992 1689 1019 οὐδὲν
1698 993 1765 1029 πρδς
1773 994 1846 1020 ἐκεί-

1059 1048 1104 1065 νον
1124 1039 1137 1065 ὁ
1163 1039 1298 1074 ἄγγελος·
1325 1041 1429 1075 σιωπὴν
1454 1041 1476 1066 δ’
1502 1039 1641 1067 ἐπιτάττει
1678 1040 1772 1074 μόνην,
1800 1041 1847 1066 καὶ

1059 1084 1210 1120 ἁφθεγξίαν
1228 1084 1279 1119 τῆς
1295 1084 1429 1120 γλώττης,
1445 1085 1542 1120 δηλῶν,
1566 1083 1653 1120 οἶμαι,
1674 1086 1780 1117 πάντως
1805 1087 1846 1112 ὅτι

1061 1130 1249 1167 μυστηριῶδες
1272 1132 1303 1157 τὸ
1329 1132 1455 1166 πρᾶγμα,
1482 1131 1529 1158 καὶ
1555 1131 1596 1157 ὅτι
1622 1131 1744 1167 κρεῖττον
1766 1131 1845 1166 λόγου

1059 1177 1137 1208 τέως,
1152 1177 1199 1203 καὶ
1213 1177 1263 1212 τῆς
1282 1177 1326 1204 διὰ
1341 1177 1464 1211 γλώττης
1484 1177 1641 1211 ὲκφάνσεως
1654 1176 1760 1212 ἀμέλει.

1094 1222 1150 1248 Καὶ
1169 1223 1184 1248 ὁ
1207 1223 1345 1258 Ζαχαρίας
1369 1222 1450 1258 ἔμενε
1475 1222 1506 1249 τὺ
1531 1223 1579 1249 ἀπ’
1595 1223 1699 1249 ἐκείνου
1722 1223 1756 1249 τὰ
1770 1223 1845 1258 χείλη

1060 1268 1244 1303 συμπτύσσων
1256 1288 1264 1299 ,
1288 1269 1335 1295 καὶ
1352 1268 1447 1304 μηδενὶ
1461 1269 1525 1304 μήθ’
1542 1269 1653 1304 ὁμιλῶν,
1672 1269 1739 1304 μήτε
1755 1269 1847 1304 φωνὴν

1060 1313 1233 1349 προϊέμενος,
1245 1314 1310 1346 ἴσως
1323 1314 1351 1340 δὲ
1368 1314 1415 1340 καὶ
1428 1314 1586 1350 βουλόμενος
1596 1322 1602 1328 ·
1619 1314 1645 1340 τί
1658 1315 1712 1350 γὰρ
1727 1312 1761 1350 ἦν
1773 1315 1848 1350 αὐτῷ

1059 1360 1149 1386 κοινὸν
1167 1360 1328 1395 τηνικαῦτα,
1343 1360 1390 1386 καὶ
1401 1360 1440 1395 τῷ
1449 1359 1516 1395 λαῷ,
1529 1360 1568 1395 τῷ
1583 1360 1632 1395 μὲν
1646 1361 1695 1392 τὰς
1707 1360 1847 1396 αἰσθήσεις

1062 1405 1178 1442 μύσαντι
1192 1407 1254 1442 ἥδη,
1271 1407 1318 1433 καὶ
1334 1407 1379 1433 τὸν
1395 1406 1458 1433 νοῦν
1472 1406 1527 1433 τῶν
1548 1407 1622 1433 κάτω
1644 1408 1691 1434 καὶ
1710 1407 1848 1442 αίσθητῶν

1060 1452 1212 1485 ἐκϐαλόντι,
1226 1453 1273 1480 καὶ
1286 1453 1376 1488 μόνοις
1385 1454 1441 1485 τοῖς
1453 1453 1517 1480 ἄνευ
1526 1454 1680 1489 παχύτητος
1690 1453 1828 1489 ὁμιλοῦντι
1838 1463 1846 1486 ;

1060 1498 1124 1530 Τοῖς
1149 1498 1177 1524 δὲ
1203 1499 1273 1533 μετὰ
1298 1498 1422 1534 σώματος
1446 1500 1652 1534 στρεφομένοις,
1675 1500 1723 1526 καὶ
1743 1499 1848 1534 πάχους

1062 1543 1155 1571 ὑλικοῢ
1174 1544 1221 1571 καὶ
1245 1543 1409 1579 αίσθήσεως,
1435 1541 1476 1576 οἷς
1500 1545 1546 1571 καὶ
1561 1544 1687 1580 περιττόν
1703 1553 1760 1575 πως
1783 1542 1816 1580 ἦν
1829 1545 1846 1580 ἢ

1062 1590 1110 1616 καὶ
1123 1588 1252 1617 ἀδύνατον
1268 1590 1338 1625 τάχα
1355 1589 1428 1617 θείαν
1449 1591 1588 1626 ἀπήχησιν
1608 1591 1726 1626 ἐνηχεῖν,
1739 1590 1787 1617 καὶ
1802 1590 1847 1616 λό-

1060 1644 1126 1671 γους
1136 1636 1300 1672 ἀρῤήτουςῆ
1317 1636 1364 1663 καὶ
1380 1635 1530 1671 ἀλαλήτους
1545 1637 1703 1670 ἐπιφωνεῖν,
1718 1635 1736 1663 ἃ
1753 1635 1790 1671 μὴ
1799 1635 1847 1662 τοῦ

1061 1683 1250 1718 κτυπουμένου
1261 1683 1351 1717 ἀέρος,
1374 1682 1435 1717 μηδ’
1450 1682 1573 1716 ὀργάνων
1590 1682 1637 1708 ἐπὶ
1657 1682 1712 1708 τῶν
1728 1683 1847 1716 φωνούν-

1061 1737 1115 1756 των
1125 1736 1131 1743 '
1145 1729 1202 1756 ἀλλ’
1217 1727 1366 1763 ἀφθεγξίας
1376 1728 1425 1762 τῆς
1435 1727 1519 1760 ἔνδον,
1529 1727 1576 1754 καὶ
1589 1727 1682 1760 λαλιᾶς
1695 1728 1849 1763 κρείττονος

1061 1775 1154 1811 ἄλλης,
1167 1772 1201 1810 ἧς
1220 1774 1266 1801 καὶ
1287 1774 1361 1809 μόνοι
1385 1771 1437 1800 οἷοί
1462 1773 1492 1800 τέ
1507 1773 1562 1809 (46)
1585 1773 1654 1800 εἰσιν
1667 1773 1847 1810 ἐησθῆσθαι,

1062 1821 1086 1847 οἱ
1102 1820 1151 1852 τὰς
1167 1819 1306 1854 αἰσθήσεις
1331 1818 1470 1849 λείποντες
1484 1838 1491 1850 ,
1514 1819 1562 1844 καὶ
1575 1817 1672 1853 γυμνῷ
1687 1818 1725 1854 τῷ
1742 1817 1779 1853 νῷ
1795 1817 1848 1844 τῶν

1062 1865 1206 1901 θειοτέρων
1220 1865 1376 1899 δεδεγμένοι
1389 1863 1437 1899 τὴν
1453 1863 1583 1898 μίμησιν;
1593 1863 1610 1890 ἃ
1621 1863 1667 1891 καὶ
1680 1863 1718 1898 τῷ
1729 1864 1848 1898 Ζαχαρία

1062 1913 1090 1938 ἐν
1107 1910 1197 1946 ἑαυτῷ
1210 1910 1296 1946 δήπου
1318 1909 1539 1944 συναισθομένῳ,
1560 1908 1608 1935 καὶ
1626 1908 1684 1939 οἵας
1700 1908 1850 1943 τηνικαῦτα

1061 1958 1110 1992 τῆς
1123 1956 1330 1992 μεγαλοδωρεᾱς
1345 1955 1463 1990 ἠξίωτο,
1490 1954 1642 1989 ἁνομίλητα
1663 1952 1697 1989 ἦν
1721 1954 1790 1985 τέως
1815 1954 1850 1981 τὰ

1063 2002 1131 2037 πρὸς
1151 2001 1274 2032 ἐκείνους
1301 1999 1391 2034 ἐαυτῷ
1419 1998 1631 2035 προσλαλοῦντι,
1648 1999 1695 2025 καὶ
1713 1998 1750 2034 μὴ
1767 1999 1848 2025 ἀκού.

1063 2056 1139 2075 σαντι
1152 2046 1232 2078 Θεοῦ,
1250 2043 1272 2080 ᾦ
1286 2046 1376 2073 πάντα
1392 2045 1512 2079 γνωστὰ,
1537 2046 1583 2072 καὶ
1599 2046 1634 2072 τὰ
1646 2044 1742 2079 ἄδηλα.

1103 2134 1180 2168 Ἐμοὶ
1200 2133 1227 2159 δὲ
1241 2133 1288 2160 καὶ
1301 2132 1365 2159 ἄλλο
1377 2131 1483 2157 δίδωσιν
1497 2131 1596 2157 ἐννοεῖν
1612 2132 1628 2165 ἡ
1651 2131 1698 2157 τοῦ
1714 2131 1849 2166 Ζαχαρίου

1063 2178 1212 2215 παράδοξος
1229 2179 1316 2212 σιωπή
1328 2186 1334 2193 -
1353 2177 1407 2204 οὐδ’
1418 2177 1483 2203 αὐτὸ
1499 2173 1576 2211 οἶμαι
1590 2176 1699 2202 ἔλαττον
1710 2175 1757 2202 τοῦ
1781 2185 1848 2212 προ-

225 2227 317 2262 priore
326 2227 456 2262 mysterio
468 2227 569 2260 minus,
587 2236 676 2262 neque
687 2229 833 2257 mediocris
847 2231 940 2265 gratiae
955 2221 1009 2265 ple-

1064 2225 1152 2260 τέρου,
1166 2223 1220 2250 οὐδ’
1236 2223 1329 2257 ὀλίγης
1343 2222 1475 2256 τυγχάνον
1486 2221 1536 2256 τῆς
1549 2222 1659 2257 χάριτος
1673 2231 1679 2237 ·
1703 2221 1759 2248 ἔστι
1772 2222 1794 2249 δ’
1812 2222 1847 2253 ὡς

226 2281 291 2299 num
310 2273 444 2300 existimo.
460 2273 497 2300 lla
515 2281 597 2308 porro
610 2295 617 2305 ,
637 2278 667 2301 ut
688 2275 782 2308 paucis
802 2275 902 2306 dicam,
921 2284 949 2303 se
967 2284 1010 2304 res

227 2319 326 2350 habet;
339 2326 401 2345 cum
421 2319 465 2345 ille
482 2319 608 2346 sacerdos
623 2320 736 2346 vixisset
752 2321 779 2347 in
794 2321 879 2348 veteri
895 2321 967 2357 lege.
983 2329 1011 2351 et

227 2364 342 2392 Aarouis
360 2364 512 2391 sacerdotio
530 2366 536 2373 '
554 2364 649 2391 fuisset
675 2370 797 2397 ornatus,
819 2371 846 2393 et
864 2371 1012 2402 utrumque

228 2411 280 2447 (lex
297 2418 395 2445 nempe
411 2415 437 2437 et
454 2410 647 2445 sacerdotium)
670 2419 725 2437 non
742 2411 855 2438 deberet
869 2420 923 2439 non
937 2413 1011 2441 desi-

228 2464 303 2488 nere,
316 2456 467 2490 l'uturazque
476 2457 567 2491 gratiae
582 2455 679 2483 cedere
692 2465 699 2489 ;
722 2457 865 2492 utriusque
879 2461 1011 2487 cessatio-

228 2509 300 2532 nem,
326 2505 431 2527 mutum
453 2500 601 2531 silentium.
621 2508 673 2527 vox
692 2502 853 2535 tempestive
871 2504 1010 2537 restituta,

229 2548 431 2574 illucescentem
450 2546 579 2580 gratiam,
603 2551 630 2573 et
654 2554 716 2574 cum
733 2547 846 2575 Joannis
868 2549 1011 2577 nativitate

228 2590 418 2617 advenientem
435 2594 612 2624 repra'sentat
626 2599 631 2616 :
645 2598 697 2625 qua
709 2592 796 2626 gratia
811 2600 906 2619 verum
921 2601 1012 2621 sacer-

229 2636 344 2667 dotium,
363 2644 417 2662 non
434 2644 483 2670 per
499 2636 610 2663 umbras
629 2644 660 2663 ac
677 2637 786 2671 ﬁguras,
813 2639 860 2665 sed
876 2643 970 2673 aperte
985 2642 1014 2665 et

230 2682 328 2717 palam,
346 2689 408 2708 cum
428 2681 461 2708 iis
475 2689 535 2716 qua:
546 2684 624 2708 erant
640 2681 762 2708 involuta
774 2682 884 2710 silentio
899 2682 1013 2709 demou~

230 2732 345 2761 strator;
366 2728 463 2755 horum
486 2727 568 2755 ﬁnem
587 2735 650 2755 eum
666 2728 831 2763 praevideret
851 2728 1000 2756 Zacharias

1064 2273 1092 2298 ὲν
1107 2271 1189 2305 ὀλίγῳ
1203 2270 1281 2296 τοῦτο
1296 2270 1382 2296 εἰπεῖν
1395 2278 1401 2284 ·
1412 2269 1506 2304 ἐπειδὴ
1521 2270 1574 2303 γὰρ
1588 2270 1600 2295 ὁ
1614 2269 1684 2303 ἱερὸς
1695 2266 1771 2300 οὗτος
1780 2269 1849 2302 ἀνὴρ

1065 2318 1138 2352 νόμῳ
1155 2315 1311 2342 συνεόιοῦτο
1330 2314 1446 2350 παλαιῷ,
1467 2315 1514 2341 καὶ
1526 2314 1658 2349 ἱερωσύνῃ
1674 2314 1802 2349 τετίμητο
1815 2315 1848 2348 τῇ

1065 2362 1136 2390 κατὰ
1150 2362 1195 2388 τὸν
1214 2361 1329 2397 Ἀαρὼν,
1347 2360 1458 2396 ἔμελλον
1476 2361 1498 2387 δ’
1512 2361 1573 2387 ὅσον
1587 2360 1663 2386 οὔπω
1684 2361 1731 2386 καὶ
1746 2360 1850 2385 πεπαῦ-

1066 2409 1128 2435 σθαι
1146 2408 1299 2443 ἀμφότερα,
1312 2408 1359 2433 καὶ
1373 2408 1406 2441 τῇ
1427 2407 1560 2442 μελλούσῃ
1582 2407 1662 2439 εἴξειν
1681 2406 1781 2441 χάριτι,
1800 2406 1849 2441 τὴν

1066 2454 1171 2481 παῦλαν
1196 2453 1332 2488 ἑκατέρων
1358 2454 1374 2488 ὴ
1392 2452 1467 2478 τοῦδε
1483 2453 1645 2487 παρίστησιν
1669 2453 1813 2486 ἁψθεγξία,
1832 2453 1849 2487 ἢ

1065 2502 1112 2527 καὶ
1131 2499 1201 2527 κατὰ
1218 2500 1313 2535 καιρὸν
1329 2500 1421 2526 λέλυτο
1434 2500 1514 2526 πάλιν
1529 2500 1577 2534 τῆς
1592 2500 1712 2535 χάριτος,
1723 2500 1773 2534 ήδη
1786 2500 1850 2525 ἀνα-

1066 2547 1206 2582 φανείσης,
1221 2546 1267 2572 καὶ
1285 2546 1318 2580 τῇ
1335 2546 1382 2572 τοῦ
1411 2546 1532 2572 Ἰωάννου
1555 2546 1680 2580 γεννήσει
1703 2545 1850 2580 συνεκδρα-

1067 2592 1180 2627 μούσης,
1198 2591 1257 2626 μεθ’
1268 2591 1325 2626 ἅμα
1339 2592 1386 2618 καὶ
1400 2593 1448 2626 τῆς
1462 2590 1576 2626 ἀληθοῦς
1590 2591 1748 2626 ἱερωσύνης,
1758 2591 1849 2617 οὐκέτι

1064 2637 1102 2668 ὡς
1120 2637 1150 2663 τὸ
1171 2638 1235 2672 πρὶν
1261 2636 1382 2668 σκιωδῶς
1399 2637 1414 2672 ἦ
1438 2636 1571 2668 τυπικῶς,
1594 2636 1651 2662 ἀλλ’
1665 2636 1788 2670 ἐκφανῶς
1804 2637 1851 2663 καὶ

1065 2683 1169 2718 τρανῶς
1183 2683 1217 2709 τὰ
1233 2681 1400 2717 σεσιγημένα
1413 2681 1544 2717 δηλούσης
1553 2690 1559 2696 ·
1576 2678 1612 2708 ῶν
1625 2681 1671 2708 καὶ
1684 2682 1697 2708 ὀ
1713 2681 1850 2716 Ζαχαρίας

1064 2728 1113 2764 τὴν
1130 2728 1240 2755 ἔκϐασιν
1257 2728 1341 2764 δήπου
1357 2727 1527 2763 αἰσθόμενος,
1543 2727 1572 2754 οὗ
1598 2727 1791 2763 μυστηριωδῶς
1804 2726 1850 2752 οὺ-

865 2804 981 2832 V'ARIrE
1003 2804 1206 2833 LECTIONES.

264 2871 453 2908 "Legendum
469 2872 579 2900 videtur
598 2873 762 2900 ὲναποθεῐτο.
801 2873 823 2888 ⁸⁵
835 2872 907 2899 Edit.
931 2871 1017 2907 prior,
1034 2873 1058 2898 ot
1076 2872 1142 2900 οἵτε.
