1969 3052
175 130 208 161 43
786 124 943 154 OPERUM
962 125 966 135 '

1023 124 1190 154 EODOllET
1193 124 1206 153 Ι
1765 124 1798 156 i-i

174 185 305 214 maternis
321 184 470 211 visceribus
484 183 601 210 molliter
626 182 709 214 situs,
730 182 819 209 adhuc
834 182 906 209 fetus
920 182 961 208 in-

1023 182 1178 217 τπλάγχνοις
1198 183 1340 216 τυγχάνον,
1364 181 1404 208 ἔτι
1420 182 1614 218 ἀδιάρθρωτον,
1634 181 1648 208 ὂ
1670 183 1716 210 καὶ
1737 179 1798 218 μηδ’

175 231 278 262 formis,
295 230 341 265 qui
355 234 465 264 propter
479 229 605 256 fortuitos
622 232 726 255 natura:
741 228 853 255 abortus
870 228 961 255 nullus

175 281 314 308 censetur,
330 276 376 310 qui
400 275 520 302 nondum
537 274 686 309 quidquam
711 279 763 306 est,
781 282 831 301 nee
855 278 962 301 certum

175 321 247 356 quod
275 321 385 348 futurus
414 320 459 347 sit.
486 319 542 346 Hoc
570 326 653 354 porro
682 318 843 344 miraculum
875 319 963 353 majus

175 375 256 402 quam
280 371 311 394 ut
328 366 443 398 ratione,
458 365 560 397 animo,
581 373 613 392 ac
635 364 762 392 sensibus
782 364 961 398 percipiatur,

175 414 294 449 quodam
309 412 391 439 modo
411 419 445 438 ex
460 411 599 446 insperato
610 410 699 437 visum
712 413 764 436 cst.

209 458 280 491 Quid
297 457 386 485 dicam
400 457 433 484 de
449 460 522 484 tanta
536 456 637 491 gratia,
654 463 736 490 quam
753 454 871 489 accepit,
888 462 962 489 qua:-

175 512 229 540 que
244 504 294 531 l'uit
309 503 422 531 insueta:
435 503 507 529 illius
521 501 713 529 exsultationis
731 508 823 533 causa,
839 506 866 528 et
880 501 962 527 mira-

175 549 301 576 culorum
324 547 496 583 przeuuntia?
511 546 694 579 Quamobrem
716 546 808 582 omnia
832 545 964 572 miracula

175 602 305 630 superare
322 594 388 621 mihi
402 593 512 620 videtur
524 593 577 620 hoc
592 592 770 624 miraculum,
785 595 813 619 et
830 597 890 619 esse
906 598 964 618 om-

176 641 263 672 nium,
288 646 348 674 qua:
370 639 440 666 facta
463 638 575 670 fuerint,
599 637 717 664 maxime
738 637 930 664 admirandum
956 644 962 662 :

176 693 285 713 omnem
301 685 374 712 enim
387 690 553 717 creaturam,
569 684 625 711 sive
639 683 821 716 materialem,
836 683 894 710 sive
907 683 964 718 spi—

177 731 315 762 ritualem,
329 729 385 757 sive
413 729 563 762 caelestem,
581 727 639 756 sive
655 733 804 760 terrenam,
826 727 917 763 rapuit
936 727 965 754 in

176 781 327 811 stuporem,
344 780 375 803 ut
397 776 464 803 nihil
490 775 525 803 sit
551 775 726 810 quantumvis
745 774 850 802 illustre
862 778 890 802 et
905 774 964 801 exi—

177 823 272 854 mium,
290 822 364 857 quod
377 822 441 849 huic
454 821 573 849 conferri
592 825 686 856 queat.

215 868 351 896 Caeterum
379 875 442 895 eum
472 867 662 902 praescriptum
687 867 802 902 hujusce
828 866 966 894 natalibus
982 862 1002 890 Β

178 919 285 948 tempus
303 913 423 945 advenit,
438 917 466 940 et
482 920 565 940 suave
593 913 660 940 illud
675 920 746 940 onus
766 912 966 940 admirabiliter

176 959 257 986 solvit
270 964 365 994 partus
376 959 495 991 dolores,
505 959 552 994 qui
569 966 625 986 non
640 959 776 986 minorem
787 958 887 986 mentis
901 965 965 992 per-

178 1005 390 1037 turbationem,
408 1011 490 1039 quam
518 1003 641 1030 dolorem
671 1003 808 1033 eﬂ‘crunt.
835 1006 863 1030 et
888 1002 966 1029 volu—

178 1050 260 1084 ptatis
282 1057 392 1077 usuram
410 1050 536 1082 solvunt;
555 1056 652 1076 omnes
672 1049 773 1076 licebat
792 1047 900 1080 videre,
918 1048 965 1082 qui

178 1103 262 1130 puero
283 1103 378 1123 recens
391 1099 456 1122 nato
471 1095 675 1130 gratularentur
686 1115 693 1127 ,
703 1094 759 1130 94
768 1098 796 1122 et
815 1094 842 1121 in
857 1094 964 1121 laudem

177 1140 288 1169 infantis
311 1141 471 1176 prodeuntis
489 1141 516 1168 in
539 1141 639 1173 lucem,
661 1141 780 1176 linguam
815 1141 964 1168 solverent.

212 1198 346 1231 Quocirca
363 1198 466 1233 majore
485 1199 585 1233 gaudio
605 1199 732 1233 perfusus
749 1197 907 1229 Zacharias,
925 1197 967 1223 di-

177 1244 240 1271 vino
260 1245 373 1272 numine
393 1245 480 1279 magis
501 1244 619 1276 amatur,
634 1249 661 1271 et
681 1244 770 1270 soluto
790 1243 888 1278 lingua:
907 1243 967 1269 vin-

177 1288 250 1320 culo,
269 1289 347 1322 pueri
365 1296 539 1323 progressum
559 1288 631 1314 clara
647 1292 674 1314 et
690 1287 833 1322 plusquam
847 1288 965 1314 humana

178 1336 185 1343 '
199 1342 267 1362 voce
284 1334 446 1368 praedicans,
466 1335 547 1370 hujus
563 1335 678 1370 gratiam
699 1334 829 1361 omnibus
852 1334 967 1361 manife-

176 1385 246 1407 stam
261 1379 345 1406 facit:
360 1387 422 1406 eum
445 1380 517 1406 enim
539 1384 566 1407 et
586 1379 717 1407 Altissimi
743 1379 916 1414 prophetam,
939 1383 966 1406 et

178 1433 374 1460 pnecursorem
390 1425 509 1458 Domini,
526 1429 554 1453 et
576 1425 659 1453 Verbi
677 1433 781 1456 vocem,
795 1429 823 1451 et
844 1425 905 1451 aliis
931 1425 966 1451 ti-

179 1472 242 1499 tulis
257 1471 475 1507 gratulabundus
487 1471 647 1506 compellat;
660 1471 773 1498 Joannis
785 1479 849 1498 vero
866 1478 967 1498 nomen

1013 225 1082 253 εἷναί
1098 236 1139 253 πω
1150 227 1222 253 δοκεῖ
1235 227 1278 253 διὰ
1290 228 1322 254 τὰ
1335 228 1384 262 τῆς
1400 227 1506 262 φύσεως
1523 227 1592 263 τάχα
1607 228 1777 264 ἀμϐλώματα
1789 238 1796 245 ο

1012 273 1089 299 τοῦτο
1115 273 1144 298 τὸ
1169 273 1250 308 μηδὲν
1270 273 1355 308 δήπου
1372 273 1412 305 ὃν,
1440 273 1502 308 μηδ’
1520 274 1660 308 ἐμφαῖνον,
1677 274 1692 300 ὅ
1711 282 1737 301 τι
1751 274 1799 301 καὶ

1013 317 1088 344 ἔσται
1108 318 1175 353 ἄρα.
1200 318 1278 344 τοῦτο
1296 318 1389 352 θαῦμά
1412 327 1471 350 πως
1493 318 1579 353 ἄφνω,
1600 319 1646 345 καὶ
1667 319 1797 356 λογισμοῦ

1013 365 1147 399 κρεῖττον,
1163 364 1209 390 καὶ
1221 363 1277 396 νοῦ,
1294 364 1340 390 καὶ
1353 365 1503 399 αἰσθήσεων
1516 364 1604 400 seen.

1049 452 1105 478 Καὶ
1116 452 1184 488 πρός
1201 461 1232 486 γε
1249 452 1354 485 τούτοις
1371 453 1418 480 καὶ
1434 454 1514 490 χάριν
1531 455 1691 491 δεδεγμένον
1704 458 1801 485 τοσαύ-

1012 505 1072 532 την,
1088 498 1149 533 ἥτις
1164 499 1238 534 αὐτῷ
1253 499 1360 533 γέγονε,
1382 500 1430 526 καὶ
1448 500 1495 527 τοῦ
1516 502 1668 536 παραδόξου
1690 505 1802 539 σκιρτή-

1016 552 1099 578 ματος
1119 544 1256 580 πρόξενος,
1273 545 1320 572 καὶ
1334 545 1387 573 τῶν
1402 546 1548 581 ὑπερφυῶν
1566 548 1678 575 ἐκείνων
1695 551 1800 585 προάγ-

1014 589 1102 622 γελος.
1119 590 1168 616 Διὰ
1187 590 1273 617 ταῦτά
1289 599 1334 625 μοι
1349 592 1395 618 καὶ
1412 592 1442 618 τὸ
1460 591 1551 627 θαῦμα
1566 593 1635 628 ὑπὲρ
1651 594 1742 629 θαῦμα
1757 595 1801 622 δο-

1015 635 1067 666 κεῖ,
1086 635 1133 661 καὶ
1151 635 1206 661 τῶν
1229 635 1338 662 πώποτε
1358 637 1548 677 γεγενημένων
1564 639 1594 665 τὸ
1611 639 1801 674 θαυμαστότω

1015 688 1075 706 τον·
1093 680 1171 707 τοῦτο
1188 681 1242 716 γάρ
1262 683 1334 709 ἐστιν
1349 683 1363 709 ὂ
1377 684 1423 710 καὶ
1435 684 1532 720 ὑλικὴν
1546 684 1635 718 φύσιν,
1651 686 1698 712 καὶ
1709 686 1800 722 ἄῦλον,

1016 725 1063 751 καὶ
1082 725 1170 752 κτίσιν
1194 726 1244 760 τήν
1262 735 1291 752 τε
1312 727 1368 754 ἄνω
1383 729 1473 755 πᾶσαν
1494 729 1541 756 καὶ
1567 729 1616 764 τὴν
1640 731 1715 757 κάτω
1735 731 1802 766 πρὸς

1016 771 1148 805 ἔκπληξιν
1162 772 1332 808 ἀνεκίνησεν,
1350 774 1388 806 ὡς
1407 775 1468 809 μηδ’
1485 775 1558 809 ἔχειν
1577 775 1659 809 οὕτω,
1684 777 1730 803 καὶ
1751 785 1804 803 πα-

1018 815 1160 850 ραϐάλοιεν
1178 816 1209 842 τὸ
1222 816 1293 843 οὕτω
1308 818 1379 853 μέγα
1393 819 1440 845 καὶ
1455 819 1630 854 ἐξιιχὼτατον.

1058 861 1137 888 Ἀλλὰ
1152 862 1205 897 γὰρ
1216 863 1276 889 ἐπεὶ
1288 863 1380 890 λοιπὸν
1395 865 1442 890 καὶ
1455 866 1468 890 6
1478 866 1696 901 ἀποτεταγμένος
1709 867 1804 903 καιρὸς

1016 909 1066 944 τῆς
1092 908 1138 936 τοῦ
1155 910 1314 945 τηλικούτου
1340 912 1494 947 γεννήσεως
1516 910 1579 948 ἧκε.
1599 913 1646 939 καὶ
1671 914 1685 940 6
1702 913 1804 948 γλυκὺς

1016 951 1092 986 οὗτος
1105 955 1203 990 φόρτος
1216 956 1266 989 τὰς
1280 957 1378 989 ὠδῖνας
1393 958 1452 984 ἔλυε
1468 958 1638 994 παραδόξως,
1657 959 1687 985 οὐ
1702 959 1804 986 λυπού-

1018 1009 1067 1032 σας
1091 1001 1191 1036 μᾶλλον
1214 1002 1230 1038 ἢ
1254 1002 1437 1038 ἀφραινούσας
1452 1003 1486 1035 ⁸⁵,
1505 1003 1551 1030 καὶ
1566 1004 1663 1040 ἡδονὴν
1687 1005 1804 1040 ἄρρητον

1017 1046 1209 1081 προξενούσας,
1225 1045 1258 1083 ἦν
1276 1048 1338 1074 ἰδεῖν
1354 1048 1457 1080 πάντας
1473 1049 1518 1075 καὶ
1533 1048 1570 1084 τῷ
1584 1049 1706 1084 τεχθέντι
1725 1051 1804 1077 εὐθυ-

1019 1091 1180 1126 μουμένους,
1193 1093 1239 1118 καὶ
1253 1092 1377 1126 γλῶσσαν
1394 1093 1516 1128 εὔφημον
1531 1093 1570 1128 τῷ
1585 1094 1624 1126 εἰς
1640 1094 1696 1130 φῶς
1712 1095 1805 1130 ἥκοντι

1018 1137 1116 1172 παιδίῳ
1136 1138 1310 1172 ὲπαφιέντας.

1053 1195 1127 1230 Παρο
1141 1194 1173 1230 δὴ
1197 1196 1244 1222 καὶ
1261 1197 1274 1221 6
1289 1197 1427 1231 Ζαχαρίας
1448 1197 1578 1232 μειζόνως
1600 1198 1648 1233 τῆς
1673 1198 1805 1233 εὐθυμίας

1019 1240 1212 1275 ὑποπλησθεὶς,
1232 1240 1323 1273 ἔνθους
1339 1250 1369 1267 τε
1385 1243 1489 1276 γίνεται
1509 1243 1626 1278 μᾶλλον,
1642 1243 1690 1270 καὶ
1705 1244 1749 1270 τὸν
1764 1244 1806 1270 δε-

1019 1285 1086 1320 σμὸν
1101 1285 1159 1312 λύει
1178 1286 1227 1321 τῆς
1243 1287 1376 1322 γλώττης,
1393 1288 1507 1325 λαμπρᾷ
1526 1289 1628 1326 δηλαδὴ
1650 1290 1696 1316 καὶ
1713 1290 1806 1318 ἐνθεα-

1019 1333 1096 1366 στικῇ
1112 1333 1186 1367 φωνῇ
1202 1332 1248 1358 τοῦ
1267 1333 1361 1365 παιδος
1384 1334 1526 1369 κηρύττων
1542 1335 1589 1371 τὴν
1606 1336 1734 1372 πρόοδον,
1758 1337 1806 1364 καὶ

1018 1377 1085 1403 πᾶσι
1109 1379 1250 1413 καταφανῆ
1267 1378 1316 1414 τὴν
1339 1379 1416 1406 τοῦδε
1437 1380 1516 1415 χάριν
1540 1381 1624 1408 ποιῶν
1639 1389 1645 1395 ·
1663 1383 1807 1418 προφήτην

1018 1422 1072 1458 γὰρ
1085 1422 1131 1449 τοῦ
1157 1423 1297 1457 Ὑψίστου,
1310 1425 1356 1451 καὶ
1370 1425 1522 1461 πρόδρομον
1535 1426 1582 1452 τοῦ
1598 1428 1743 1460 Δεσπότου,
1760 1428 1806 1454 καὶ

1017 1468 1064 1495 τοῦ
1079 1470 1166 1504 Λόγου
1183 1469 1284 1506 φωνὴν,
1300 1471 1347 1497 καὶ
1364 1471 1453 1498 πάντα
1468 1472 1502 1498 τὰ
1518 1472 1584 1499 ἄλλα
1598 1473 1692 1499 τοῦτον
1708 1474 1806 1508 ἐπιχα-

178 1517 259 1544 modo
284 1517 363 1551 plane
394 1517 496 1544 eximio
519 1517 558 1543 illi
591 1517 719 1544 distincte
751 1516 878 1550 imponit,
906 1524 966 1550 qua:

1023 1515 1100 1550 ρίτως
1128 1516 1268 1549 ἀποκαλεῖ,
1301 1517 1395 1551 κλῆσιν
1425 1526 1454 1543 τε
1476 1515 1510 1544 αὖ
1540 1520 1635 1545 τούτου
1660 1519 1807 1554 ὑπερφυῶς

177 1563 351 1598 compellatio
377 1563 486 1598 populis
508 1563 635 1596 salutem,
650 1567 677 1589 ct
707 1562 863 1589 futurorum
883 1562 968 1590 bono-

179 1617 238 1636 rum
253 1609 459 1644 praedictionem
480 1608 625 1644 signiﬁcat.

214 1716 272 1743 Hoc
285 1716 411 1750 prmtlixit
427 1720 455 1742 et
469 1715 614 1750 praecinuit
631 1715 788 1748 Zacharias,
802 1716 876 1743 hunc
889 1717 968 1751 quasi

180 1765 287 1796 partum
304 1760 373 1788 sacri
397 1761 470 1786 illius
486 1760 586 1787 silentii
607 1760 767 1796 mysterium
787 1761 884 1788 edidit.
900 1762 969 1789 llinc

179 1806 278 1834 silendi
291 1806 324 1833 ad
340 1810 447 1840 tempus
458 1806 650 1833 necessitatem
662 1807 806 1841 oportebat
826 1807 853 1834 in
873 1815 968 1834 vocem

180 1857 362 1888 opportunam
384 1852 556 1885 commutari,
571 1853 753 1888 omnibusque
774 1857 870 1880 notum
897 1854 967 1886 ﬁeri,

179 1898 246 1932 legis
269 1897 380 1932 quidem
404 1897 566 1930 sacerdotii,
594 1901 813 1932 earterarumque
836 1906 969 1926 caeremo-

180 1943 286 1970 niarum
311 1948 434 1971 veterum
455 1944 696 1971 commutationem
719 1952 750 1972 ac
769 1945 861 1978 linem,
875 1945 969 1980 gratia:

181 1997 244 2017 vero
264 1989 411 2017 adventum
428 1993 456 2016 et
470 1989 682 2016 declarationem
700 1989 854 2017 advenisse.

214 2087 277 2115 Haec
290 2087 437 2115 Zacharias
452 2088 525 2115 clara
546 2096 624 2120 voce,
639 2097 694 2124 quo
709 2093 830 2124 tempore
844 2097 970 2117 necessa-

180 2133 250 2160 rium
279 2138 355 2165 erat,
379 2133 523 2168 praedixit;
542 2134 600 2161 haec
621 2134 741 2162 Joannes
767 2135 826 2170 ejus
848 2135 919 2162 ﬁlius
943 2140 970 2162 et

181 2179 247 2206 vidit
257 2184 286 2206 et
296 2179 423 2206 manibus
437 2180 563 2207 tractavit
571 2180 649 2215 juxta
664 2181 834 2215 cognominis
844 2181 967 2212 eﬂ‘atum,
985 2195 1006 2223 Ι,

179 2224 308 2251 omnibus
321 2224 441 2251 divinam
461 2225 634 2258 prtesentiam
656 2225 834 2257 annuntians,
846 2229 874 2252 et
886 2233 969 2253 verus

182 2269 262 2298 Verbi
284 2269 409 2296 minister
432 2269 531 2297 factus.
544 2270 638 2304 Neque
662 2270 737 2298 enim
755 2271 827 2298 ullus
846 2279 967 2306 unquam

180 2315 255 2343 visus
270 2320 322 2346 cst,
340 2315 388 2350 qui
404 2315 447 2342 vel
463 2315 560 2343 salutis
575 2316 629 2343 iter
646 2321 821 2349 monstraret,
837 2317 879 2344 vel
896 2317 967 2344 viam

180 2368 305 2395 asperam
329 2359 355 2386 in
377 2360 487 2395 planam
504 2365 633 2393 verteret,
650 2361 764 2396 perinde
785 2370 817 2389 ac
833 2362 968 2390 maximus

181 2407 226 2433 ille
242 2411 269 2432 et
287 2405 456 2432 admirabilis
474 2413 643 2440 praeeursor,
659 2407 737 2441 cujus
759 2407 814 2434 vita
829 2411 856 2434 et
877 2415 967 2434 sermo

181 2456 262 2478 tantae
284 2452 335 2478 fuit
355 2451 485 2478 omnibus
511 2451 691 2483 venerationi,
716 2456 746 2478 ut
772 2460 900 2487 magnum
920 2453 971 2479 ali-

181 2497 246 2531 quid
270 2497 417 2531 unicuique
442 2497 594 2529 videretur,
609 2497 630 2524 si
650 2497 682 2524 ad
700 2506 763 2525 cum
785 2498 900 2533 propius
921 2506 968 2526 ac-

181 2543 301 2573 cederet,
314 2547 341 2568 et
361 2543 519 2577 loquentem
534 2542 629 2570 audire
652 2544 808 2577 sineretur;
826 2544 880 2579 95
897 2544 969 2571 unde

182 2589 209 2615 in
224 2589 345 2614 animum
359 2588 601 2621 inducebant,eunl
614 2598 674 2616 esse
686 2590 802 2617 fortasse
817 2590 969 2622 Christum,

183 2642 262 2668 quem
274 2633 307 2660 ad
326 2633 451 2661 homines
460 2635 567 2662 venisse
579 2635 782 2662 existimabant.

218 2688 400 2721 Quamobrem
425 2693 465 2717 tot
488 2697 519 2717 ac
542 2694 616 2717 tanta
636 2691 761 2726 prodigia
783 2695 847 2718 ante
864 2696 969 2726 etpost

1019 1561 1184 1596 διεμφαίνει,
1202 1562 1248 1587 καὶ
1270 1562 1397 1598 Ἰωάννην
1413 1563 1546 1599 ἀριδήλως
1561 1565 1774 1599 προσονομάζει,
1792 1566 1806 1591 ὃ

1021 1606 1157 1642 σωτηρίαν
1181 1609 1236 1639 τοῖς
1261 1608 1334 1640 λαοῖς
1351 1610 1521 1644 ἐνσημαίνει,
1535 1611 1582 1637 καὶ
1601 1611 1655 1637 τῶν
1672 1612 1807 1646 ἐσομένων

1019 1652 1129 1686 ἀγαθῶν
1145 1653 1269 1688 μήνυσιν.

1055 1707 1164 1735 Τούτων
1180 1710 1193 1735 ὁ
1206 1710 1342 1746 Ζαχαρίας
1358 1711 1405 1737 καὶ
1425 1712 1628 1748 προαγορευτὴς
1642 1712 1689 1739 καὶ
1703 1714 1808 1748 προκή-

1021 1753 1079 1790 ρυξ,
1094 1756 1141 1781 καὶ
1155 1755 1233 1783 τοῦτο
1243 1757 1291 1792 τῆς
1308 1758 1511 1793 μυοτηριὼδους
1524 1758 1606 1785 αὑτοῦ
1623 1760 1727 1795 σιωπῆς
1739 1760 1807 1794 ἁγα-

1020 1801 1075 1833 θὺν,
1092 1801 1129 1833 ὡς
1142 1802 1224 1834 εἰκὸς,
1243 1803 1380 1838 μαίευμα·
1407 1804 1459 1831 ἔδει
1487 1804 1541 1840 γὰρ
1567 1805 1649 1832 αὑτοῦ
1668 1806 1716 1841 τὴν
1739 1805 1809 1832 κατά

1020 1848 1115 1882 καιρὸν
1137 1848 1298 1883 ἀφθεγξίαν,
1324 1851 1364 1881 είς
1387 1850 1497 1886 φθέγμα
1519 1851 1709 1887 εὐκαιρότερον
1728 1853 1808 1887 ἀμει-

1021 1893 1129 1927 φθῆναι,
1143 1895 1190 1920 καὶ
1208 1895 1341 1930 γνωρίσαι
1367 1897 1459 1929 πᾶσιν,
1475 1897 1516 1923 ὅτι
1532 1897 1578 1923 καὶ
1593 1897 1684 1932 νόμου,
1703 1898 1749 1924 καὶ
1771 1899 1808 1924 ἱε-

1022 1938 1156 1974 ρωσύνης,
1175 1940 1222 1966 καὶ
1240 1941 1349 1967 πάντων
1368 1941 1422 1968 τῶν
1438 1940 1560 1968 παλαιῶν
1574 1942 1719 1977 μετάθεσις
1732 1942 1808 1969 ἔσται

1020 1985 1066 2011 καὶ
1095 1985 1196 2018 παῦλα,
1224 1986 1273 2021 τῆς
1302 1986 1330 2013 δὲ
1352 1987 1462 2022 χάριτος
1484 1987 1625 2018 ὲπέλευσις
1652 1987 1698 2013 καὶ
1724 1987 1807 2023 φανέ-

1023 2040 1113 2066 ρωσις.

1056 2088 1148 2115 Ταῦτα
1170 2090 1184 2116 6
1199 2089 1335 2125 Ζαχαρίας
1359 2090 1450 2125 τρανῷ
1465 2090 1504 2125 τῷ
1531 2090 1688 2125 φθέγματι,
1705 2090 1764 2117 καθ’
1780 2091 1809 2117 ὃν

1022 2133 1074 2160 ἔδει
1089 2133 1183 2169 καιρὸν
1195 2134 1409 2170 προηγόρευσεν,
1431 2135 1517 2161 ταῦτα
1540 2136 1666 2171 Ἰωάννης
1685 2137 1699 2163 6
1712 2136 1809 2162 τούτου

1022 2180 1096 2211 παῖς,
1110 2180 1157 2206 καὶ
1171 2179 1294 2215 ἑώρακεν
1308 2180 1368 2215 ήδη,
1387 2181 1434 2207 καὶ
1451 2182 1544 2216 χερσὶν
1559 2181 1718 2217 ἐψηλάφησε
1738 2183 1809 2208 κατὰ

1021 2225 1066 2252 τὸν
1080 2225 1248 2261 συνώνυμον,
1262 2226 1330 2253 πᾶσι
1344 2235 1374 2254 τε
1389 2226 1438 2262 τὴν
1459 2227 1532 2254 θείαν
1549 2228 1743 2262 καταγγέλλων
1758 2229 1809 2263 ὲμ-

1022 2271 1145 2305 φανειαν,
1159 2272 1206 2299 καὶ
1217 2272 1357 2308 ὑπηρέτης
1370 2273 1417 2299 τοῦ
1429 2273 1516 2308 Λόγου
1531 2273 1676 2309 γενόμενος
1689 2274 1808 2308 γνήσιος,

1022 2317 1089 2343 Οὐδὲ
1108 2317 1163 2353 γὰρ
1179 2318 1265 2354 ἐφάνη
1279 2327 1321 2350 τις
1333 2318 1420 2349 οὕτως
1435 2319 1451 2355 ἢ
1465 2319 1514 2354 τὴν
1534 2319 1672 2352 σώζουσαν
1689 2319 1812 2353 ὑφηγούιι

1023 2371 1114 2398 μενος,
1130 2363 1146 2398 ἦ
1166 2363 1224 2390 ὁδὸν
1240 2363 1288 2399 τὴν
1304 2365 1433 2399 τραχεῖαν
1457 2364 1592 2391 καθιστῶν
1607 2363 1726 2397 εὔθετον,
1744 2364 1782 2395 ὡς
1797 2365 1811 2390 6

1022 2408 1172 2443 πάμμεγας
1191 2404 1279 2440 οὗτος,
1293 2409 1340 2435 καὶ
1357 2409 1573 2444 ἀξιοθαύμαστος
1586 2406 1616 2436 οὗ
1630 2409 1677 2436 καὶ
1691 2409 1749 2444 βίος
1764 2410 1812 2436 καὶ

1020 2454 1098 2488 λόγος
1113 2455 1158 2480 ἐπὶ
1169 2454 1294 2481 τοσοῦτον
1309 2455 1391 2481 πᾶσιν
1406 2456 1554 2490 αἰδέσιμος,
1568 2456 1605 2487 ὡς
1621 2455 1654 2490 μέ
1661 2464 1691 2489 γα
1705 2456 1811 2491 ἑκάστῳ

1020 2500 1149 2535 νομίζειν,
1166 2501 1212 2527 καὶ
1223 2500 1253 2527 τὺ
1270 2501 1349 2536 μόνον
1363 2502 1490 2535 γενέσθαι
1504 2502 1598 2528 τούτου
1612 2504 1641 2528 ἐν
1656 2501 1713 2538 χρῷ
1722 2502 1754 2534 ⁵⁸,
1764 2503 1812 2528 καὶ

1021 2545 1165 2578 πυθέσθαι,
1189 2546 1216 2572 εἴ
1235 2554 1261 2572 τι
1279 2546 1325 2572 καὶ
1346 2546 1475 2581 βούλοιτο,
1499 2547 1570 2582 παρὸ
1589 2547 1636 2573 καὶ
1661 2547 1690 2573 ὲν
1707 2547 1812 2579 ἑαυτοῖς

1022 2591 1106 2623 δόξαι,
1125 2591 1205 2618 αὑτὸν
1220 2589 1290 2619 εἶναι
1312 2592 1444 2628 δήπουθεν
1459 2592 1504 2618 τὸν
1528 2592 1645 2628 Χριστὸν
1666 2592 1696 2619 ὃν
1707 2593 1748 2624 εἰς
1762 2593 1810 2619 ἁν-

1025 2635 1150 2672 ορὼπους
1165 2637 1306 2672 ἀφίξεσθαι
1322 2637 1413 2672 ᾢοντο.

1060 2693 1109 2720 Διὰ
1123 2694 1209 2722 ταῦτα
1219 2696 1288 2723 τοῖαι
1306 2695 1354 2723 καὶ
1369 2695 1498 2724 τοσαῦται
1515 2696 1686 2732 θεοσημείαι,
1697 2695 1744 2722 καὶ
1760 2696 1811 2731 πρὸ

825 2771 942 2799 ΥΛΒΙΑΞ
962 2771 1162 2801 LECTIONES.

219 2837 408 2872 "Legcndum
429 2839 537 2866 Videtur
551 2838 731 2873 ἁφρενούσας,
771 2839 793 2855 ¹⁶
807 2836 965 2874 tegendum
988 2839 1096 2868 videtur
1115 2838 1196 2876 χορῷ.
