1969 3052
207 128 243 159 45
753 126 989 157 AUCTARIUM.

1062 127 1111 156 AD
1129 127 1217 156 TOM.
1239 128 1287 157 IV.
1804 125 1839 155 40

207 187 257 220 τῇς
271 185 435 219 γεννήσεως,
452 184 499 211 καὶ
521 184 588 220 μετὰ
603 184 652 219 τὴν
676 183 802 218 γέννησιν
817 182 863 209 ἐπὶ
884 182 923 217 τῷ
938 182 997 208 θεο-

1061 182 1138 216 psius
1154 183 1327 210 nativitatem
1344 183 1481 210 divinitus
1493 187 1602 210 ostensa
1617 186 1693 214 sunt,
1710 183 1839 209 utomnia

207 230 408 265 ληπτικωτὰτῳ
433 228 605 264 προέϐησαν·
628 228 666 259 ὡς
690 227 722 254 ἂν
737 227 794 263 ἔχοι
811 223 889 257 οὗτος
911 225 998 252 πάντα

208 276 289 302 καινὰ
304 276 351 302 καὶ
365 273 553 310 ἐξηλλαγμένα
565 282 571 288 ·
584 274 613 305 ὃς
624 281 655 307 γε
673 272 816 308 περιουσίᾳ
830 271 998 306 Πνεύματος,

209 323 293 357 μήπω
309 321 371 357 μηδ’
385 320 474 348 αὐτῶν
489 319 600 354 ἀφεθεὶς
617 317 654 346 ὧν
670 319 798 346 ἐνειλεῖτο
822 317 997 353 σπαργάνων,

206 368 256 403 τὴν
270 367 372 402 ἔρημον
387 366 468 398 εὐθὺς
481 366 590 401 ᾤκησεν
605 365 740 400 ἀσκεπὴς,
759 365 884 395 ἀνέστιος
894 383 902 396 ,
917 363 999 397 ἄτρο-

208 422 269 448 φος,
284 413 332 439 καὶ
346 412 400 439 τῶν
412 412 588 447 ἀνθρωπίνων
602 411 670 442 ὅλως
683 410 825 446 τυγχάνων
840 409 1004 445 ἁπρόσψαυη

209 467 282 490 στος.
309 459 352 489 Ὡς
369 457 423 493 γὰρ
438 457 464 483 εἴ
487 466 528 488 τις
544 456 674 492 ἄσαρκος,
694 456 711 491 ἢ
731 455 831 491 μᾶλλον
851 455 888 486 ὡς
912 454 938 480 εἴ
958 462 998 485 τις

208 505 238 536 ἐξ
252 503 368 539 οὐρανοῦ
380 503 456 538 ἥκων
470 502 596 536 ἄγγελος,
612 502 683 528 οὕτω
697 502 744 528 καὶ
756 500 861 536 διαίτης
873 499 942 536 εἶχε,
953 500 1000 527 καὶ

208 550 268 585 βίον
282 549 350 576 αὐτὸ
366 550 446 584 μόνον
461 549 543 576 ἀΰλου
554 569 561 581 ,
583 549 626 575 ἵνα
648 548 685 583 μὴ
698 547 763 584 δόξῃ
789 547 860 582 τάχα
873 547 939 583 ὕλης
955 547 1001 574 καὶ

208 596 311 631 φθορᾶς
319 595 472 631 ἄνθρωπος,
481 590 511 621 οὗ
521 594 608 621 πάντα
615 595 738 630 κρεῖττον
747 593 763 629 ἦ
771 593 839 620 κατὰ
847 593 894 620 ἄνθ
899 601 998 628 ρωπον.

244 642 299 668 Καὶ
324 641 418 676 ἔμοιγε
445 640 514 676 πρὸς
537 641 646 676 μνήμην
670 640 771 667 τούτων
797 639 811 666 ὁ
839 639 918 674 λόγος
942 638 999 670 ἰὼν,

208 687 335 713 ἐϐούλετο
349 686 405 722 ἄρα
421 686 467 712 καὶ
479 686 626 721 ἀναμέρος,
641 686 679 717 ὡς
693 685 808 712 ἕκαστον
823 684 878 719 ἔχει
892 683 998 716 διιέναι,

208 732 266 764 πῶς
281 729 357 764 οὗτος
374 731 472 767 κομιδῇ
491 731 587 766 νήπιος
600 729 648 764 ὢν,
664 731 712 757 καὶ
729 729 855 764 ἀγκαλῶν
874 729 1000 764 δεόμενος

208 777 361 813 μητρικῶν,
385 777 434 812 τὴν
450 776 548 811 ἄφιλον
571 776 679 811 ἐκείνην
694 776 741 802 καὶ
765 776 894 811 τραχεῖάν
915 774 1001 801 εἵλετο

207 823 383 857 ἀγωγὴν,τὸν
395 822 510 858 ἄμικτον
522 821 588 856 βίον,
599 821 645 849 τὸν
653 820 845 856 ἀκοινώνητον,
857 819 904 847 καὶ
918 819 1000 854 ἐσχά-

1050 235 1122 254 nova
1143 231 1172 254 et
1186 228 1317 256 inusitata
1337 228 1453 256 haberet
1467 228 1523 260 ille,
1542 229 1590 263 qui
1600 228 1721 263 Spiritus
1736 227 1838 259 amatu,

1050 273 1174 300 nondum
1189 281 1223 300 ex
1236 274 1280 306 iis,
1298 274 1402 308 quibus
1418 274 1558 301 involutus
1569 277 1639 306 erat,
1660 273 1752 304 fasciis
1765 281 1839 300 cxso-

1050 318 1136 350 lutus,
1147 326 1269 347 eremtun
1286 321 1379 347 statim
1393 320 1509 348 incoluit
1524 320 1583 347 sine
1595 323 1678 351 tecto,
1691 319 1751 347 sine
1765 319 1838 351 foco,

1051 366 1111 391 sine
1134 365 1208 397 cibo,
1234 365 1295 392 sino
1317 366 1374 393 ullo
1396 374 1460 393 cum
1482 366 1642 393 hominibus
1660 366 1838 393 commercio.

1050 411 1118 438 Nam
1133 411 1208 438 velut
1220 412 1312 438 carnis
1325 420 1432 446 expers,
1446 416 1493 439 aut
1504 412 1596 447 potius
1616 412 1730 447 angelus
1742 419 1756 439 e
1769 412 1839 439 etelo

1052 455 1197 491 delapsus,
1213 457 1318 484 victum
1336 461 1363 484 et
1384 458 1466 484 vitam
1482 457 1614 485 duntaxat
1630 457 1839 485 immaterialem

1052 501 1158 534 habuit,
1182 507 1214 529 ut
1243 510 1298 530 non
1317 502 1458 530 videretur
1480 503 1563 530 homo
1580 503 1701 530 materia:
1727 508 1755 530 et
1776 511 1839 530 eor-

1051 548 1173 581 ruptioni
1200 548 1344 582 obnoxius,
1358 549 1437 585 cujus
1465 550 1557 577 omnia
1591 557 1671 584 supra
1700 549 1839 577 hominem

1051 593 1152 622 forent.

1088 640 1154 667 Mihi
1174 641 1284 676 quidem
1298 641 1358 669 haec
1374 641 1508 668 memoria
1529 641 1662 676 repetenti
1684 640 1767 668 subiit
1783 640 1840 668 sin-

1052 684 1113 718 gula
1125 691 1283 720 per,partes
1296 686 1413 713 dicendo
1426 685 1567 721 persequi,
1578 686 1716 720 quomodo
1728 686 1773 712 ille
1782 693 1840 712 om-

1052 730 1118 758 nino
1138 731 1237 764 infans,
1251 735 1279 759 et
1299 731 1432 759 maternis
1446 731 1518 759 ulnis
1542 731 1678 766 indigens,
1703 731 1840 766 ingratum

1051 781 1080 804 ct
1094 784 1222 811 asperum
1235 777 1403 809 institutum,
1418 785 1450 805 ac
1462 777 1546 804 vitam
1558 777 1671 804 humani
1685 778 1692 786 ‘
1708 776 1841 804 consortii

1052 822 1249 857 societatisque
1264 827 1405 857 expertem
1415 827 1442 850 et
1458 823 1570 850 omnino
1584 822 1733 850 solitariam
1750 822 1840 857 elege-

208 877 262 899 τως
285 868 449 903 μονότροπον
466 877 472 883 ·
492 869 574 894 πόσον
590 876 620 894 τε
636 867 682 894 τὸν
706 867 802 902 χρόνον
817 866 888 893 οὕτω
912 864 999 899 διῆξε,

1057 868 1105 900 rit;
1124 873 1258 903 quantum
1283 869 1414 903 temporis
1431 869 1468 896 ita
1486 868 1570 896 fuerit
1585 872 1720 900 versatus,
1739 868 1773 895 ab
1784 875 1842 895 om-

209 914 294 949 μηδὲν
310 914 372 949 μήτ’
385 915 413 940 ἐν
432 913 517 949 ἀώρῳ
533 915 566 948 τῇ
580 913 682 949 ἡλικίᾳ,
701 913 762 948 μήτ’
776 913 816 944 εὶς
835 912 905 947 ἥὸην
914 912 998 947 ἥκων,

210 960 278 995 πρός
293 968 319 985 τι
341 959 394 986 τῶν
411 960 590 995 ἀνθρωπίνων
614 959 793 990 ἐπικλισθεὶς,
811 958 870 989 πῶς
886 966 914 984 τε
930 958 1001 985 κατὰ

208 1006 280 1032 θεῖον
291 1005 483 1041 χρηματισμὸν
492 1005 532 1040 τῷ
551 1005 670 1041 Ἰορδάνῃ
685 1004 864 1039 ὲπεφοίτησεν
878 1004 906 1030 ἐν
922 1003 1001 1030 ὑστέ-

209 1061 260 1087 ρῳ,
275 1052 358 1087 ἡνίκα
368 1052 416 1078 καὶ
427 1051 536 1087 πρῶτον
552 1052 608 1083 τοῖς
622 1049 776 1085 ἀνθρώποις
788 1050 885 1085 ἐφάνη,
898 1049 958 1076 τίνα
971 1057 1000 1075 τε

209 1096 243 1133 ἦν
257 1097 274 1124 ἃ
291 1098 344 1129 τοῖς
357 1097 432 1129 λαοῖς
447 1097 586 1132 βαπτίζων
602 1097 798 1131 παρηγγυᾶτο·
821 1096 868 1122 καὶ
886 1095 917 1122 τὸ
931 1095 1000 1122 πάν-

210 1152 264 1170 των
281 1143 508 1178 παραδοξότατον,
525 1143 585 1174 πῶς
607 1143 655 1169 καὶ
678 1141 759 1169 αὑτὸν
782 1143 811 1168 ἐν
833 1142 890 1173 τοῖς
904 1141 999 1168 ὕδασιν

210 1190 342 1217 ὲεάπτισε
359 1189 404 1216 τὸν
419 1189 568 1224 Δεσπότην,
584 1189 706 1223 κορυφῆς
719 1187 770 1222 τῆς
784 1187 879 1214 τούτου
891 1187 1000 1222 ἁψάμε-

211 1245 266 1267 νος.
282 1235 436 1262 τελευταῖον
452 1234 511 1266 πῶς
524 1235 569 1262 διὰ
577 1235 624 1261 τὸν
636 1234 774 1269 Δεσπότην
791 1233 838 1260 καὶ
851 1233 900 1268 τὴν
913 1233 1001 1260 οἰκίαν

210 1282 364 1318 ἑκτέτμητο
383 1281 514 1317 κεφαλὴν,
528 1278 562 1317 ἦς
582 1280 629 1307 καὶ
648 1280 678 1307 τὸ
698 1279 813 1314 ἀσελγὲς
829 1280 917 1307 ἐκεῖνο
934 1288 1001 1306 κατ-

209 1328 354 1362 ωρχήσατο
366 1327 466 1361 κόριον.

246 1373 338 1399 Ταῦτα
354 1371 399 1399 οὖν
414 1373 461 1400 καὶ
470 1372 504 1400 τὰ
516 1371 556 1399 ἑτι
567 1371 662 1398 τούτου
679 1371 764 1407 μείζω
777 1371 823 1398 καὶ
836 1369 1000 1405 ὑψηλότερα,

211 1419 238 1445 εἰ
248 1427 281 1452 γε
299 1419 345 1444 καὶ
358 1417 498 1454 ἐνεχώρει,
521 1417 628 1451 ἐξεῖπεν
641 1418 655 1444 ὁ
675 1416 752 1451 λόγος
767 1417 815 1443 καὶ
831 1416 1002 1451 παρεστήσα-

210 1474 252 1497 το,
271 1465 351 1496 αὑτός
364 1473 393 1491 τε
410 1465 491 1500 ἡδίων
506 1465 539 1499 τῇ
554 1463 657 1490 τούτων
676 1462 817 1497 γινόμενος
835 1462 940 1497 μνήμῃ,
955 1461 1001 1487 καὶ

211 1510 324 1545 ἀκροαῐς
334 1509 467 1543 φιλοοέοις
481 1509 531 1543 οὐχ
539 1509 639 1543 ἥκιστα
650 1507 839 1542 χαριζόμενος.
858 1506 928 1532 Ἀλλ’
942 1506 1002 1532 ἐπεὶ
1016 1520 1038 1550 C

211 1556 307 1591 ἐτέρου
322 1556 369 1582 καὶ
382 1555 462 1589 λόγου
478 1555 535 1581 ἐστὶ
553 1554 598 1580 καὶ
610 1553 705 1588 και.ροῦ
721 1553 756 1580 τὰ
769 1552 892 1584 τοιαῦτα,
907 1552 1002 1579 καθότι

212 1601 260 1628 καὶ
280 1602 431 1636 ἀρχόμενος
450 1601 500 1636 ἤδη
517 1601 531 1626 ὁ
549 1599 627 1633 λόγος
648 1600 770 1634 εἰρήκει,
796 1598 873 1625 οὐδὲν
887 1598 957 1630 τέως
974 1599 1003 1625 ἐν

211 1647 251 1684 τῷ
270 1649 384 1682 παρόντι
410 1648 475 1682 περὶ
497 1641 610 1676 ἐκείνων
635 1648 702 1683 ἐρεῖ,
729 1647 810 1682 μόνον
832 1645 931 1682 δηλαδὴ
948 1645 1004 1672 τῶν

214 1693 285 1720 κατὰ
300 1693 349 1729 τὴν
368 1693 495 1729 γέννησιν
514 1693 698 1729 μεμνημένος,
716 1692 832 1719 καὶτῶν
854 1691 924 1718 κατὰ
938 1691 1007 1718 ταὺ-

213 1747 264 1773 την
284 1739 405 1774 τεράτων
424 1739 471 1765 καὶ
496 1738 670 1774 Θαυμασίων,
697 1738 746 1773 οὐχ
764 1737 835 1763 ὥστε
854 1737 902 1762 mi.
918 1737 1004 1763 εἰπεῖν

213 1794 240 1812 τι
253 1784 391 1811 κάνταῦθα
407 1783 496 1820 (τοῦτο
508 1785 571 1819 γὰρ,
582 1784 619 1815 ὡς
629 1784 696 1817 ῐστε,
712 1784 759 1810 καὶ
775 1782 881 1818 φθάσας
896 1781 1004 1817 πρῶτος

214 1830 367 1866 ἐδήλωσεν),
391 1830 446 1857 ἀλλ’
459 1829 529 1856 ὥστε
548 1830 594 1856 τὸν
609 1829 690 1856 πόθον
708 1828 887 1861 ἐνδείξασθαι,
909 1828 956 1854 καὶ
970 1829 1005 1854 τὰ

213 1875 265 1910 τῆς
284 1875 389 1911 ἡμέρας
404 1876 554 1910 ὲνσημᾶναι
569 1875 738 1910 χαρμόσυνα.

250 1921 309 1948 Νῦν
328 1922 383 1957 γᾶρ
397 1921 435 1953 ὼς
449 1921 556 1957 ἀληθῶς
572 1922 647 1948 πᾶσα
661 1921 754 1947 θάλλει
766 1920 875 1956 καρδία,
891 1921 938 1947 καί
948 1921 1004 1952 τοῖς

213 1967 261 1994 τοῦ
284 1967 431 2002 σεολήπτου
461 1968 605 2003 συνήδεται
629 1967 780 2001 γενεσίοις·
804 1967 851 1994 νῦν
875 1966 1005 2002 μειδίαμα

213 2013 264 2048 τὴν
279 2013 393 2040 ἑκάστου
412 2013 512 2049 ψυχὴν,
535 2013 583 2040 καὶ
602 2013 755 2049 εὐφροσύνη
774 2013 937 2048 κατείληφεν
956 2012 1005 2048 ἄρ-

215 2060 297 2093 ρητος
310 2067 316 2074 ·
331 2059 378 2085 νῦν
391 2059 482 2095 χαίρει
499 2059 547 2086 καὶ
557 2059 608 2093 ὅση
625 2059 680 2086 τῶν
695 2060 783 2086 ὰΰλων
795 2059 885 2093 φύσις,
897 2059 944 2085 κα¹ι
955 2059 1004 2094 ὅση

213 2104 261 2131 τὸν
277 2103 335 2130 ἄνω
350 2104 438 2140 χῶρον
452 2106 531 2139 οἰκεῖ,
546 2105 593 2131 καὶ
603 2105 653 2140 ὅση
669 2105 714 2131 τὸν
726 2105 801 2132 κάτω
812 2105 866 2140 ἄρα
879 2104 926 2131 καὶ
942 2105 1006 2130 ὑπο-

215 2150 332 2185 χθόνιον,
352 2150 394 2178 διὰ
414 2151 463 2186 τὴν
487 2151 636 2186 μέλλουσαν
653 2151 761 2178 ἔσεσθαι
781 2151 917 2187 σωτηρίαν
935 2151 1005 2177 διπα-

1052 913 1135 940 nibus
1146 913 1228 941 rebus
1239 914 1379 946 humanis,
1393 921 1454 941 cum
1469 914 1496 940 in
1508 914 1596 948 prima
1612 907 1732 946 aetatula,
1747 913 1841 941 tumin

1049 959 1196 994 juventute
1214 965 1375 994 separatus;
1395 959 1533 994 quomodo
1545 959 1622 995 juxta
1643 959 1767 986 divinum
1781 967 1842 986 ora-

1052 1006 1145 1033 culum
1165 1006 1199 1033 ad
1224 1006 1372 1034 Jordauem
1397 1006 1497 1034 deinde
1512 1005 1630 1038 venerit,
1648 1005 1695 1032 ubi
1723 1006 1842 1040 primum

1052 1051 1212 1079 hominibus
1232 1052 1308 1079 visus
1325 1056 1381 1084 est;
1397 1060 1457 1087 qua:
1473 1052 1576 1080 fuerint
1596 1052 1652 1084 illa,
1673 1059 1733 1086 qua:
1754 1051 1844 1086 bapti-

1052 1104 1118 1123 zans
1130 1096 1241 1132 populis
1256 1097 1448 1130 denuntiaret;
1466 1101 1504 1130 et,
1531 1098 1606 1133 quod
1630 1097 1710 1125 ﬁdem
1731 1105 1841 1125 omnem

1052 1146 1175 1177 superat,
1186 1142 1326 1177 quomodo
1347 1143 1375 1170 in
1388 1143 1468 1178 aquis
1484 1143 1573 1178 ipsum
1589 1143 1736 1170 Dominum
1749 1143 1841 1177 bapti—

1055 1188 1170 1221 zaverit,
1188 1189 1303 1224 ejusque
1317 1193 1400 1223 caput
1416 1188 1551 1224 tetigerit;
1570 1188 1688 1223 denique
1703 1187 1842 1223 quomodo

1052 1238 1167 1269 propter
1177 1228 1328 1261 hominum
1346 1242 1397 1261 suo
1415 1234 1474 1269 ipse
1493 1234 1624 1261 multatus
1639 1233 1723 1260 fuerit
1741 1233 1841 1268 capite,

1052 1280 1131 1315 cujus
1147 1287 1229 1307 causa
1245 1287 1345 1315 procax
1356 1279 1447 1315 puella
1457 1280 1613 1307 saltaverat.

1087 1366 1150 1394 llaec
1166 1371 1194 1394 et
1213 1365 1266 1393 alia
1282 1367 1386 1402 majora
1410 1366 1626 1402 sublimioraque
1636 1386 1644 1399 ,
1663 1366 1687 1401 si
1703 1365 1744 1393 fas
1757 1369 1842 1397 esset.

1053 1412 1172 1440 dicendo
1189 1412 1246 1448 96
1259 1416 1473 1447 persequeretur
1489 1412 1547 1440 haac
1561 1412 1649 1439 oratio
1665 1419 1736 1444 mea,
1753 1415 1843 1439 tanta-

1054 1466 1170 1493 rumque
1188 1466 1280 1485 rerum
1296 1458 1556 1486 commemoratione
1573 1457 1683 1485 suavior
1694 1457 1781 1489 ﬁeret,
1793 1464 1844 1484 ncc

1055 1503 1192 1539 religiosis
1217 1504 1331 1532 auribus
1355 1512 1452 1539 parum
1473 1504 1690 1539 gratiﬁcaretur;
1719 1503 1767 1531 sed
1790 1503 1843 1530 ista

1054 1557 1209 1578 sermonem
1233 1549 1329 1582 alium,
1353 1549 1438 1582 aliud,
1459 1554 1490 1577 ut
1511 1550 1593 1585 hujus
1616 1549 1748 1577 orationis
1763 1548 1843 1575 initio

1054 1595 1179 1623 dicebam
1190 1615 1196 1627 ,
1211 1599 1320 1628 tempus
1340 1595 1464 1630 exigunt.
1479 1595 1553 1622 Nihil
1569 1603 1602 1622 ex
1624 1595 1678 1621 illis
1697 1594 1840 1629 attingam,

1053 1649 1149 1669 eorum
1164 1641 1297 1668 duntaxat
1315 1647 1376 1675 quae
1398 1641 1432 1667 ad
1449 1641 1619 1668 nativitatem
1643 1639 1793 1675 pertinent,
1816 1643 1844 1667 et

1054 1689 1243 1724 prodigiorum
1269 1690 1351 1721 atque
1368 1687 1563 1715 miraculorum
1581 1694 1642 1722 quae
1661 1690 1718 1713 tum
1736 1685 1844 1713 accide-

1055 1739 1129 1767 runt,
1147 1742 1269 1768 memor;
1284 1742 1339 1762 non
1355 1733 1428 1770 quod
1446 1733 1497 1760 ista
1508 1737 1657 1760 retractare
1669 1732 1841 1766 velim,qu:e,

1055 1784 1086 1806 ut
1106 1779 1192 1812 scitis,
1210 1787 1274 1814 pars
1296 1779 1429 1808 orationis
1447 1779 1523 1814 prior
1552 1777 1706 1813 occupavit,
1731 1777 1779 1805 sed
1804 1777 1844 1804 sic

1054 1826 1197 1853 ostendam
1215 1833 1336 1853 amonem
1347 1845 1354 1858 ,
1375 1830 1403 1852 et
1417 1832 1509 1852 meum
1527 1824 1561 1852 de
1580 1824 1633 1852 hoc
1650 1823 1694 1851 die
1712 1824 1843 1859 gaudium

1053 1871 1222 1906 signiﬁcabo.

1089 1917 1168 1945 Nunc
1179 1924 1261 1952 quam
1268 1917 1411 1944 verissime
1422 1915 1610 1943 exhilarantur
1616 1915 1739 1943 omnium
1750 1914 1842 1946 corda,

1055 1969 1084 1992 et
1108 1964 1222 1992 Joannis
1240 1963 1381 1991 natalibus
1405 1962 1590 1998 gratulantur;
1613 1969 1687 1989 nunc
1714 1961 1845 1988 uniuscu-

1053 2010 1154 2045 jusque
1181 2009 1273 2036 sinum
1295 2009 1420 2036 hilaritas
1445 2012 1472 2035 et
1504 2007 1633 2043 gaudium
1661 2007 1844 2034 inenarrabile

1055 2054 1204 2089 complevit
1223 2063 1229 2080 :
1251 2061 1325 2081 nunc
1339 2053 1452 2088 singula:
1463 2057 1569 2079 naturae
1583 2052 1751 2087 spirituales,
1764 2056 1845 2087 quot-

1056 2103 1123 2134 quot
1134 2100 1274 2127 caelestem
1290 2099 1429 2134 regionem
1445 2098 1579 2131 incolunt,
1597 2103 1625 2125 et
1638 2102 1772 2133 quotquot
1786 2098 1844 2125 sive

1057 2150 1154 2177 terras,
1184 2145 1242 2172 sive
1267 2144 1370 2172 inferos
1389 2144 1560 2176 inhabitant,
1577 2147 1690 2178 propter
1716 2143 1842 2176 salutem,

215 2204 277 2223 σιν’
296 2197 358 2232 ἄρτι
376 2197 407 2223 τὸ
425 2197 473 2223 ἀπ’
487 2197 584 2229 αἰῶνος
604 2196 782 2232 σεσιγημένον
802 2197 948 2232 μυστήριον
961 2197 1001 2222 ὲκ-

1057 2198 1118 2225 quae
1138 2190 1201 2217 inde
1227 2190 1256 2217 in
1273 2196 1368 2217 omnes
1395 2190 1476 2216 debet
1500 2189 1666 2221 redundare,
1684 2189 1811 2216 laetantur
1835 2198 1842 2216 :

214 2241 382 2269 καλύπτεται
396 2251 403 2257 ·
426 2242 490 2278 ἄρτι
510 2244 524 2270 6
550 2243 696 2278 μονογενὴς
716 2243 764 2269 τοῦ
783 2242 850 2269 Θεοῦ
867 2243 941 2276 Υἱὸς,
958 2242 1004 2269 καὶ¹

215 2288 278 2320 Υἱὸς
295 2289 440 2328 ἀνθρώπου
455 2289 559 2324 γίνεται
573 2290 746 2325 ἁποῤῥήτως.

252 2367 333 2402 Ἀρτι
344 2367 455 2401 ἄγγελοι
470 2368 525 2399 τοῖς
536 2366 689 2403 ἀνθρώποις
705 2367 894 2400 συνάπτονται,
911 2367 958 2394 καὶ
970 2366 1005 2393 τὰ

215 2414 280 2449 πρὶν
291 2413 421 2439 διεστῶτα
438 2415 477 2445 είς
501 2413 530 2440 ἓν
549 2413 771 2448 συνεισέρχεται·
792 2413 878 2440 πάντα
894 2413 948 2448 γὰρ
970 2413 1004 2440 τὰ

216 2459 333 2495 κρείττω
352 2461 385 2495 τῇ
404 2460 451 2486 τοῦ
467 2460 625 2495 Προδρὸμου
648 2460 789 2496 συντρέχει
807 2460 941 2494 γεννήσει,
958 2459 1004 2485 καὶ

216 2505 300 2532 αὐτοῦ
327 2507 360 2541 τῇ
384 2506 504 2542 προσόδῳ
530 2506 584 2532 πᾶν
603 2505 629 2532 εἴ
647 2514 673 2532 τι
694 2505 846 2538 κάλλιστον,
864 2505 915 2541 ἤδη
935 2514 1004 2540 συμ-

216 2551 355 2587 πρόεισιψ
380 2552 492 2583 εἰκότως
515 2551 580 2587 ἄρα,
605 2552 653 2578 καὶ
675 2551 710 2578 τὰ
732 2553 792 2578 κατ’
811 2551 892 2578 αὐτὸν
915 2553 1003 2578 πάντα

215 2597 308 2629 καινὰ,
325 2597 372 2624 καὶ
387 2597 516 2632 σύλληψις
532 2597 600 2632 ἅμα,
616 2597 663 2624 καὶ
678 2597 814 2632 γέννησις.
834 2598 880 2624 καὶ
896 2597 1002 2633 ἀγωγὴ,

215 2643 263 2669 καὶ
279 2642 345 2677 βίος,
358 2643 404 2669 καὶ
414 2643 463 2670 ὅσα
479 2643 545 2670 ἄλλα
561 2643 607 2670 ἐπὶ
620 2643 708 2678 τούτῳ
723 2643 881 2679 παραδόξως
895 2651 1003 2670 συνετε-

214 2687 310 2722 λέσθη.

251 2732 355 2760 Οὐκοῦν
378 2734 471 2769 μηδεὶς
492 2733 615 2768 στυγνὸς,
634 2734 727 2769 μηδεὶς
752 2733 887 2770 κατηφὴς,
910 2734 1005 2770 μηδεὶς

214 2779 288 2814 λύπῃ
315 2780 454 2811 κατωπὸς,
474 2779 519 2806 τοῦ
543 2780 677 2815 παρόντος
706 2781 842 2815 μετεχέτω
863 2781 1003 2815 συλλόγου.

220 2824 301 2852 Ἀλλὰ
325 2826 372 2852 καὶ
395 2826 484 2862 ψυχῆς
511 2826 589 2854 ἀνίαν
616 2827 664 2854 καὶ
688 2825 812 2863 σώματος
839 2827 1003 2860 ἀποτιναξόι-

1057 2243 1131 2263 nunc
1142 2235 1333 2263 absconditum
1354 2242 1371 2261 a
1393 2235 1493 2262 saeculo
1514 2235 1675 2271 mysterium
1690 2235 1842 2267 revelatur;

1057 2289 1132 2309 nunc
1145 2281 1304 2316 unigenitus
1317 2280 1365 2308 Dei
1386 2280 1471 2308 Filius
1495 2281 1524 2308 ﬁt
1543 2281 1674 2308 ineﬂabili
1699 2281 1779 2309 modo
1801 2281 1845 2309 Fi-

1057 2327 1111 2354 lius
1126 2327 1255 2355 hominis.

1092 2373 1151 2401 1am
1172 2374 1261 2408 angeli
1278 2382 1339 2412 cum
1356 2373 1516 2401 hominibus
1531 2375 1751 2409 eonjunguntur,
1770 2378 1798 2402 et
1815 2374 1844 2402 in

1057 2426 1143 2445 unum
1154 2418 1332 2451 conveniunt,
1342 2426 1402 2453 qua:
1418 2419 1495 2453 prius
1505 2424 1584 2445 erant
1593 2419 1763 2446 dissitatnam
1774 2419 1844 2454 opti-

1057 2471 1101 2490 ma
1115 2471 1230 2498 quaeque
1245 2472 1307 2491 cum
1319 2464 1499 2492 Prmcursoris
1512 2464 1649 2492 natalibus
1660 2470 1839 2497 concurrunt,

1056 2514 1085 2536 et
1101 2517 1163 2536 cum
1175 2510 1234 2544 ejus
1247 2509 1366 2537 adventu
1385 2510 1618 2538 excellentissima
1632 2517 1746 2545 quisque
1762 2510 1843 2537 simul

1057 2555 1216 2589 conﬂuunt;
1231 2563 1283 2584 nec
1295 2556 1434 2583 immerito
1447 2563 1511 2583 sane
1522 2556 1624 2588 omnia,
1637 2564 1697 2591 qua:
1711 2556 1743 2584 ad
1756 2557 1843 2592 ipsum

1057 2601 1206 2636 pertinent,
1220 2609 1290 2628 nova
1306 2605 1380 2634 sunt,
1397 2607 1557 2636 conceptus,
1575 2602 1705 2629 nativitas
1715 2622 1722 2635 ,
1736 2602 1845 2630 institu-

1057 2651 1127 2679 tum,
1146 2647 1207 2674 vitm
1230 2655 1333 2683 genus,
1351 2651 1379 2674 et
1405 2647 1457 2674 alia
1473 2655 1534 2682 qua;
1560 2647 1588 2675 in
1610 2648 1669 2683 ipso
1692 2648 1789 2677 mirum
1816 2648 1845 2676 in

1059 2693 1171 2720 modum
1184 2693 1305 2728 perfecta
1319 2697 1393 2720 sunt.

1092 2738 1190 2765 Nullus
1204 2738 1288 2773 igitur
1300 2738 1449 2770 austerior,
1462 2738 1555 2766 nullus
1565 2738 1658 2773 pusilli
1674 2738 1767 2770 animi,
1781 2738 1843 2765 nul-

1057 2782 1101 2810 lus
1115 2783 1220 2811 tristior
1230 2783 1266 2810 sit
1280 2783 1362 2818 hujus
1377 2784 1510 2812 orationis
1521 2783 1674 2819 particeps:
1690 2783 1737 2810 sed
1755 2782 1802 2817 qui
1816 2785 1844 2808 et

1057 2828 1141 2856 animi
1160 2833 1188 2856 et
1215 2829 1358 2864 corporis'
1374 2837 1520 2858 mererem
1539 2829 1594 2866 97
1609 2828 1720 2866 abjecit,
1733 2826 1845 2857 accedat
