1969 3052
143 133 176 164 4⁵1
747 125 903 155 OPERUM
941 122 1185 152 TllEODOllETl
1748 119 1780 148 48

143 191 198 221 ille,
213 188 331 215 celebret
346 185 599 222 pra-conisnatalia,
614 189 640 211 ct
655 184 726 210 diem
737 184 810 210 hunc
828 183 936 209 faustis-

1002 188 1079 211 ιενος,
1095 179 1180 210 οὕτως
1195 179 1287 205 εἰσίτω
1305 178 1441 213 ἐορτάσων
1456 178 1502 204 τοῦ
1522 178 1642 213 κήρυκος
1657 177 1691 203 τὰ
1701 179 1780 210 γενέι

145 236 244 262 simum
273 233 411 268 pradicet.
441 231 511 264 Quid
538 231 610 258 extitit
640 230 729 265 majus
755 230 788 257 ad
820 229 937 256 delicias

145 283 258 313 amarat,
286 289 348 307 cum
378 278 562 314 pulcherrima
579 285 704 311 quaeque,
731 282 759 303 et
776 276 937 303 suavissima

145 335 258 362 qut-.eque
281 323 533 360 perfectissimaun
557 322 584 348 iit
609 329 693 348 unum
723 325 817 348 coacta
834 321 936 353 videat,

145 373 245 408 quibus
262 372 371 399 divinus
383 371 428 398 ille
447 371 618 405 prwnuntius
637 370 789 397 instructus
805 368 867 395 est?

181 451 248 478 Cum
262 450 344 484 igitur
363 453 398 481 te,
411 449 570 476 beatissime
584 450 751 482 Prtecursor,
767 449 806 475 sic
822 448 873 475 ria:
889 447 939 474 du-

146 503 206 523 cem
229 503 260 522 ac
276 494 429 529 principem
455 493 661 526 ornaverimus,
681 493 730 520 abs
747 498 773 520 te
797 493 832 521 sit
860 493 939 520 nobis

146 542 251 572 hetitia,
266 541 355 567 omnis
371 549 434 576 spes
448 545 475 568 et
491 541 634 573 auxilium,
646 543 744 575 prmsto
757 539 804 572 sis,
816 543 940 567 amantes

148 595 172 615 te
201 588 321 619 redama,
342 592 370 615 et
398 588 502 615 intimis
532 588 614 615 animi
640 587 768 614 sensibus
798 594 861 621 erga
891 594 941 614 nos

145 640 313 665 commotus.
325 643 381 662 non
395 639 488 661 nostra
502 638 610 668 reputa,
624 641 674 660 nec
687 641 744 665 eas,
757 633 857 667 quibus
870 640 940 667 quo-

148 682 212 709 tidie
227 681 412 716 implicamur,
430 680 600 715 iniquitates,
613 679 661 706 sed
670 679 941 706 commiserationem

145 728 306 754 errantibus
319 728 428 754 exhibe.
448 727 489 754 Ad
503 726 648 754 arbitrium
661 726 747 753 habes
762 726 811 753 tibi
825 733 942 752 consen-

148 775 261 802 tientem
277 774 434 806 Dominum,
453 773 500 808 qui
514 773 593 800 nobis
604 773 751 805 condonet,
764 772 786 799 si
798 772 863 807 quid
880 775 942 806 pcr-

147 828 241 855 peram
253 819 342 854 egisse
355 819 513 851 videamur;
527 819 610 854 hujus
624 818 698 846 enim
711 826 741 845 es
758 818 874 850 amicus,
889 818 940 845 Ba-

989 225 1060 256 Ολια,
1079 225 1125 251 καὶ
1149 225 1342 260 πανηγυρίσων
1361 225 1410 259 τῆς
1426 224 1532 259 ἡμέρας
1551 223 1585 249 τὰ
1603 223 1780 258 χαριστήρια.

989 271 1021 297 Τί
1043 271 1096 306 γὰρ
1117 271 1163 298 καὶ
1186 271 1278 306 μεῖζον
1303 271 1343 302 εἰς
1363 271 1460 306 ἡδονὴν
1483 269 1619 305 κομιεῖται
1636 278 1678 301 τις
1703 269 1781 296 πάνθ’

989 317 1059 352 ὀρῶν
1074 317 1122 343 νῦν
1134 317 1169 343 τὰ
1191 317 1321 344 κάλλιστοι
1343 317 1411 352 ἅμα,
1426 317 1473 343 καὶ
1488 316 1594 351 ἥδιστα,
1616 315 1662 342 καὶ
1678 315 1783 341 λυσιτε-

990 363 1105 390 λέστατα
1122 364 1161 396 εἱς
1176 363 1205 389 ἓν
1221 363 1392 395 συνελθόντα,
1410 363 1456 390 καὶ
1473 362 1595 398 μηνυτὴν
1617 361 1714 397 ἔχοντα
1732 362 1780 388 καὶ

991 410 1160 446 προάγγελον
1176 410 1223 437 τὸν
1242 410 1406 446 θεόληπτονς

1032 455 1113 482 Ἀλλὰ
1129 455 1211 490 γὰρ⁸⁷
1227 455 1288 482 ἐπεὶ
1314 455 1354 487 σὲ,
1371 452 1394 482 ὦ
1417 455 1612 491 μακαριώτατε
1629 455 1782 491 Πρόδρομε.

991 501 1061 528 οὓτω
1084 502 1131 528 καὶ
1157 489 1254 537 ύδηγὺν
1279 502 1326 528 καὶ
1355 489 1477 537 ἀρχηγὸν
1496 489 1526 528 ἐν
1549 502 1607 532 τοίς
1630 489 1795 536 κρείττοιτινι

991 548 1208 583 ἐπλουτήσαμεν,
1228 547 1276 574 καὶ
1295 547 1370 582 παρὰ
1388 548 1434 574 σοῦ
1451 548 1517 582 ἡμῖν
1539 548 1587 574 καὶ
1602 546 1682 582 ἡδονὴ
1698 548 1783 578 πᾶσα,

992 595 1039 621 καὶ
1054 594 1143 626 ἐλπὶς,
1169 595 1214 620 καὶ
1241 594 1361 629 βοήθεια,
1379 593 1490 629 φάνηθι,
1512 594 1558 620 καὶ
1576 593 1657 624 αὐτὸς
1671 593 1782 619 ἀντιπο-

993 636 1047 663 θῶν
1062 637 1125 668 τοὺς
1139 637 1301 669 ποθοῦντας.
1319 638 1366 664 καὶ
1384 639 1514 673 χρηστοῖς
1528 638 1592 673 περὶ
1607 639 1681 673 ἡμᾶς
1694 637 1787 665 κινού-

993 691 1072 718 μενος
1089 683 1264 718 σπλάγχνοις,
1278 683 1316 718 μὴ
1330 684 1365 710 τὰ
1382 684 1506 719 ἡμέτερα
1517 683 1703 718 λογιζόμενος,
1725 683 1786 719 μηδ’

991 727 1032 762 οἷς
1047 730 1109 757 καθ’
1126 730 1233 765 ἡμέραν
1252 730 1458 766 συνειλήμμεθα
1479 730 1651 765 αἰτιάμασιν,
1673 730 1741 756 ἀλλὰ
1754 729 1786 756 τὸ

993 777 1039 803 σὸν
1056 776 1197 812 συμπαθὲς
1212 776 1259 803 καὶ
1275 776 1440 810 σφάλλουσιν
1457 776 1672 812 ἐνδεικνύμενος.
1694 776 1787 811 Ἔχεις

992 822 1045 858 γὰρ
1088 822 1250 857 βουλόμενος
1284 822 1443 849 ἐπινεύοντα
1477 822 1522 849 τὸν
1550 822 1711 856 Δεσπότην,
1740 821 1788 847 καὶ

147 866 240 901 ptista,
258 873 411 900 praecursor
425 869 452 892 ct
468 865 617 899 propheta;
631 872 694 892 cum
713 864 818 891 ueteris
836 868 864 891 et
875 863 943 891 libe-

1002 868 1108 902 Ιῳιέντα
1123 868 1199 904 ἡμῖν,
1212 867 1238 894 εἴ
1246 877 1272 894 τι
1290 868 1326 903 μὴ
1339 869 1386 894 καὶ
1395 868 1508 899 δεόντως
1519 867 1682 902 φαινοίμεθα
1692 864 1784 902 ’πράτ-

148 913 205 939 ritts
217 916 244 940 et
253 911 436 939 conﬁdentius
449 912 597 946 alloqueris
613 920 619 938 :
634 911 746 938 auditur
755 911 940 946 interpellatio

149 964 203 990 tua,
218 963 246 986 ct
270 957 367 993 preces
391 958 451 985 sine
474 958 558 985 ullius
573 958 729 985 interventu
746 958 778 985 ad
794 966 876 986 aures
891 958 940 985 Dei

147 1005 237 1032 sta.im
271 1004 414 1032 accedunt.
443 1003 579 1032 Caeterum
606 1012 657 1039 pro
687 1004 768 1031 nobis
800 1012 940 1039 nunquam

147 1059 237 1079 cesses
255 1050 412 1086 deprecari;
432 1058 492 1086 qum
514 1050 594 1077 nobis
620 1049 796 1082 conducunt,
814 1050 940 1086 impetra,

149 1103 178 1125 ut
193 1098 356 1125 clementem
369 1097 456 1124 Deum
467 1096 627 1128 habeamus,
642 1100 670 1123 et
682 1096 710 1122 in
727 1096 822 1124 futuro
839 1096 941 1124 saeculo

148 1144 239 1179 ipsum
267 1151 457 1178 assequamur,
475 1143 521 1177 qui
540 1142 703 1177 promissam
731 1142 811 1170 nobis
827 1142 940 1178 gloriam

148 1190 293 1222 concedat,
309 1190 337 1216 in
356 1189 466 1217 Christo
478 1189 544 1216 Jesu
558 1189 674 1216 Domino
688 1193 794 1221 nostro,
812 1196 867 1216 una
879 1197 942 1216 cum

148 1235 316 1263 vivilicatore
339 1235 454 1270 Spiritu,
481 1243 555 1262 nunc
576 1239 605 1262 et
627 1243 744 1270 semper,
759 1239 787 1262 et
801 1235 828 1262 in
844 1235 944 1262 saecula

148 1281 322 1308 surculorum.
331 1280 429 1307 Amen.

994 921 1102 944 τοντες”
1121 913 1153 939 σὺ
1178 913 1232 948 γὰρ
1255 912 1350 939 τούτου
1375 913 1422 939 καὶ
1447 912 1535 948 φίλος,
1560 912 1607 938 καὶ
1625 911 1787 946 βαπτιστὴς,

994 960 1042 986 καὶ
1058 959 1221 995 πρόδρομος,
1240 960 1288 985 καὶ
1310 960 1470 995 προφήτης,
1488 959 1536 985 καὶ
1552 958 1599 985 σοῦ
1618 959 1634 993 ἡ
1653 958 1721 993 πρὸς
1740 957 1788 983 ait»

995 1005 1041 1031 τὸν
1063 1004 1203 1041 παρρησία
1227 1004 1328 1039 μείζων
1352 1005 1408 1036 τοῖς
1431 1005 1513 1038 ὅλοις,
1531 1004 1578 1031 καὶ
1601 1004 1784 1039 ἀπαράθετος,

994 1050 1028 1076 δι’
1043 1050 1077 1086 ἥν
1092 1058 1132 1076 σοι
1151 1049 1224 1085 καὶὴ
1241 1049 1360 1082 ἔντευξις
1377 1051 1507 1085 ἀχουστὴ.
1525 1051 1573 1076 καὶ
1587 1050 1603 1085 ὴ
1616 1049 1707 1084 δέησις
1720 1049 1789 1083 ἆμε-

997 1105 1055 1128 σος,
1073 1096 1119 1122 καὶ
1138 1096 1177 1127 εἰς
1195 1092 1252 1122 ὦτα
1268 1095 1335 1122 Θεοῦ
1361 1096 1480 1131 μάλιστα
1503 1095 1650 1124 πίπτουσα,
1672 1095 1718 1129 Μὴ
1743 1091 1790 1121 οὖν

997 1143 1114 1174 ἐλλίποις
1131 1142 1224 1169 λοιπὸν
1240 1142 1311 1177 ὑπὲρ
1323 1142 1422 1169 δούλων
1438 1141 1609 1177 πρεσϐεύων,
1628 1141 1675 1167 καὶ
1690 1141 1725 1166 τὰ
1740 1140 1788 1166 λυ-

998 1189 1090 1224 σιτελῆ
1108 1189 1174 1224 ἡμῖν
1194 1188 1396 1223 ἐξαιτούμενος,
1418 1188 1456 1219 ὡς
1478 1187 1511 1214 ἂν
1531 1187 1579 1214 καὶ
1600 1187 1666 1213 Θεὸν
1687 1185 1790 1221 εὐμενῆ

999 1234 1141 1270 σχοίημεν,
1158 1234 1204 1260 καὶ
1220 1233 1301 1260 αὑτοῦ
1318 1233 1437 1269 Χριστοῦ
1447 1233 1470 1249 ⁵⁸
1487 1233 1516 1260 ὲν
1536 1233 1574 1268 τῷ
1595 1232 1719 1268 μέλλοντι
1742 1231 1790 1257 τύ-

999 1289 1104 1317 χοιμεν,
1123 1279 1261 1315 βασιλείαν
1279 1281 1345 1315 ἡμῖν
1361 1279 1410 1315 τὴν
1428 1279 1637 1315 ἐπηγγελμένην
1655 1280 1791 1314 παρέχον-

148 1335 203 1358 τος,
231 1328 259 1353 ἐν
274 1326 384 1362 Χριστῷ
403 1325 489 1362 Ἰησοῦ
513 1327 608 1362 Κυρίῳ
633 1325 713 1361 ἡμῶν
740 1326 798 1362 ἅμα
818 1326 856 1362 τῷ
880 1327 1004 1363 ζωοποιῷ
1026 1325 1175 1361 [Ινεύματιι
1193 1326 1239 1353 νῦν
1264 1326 1311 1353 καὶ
1328 1326 1370 1354 ἀεὶ
1387 1326 1433 1353 καὶ
1454 1327 1493 1359 εἰς
1519 1326 1583 1357 τοὺς
1612 1325 1713 1357 αἰῶνας
1737 1325 1790 1351 τῶν

149 1373 265 1400 αἰώνων,
288 1373 315 1399 Ἀ
321 1373 384 1408 μήν.

150 1429 206 1465 98
221 1429 263 1457 Ex
276 1429 427 1457 Theodoreti
440 1431 604 1468 sermonibus
615 1433 763 1468 qninquein
775 1431 802 1460 S.
815 1432 947 1460 Joannem

435 1465 660 1501 Chryxoatamu'm.

1003 1433 1191 1468 Θειηδωρήτυιι
1217 1433 1250 1459 ἐκ
1279 1432 1336 1459 τῶν
1357 1436 1378 1459 ε’
1397 1433 1494 1466 λόγων
1514 1433 1558 1464 εὶς
1574 1432 1626 1458 τὸν
1643 1431 1678 1457 ἐν
1696 1431 1790 1465 ἁγίοις

1168 1469 1312 1501 Ἰωάννην
1334 1468 1387 1494 τὸν
1403 1468 1630 1502 Χρυσόστομον.

730 1555 768 1582 Ex
788 1555 877 1584 Pltotii
896 1557 1067 1589 Bibliotheca,
1084 1555 1145 1583 cod.
1164 1556 1225 1582 275.

187 1638 263 1666 Lecti
286 1643 350 1666 sunt
369 1647 521 1673 sermones,
540 1648 609 1675 quos
632 1641 730 1669 beatus
755 1642 946 1670 Theodoretus
961 1650 981 1678 ο

151 1685 178 1712 in
209 1689 333 1712 sanctum
356 1685 491 1715 Joannem
515 1686 743 1722 Chnysostomum
767 1688 942 1723 composuit:

151 1737 184 1756 ex
201 1730 233 1757 iis
248 1730 382 1757 hactenus
394 1731 518 1766 quinque
535 1735 640 1759 tantum
660 1732 871 1765 vidimus,untle
884 1740 945 1767 qum

153 1780 306 1810 sequuntur
321 1776 526 1810 descripsimus.

187 1866 314 1901 Quinque
335 1874 495 1894 sermonum
517 1868 624 1902 primus
639 1868 750 1896 videtur
772 1868 856 1895 alium
871 1868 946 1903 prio-

153 1919 211 1938 rem
229 1911 322 1946 sequi,
339 1916 386 1939 aut
402 1917 477 1941 certe
497 1921 561 1948 pars
583 1914 700 1949 alicujus
720 1921 791 1942 esse.
809 1913 945 1942 Caeterum

154 1961 253 1985 tractat
265 1959 404 1993 quomodo
416 1959 555 1995 (Joannes)
569 1964 699 1988 evocatus
715 1960 946 1996 Constantinopo-

153 2003 201 2030 lim
222 2004 502 2040 venerit,ipsiusque
525 2006 751 2042 archiepiscopus
780 2006 946 2034 constitutus

153 2048 189 2075 sit
207 2058 214 2075 :
233 2049 370 2084 quomodo
393 2051 594 2087 presbyterium
611 2056 640 2079 et
657 2060 795 2080 summum
818 2052 947 2079 sacerdo-

155 2094 222 2122 tium
239 2095 273 2122 ad
289 2095 430 2130 antiquam
453 2105 577 2124 normam
605 2098 679 2124 omni
701 2097 793 2125 studio
816 2105 946 2125 revocare

153 2145 269 2170 conatus
294 2142 349 2169 sit:
367 2151 429 2178 quae
450 2148 546 2170 contra
570 2143 684 2173 Gainam
708 2151 859 2179 generosus
877 2146 883 2152 '
901 2144 946 2170 ille

153 2188 282 2220 Joannes,
298 2197 372 2216 nunc
395 2197 426 2216 os
451 2189 594 2217 ferocienti
617 2189 776 2221 occludcns,
797 2198 870 2217 nunc
897 2197 946 2224 pro

154 2235 294 2261 communi
323 2235 482 2270 reipublicte
508 2235 619 2273 negotio
648 2236 785 2271 legatione
817 2235 945 2270 fungens,

154 2279 262 2314 peregit
278 2289 284 2306 :
301 2280 440 2314 quomodo
456 2281 566 2308 tandem
594 2281 696 2308 invidia
718 2281 883 2309 sententiam
900 2289 947 2308 ex-

1041 1641 1211 1676 ’Λνεγνώσοη
1227 1641 1258 1668 ὲκ
1273 1641 1327 1667 τῶν
1340 1639 1387 1667 τοῦ
1408 1639 1544 1674 μακαρίου
1558 1639 1730 1675 Θεοδωρήτου
1747 1638 1791 1665 λό-

999 1694 1066 1720 γων,
1082 1686 1129 1718 οὓς
1150 1686 1190 1717 εἰς
1204 1686 1249 1712 τὸν
1267 1687 1296 1712 ἐν
1313 1685 1402 1720 ἁγίοις
1424 1685 1552 1718 Ἰωάννην
1571 1685 1616 1711 τὸν
1637 1685 1792 1721 Χρυσόπο-

1001 1739 1051 1765 μον
1065 1731 1229 1763 συνετάξατο
1242 1752 1248 1763 ,
1266 1727 1304 1757 ὧν
1318 1731 1398 1766 ἡμεῖς
1416 1729 1496 1757 πέντε
1512 1730 1581 1761 τέως
1593 1731 1615 1746 ³⁸
1632 1730 1723 1766 ἴδομεν
1737 1750 1744 1762 ,
1763 1731 1792 1764 ἐξ

1000 1773 1037 1803 ὧν
1055 1777 1101 1803 καί
1116 1785 1192 1808 τινας
1209 1776 1324 1810 ἐκλογὰς
1347 1776 1396 1808 τὰς
1412 1777 1637 1812 ὑποτεταγμένας
1651 1785 1791 1813 παρεγρα-

999 1822 1120 1858 ψάμεοα.

1036 1869 1095 1896 ’Ότι
1114 1869 1168 1895 τῶν
1183 1869 1264 1896 πέντε
1279 1870 1366 1904 λόγων
1379 1870 1393 1895 ὁ
1410 1869 1528 1904 πρῶτος,
1544 1869 1624 1897 ἄλλον
1642 1869 1695 1904 πρὸ
1708 1869 1791 1897 αὐτοῦ

999 1915 1073 1942 δοκεῖ
1086 1915 1223 1950 δέχεσθαι,
1240 1916 1256 1950 ἢ
1281 1915 1363 1950 μέρος
1384 1915 1467 1942 αὑτοῦ
1485 1914 1554 1941 εἶναι
1567 1923 1573 1930 ·
1595 1915 1664 1951 πλὴν
1679 1916 1791 1950 διαλαμ-

1001 1960 1095 1993 ϐάνει,
1115 1961 1177 1988 ὅθεν
1200 1969 1230 1987 τε
1252 1961 1420 1996 μετάκλητος
1444 1961 1484 1993 εἰς
1506 1961 1791 1987 Κωνσταντινούπολιν

1000 2004 1061 2043 ἧκε,
1079 2006 1126 2034 καὶ
1146 2007 1220 2038 ὅπως
1234 2007 1318 2041 αὐτῆς
1334 2006 1478 2042 ἀρχιερεὺς
1492 2006 1621 2041 κατέστη,
1635 2006 1681 2032 καὶ
1695 2005 1732 2037 ὡς
1743 2005 1792 2040 τὴν

1003 2051 1162 2087 ἱερωσύνην,
1188 2052 1235 2078 καὶ
1250 2051 1468 2086 ἀρχιερωσύνην,
1485 2052 1525 2082 εἰς
1548 2051 1594 2078 τὸν
1611 2052 1724 2087 ἀρχαῖον
1744 2052 1792 2077 κό-

1002 2105 1069 2131 σμον
1081 2097 1227 2130 ἐπανάγειν
1241 2097 1370 2132 ἐπειρᾶτο
1382 2097 1483 2132 σπουδῇ
1498 2097 1572 2133 πάσῃ
1584 2106 1590 2112 ·
1603 2098 1650 2124 καὶ
1663 2097 1711 2124 ὅσα
1725 2096 1792 2132 πρὸς

1001 2143 1100 2170 Γαΐναν
1117 2143 1150 2175 θ’),
1171 2142 1250 2169 τοῦτο
1267 2143 1316 2177 μὲν
1329 2143 1343 2168 ὁ
1357 2144 1480 2177 γενναῖος
1496 2142 1680 2177 ἐπιστομίζων
1702 2143 1793 2169 Ἰωάν-

1001 2199 1061 2225 νης,
1085 2190 1164 2216 τοῦτο
1177 2189 1205 2215 δὲ
1225 2189 1294 2225 ὑπὲρ
1315 2189 1369 2215 τῶν
1389 2189 1486 2216 κοινῶν
1506 2189 1555 2224 τῆς
1578 2189 1715 2220 πολιτείας
1737 2189 1794 2215 δια-

1002 2235 1219 2270 πρεσϐευόμενος
1232 2235 1403 2270 πραγμάτων
1417 2235 1581 2270 διεπράξατο
1591 2243 1597 2250 '
1615 2235 1662 2262 καὶ
1676 2235 1713 2266 ὡς
1727 2234 1794 2269 φθό-

1002 2289 1046 2312 νος
1061 2281 1136 2316 αὐτῷ
1152 2281 1201 2316 τὴν
1217 2281 1368 2318 ὑπερορίαν
1384 2282 1404 2297 ⁸¹
1419 2282 1582 2317 ἐψηφίσατο.
1595 2281 1649 2307 Καί
1664 2290 1725 2308 τινα
1739 2281 1794 2307 τῶν

155 2325 208 2352 silii
223 2325 249 2352 in
261 2333 324 2352 eum
348 2326 470 2360 protulit.
484 2326 546 2354 llrec
567 2331 595 2354 et
616 2327 668 2354 alia
689 2335 750 2362 qure
775 2328 818 2354 vir
837 2331 944 2355 sanctus

1004 2326 1084 2362 μέχρι
1097 2327 1190 2358 τέλους
1206 2327 1321 2362 ἱστορῶν
1339 2326 1378 2362 τῷ
1395 2327 1531 2362 θεσπεσίῳ
1548 2326 1626 2361 ἀνδρὶ
1646 2325 1794 2360 διηνυσμέ-

155 2369 281 2404 perfecit,
306 2370 339 2398 ad
359 2370 440 2398 tinem
472 2379 558 2406 usque
588 2380 705 2399 narrans
721 2372 947 2408 (Theodoretus),

155 2417 242 2444 multa
255 2417 444 2449 nihilominus,
461 2418 516 2445 imo
533 2419 651 2453 plurima
663 2419 859 2453 praetermittit.

190 2461 242 2494 Qui
266 2462 391 2496 sequitur
410 2462 508 2490 breves
525 2462 631 2497 aliquas
654 2463 759 2495 laudes,
775 2463 869 2491 brevis
892 2464 949 2499 ipse

155 2505 284 2538 absolvit,
301 2506 384 2533 ducto
398 2506 460 2534 inde
480 2506 614 2533 exordio:
629 2506 732 2534 Iterum
749 2508 821 2534 nobis
837 2508 949 2536 Joannis

157 2552 285 2578 memoria
299 2556 447 2579 revocatur.

194 2597 303 2625 Tertius
327 2597 516 2626 laudationum
533 2599 607 2634 leges
625 2604 746 2634 superat.
772 2600 887 2628 Praestat
902 2608 952 2627 au-

1003 2381 1066 2405 νων,
1082 2372 1116 2399 τὰ
1131 2373 1227 2404 πολλὰ,
1246 2373 1346 2408 μᾶλλον
1356 2372 1430 2399 δὲτὰ
1447 2372 1560 2399 πλεῖστα
1575 2371 1757 2407 παρατρέχει.

1046 2462 1074 2488 '0
1090 2462 1119 2488 δὲ
1137 2461 1235 2496 ἐφεξῆς
1257 2461 1334 2496 λόγος
1356 2462 1484 2493 ἐπαίνους
1504 2462 1579 2493 τινὰς
1598 2461 1794 2496 ὀλιγοστὶχους,

1006 2508 1052 2534 καὶ
1071 2507 1153 2539 αὐτὸς
1173 2507 1340 2542 ὀλιγόστιχος
1365 2507 1419 2539 ὢν,
1444 2507 1623 2543 διαπεραίνει,
1644 2507 1796 2542 ἀρχόμενος

1006 2550 1058 2580 ὧδε
1068 2561 1074 2568 ·
1095 2553 1190 2580 Πάλιν
1201 2553 1275 2588 ἡμῖν
1298 2553 1443 2581 Ἰωάννου
1456 2553 1490 2580 τὸ
1503 2553 1714 2588 μνημόσυνον.

1048 2599 1115 2625 ’0δέ
1129 2599 1197 2634 μετὰ
1211 2599 1315 2632 τοῦτον,
1332 2599 1478 2635 ἐγκωμίων
1492 2599 1540 2634 μὲν
1555 2599 1601 2625 καὶ
1614 2598 1695 2630 αὐτὸς
1715 2599 1799 2633 ὑπερ-

800 2687 915 2714 VARIE
935 2687 1140 2716 LECTlONES.

194 2758 217 2774 ""
234 2759 314 2785 Ἀλλὰ
332 2759 395 2794 γὰρ,
415 2768 441 2786 κ.
458 2767 483 2786 τ.
499 2759 523 2786 λ.
540 2759 576 2795 Ut
589 2759 748 2795 totaﬂhujus
764 2758 899 2795 orationis
912 2759 1020 2787 indoles
1035 2768 1049 2786 a
1062 2759 1226 2794 politissimo
1249 2760 1415 2788 Theodoreti
1436 2760 1546 2795 ingenio
1559 2764 1585 2786 et
1604 2760 1724 2795 mascula
1739 2759 1798 2793 ejus

159 2794 315 2830 eloquentia
333 2793 376 2822 est
390 2794 606 2830 quamnmaxime
624 2793 724 2830 alielia.
743 2794 781 2821 ita
800 2794 927 2829 epilogus
948 2795 1000 2821 iste
1025 2793 1093 2821 satis
1116 2796 1298 2822 recentiorem
1327 2793 1491 2830 scriptorem
1516 2795 1617 2830 prodit.

161 2828 225 2856 dum
243 2830 352 2857 videtur
374 2828 503 2864 χρηστοῦ.
542 2829 564 2844 ⁸⁸
576 2829 654 2860 τέως.
670 2828 744 2856 Edit.
764 2830 851 2864 prior,
869 2828 935 2860 πως.

1657 2795 1679 2810 ⁸⁸
1694 2794 1784 2826 Legrn

975 2830 1122 2866 “Photius
1134 2837 1163 2866 ρἱ
1178 2838 1214 2866 nt.
1234 2831 1311 2858 l5l5.
1327 2828 1435 2863 Γάῖναν,
1453 2831 1480 2858 in
1499 2828 1584 2866 marg.
1604 2831 1711 2857 Γαῖνᾶν.
1731 2828 1796 2856 Vide

142 2868 256 2901 ‘aupra,
271 2868 290 2893 ι.
307 2865 350 2898 ΙΙΙ,
367 2863 487 2900 ρξιοτι.
528 2864 548 2879 “
567 2864 679 2899 ὑπερορ.
703 2863 770 2891 Ιὺὶιιζ
793 2865 821 2892 ἰη
851 2872 936 2900 marg.
962 2865 1122 2900 ὑπεροψίαν.
1143 2865 1174 2892 ΙΙ.
1197 2865 1237 2893 St.
