1969 3052
178 185 212 216 5'1
742 173 1012 204 AUC]AIUUM.-—
1028 173 1075 201 AD
1093 172 1180 202 'I‘O‘li'.
1199 171 1244 202 TV.
1768 165 1803 196 58

179 240 356 268 udis-ﬂuctus
370 235 486 264 transire
503 234 560 261 ausi
578 233 654 265 estis,
669 237 698 260 ut
714 238 833 259 nostram
851 231 967 258 audiatis
985 231 1007 259 Α
1054 229 1118 255 Vere
1134 229 1289 264 obstupescit
1304 227 1396 254 cadum
1409 227 1443 254 ad
1457 227 1514 257 hoc,
1530 229 1554 252 et
1569 224 1670 251 horruit
1691 223 1805 258 amplius

178 293 292 317 vocem,
314 290 396 319 quam
420 282 506 309 vestri
532 279 651 316 pastoris
677 279 752 306 vocis
778 277 893 313 efﬁgiem
921 285 970 311 pu-

179 332 254 359 tatis.

215 375 384 404 Desideratis
404 374 476 401 enim
498 372 593 400 audire
613 370 749 406 jucundas
769 368 853 396 vestri
878 372 971 403 pasto-

180 423 217 450 ris
238 422 343 449 ﬁstulas
362 430 368 447 :
386 419 515 455 pastoris,
534 425 615 453 quem
633 422 758 452 pastores
777 415 844 442 socii
861 414 971 441 calamis

179 467 352 497 occiderunt,
373 469 403 493 ut
426 468 534 500 putant,
553 463 587 490 ad
607 470 677 497 quos
696 463 768 488 Deus
785 469 834 496 per
853 459 972 495 prophe-

181 518 236 540 tam
261 512 360 539 clamat
385 519 392 537 :
418 511 541 537 Pastores
571 509 647 535 multi
669 511 842 542 corruperunt
865 507 971 532 vineam

180 565 283 588 nteant,
310 555 516 590 coinquinarunt
539 554 684 589 portionem
706 560 806 582 meam,
830 554 971 585 posuerunt

179 606 285 636 partem
312 609 398 628 meum
420 599 619 627 desiderabilem
643 599 671 625 in
691 597 858 624 solitudinem
876 597 972 630 imper-

181 650 254 677 viam
269 647 292 674 ¹ι.
312 647 388 674 Dicat
401 647 434 674 de
447 646 559 681 ipsis,cl
570 653 618 680 per
630 645 712 671 alium
730 643 891 678 prophetam
906 653 912 668 :
926 641 972 668 Se-

180 695 296 722 cundum
308 693 503 720 multitudinem
518 693 635 727 ipsorum
650 691 687 717 ita
700 692 869 725 peccaverunt
884 689 946 715 milii
963 697 969 714 :

181 741 295 776 gloriam
313 747 402 766 eorum
418 739 444 765 in
458 738 631 773 ignominiam
646 744 742 771 ponam
759 735 779 762 ι.
796 735 871 761 Dicat
884 738 911 761 et
924 741 973 769 per

181 787 265 813 alium
283 785 382 812 iterum
400 783 562 818 prophetam
578 791 584 808 :
600 782 642 809 Vw
658 781 708 815 ﬁlii
724 784 861 816 apostatw,
877 780 972 814 fecistis

181 832 328 863 consilium,
357 835 382 857 et
410 838 461 857 non
490 837 521 856 e1:
552 836 607 861 me;
637 832 661 854 et
685 831 773 862 pacta,
799 830 824 853 et
849 834 901 853 non
927 834 974 860 per

180 878 303 912 spiritum
324 883 425 907 meum;
441 878 469 900 ut
489 874 621 909 adjiciatis
641 877 775 908 peceatum
791 879 871 906 super
885 879 974 906 pecca—

182 927 255 954 tum;
269 921 386 948 conversi
400 920 472 950 estis,
487 919 531 953 qui
544 917 704 952 profundum
719 916 855 942 consilium
870 913 974 941 consul-

183 969 256 998 tatis,
278 972 302 993 et
315 967 443 1001 injustam
461 971 490 992 ω.
507 965 585 991 Dicat
599 964 633 990 ad
650 970 697 990 eos
711 966 738 990 et
754 962 837 989 Isaias
854 970 860 988 :
880 961 974 988 Manus

181 1015 249 1040 enim
258 1017 350 1040 vestrce
358 1011 465 1047 polluta:
476 1009 680 1044 suntsanguine,
691 1008 769 1042 107
780 1011 803 1033 et
812 1007 886 1041 digiti
896 1007 974 1033 vestri

182 1060 293 1093 peccatis
312 1067 319 1084 :
337 1058 427 1092 lingua
449 1059 535 1083 vestra
558 1054 645 1081 locuta
666 1057 703 1080 est
722 1052 891 1087 injustitium,
907 1056 930 1077 et
945 1059 973 1078 os

181 1109 297 1132 vestrum
318 1104 485 1138 iniquitatem
505 1101 658 1128 meditatum
680 1102 727 1125 est.
745 1097 840 1125 Nullus
859 1097 975 1132 loquitur

178 1150 265 1184 justa,
281 1150 343 1184 quia
360 1147 507 1182 concipiunt
528 1145 653 1176 laborem,
670 1147 695 1170 et
716 1144 824 1178 pariunt
848 1142 975 1176 iniquita-

182 1200 245 1222 tem.
262 1197 268 1204 '
284 1195 338 1222 Ova
366 1193 487 1229 aspidum
514 1191 699 1222 excluserunt,
723 1193 748 1216 et
773 1187 840 1215 telas
867 1195 974 1214 aranea:

181 1245 304 1268 texerunt
320 1245 345 1266 ιι.

217 1286 313 1313 Videte
333 1284 535 1312 accusationem
557 1283 676 1314 malitia,
694 1286 722 1309 et
743 1280 899 1316 putredinis
916 1287 974 1306 ma—

181 1332 246 1359 litiae
260 1331 457 1362 indieium,ova
474 1329 644 1364 aspidum,et
655 1327 722 1354 telas
733 1333 839 1353 aranea:
857 1334 863 1351 :
877 1329 973 1360 partus

180 1378 292 1413 quidem
305 1377 600 1410 malitiam,conceptus
614 1378 705 1401 autem
725 1372 911 1399 inﬁrmitatem
924 1371 974 1398 ha-

182 1425 238 1452 bet.
251 1424 307 1451 Ova
321 1423 446 1458 aspidum
459 1421 570 1448 malitia:
587 1419 709 1455 species;
730 1418 784 1446 tela
804 1425 912 1445 aranea:
929 1417 972 1443 in—

182 1469 321 1497 ﬁrmitatis
341 1472 535 1504 argumentum
564 1470 625 1498 est;
652 1469 680 1492 et
716 1463 863 1492 comedens
890 1470 972 1490 ovum

181 1523 278 1543 eorum
292 1514 478 1544 confractum.
495 1517 624 1548 putamen
645 1510 760 1538 invenit.
784 1509 879 1537 Vidisti
895 1508 973 1535 mali-

182 1561 248 1588 tiam
268 1560 473 1587 inﬁrmantem?
495 1557 587 1585 vidisti
605 1556 791 1584 oﬁ‘endentem
812 1562 868 1581 non
886 1553 973 1581 oﬁ'en—

182 1606 314 1634 dentem?
327 1605 417 1632 vidisti
431 1612 506 1636 eum,
520 1604 567 1638 qui
581 1603 768 1637 impugnatur,
790 1599 973 1627 coronatum?

182 1657 208 1680 et
222 1653 267 1688 qui
281 1651 392 1679 comedit
408 1659 485 1678 ovum
501 1657 591 1676 eorum
606 1648 782 1683 confractum,
798 1647 888 1673 urium
906 1646 977 1672 inve-

183 1698 340 1726 nit.Urium
358 1701 450 1725 autem
468 1701 509 1723 est
526 1695 628 1729 aliquid
645 1694 749 1726 sterile,
778 1693 831 1720 hoc
857 1696 909 1724 est,
928 1692 978 1718 im-

183 1744 347 1779 perfectum.
373 1743 453 1774 Isaia,
479 1741 620 1776 promulga
643 1739 723 1766 nobis
742 1743 770 1766 et
789 1738 899 1766 malitiae
916 1745 978 1772 spe-

183 1790 266 1817 ciem.
291 1789 325 1816 Et
348 1790 376 1815 in
397 1789 452 1823 ipso
474 1787 620 1814 basiliscus.
636 1786 693 1812 Hoc
721 1790 812 1812 autem
838 1783 975 1816 mirabile,

184 1834 259 1869 quod
280 1834 423 1861 basiliscos
436 1833 464 1860 in
478 1833 536 1864 illo,
555 1836 583 1858 et
607 1831 709 1862 urium,
732 1830 784 1860 hoc
800 1833 851 1861 est,
874 1828 975 1856 sterile.

184 1880 333 1907 Basiliscus
343 1883 434 1906 autem
445 1878 576 1905 malitiam
589 1877 740 1911 signiﬁcat;
754 1873 976 1910 quandoquidem

186 1924 302 1951 bestiola
318 1924 377 1951 haec
396 1923 519 1950 omnium
543 1921 682 1956 reptilium
701 1919 869 1947 ferocissima
882 1923 934 1951 est,
951 1918 977 1945 ei

183 1969 293 1997 confert
305 1969 416 1996 malitiae
432 1968 574 2000 sobolem;
587 1974 683 1994 verum
701 1970 730 1992 et
752 1965 798 1992 illa
821 1965 878 1999 ipsa
896 1964 977 1991 urion

184 2020 237 2046 est,
255 2018 368 2049 propter
381 2013 571 2040 inﬁrmitatem
584 2011 695 2039 malitia:
709 2020 714 2037 :
731 2010 838 2037 inﬁrma
848 2009 921 2036 enim
935 2013 978 2036 est

186 2061 301 2089 malitia.

220 2105 352 2140 Sequitur
367 2103 587 2132 demonstratio:
613 2101 674 2129 Tela
700 2108 790 2126 eorum
809 2108 861 2126 non
882 2099 931 2125 erit
949 2099 976 2125 in

185 2152 390 2182 vestimentum;
412 2158 464 2177 non
484 2150 554 2176 enim
575 2149 723 2176 vestiuntur
739 2147 770 2174 ab
786 2145 905 2181 operibus
920 2152 978 2171 ma—

188 2205 271 2224 nuum
291 2205 411 2223 suarum.
428 2195 544 2228 Quare?
568 2193 637 2226 Quia
652 2201 732 2228 opera
758 2191 905 2226 injustitiw.
931 2190 978 2217 Dic

187 2241 309 2276 speciem
327 2239 568 2274 injustitizeJ’edes
584 2245 675 2264 eorum
690 2237 717 2263 in
736 2235 838 2262 malum
853 2237 976 2261 currunt.
993 2239 1016 2266 ι)

186 2287 322 2314 Nimirum
338 2290 368 2312 ut
380 2285 483 2320 aliquid
498 2284 553 2311 ﬁat.
575 2283 608 2310 Et
622 2282 722 2309 veloces
740 2281 774 2308 ad
795 2279 979 2316 effundendum

186 2333 353 2367 sanguinem.
369 2331 440 2364 Quid
457 2330 492 2357 ad
509 2329 588 2357 hmo?
599 2328 738 2356 Cunctatio
753 2330 777 2353 et
793 2325 935 2361 infelicitas
951 2325 979 2351 in

186 2379 235 2405 viis
243 2386 345 2404 eorum.
357 2377 425 2404 Nam
436 2377 485 2403 viae
496 2383 587 2402 eorum
597 2379 733 2406 tortuosae,
745 2381 813 2408 quas
824 2373 979 2403 transeunt,

187 2429 216 2452 ct
227 2425 298 2450 viam
314 2424 386 2459 pacis
402 2423 550 2449 nescierunt
568 2425 595 2447 ο,

224 2470 293 2496 Vere
307 2468 435 2496 lamentis
451 2467 533 2502 digna
548 2471 624 2493 sunt
647 2466 716 2495 haec.
730 2463 803 2499 quod
821 2461 979 2490 sacerdotes

188 2519 285 2542 contra
302 2515 460 2542 sacerdotes
479 2514 542 2541 talia
555 2513 656 2540 dicant.
678 2512 776 2539 Verum
787 2511 840 2538 hoc
853 2509 980 2539 dicimus,

189 2568 245 2587 non
259 2561 332 2595 quod
351 2564 457 2588 tantum
480 2565 641 2586 accusemus
657 2557 727 2589 illos,
750 2560 882 2592 quantum
897 2553 981 2582 vestri

190 2614 286 2634 curam
302 2607 434 2641 gerimus.
447 2605 480 2632 Et
492 2610 553 2639 post
564 2603 617 2631 alia
632 2612 638 2630 :

219 2683 345 2712 EJerem.
361 2693 409 2716 xu,
427 2684 467 2711 to.
520 2682 527 2702 ι
548 2683 617 2711 Osee
648 2690 683 2712 Iv,
703 2682 728 2708 7.
782 2686 801 2700 ω
818 2681 869 2710 lsa.
882 2688 944 2712 xxx,
957 2680 983 2706 l.

189 2726 203 2746 ’ξ
219 2719 286 2747 ibid.
306 2720 350 2753 10,
366 2720 409 2746 Η.
447 2724 457 2737 ι’
473 2719 524 2746 lsa.
537 2726 580 2750 xc,
601 2718 644 2749 12,
656 2717 700 2744 22.

1023 2683 1037 2697 ιι
1049 2678 1100 2705 lsa.
1122 2684 1176 2708 ux,
1191 2675 1218 2706 5,
1236 2674 1252 2701 5
1289 2677 1301 2691 °
1319 2671 1384 2699 ibid.
1400 2671 1426 2703 6,
1440 2671 1466 2697 8.

1021 280 1104 307 terra,
1121 275 1182 302 dicit
1202 275 1341 305 Dominus,
1363 273 1424 308 quia
1450 271 1500 298 duo
1524 271 1578 297 licet:
1597 269 1669 296 mala
1686 269 1743 303 fecit
1758 276 1806 303 110-

1022 321 1099 356 pulus
1123 322 1182 347 iste.
1204 321 1255 352 Me,
1274 320 1373 354 inquit,
1396 317 1601 353 dereliqueruut,
1617 317 1716 349 fonlem
1732 323 1808 350 aqua:

1021 367 1094 398 vivae,
1111 371 1135 393 et
1151 366 1273 401 foderunt
1288 366 1472 392 tibicistcrnus
1487 363 1606 394 detritus,
1623 370 1681 397 quin
1696 370 1747 388 non
1763 369 1809 395 po-

1022 416 1110 439 terunt
1132 420 1230 446 aquam
1253 411 1388 438 continere
1404 414 1426 436 ιι.
1453 409 1530 435 Dicat
1550 407 1582 434 ad
1605 416 1654 434 eos
1670 407 1741 433 Deus
1759 413 1808 440 per

1021 458 1167 485 Jeremiam
1185 457 1347 491 prophetam
1367 465 1373 482 :
1389 456 1507 482 Transito
1523 454 1557 480 ad
1579 453 1681 480 insulas
1697 452 1807 483 Clretim,

1022 508 1046 530 et
1061 504 1156 535 videte;
1170 507 1194 529 et
1219 503 1246 529 in
1267 502 1352 529 Gvdar
1368 502 1473 532 mittite,
1492 505 1516 526 et
1532 499 1695 526 considerate
1709 498 1772 524 bene
1786 498 1809 524 si

1022 549 1092 584 facta
1107 549 1161 575 sint
1182 547 1259 580 talia,
1275 547 1366 583 qualia
1395 546 1459 579 litvo,
1487 546 1509 572 si
1535 544 1692 572 mutaverint
1721 548 1808 578 gentes

1022 595 1082 621 deos
1096 602 1156 621 suos
1169 599 1195 619 τι.

1060 652 1178 678 Transito
1202 651 1236 677 ad
1262 649 1367 677 insulas
1391 649 1500 676 Clwtim.
1521 647 1582 674 Non
1597 646 1690 678 vultis,
1710 645 1809 680 inquit,

1023 697 1094 724 ferre
1106 697 1189 724 verba
1203 704 1262 723 mea
1275 705 1281 729 ;
1298 703 1352 722 non
1367 695 1443 722 fertis
1456 694 1622 729 prophetas;
1645 699 1697 718 non
1713 692 1812 725 accipi—

1024 744 1059 770 tis
1074 743 1182 778 lcgem;
1205 750 1260 768 non
1284 741 1397 768 creditis
1419 740 1520 767 divinis
1543 738 1712 773 Scriptor-is?
1738 745 1812 763 assu<

1025 790 1089 816 mite
1102 789 1246 823 gentilium
1262 795 1363 823 pueros
1379 787 1406 813 in
1421 787 1568 817 doctores;
1591 785 1628 811 ite
1654 783 1686 810 ad
1707 786 1811 818 gentes,

1024 841 1051 864 et
1061 836 1159 863 discite
1171 834 1309 870 quomodo
1322 833 1447 860 colantur
1457 831 1554 858 abillis
1567 830 1605 856 dii
1620 829 1811 864 putativi,cum

1026 890 1079 909 non
1095 882 1149 909 sint
1164 881 1201 908 dii
1218 890 1224 907 :
1238 880 1357 907 Transire
1375 878 1409 905 ad
1424 877 1525 904 insulas
1541 875 1654 907 Chetim,
1675 878 1698 900 et
1720 873 1813 900 mittite

1025 928 1052 954 iu
1068 926 1163 959 Cedar,
1179 931 1202 952 et
1219 926 1282 952 bene
1305 924 1478 955 considerate,
1509 922 1531 949 si
1558 922 1628 956 facta
1656 921 1709 947 sint
1734 919 1810 951 talia,

1024 972 1115 1007 qualia
1136 972 1209 1002 Ita’c;
1229 978 1292 996 num
1315 967 1473 996 mutaverint
1491 969 1578 1000 gentes
1600 964 1660 990 deos
1682 963 1764 989 suos?
1785 966 1813 988 et

1025 1015 1112 1050 quos?
1131 1019 1157 1041 et
1172 1014 1214 1041 illi
1230 1023 1280 1040 non
1294 1017 1355 1040 sunt
1369 1012 1414 1038 dii.
1432 1011 1466 1037 Et
1478 1018 1563 1045 quare
1580 1009 1638 1036 hinc
1652 1008 1744 1034 dicis?
1761 1007 1812 1033 Po-

1026 1062 1102 1098 pulus
1116 1070 1187 1088 meus
1202 1059 1434 1094 mutavitgloriam
1449 1065 1525 1084 suam
1539 1064 1547 1083 :
1560 1055 1632 1082 unde
1643 1054 1746 1081 nullam
1756 1052 1812 1079 uli—

1025 1109 1130 1136 litatem
1149 1108 1278 1142 accipiet.

1060 1164 1122 1191 Ilaec
1133 1167 1161 1190 et
1174 1163 1207 1190 de
1221 1162 1273 1189 illis
1289 1160 1414 1195 congruit
1425 1159 1486 1186 dici.
1508 1157 1607 1193 Pagani
1622 1156 1695 1191 ligna
1707 1160 1734 1182 et
1744 1154 1813 1189 lapi—

1025 1210 1074 1237 des
1085 1212 1258 1239 venerantes,
1270 1211 1299 1233 ut
1309 1204 1559 1240 108immortalia
1575 1203 1618 1229 illa
1628 1202 1757 1228 salutant.
1771 1200 1811 1226 Tu

1024 1259 1127 1287 autem,
1146 1254 1200 1281 illis
1217 1252 1369 1288 przcdicans
1381 1259 1412 1278 ca
1425 1249 1548 1277 venerari
1561 1256 1615 1275 non
1629 1247 1741 1276 debere.
1765 1245 1812 1272 scd

1025 1301 1113 1328 solum
1131 1307 1227 1327 verum
1243 1299 1340 1329 Deum,
1369 1297 1412 1332 qui
1443 1295 1576 1322 constituit
1592 1297 1689 1320 montes
1713 1293 1740 1318 in
1757 1295 1812 1318 δην

1027 1351 1094 1377 tera,
1111 1349 1134 1372 et
1148 1344 1228 1371 silvas
1256 1344 1284 1370 in
1309 1342 1386 1373 libra,
1404 1346 1428 1368 t't
1444 1341 1550 1368 metitur
1567 1347 1648 1366 manu
1667 1346 1775 1373 aquam,
1791 1341 1815 1363 et

1025 1392 1119 1419 ca‘lum
1139 1390 1240 1426 palmo,
1258 1394 1281 1416 ct
1298 1397 1401 1415 omnem
1418 1391 1517 1414 terram
1534 1385 1647 1421 pugillo;
1664 1384 1708 1419 qui
1722 1383 1816 1409 consti—

1026 1437 1074 1463 tuit
1089 1436 1181 1462 cadum
1193 1435 1268 1467 quasi
1284 1441 1430 1464 cameram,
1441 1432 1484 1467 qui
1497 1432 1611 1457 continet
1628 1429 1815 1456 rotunditatem

1025 1482 1108 1508 omnis
1135 1485 1219 1513 terra’,
1244 1483 1267 1505 cl
1287 1479 1435 1505 habitantes
1450 1477 1477 1503 in
1492 1475 1540 1502 illa
1557 1475 1633 1510 quasi
1659 1474 1771 1501 locustas
1792 1477 1814 1502 ".

1025 1531 1052 1554 ct
1069 1527 1152 1557 hunc,
1167 1524 1214 1559 qui
1229 1523 1320 1551 omnia
1341 1523 1425 1549 verbo
1442 1521 1516 1553 fecit,
1542 1525 1569 1548 ct
1587 1520 1666 1547 unica
1684 1518 1816 1546 momenti

987 1574 1008 1603 c
1027 1571 1204 1599 inclinatione
1220 1569 1376 1597 exhibetea
1392 1576 1453 1602 qure
1472 1575 1527 1594 non
1550 1570 1624 1597 sunt,
1647 1569 1677 1592 ut
1700 1565 1768 1596 sint;
1790 1568 1817 1590 et

1028 1618 1105 1645 dedit
1119 1617 1161 1644 his
1177 1624 1238 1651 qua:
1250 1623 1305 1642 non
1322 1617 1412 1645 erant,
1429 1617 1458 1640 ut
1474 1616 1576 1643 essent,
1591 1611 1648 1638 sola
1663 1610 1815 1639 voluntate;

1028 1662 1105 1697 quasi
1116 1661 1219 1688 oblitus
1228 1660 1327 1687 horum
1338 1658 1471 1689 omnium,
1481 1655 1655 1691 passionibus
1666 1653 1815 1681 obnoxium

1028 1707 1104 1739 facis.
1118 1711 1146 1733 et
1162 1706 1250 1740 legem
1273 1704 1363 1739 ponis,
1389 1708 1419 1730 ut
1437 1703 1569 1730 adoretur
1586 1700 1654 1727 Deus
1675 1698 1815 1734 passibilis.

1063 1752 1096 1780 Et
1107 1751 1202 1787 pagani
1214 1751 1374 1786 quidem,ut
1386 1748 1546 1784 przedictum
1558 1751 1609 1777 est,
1623 1744 1744 1772 avaritiae
1752 1751 1817 1771 ver-

1027 1800 1063 1826 bo
1076 1799 1159 1833 capti,
1178 1798 1260 1825 etiam
1272 1797 1373 1824 omium
1385 1793 1554 1829 impassibile
1568 1796 1676 1822 vocant,
1693 1795 1719 1817 ct
1732 1790 1816 1818 solem

1028 1842 1224 1877 impassibilem
1245 1841 1393 1876 appellant,
1408 1843 1436 1866 et
1448 1839 1540 1866 stellas
1567 1835 1736 1864 immortales
1764 1838 1817 1861 sta-

1028 1891 1120 1918 tuunt,
1137 1891 1165 1914 et
1180 1891 1278 1913 terram
1290 1893 1370 1919 «quam
1381 1884 1497 1913 calcant,
1508 1883 1579 1909 inter
1587 1881 1653 1908 deos
1661 1883 1816 1907 numerant.

1027 1934 1082 1961 Nos
1092 1938 1184 1960 autem
1193 1931 1369 1962 invisibilem,
1378 1929 1568 1964 Unigenitum,
1583 1923 1818 1960 incomprehensi-

1027 1979 1122 2010 bilem,
1134 1975 1382 2011 inexeogitabilem,
1399 1973 1558 2009 passibilem
1581 1980 1641 1999 esse
1655 1968 1819 1998 credemus?

1028 2024 1112 2051 absit.
1128 2023 1254 2050 Salvator
1263 2024 1390 2048 nosteret-
1398 2019 1572 2050 benefactor;
1592 2025 1626 2044 ne
1639 2017 1679 2044 sic
1687 2019 1818 2050 apostata:

1028 2069 1115 2096 simus
1126 2067 1294 2095 adorationis
1304 2069 1373 2098 tum;
1384 2072 1418 2092 ne
1428 2064 1468 2091 sic.
1482 2064 1639 2098 ignoremus
1653 2066 1725 2088 tuam
1736 2065 1818 2087 natu-

1029 2122 1099 2146 ram,
1114 2121 1147 2140 ne
1165 2112 1205 2139 sic
1225 2110 1325 2145 ingrati
1341 2110 1427 2136 simus
1441 2108 1475 2135 de
1500 2107 1554 2134 tuis
1569 2107 1661 2138 donis,
1681 2113 1715 2132 ne
1731 2103 1819 2138 suspi-

1029 2167 1126 2187 cemur
1143 2157 1301 2192 passibilcm
1327 2159 1452 2182 nostrum
1474 2154 1660 2182 liberatorem,
1676 2151 1723 2184 qui
1738 2158 1787 2176 nos
1803 2156 1818 2175 e

1029 2204 1206 2241 passionibus
1220 2203 1254 2230 ad
1274 2200 1520 2236 impassibilitatem
1535 2197 1683 2227 transtulit,
1697 2200 1725 2222 et
1739 2194 1818 2221 nobis

1031 2249 1205 2286 passionibus
1219 2247 1346 2274 obnoxiis
1362 2243 1609 2279 impassibilitatem
1628 2241 1744 2275 largitus
1765 2243 1817 2265 est.

1031 2285 1106 2323 llanc
1123 2298 1151 2321 et
1169 2301 1220 2328 pro
1232 2292 1310 2319 vobis
1336 2291 1499 2326 legationem
1525 2288 1666 2315 aﬁ‘crimus
1678 2287 1734 2313 Deo
1750 2293 1757 2311 ι
1774 2285 1817 2311 cui

1030 2342 1116 2378 gloria
1130 2340 1158 2367 in
1173 2339 1282 2366 saecula.
1300 2337 1386 2364 Amen
1398 2359 1404 2366 .
1693 2357 1706 2368 χ

1310 2413 1384 2433 NOTAE
1405 2411 1537 2432 GARNERH.

1070 2453 1198 2483 Humilia.
1214 2452 1285 2486 Quin
1299 2452 1350 2478 ista
1365 2451 1401 2486 sit
1418 2446 1596 2486 Theodoreti,
1610 2446 1757 2486 nullus‘est
1770 2443 1819 2486 du-

1034 2480 1145 2519 bitandi
1162 2480 1237 2516 locus
1252 2496 1258 2514 :
1274 2494 1337 2514 nam
1352 2485 1471 2512 refertur
1486 2483 1508 2498 ³ο
1523 2487 1551 2509 et
1566 2482 1595 2519 in»
1607 2480 1820 2519 s_eci_1_n(_la._parte

1035 2515 1145 2554 concilii
1163 2515 1296 2558 Ephesini
1323 2521 1395 2558 inter
1419 2523 1486 2558 ειςιεεΔ
1499 2516 1683 2558 εοξιςηίτῲεξιὶ¹
1697 2515 1821 2558 Orienta-

1035 2549 1237 2593 lviir-iri—,"et_iirv
1251 2557 1369 2593 synodo,
1395 2558 1449 2593 act.
1471 2553 1561 2593 5Lubi
1579 2549 1820 2593 instituiturljudi-

1035 2585 1162 2625 Eih'iit’d‘é
1174 2585 1341 2621 Theodoreti
1355 2585 1476 2625 scriptis.
1494 2589 1566 2615 Pone
1589 2587 1694 2621 integra
1703 2585 1821 2612 habetur

1522 2673 1536 2693 Ρ
1552 2668 1651 2696 Jerem.
1666 2673 1696 2698 ιι,
1714 2665 1756 2697 12,
1776 2664 1818 2690 l3.

824 2762 942 2790 VAltl/E
962 2759 1162 2789 LECTIONES.

224 2827 248 2843 '°
267 2826 336 2853 Num
360 2826 483 2860 refertur.
501 2830 560 2852 cret.
578 2825 625 2851 llis
643 2823 753 2860 quidem
773 2822 942 2857 argumentis
968 2828 1062 2855 parum
1082 2819 1223 2846 iunilerer.
1249 2816 1361 2843 Constat
1387 2814 1460 2840 enim
1482 2811 1533 2860 alAia
1548 2810 1744 2860 _ctiam.‘lqu;c
1767 2803 1819 2860 HL};

972 2857 979 2860 Α
1027 2856 1032 2860 ι
1196 2852 1200 2857 ·
1226 2856 1231 2860 Α
1293 2851 1307 2860 ’ν
1354 2854 1390 2860 ηιν»
1416 2857 1441 2860 η..
1452 2856 1471 2860 ..ι
1521 2851 1567 2860 ..Ιιι4
1595 2851 1669 2860 ιιιιιιιει
1685 2848 1769 2860 ΙΑΙῘἿΙΠΙ

267 2843 335 2853 υιιιη
361 2843 386 2852 ιι
401 2843 483 2853 ιιιῐιι.
501 2843 560 2852 LIII.
579 2843 625 2851 llum
643 2843 648 2850 γ
664 2843 753 2850 IIII-xul-
773 2843 797 2849 III
825 2843 941 2849 “nu-un...”
978 2843 1009 2847 tu.
1020 2843 1062 2846 ιι...
1083 2843 1177 2846 ,νν--γνν.

191 2863 255 2889 {icto
273 2861 366 2895 Cyrilli
391 2843 420 2888 let
445 2860 609 2888 Theodoreti
635 2843 744 2886 ubininc
767 2843 943 2892 contempore
968 2843 1125 2883 i'crehantur
1150 2852 1265 2887 scripta,
1292 2851 1392 2877 inserta
1414 2856 1472 2875 esse
1497 2847 1570 2873 Actis
1594 2843 1769 2872 conciliorum
1792 2843 1820 2866 et

189 2897 287 2932 synodi
301 2896 412 2931 quinae.
