1969 3052
173 111 212 139 6')
727 113 961 142 AUCTAltlUM.
978 126 1008 130 δ-
1021 114 1068 143 AD
1085 114 1172 144 TOM.
1195 115 1242 144 lV.
1776 118 1810 148 C5

177 167 274 196 Latine
293 173 408 196 tantum.
427 169 481 196 llos
493 171 615 205 quinque
628 171 713 197 libros
727 171 931 198 Thcodoretuni
956 171 1066 198 diabolo
1082 172 1228 207 instigante
1247 173 1400 207 scripsisse,
1418 174 1507 208 lepida
1530 178 1571 200 est
1589 174 1666 201 Marii
1681 175 1812 202 Mercato-

174 217 214 244 ris
225 217 371 249 sententia,
388 226 469 252 quam
489 218 641 246 defendere
666 227 720 245 non
738 219 850 246 erubuit
869 219 1030 251 Garnerius,
1054 228 1115 247 enm
1130 221 1188 247 sine
1208 222 1262 248 tilla
1282 221 1444 256 probatione
1457 227 1636 256 supponeret,
1654 222 1811 248 Theodore-

174 267 234 289 tum
251 263 277 289 in
293 263 338 290 his
353 263 431 290 libris
444 264 545 299 (Iyrillo
556 263 742 291 Alexandrino
754 268 781 291 et
798 264 925 291 Patribus
938 264 1086 299 Ephesinis
1101 266 1233 292 maculam
1251 274 1395 301 aspergere
1413 266 1542 293 voluisse.
1562 266 1614 293 Sed
1631 267 1710 301 longe
1728 266 1810 293 aliam

174 310 259 338 fuisse
279 311 422 346 scriptoris
442 311 529 338 nostri
547 316 677 343 mentem,
701 312 780 339 facile
800 312 934 346 intelliget
956 313 1003 346 qui
1027 312 1178 348 fragmenta
1199 314 1248 340 ista
1267 314 1358 340 animo
1375 323 1389 341 a
1414 315 1613 349 pneconceptis
1633 314 1811 349 opinionibus

128 390 131 396 ι
173 357 262 384 libero
279 358 386 392 legerit.
407 358 506 385 Parum
524 358 551 385 in
570 358 621 386 hac
635 367 745 394 quoque
758 367 786 385 re
798 359 850 386 sibi
866 362 976 386 constat
991 359 1153 392 Garnerius,
1165 360 1211 394 qui
1226 361 1279 387 alio
1291 361 1351 387 loco
1368 360 1509 395 (Auetarii,
1526 368 1552 394 p.
1565 361 1617 387 256
1630 360 1696 387 edit.
1710 360 1809 395 Paris.)
1852 374 1854 377 -

173 403 282 435 statuit,
300 403 388 431 libros
407 403 445 430 De
460 404 591 439 theologia
606 410 634 431 et
649 404 687 430 De
707 405 903 436 incarnatione,
926 412 1044 439 quorum
1061 405 1252 432 Theodoretus
1266 406 1294 432 in
1314 406 1436 440 Epistola
1456 406 1489 432 ad
1507 406 1626 432 Leonem
1641 406 1810 432 mentionem

173 448 250 481 fecit,
263 450 376 478 eosdem
390 460 451 479 esse
463 453 597 488 dialogos.
616 454 663 488 qui
680 453 830 481 Athanasio
849 454 882 480 ab
894 454 955 480 aliis
971 461 1114 488 perperam
1129 454 1299 480 tribuuntur.
1318 453 1432 480 Mutavit
1449 458 1539 480 autem
1552 452 1729 484 sententiam,
1745 459 1808 478 cum

172 495 201 522 in
217 497 403 532 conjecturam
431 499 578 530 incideret,
605 499 662 526 hac
688 500 840 535 fragmenta
863 504 969 534 partem
991 499 1160 526 constituere
1171 499 1275 526 codicis
1296 498 1498 534 quadragesimi
1516 497 1596 530 sexti,
1611 497 1810 532 quemlegitet

171 541 320 576 descripsit
345 543 469 571 Photius.
496 544 592 572 Simile
608 545 719 579 quidem
741 549 933 580 argumentum
952 553 998 572 sex
1018 545 1142 580 priorum
1164 545 1230 572 dicti
1248 545 1352 572 codicis
1369 544 1502 571 librorum
1525 543 1610 570 fuisse
1624 542 1744 574 videtur,
1761 541 1809 569 sed

172 596 282 621 vereor,
309 597 342 616 ne
370 590 446 624 justo
470 591 603 618 audacius
617 591 730 626 vestigia
747 591 798 618 ista
814 596 974 626 persecutus
987 591 1023 618 sit
1039 591 1199 623 Garnerius,
1217 595 1264 617 aut
1282 590 1374 625 potius
1388 590 1488 617 Marius
1500 589 1642 619 Mercator,
1658 596 1740 622 quem
1755 588 1808 615 du-

170 641 232 661 cem
249 634 357 662 habuit.
372 637 494 670 Uterque
509 637 583 663 enim
597 637 701 671 absque
715 637 770 664 ulla
788 637 959 664 lnesitatione
975 637 1039 663 huic
1054 637 1096 664 Vel
1114 637 1154 663 illi
1172 636 1326 671 fragmento
1347 636 1438 663 locum
1463 634 1624 670 assignavit,
1637 640 1666 662 et
1681 634 1756 666 libri,
1774 635 1808 662 ad

170 688 254 714 quem
268 681 366 708 referri
379 682 488 713 debeat,
506 690 651 710 numerum
666 684 803 718 ascripsit.
818 684 874 710 Nec
894 683 1031 711 dubitavit
1046 683 1196 710 Garnerius
1214 683 1258 710 his
1272 683 1433 718 fragmentis
1446 683 1555 710 titulum
1574 681 1725 716 Punlalogii
1740 681 1807 716 adji-

170 733 246 757 cere,
265 727 318 753 etsi
334 736 380 754 sex
394 728 498 755 fuerint
517 729 582 755 libri
610 729 693 764 huius
710 730 876 764 argumenti,
893 738 962 764 quos
975 730 1002 756 in
1026 730 1121 757 codice
1143 738 1194 757 suo
1212 737 1240 757 se
1254 730 1353 764 legisse
1368 733 1484 757 testatur
1501 728 1626 756 Photius.
1643 728 1672 755 Si
1684 727 1749 762 quid
1765 736 1809 755 er-

172 774 265 797 ratum
281 772 327 804 sit,
347 773 455 806 culpam
471 781 580 800 omnem
596 774 728 801 transfert
742 774 769 800 in
782 775 922 807 Photinm,
936 783 1017 810 quem
1032 775 1099 802 dicit
1114 783 1198 802 unum
1213 775 1312 802 horum
1329 775 1463 802 librorum
1478 775 1506 801 in
1521 775 1590 802 duos
1600 773 1767 801 dissolvisse.
1779 772 1806 800 Si

170 815 208 844 ita
218 818 343 853 judicare
365 820 547 847 liceatcodice
564 828 619 847 non
637 821 770 856 inspecto,
783 829 848 849 sane
870 826 960 849 actum
981 826 1055 849 esset
1068 822 1101 849 de
1128 822 1217 849 Photii
1235 822 1301 849 ﬁde.
1323 822 1377 849 Sed
1399 822 1552 849 rectissime
1576 820 1806 850 Monttauconius,

170 870 202 891 ut
224 866 307 892 animi
334 866 472 893 levitatem
496 867 524 893 in
538 867 674 895 Garnerio
693 869 762 896 adeo
785 870 964 903 conspicuam
989 873 1129 903 argueret,
1156 869 1238 896 simili
1254 869 1398 896 occasione
1418 869 1537 901 monuit.
1553 869 1599 896 vix
1619 868 1696 895 credi
1714 873 1805 902 posse,

170 910 309 942 Photium,
329 911 357 938 in
378 912 520 959 codicibus
544 915 756 948 pet-tractandis,
774 916 797 942 si
816 916 879 950 quis
902 923 1023 950 unquam
1037 915 1119 948 alius,
1134 916 1364 949 versatissimum,
1390 923 1487 943 errore
1511 915 1618 950 lapsum
1644 921 1715 942 esse.

1638 1024 1787 1034 _———-

181 1020 837 1034 ..Μ-

715 1102 1225 1160 ΘΕΟΔΩΡΗΤΟΥ

428 1222 827 1266 ΠΕΝΤΑΛΟΓΙΟΝ
864 1224 948 1266 ΠΕᾏ

1029 1224 1531 1268 ΕΝΑΝΘΡΩΠΗΣΕΩΣ.

489 1391 1502 1452 THEODORETIPENTALOGlUM

794 1505 840 1534 DE
863 1503 1160 1533 INCARNATIONE.

204 1650 286 1677 Ἀλλὰ
299 1651 352 1685 μὴν
365 1650 500 1685 οἰκτείρας
512 1651 525 1677 ὁ
540 1651 657 1686 Ποιητὴς
671 1651 720 1686 τὴν
740 1652 842 1678 οἰκείαν
856 1652 948 1685 εἰκόνα

1039 1653 1060 1686 ι
1067 1651 1118 1687 16
1124 1652 1271 1678 Enimvero
1283 1651 1428 1678 miseratus
1436 1651 1550 1678 Creator
1561 1651 1705 1686 imaginem
1717 1659 1795 1678 suam

163 1696 372 1732 πολεμουμένην
391 1697 438 1723 καὶ
460 1696 565 1732 θανάτῳ
587 1698 856 1733 παραπεμπομὲνην,
872 1698 953 1725 ἐκλι-

161 1750 216 1768 νεν
228 1742 377 1776 οὐρανοὺς
389 1742 439 1769 καὶ
454 1743 563 1776 κατέϐη
575 1751 581 1757 ·
595 1743 624 1768 οὐ
638 1742 718 1769 τόπον
738 1743 857 1777 ἀμείψας
871 1743 953 1779 (πλη-

163 1789 206 1823 ροῖ
220 1788 315 1823 γὰρτὰ
325 1789 499 1823 σύμπαντα),
515 1788 582 1815 ἀλλὰ
598 1789 780 1822 συγκαταϐἀς.
795 1789 952 1816 Κατάϐασιν

160 1835 217 1870 γὰρ
238 1835 353 1870 νοοῦμεν
384 1835 433 1870 τὴν
455 1836 670 1870 συγκατὰϐασιν.
700 1836 755 1862 Καὶ
784 1836 951 1872 παρθενικὴν

159 1880 244 1914 νηδὺν
260 1880 439 1914 ἐκλεξάμενος
458 1880 542 1916 κόρης
557 1881 637 1915 ἁγίας
657 1881 703 1908 καὶ
718 1881 843 1916 εὐσεϐείᾳ.
857 1890 950 1908 συντε-

160 1926 334 1961 θραμμένης,
350 1926 383 1953 δι’
400 1927 547 1962 ἀγγελικῆς
568 1929 659 1963 φωνῆς
675 1929 888 1963 προμηνυσάσης
904 1928 950 1955 τὸν

158 1970 250 2002 τόκον,
279 1971 327 1997 καὶ
350 1971 400 2006 τῆς
425 1972 579 2007 συλλήψεως
601 1973 810 2008 ἑρμηνευσάσης
840 1974 884 2000 τὸν
905 1974 949 1999 ἁν-

160 2014 327 2051 ἐρμήνευτον
344 2017 454 2052 τρόπον,
470 2019 516 2043 καὶ
536 2018 587 2051 τῆς
603 2018 737 2053 παρθένου
757 2019 802 2044 τὸν
818 2019 898 2053 φόϐον
916 2020 948 2054 τῇ

159 2062 294 2097 ἑρμηνείᾳ
305 2062 434 2097 λυσᾶσης,
450 2063 662 2095 εἰσοικίζεταίτε
677 2065 723 2090 καὶ
738 2064 799 2090 ναὸν
812 2065 885 2100 αὑτῴ
901 2074 949 2092 κα-

158 2107 334 2139 τασκευάζει,
353 2108 402 2134 καὶ
417 2109 466 2143 τὴν
484 2109 624 2144 ἅσπαρτον
650 2109 696 2136 καὶ
723 2110 853 2145 ἀνήροτον
883 2119 950 2146 σκη-

158 2153 208 2187 νὴν
223 2153 229 2168 ¹
247 2153 416 2181 διαπλάττει.
946 2150 950 2154 ’

200 2200 311 2235 Ἐπειδὴ
335 2201 382 2227 καὶ
404 2201 418 2227 ὁ
439 2200 547 2236 πρῶτος
570 2200 724 2236 ἄνθρωπος,
742 2201 756 2227 ὁ
775 2203 807 2236 τῇ
826 2202 949 2238 ἁμαρτίᾳ.

157 2245 269 2280 πρῶτος
290 2246 447 2279 δουλεύσας,
471 2247 587 2282 ἀπάτωρ
615 2246 758 2281 ἐτύγχανε,
791 2247 896 2283 μητέρα
919 2248 947 2274 δὲ

158 2290 245 2325 μόνην
273 2287 328 2325 εἶχε
359 2290 408 2325 τὴν
432 2290 502 2324 γῆν
521 2291 628 2317 Ἕλαΰε
646 2291 710 2325 γὰρ,
729 2291 822 2325 φησὶν,
840 2293 856 2318 ό
875 2292 947 2324 Oeric

155 2336 236 2370 χοῦν
248 2336 308 2363 ἀπὸ
325 2335 381 2369 τῆς
399 2335 465 2371 γῆς,
491 2336 538 2363 καὶ
558 2337 675 2363 ἔπλασε
699 2335 749 2362 τὸν
773 2335 945 2369 ἄνθρωπον·

155 2382 197 2408 διδ
215 2381 263 2408 καὶ
283 2382 296 2408 ὁ
319 2381 453 2416 μακάριος
473 2381 580 2413 Παῦλός
600 2389 695 2415 φησιν·
720 2381 750 2406 '0
767 2380 882 2414 πρῶτος
896 2381 947 2407 ἅν-

155 2429 275 2459 θρωπος
290 2427 324 2453 ἐκ
348 2427 404 2461 γῆς
429 2427 544 2460 χοῖκός·
562 2426 658 2453 τούτου
677 2427 756 2461 χάριν
772 2427 786 2452 ὁ
800 2426 946 2461 μονογενὴς

154 2472 204 2498 τοῦ
224 2472 292 2498 Θεοῦ
307 2472 391 2506 Λόγος
406 2473 437 2498 ὲκ
452 2472 591 2507 Παρθένου
609 2472 692 2507 μόνης
704 2472 754 2503 τὰς
773 2471 823 2506 τῆς
836 2471 946 2498 διαπλά-

155 2526 228 2549 σεως
254 2517 342 2543 λαϐὼν
375 2518 511 2552 ἀφορμὰς,
538 2519 586 2544 καὶ
614 2517 701 2552 τούτῳ
723 2517 761 2552 τῷ
782 2518 875 2553 τρόπῳ
900 2517 945 2544 τὸν

153 2563 333 2598 ἀγεώργητον
361 2563 423 2590 ναὸν
447 2563 664 2599 δημιουργήσας,
690 2563 738 2590 καὶ
771 2564 860 2599 ἑαυτῷ
883 2572 945 2590 συν-

153 2609 239 2642 άψας,
255 2609 376 2644 πρόεισιν
404 2610 437 2635 ἐκ
464 2609 514 2644 τῆς
542 2609 692 2644 Παρθένου,
715 2609 765 2645 τὴν
777 2609 944 2646 παρθενικὴν

188 2694 200 2708 ι
212 2688 285 2715 Psal.
302 2696 364 2720 xvu,
383 2688 425 2715 10.
460 2689 474 2707 ιν
494 2687 562 2715 Gen.
578 2696 606 2720 n,
619 2687 644 2713 7.
685 2692 695 2706 ε
711 2687 795 2714 lCor.
811 2695 855 2720 xv,
870 2688 914 2714 47.

1006 1698 1040 1726 ab
1066 1698 1144 1725 hoste
1168 1697 1295 1724 afﬂictam
1321 1697 1457 1731 mortique
1475 1697 1612 1724 addictam
1630 1705 1636 1723 :
1654 1696 1796 1723 Inclinavit

1004 1743 1091 1775 caelos,
1106 1748 1130 1770 ει
1154 1743 1285 1770 descendit
1299 1749 1327 1775 n;
1353 1750 1408 1769 non
1430 1743 1541 1777 quidem
1560 1743 1650 1769 locum
1667 1747 1776 1770 mutans
1787 1763 1793 1773 ,

1004 1797 1065 1816 cum
1078 1789 1190 1824 impleat
1202 1789 1303 1820 omnia,
1319 1788 1366 1816 sed
1379 1788 1613 1815 eondescendens.
1628 1788 1795 1815 Descensnm

1003 1834 1104 1869 quippe
1120 1834 1297 1867 intelligimus
1309 1833 1536 1861 eondcscensum.
1554 1833 1588 1860 Et
1602 1834 1690 1861 electo
1708 1833 1794 1868 virgi-

1001 1881 1057 1907 nali
1071 1885 1149 1907 utero
1164 1880 1260 1915 puellaz
1272 1884 1374 1907 saneta:
1392 1879 1542 1914 pietatique
1558 1879 1710 1910 innutritm,
1725 1886 1793 1906 voce

1002 1926 1124 1960 angelica
1144 1931 1251 1960 partum
1272 1925 1484 1960 praenuntiantc,
1510 1924 1676 1959 modumque
1691 1933 1789 1952 conce—

1001 1972 1104 2011 ptionis
1121 1971 1289 1998 ineffabilem
1307 1971 1516 2005 interpretante,
1538 1973 1619 2004 atque
1637 1970 1687 1997 hac
1705 1970 1791 2004 expli-

1001 2016 1109 2043 catione
1126 2020 1230 2042 metum
1247 2015 1362 2051 virginis
1379 2015 1512 2045 solvente,
1529 2014 1692 2050 ingreditur,
1711 2022 1744 2041 ac
1756 2015 1793 2042 si-

1001 2061 1086 2089 bimet
1104 2065 1239 2096 prmparat
1257 2062 1387 2096 templum
1399 2081 1406 2093 ,
1427 2061 1557 2096 ﬁngitque
1572 2061 1790 2094 tabernaculum,

1001 2115 1089 2143 neque
1103 2113 1202 2140 saturi],
1216 2115 1306 2142 neque
1320 2112 1437 2135 aratum.

1034 2198 1168 2231 Quoniam
1189 2206 1255 2225 vero
1270 2198 1348 2232 prior
1364 2198 1457 2230 homo,
1479 2198 1526 2233 qui
1548 2198 1653 2233 primus
1677 2204 1789 2233 peccato

999 2245 1123 2277 servi-vit,
1148 2245 1207 2272 sine
1224 2249 1302 2279 patre
1320 2244 1437 2276 exstitit,
1459 2244 1599 2279 solamque
1617 2248 1718 2271 terram
1738 2244 1788 2271 ha-

999 2290 1059 2317 buit
1072 2298 1122 2325 pro
1139 2294 1225 2317 matre
1240 2300 1246 2316 :
1263 2290 1366 2325 Accepi!
1383 2291 1451 2316 enim
1470 2289 1540 2316 Deus
1559 2289 1643 2316 lutum
1658 2291 1690 2316 de
1705 2294 1786 2322 terra,

1001 2341 1025 2362 ct
1041 2337 1164 2371 formavit
1179 2337 1309 2363 hominem
1325 2336 1357 2368 1|;
1376 2335 1448 2362 unde
1462 2339 1490 2362 et
1505 2335 1602 2362 beatus
1620 2335 1720 2362 Paulus
1730 2335 1786 2362 ait:

1000 2381 1106 2408 Primus
1121 2381 1196 2408 homo
1212 2381 1243 2407 de
1255 2386 1327 2407 terra
1343 2385 1462 2407 terrenus
1479 2386 1489 2399 ε
1503 2389 1510 2413 ς
1530 2381 1591 2408 ideo
1616 2381 1786 2416 unigenitum

1000 2426 1047 2453 Dei
1073 2426 1203 2458 Verbum,
1231 2426 1379 2460 assumptis
1401 2434 1435 2453 ex
1459 2426 1570 2461 Virgine
1596 2427 1652 2453 sola
1683 2431 1787 2453 natum

999 2473 1156 2509 principiis,
1177 2478 1321 2508 postquam
1345 2473 1475 2508 templum
1500 2481 1554 2499 non
1574 2481 1655 2500 manu
1684 2472 1786 2500 factum

1000 2519 1123 2554 perfecit,
1140 2520 1247 2554 sibique
1262 2519 1408 2554 copulavit,
1428 2518 1530 2553 prodiit
1548 2526 1581 2545 ex
1601 2518 1721 2553 Virgine,
1741 2526 1786 2546 zo-

999 2573 1062 2592 nam
1078 2565 1239 2600 virginalem
1260 2573 1349 2599 neque
1365 2564 1543 2599 conceptione
1562 2563 1681 2595 solvens,
1695 2570 1784 2597 neque

998 2611 1175 2646 generatione
1192 2611 1370 2647 ditfringens,
1389 2609 1436 2637 sed
1458 2609 1643 2645 incorruptam
1660 2615 1783 2641 servam,

796 2754 914 2781 VARle
935 2754 1132 2783 LECTlONES.

195 2826 202 2841 ³
219 2825 267 2860 τὴν
283 2825 350 2852 aut.
367 2826 413 2852 καὶ
427 2825 468 2852 ἀν.
487 2833 530 2851 εκ.
547 2823 575 2851 Id
593 2829 645 2857 est,
667 2823 726 2850 sine
740 2822 791 2850 viri
805 2831 897 2859 opera.
915 2823 998 2851 ΒΑΜ.
