1969 3052
202 151 235 182 67
798 142 955 172 OPERUM
979 141 1223 171 TIIEODORETI
1796 139 1830 169 68

202 214 284 244 atque
296 207 435 238 intactam,
450 210 577 239 magnum
593 200 661 229 illud
673 205 701 228 et
720 199 861 226 ineﬂ'abile
876 199 994 225 miracu-

1059 198 1134 232 ’ώνην
1149 198 1180 223 οὐ
1199 199 1231 232 τῇ
1258 197 1386 231 συλλήψει
1412 196 1506 228 λύσας,
1523 196 1553 223 οὺ
1568 197 1600 231 τῇ
1617 194 1744 229 γεννήσει
1757 194 1831 230 amp-

203 255 258 282 lum
273 253 398 289 patravit.

238 399 363 434 Magnum
375 396 517 424 enimvero
530 399 559 422 et
576 391 857 428 incomprehensibile
873 390 992 418 miracu-

203 445 272 475 lum,
292 449 458 477 omnemque
473 439 582 468 dicendi
602 439 760 466 facultatem
777 436 931 465 excedens!
948 436 993 463 Vi-

203 492 268 518 dere
294 497 433 516 racemum
452 496 486 515 ex
509 491 581 513 terra
603 485 663 512 sine
686 483 845 519 palmitibus
866 486 992 515 enatum;

204 538 371 564 frumentum
394 535 452 562 sine
480 536 602 560 semente
626 530 810 566 productum;
837 531 993 555 contextam

203 583 262 610 sine
275 582 328 608 ﬁlis
346 588 378 608 ac
394 579 522 606 manibus
537 576 662 604 textoriis
673 579 794 607 vestem;
817 581 917 609 panem
938 580 994 599 non

203 629 286 660 mola,
310 627 388 665 117
413 633 469 652 non
491 623 630 654 manibus,
650 628 706 648 non
726 620 789 655 igne
804 619 921 651 factum,
946 617 995 645 sed

204 663 381 701 ineﬂ'abiliter
397 679 430 698 ex
439 670 537 697 farinis
550 666 733 703 virginalibus
751 665 935 696 elaboratum,
948 663 996 698 qui

205 725 293 748 totum
312 722 450 745 terrarum
470 716 564 743 orbem
581 712 737 741 abscondit.
763 711 805 738 Ad
820 711 893 742 haec,
912 709 997 744 virgi-

205 774 267 793 nem
295 763 406 799 proprio
430 762 487 789 ﬁlio
509 767 642 787 mammas
660 758 839 794 praebentem,
865 756 998 790 lactisque

206 810 294 837 fontes
328 811 530 843 suggerentem,
548 805 604 831 imo
622 808 650 830 et
674 808 791 830 matrem
815 801 914 828 factam
944 799 999 826 vir-

206 855 319 890 ginitate
351 853 453 885 illaesa;
479 855 595 878 matrem
619 849 718 876 factam
744 845 911 874 matrimonii
939 845 997 880 lege

206 907 262 928 non
299 902 440 933 suscepta;
473 900 609 928 matrem,
640 895 739 922 factam
765 899 827 920 eum
860 891 996 923 nesciret,

206 945 343 981 quomodo
369 945 406 972 sit
431 948 534 975 mater;
562 945 679 968 matrem
702 940 813 970 factam,
838 945 900 966 cum
921 936 999 971 prius

209 1002 278 1021 uxor
300 1001 355 1020 non
387 992 500 1024 fuisset,
536 990 583 1017 sed
615 990 643 1016 in
669 987 826 1022 virginitate
862 989 999 1012 tumorem

209 1040 311 1068 ventris
332 1041 494 1069 ostentaret,
523 1041 551 1063 et
575 1035 659 1063 ferret
681 1033 809 1060 manibus
827 1031 958 1062 fructum,
972 1033 1000 1056 et

176 1107 183 1110 .
208 1093 269 1120 qua:
283 1089 347 1113 sunt
361 1083 455 1110 matris
470 1084 574 1117 ageret,
593 1081 601 1090 '
620 1079 694 1107 salva
709 1077 885 1113 virginitate;
901 1081 930 1103 et
944 1075 1001 1102 vir—

209 1131 300 1166 ginem
313 1129 424 1164 quidem
442 1130 577 1158 vocatam,
591 1133 651 1160 qua:
670 1127 758 1151 mater
769 1125 859 1155 esset;
885 1125 1000 1148 matrem

209 1184 286 1208 vero,
296 1182 356 1210 qua:
369 1174 464 1209 virgo:
477 1177 558 1207 atque
571 1171 608 1198 ita
621 1169 758 1198 contraria
771 1167 892 1200 nomina,
902 1173 1001 1200 resque

210 1222 340 1250 adversas
356 1220 437 1248 simul
450 1218 623 1246 conciliaret.

247 1298 371 1325 Humana
385 1300 484 1323 natura
501 1297 639 1328 assumpta
656 1290 749 1327 (Deus)
764 1289 911 1325 imaginem
924 1295 1002 1315 suam

212 1347 326 1372 renovat
346 1346 460 1378 peccato
474 1344 648 1374 corruptam;
669 1342 697 1365 et
711 1336 888 1364 simulacrum
903 1334 1002 1368 nequi-

213 1389 258 1416 tiae
287 1387 414 1422 rubigine
444 1386 627 1412 inveteratum
654 1385 808 1413 restaurat,
836 1380 1003 1414 exhibetque

213 1433 356 1461 venustius
368 1431 472 1467 priore;
489 1437 545 1456 non
564 1437 597 1456 ex
616 1432 700 1459 terra,
716 1430 746 1454 ut
762 1426 843 1458 olim,
860 1425 913 1452 hoc
922 1423 1005 1451 reﬁn-

214 1488 291 1516 gens,
309 1478 358 1506 sed
381 1477 448 1504 illud
464 1477 522 1511 ipse
536 1481 691 1506 assumens;
708 1480 759 1500 nec
778 1477 870 1499 tamen
883 1471 1003 1498 divinam

215 1533 340 1556 naturam
358 1526 385 1553 in
405 1525 553 1555 humanam
571 1525 749 1552 convertens,
767 1518 816 1546 sed
835 1525 898 1546 eum
912 1517 1005 1545 divina

216 1575 368 1601 humanam
385 1573 553 1598 connectens
574 1577 581 1594 ι
607 1574 721 1594 manens
745 1565 819 1593 enim
839 1564 913 1599 quod
934 1568 1004 1596 erat,

216 1616 365 1651 assumpsit
382 1614 455 1650 quod
472 1621 529 1640 non
547 1617 616 1639 erat.
632 1611 700 1638 Cum
713 1614 787 1638 esset
805 1609 832 1636 in
844 1609 933 1636 forma
944 1608 1004 1641 Dei,

216 1663 289 1692 servi
309 1663 435 1693 formam,
455 1659 481 1686 id
497 1662 549 1691 est,
566 1657 713 1685 essentiam
727 1655 849 1690 accepit;
866 1655 893 1682 in
909 1653 1002 1681 simili-

217 1709 307 1736 tudine
322 1707 434 1734 haminis
452 1705 546 1740 factus,
559 1707 582 1730 et
597 1703 688 1729 habitu
703 1703 833 1733 inventus,
849 1705 878 1727 ut
893 1699 1005 1732 homo“,

218 1755 282 1790 quia
298 1753 350 1780 etsi
373 1756 496 1779 nostram
517 1754 644 1776 naturam
662 1747 792 1780 haberet,
817 1754 874 1774 non
894 1750 954 1773 erat
969 1749 1008 1772 ta-

221 1808 282 1827 men
298 1797 373 1825 omni
391 1805 425 1824 ex
438 1799 515 1831 parte
532 1794 613 1821 nobis
627 1793 735 1820 similis.
752 1793 852 1820 Sumus
863 1792 936 1819 enim
950 1791 1007 1818 nati

220 1854 253 1874 ex
273 1845 399 1876 muliere,
419 1846 501 1870 natus
514 1845 541 1868 et
552 1841 621 1876 ipse,
637 1839 684 1867 sed
697 1847 751 1866 non
764 1838 891 1866 similiter
903 1842 933 1865 ut
948 1845 1008 1870 nos,

220 1898 284 1919 eum
305 1897 339 1917 ex
353 1889 414 1916 alvo
433 1885 561 1921 virginali
578 1884 724 1920 prodierit.
747 1883 892 1911 Perfectus
906 1886 948 1910 est
961 1882 1010 1909 ho-

222 1945 277 1969 mo,
291 1934 372 1963 sicuti
386 1941 452 1966 nos;
471 1931 519 1959 sed
535 1929 631 1957 habuit
646 1929 790 1964 plusquam
804 1935 854 1954 nos
865 1927 913 1954 Dei
927 1926 1009 1954 Verbi

223 1980 451 2010 inhabitationem
470 1982 498 2005 et
516 1976 662 2004 unionem:
683 1975 764 2009 118
788 1980 899 2001 carnem
915 1972 1012 2000 habuit

223 2028 361 2056 viventem
376 2029 404 2052 et
424 2023 595 2054 rationalem,
614 2020 729 2056 perinde
749 2028 781 2047 ac
797 2026 864 2051 nos;
882 2018 929 2045 sed
947 2025 1010 2053 pee-

223 2072 277 2101 cati
298 2069 390 2098 motus
417 2077 473 2096 non
491 2067 632 2099 sustinuit,
650 2066 721 2093 sicut
744 2072 813 2097 nos;
835 2064 890 2091 imo
905 2063 933 2090 in
950 2071 1011 2090 cor-

224 2127 301 2155 pore,
313 2116 387 2152 quod
403 2113 614 2150 oppugnabatur
627 2120 642 2139 a
658 2115 780 2146 peccato,
800 2109 903 2145 peccati
918 2113 1010 2144 tyran-

224 2165 316 2194 nidem
329 2161 465 2191 dissolvit.

258 2251 346 2279 Porro
358 2253 450 2276 autem
467 2248 477 2264 ³
494 2246 602 2282 proﬁcit
617 2249 696 2273 aetate
713 2244 824 2279 quidem
846 2249 955 2277 corpus,
972 2248 1016 2268 sa-

227 2295 330 2331 pientia
346 2302 412 2321 vero
435 2293 544 2320 animus
558 2297 570 2311 ε
592 2299 598 2318 :
622 2298 711 2325 neque
729 2289 803 2316 enim
819 2287 906 2315 ullum
924 2286 1015 2313 incre-

227 2346 351 2369 mentum
380 2340 509 2367 divinitas
539 2337 679 2365 admittit:
700 2343 762 2363 nam
786 2334 861 2362 omni
883 2341 917 2361 ex
938 2336 1017 2368 parte

228 2386 379 2424 perfectum
398 2389 441 2412 est
459 2384 507 2411 Dei
523 2383 659 2412 Verbum:
675 2380 871 2408 convenienter
893 2386 959 2405 vero
973 2385 1017 2404 sa-

229 2432 339 2468 pientia:
362 2431 565 2458 incrementum
589 2426 731 2462 conjunxit
754 2423 940 2461 (evangelista)
957 2431 1019 2450 eum

229 2478 317 2506 astatis
346 2479 511 2511 augmento:
529 2473 663 2508 siquidem
686 2472 719 2499 ad
743 2478 901 2498 mensuram
930 2469 1018 2497 aetatis

230 2523 354 2558 corporis
385 2528 464 2549 suam
491 2519 584 2546 divina
618 2522 715 2544 natura
747 2515 909 2551 sapientiam
939 2522 1018 2542 reve-

231 2569 308 2596 lavit.

267 2614 386 2642 Omnino
413 2611 521 2640 Gabriel
539 2610 551 2626 ⁴
565 2617 626 2636 cum
643 2607 746 2643 Virgini
773 2607 866 2635 laetum
892 2606 1019 2634 nuntium

267 2682 279 2702 ιι
291 2681 409 2716 Philipp.
427 2688 456 2712 ιι,
471 2679 497 2711 6,
513 2678 540 2705 7.
578 2682 589 2697 ε
605 2677 670 2705 Luc.
683 2685 711 2709 ιι,
726 2677 752 2709 5,
768 2676 794 2703 2.

1044 243 1139 279 ῥήξας,
1155 243 1211 270 ἀλλ’
1241 244 1384 278 ἀκήρατον
1411 243 1458 269 καὶ
1487 242 1628 275 ἀνέπαφον
1654 240 1830 275 διαφυλάξας,

1043 290 1088 316 καὶ
1110 289 1140 315 τὸ
1166 289 1236 323 μέγα
1253 289 1332 315 τοῦτο
1361 288 1408 315 καὶ
1438 289 1557 323 ἄρρητον
1583 286 1832 322 θαυματουργήσας

1042 335 1143 370 θαῦμα.

1078 383 1158 416 Μέγα
1180 382 1235 417 γὰρ
1260 381 1299 417 τῷ
1319 381 1377 408 ὄντι
1398 381 1444 407 καὶ
1465 380 1657 414 ἀκατάληπτον
1683 378 1731 405 καὶ
1754 377 1831 411 λόγου

1043 428 1159 464 δύναμιν
1183 427 1357 463 ὑπερὸαῐνον,
1375 427 1473 463 βότρυν
1492 426 1557 453 ἰδεῖν
1573 426 1605 452 ὲκ
1619 425 1670 459 γῆς
1686 424 1750 451 ἄνευ
1767 425 1832 458 κλη-

1045 475 1138 510 μάτων
1154 474 1353 509 βλαστήσαντα,
1372 475 1444 500 σῖτον
1461 473 1525 500 ἄνευ
1555 471 1720 506 σπερμάτων
1737 469 1833 503 φύντα,

1045 520 1146 555 χιτῶνα
1161 520 1289 554 νημάτων
1306 519 1390 555 χωρὶς
1408 519 1453 545 καὶ
1476 517 1575 553 χειρῶν
1595 515 1750 551 ὑφαντικῶν
1767 514 1835 548 ὑφα-

1047 564 1155 600 σμένον,
1171 565 1252 600 ἅρτον
1272 564 1302 590 οὐ
1326 563 1397 599 μύλῃ
1418 563 1466 589 καὶ
1480 562 1558 597 χερσὶ
1572 561 1619 588 καὶ
1632 561 1698 596 πυρὶ
1709 560 1836 594 δημιουρ-

1046 610 1174 645 γηθέντα,
1206 609 1263 636 ἀλλ’
1290 609 1418 644 ἀρρήτως
1447 608 1477 640 ἐξ
1507 607 1630 642 ἀλεύρων
1661 604 1836 641 παρθενικῶν

1047 656 1240 691 γεγενημένον,
1261 656 1308 682 καὶ
1325 654 1373 690 τὴν
1397 654 1561 689 οίκουμένην
1576 652 1752 687 καλύψαντα·
1769 650 1837 685 πρὸς

1047 702 1075 728 δὲ
1091 701 1208 734 τούτοις,
1239 701 1374 737 παρθένον
1397 700 1489 734 οἰκείῳ
1517 698 1611 734 βρέφει
1626 697 1711 732 θηλὴν
1725 696 1837 731 ὀρέγου-

1050 757 1110 779 σαν,
1126 747 1173 774 καὶ
1191 747 1327 780 γάλακτος
1346 745 1517 781 χορηγοῦσαν
1541 743 1644 778 πηγὰς,
1663 743 1711 769 καὶ
1730 742 1838 777 μητέρα

1049 793 1200 828 γενομένην
1232 792 1445 826 πεφυλαγμένης
1466 791 1516 826 τῆς
1542 789 1702 825 παρθενίας,
1733 786 1838 822 μητέρα

1049 839 1200 874 γενομένην
1222 838 1271 873 τὴν
1295 839 1383 872 γάμου
1413 838 1494 872 νόμον
1508 837 1538 862 οὐ
1553 835 1713 870 δεξαμένην,
1735 831 1839 867 μητέρα.

1051 884 1200 920 γενομένην
1215 884 1262 919 τὴν
1280 883 1337 913 πῶς
1352 883 1456 917 γίνεται
1473 882 1564 916 μήτηρ
1579 881 1630 907 οὐκ
1641 878 1838 913 ἐπισταμένην,

1053 931 1161 967 μητέρα
1170 929 1319 965 γενομένην
1334 929 1383 963 τὴν
1396 929 1512 962 γυναῖκα
1528 926 1662 961 πρότερον
1677 925 1707 951 οὺ
1725 923 1839 959 γενομέ-

1052 985 1111 1012 νην,
1127 976 1183 1003 ἀλλ’
1198 976 1228 1002 ὲν
1245 974 1380 1011 παρθενίᾳ
1404 974 1451 1000 καὶ
1475 973 1521 1000 τὸν
1545 972 1625 1007 δγκον
1648 971 1697 1006 τῆς
1721 969 1839 1005 γαστρὸς

1053 1020 1259 1053 ὲτπιδεικνῦσαν,
1275 1020 1323 1047 καὶ
1338 1019 1384 1046 τὸν
1401 1019 1506 1054 καρπὸν
1529 1019 1558 1044 ἐν
1584 1019 1644 1048 ταῖς
1665 1016 1743 1051 χερσὶ
1761 1023 1840 1050 περι-

1054 1067 1199 1102 φέρουσαν,
1217 1066 1264 1092 καὶ
1285 1065 1323 1101 ,τὰ
1348 1065 1450 1100 μητρὸς
1477 1062 1664 1099 ἐργαζομένην
1686 1060 1841 1096 σωζομένης

1053 1113 1104 1147 τῆς
1121 1111 1279 1146 παρθενίας,
1295 1110 1344 1136 καὶ
1364 1109 1500 1144 παρθένον
1526 1108 1574 1143 μὲν
1595 1107 1643 1142 τὴν
1663 1106 1771 1142 μητέρα
1792 1113 1842 1131 κα-

1054 1158 1200 1194 λουμένην,
1217 1156 1322 1192 μητέρα
1341 1155 1370 1181 δὲ
1388 1155 1438 1189 τὴν
1451 1153 1586 1194 παρθένον
1603 1151 1841 1189 προσαγορευομέ-

1055 1191 1115 1240 νην,
1130 1204 1176 1231 καὶ
1189 1191 1319 1230 ¹τάναντία
1339 1201 1460 1236 ὀνόματά
1476 1209 1506 1226 τε
1533 1191 1580 1227 καὶ
1595 1200 1744 1236 πράγματα
1772 1197 1844 1224 κατὰ

1056 1249 1154 1277 ταυτὸν
1167 1248 1348 1282 συνάγουσαν.

1092 1294 1147 1320 Καὶ
1159 1293 1209 1328 τὴν
1231 1291 1403 1326 ἀνθρωπείαν
1420 1289 1502 1324 φύσιν
1524 1289 1666 1316 ἀναλαϐὼν
1678 1289 1726 1325 τὴν
1740 1288 1843 1315 οίκείαν

1057 1338 1149 1365 εἰκόνα
1166 1338 1293 1369 νεοποιεῖ,
1309 1337 1343 1372 τῇ
1359 1335 1481 1371 ἁμαρτίᾳ
1503 1334 1708 1369 διαφθαρεῖσαν,
1724 1333 1770 1359 καὶ
1798 1332 1844 1360 τὸν

1056 1383 1202 1418 ἀνδριάντα
1228 1381 1273 1408 τὸν
1298 1381 1351 1408 ὑπὸ
1374 1380 1420 1407 τοῦ
1438 1381 1488 1416 τῆς
1509 1374 1640 1414 πονηρίας
1664 1378 1703 1405 ἰοῦ
1722 1377 1844 1405 παλαιω-

1058 1429 1138 1456 θέντα
1151 1429 1259 1455 άνανεοῖ
1272 1427 1320 1454 καὶ
1334 1425 1381 1453 τοῦ
1398 1425 1531 1461 προτέρου
1547 1424 1723 1460 χαριέστερον
1740 1423 1846 1450 δείκνυ-

1059 1484 1111 1507 σιν,
1129 1475 1179 1501 οὐκ
1199 1473 1252 1501 ἀπὸ
1277 1473 1329 1508 γῆς
1354 1473 1392 1504 ὡς
1415 1471 1500 1500 πάλαι
1512 1471 1606 1498 τοῦτον
1631 1470 1845 1505 δημιουργήσας,

1058 1521 1116 1548 ἀλλ’
1142 1520 1221 1552 αὐτὸς
1243 1519 1471 1554 καταδεξάμενος,
1493 1518 1524 1544 οὐ
1541 1517 1589 1552 τὴν
1610 1517 1685 1543 θείαν
1702 1515 1781 1550 φύσιν
1806 1517 1846 1547 είς

1060 1566 1231 1602 ἀνθρωπείαν
1248 1564 1419 1600 μεταϐαλὼν,
1444 1563 1512 1590 ἀλλὰ
1528 1564 1561 1599 τῇ
1592 1563 1652 1598 θείᾳ
1668 1562 1718 1597 τὴν
1743 1561 1848 1597 ἀνθρω-

1060 1613 1140 1639 πείαν
1159 1611 1289 1646 συνάψας.
1318 1611 1417 1638 Μένων
1436 1609 1490 1645 γὰρ
1505 1609 1519 1635 ὃ
1536 1607 1580 1644 ἦν,
1610 1603 1704 1634 ἑλέιδεν
1715 1608 1729 1634 ὃ
1744 1608 1793 1634 οὐκ
1803 1605 1847 1642 ἦν.

1066 1660 1110 1686 Ἐν
1136 1659 1226 1694 μορφῇ
1240 1657 1308 1684 Θεοῦ
1332 1657 1381 1689 ὢν,
1398 1656 1478 1683 ἔλαϐε
1493 1656 1543 1691 τὴν
1555 1655 1602 1682 τοῦ
1621 1655 1713 1682 δούλου
1732 1654 1848 1690 μορφὴν,

1060 1705 1143 1742 ἤγουν
1169 1704 1272 1736 οὐσίαν,
1291 1704 1326 1730 ἐν
1353 1701 1511 1737 ὁμοιώματι
1536 1701 1710 1735 ἁνθρώπιγυ¹
1729 1700 1849 1735 γενόμε-

1060 1763 1124 1787 νος,
1142 1753 1191 1780 καὶ
1208 1752 1342 1787 σχήματι
1357 1749 1488 1785 εὑρεθείς
1500 1749 1540 1782 ὡς
1559 1748 1727 1783 ἄνθρωπος·
1743 1748 1783 1774 ὅτι
1801 1745 1849 1781 τὴν

1060 1799 1197 1836 ἡμετέραν
1222 1798 1304 1833 φύσιν
1331 1797 1411 1832 ἔχων,
1438 1795 1468 1822 οὐ
1500 1794 1571 1821 κατὰ
1593 1794 1681 1821 πάντα
1709 1793 1773 1828 ἡμῖν
1794 1791 1850 1822 tuo:

1060 1845 1217 1880 ἐτύγχανεν.
1236 1842 1437 1878 Ἐγεννήθημεν
1453 1840 1508 1876 γὰρ
1525 1841 1555 1867 ὲκ
1571 1839 1709 1874 γυναικὸς,
1730 1837 1776 1864 καὶ
1800 1836 1833 1864 αὖ
1844 1851 1850 1856 -

1060 1892 1117 1924 τὸς,
1129 1891 1185 1919 ἀλλ’
1199 1890 1248 1925 οὐχ
1264 1889 1367 1925 ὁμοίως
1388 1888 1468 1923 ἡμῖν’
1483 1887 1514 1913 ὲκ
1533 1885 1699 1921 παρθενικῆς
1720 1883 1773 1918 γὰρ
1797 1882 1851 1918 μή-

1061 1946 1127 1973 τρας
1154 1936 1315 1970 ὲῦλάστησε.
1343 1933 1398 1961 Καὶ
1428 1932 1530 1963 τέλειος
1554 1931 1604 1966 μὲν
1628 1929 1773 1964 ἄνθρωπος
1809 1927 1847 1958 ὡς

1062 1980 1219 2019 ἡμεῖς,εῐχε
1234 1982 1261 2008 δὲ
1274 1980 1355 2007 πλέον
1374 1979 1453 2015 ἡμῶν
1466 1977 1513 2005 τοῦ
1529 1977 1596 2004 Θεοῦ
1612 1976 1699 2019 Λόγου
1719 1975 1769 2010 τὴν
1782 1973 1851 2001 ὲνοί-

1063 2018 1144 2064 κησίν
1158 2036 1187 2054 τε
1205 2026 1252 2053 καὶ
1271 2025 1379 2056 ἕνωσιν,
1396 2024 1444 2050 καὶ⁹
1462 2023 1551 2058 σάρκα
1580 2021 1630 2057 μὲν
1653 2018 1709 2055 εἶχε
1730 2018 1850 2054 ἔμψυχόν

1064 2063 1097 2100 τε
1105 2073 1153 2100 καὶ
1167 2071 1291 2106 λογικὴν,
1307 2069 1431 2104 καθάπερ
1444 2069 1534 2104 ἡμεῖς,
1547 2067 1601 2094 τῶν
1613 2066 1641 2093 δὲ
1650 2065 1700 2100 τῆς
1715 2063 1851 2100 ἁμαρτίας

1066 2117 1223 2152 κινημάτων
1239 2116 1288 2142 οὐκ
1305 2114 1435 2150 ἠνέσχετο
1456 2114 1550 2147 ὥσπερ
1566 2113 1646 2147 ἡμεῖς
1658 2120 1664 2126 ·
1681 2111 1739 2138 ἀλλ’
1756 2112 1786 2138 ἐν
1800 2108 1852 2136 σὼ-

1067 2171 1132 2198 ματι
1158 2161 1203 2195 υφ⁹
1229 2160 1368 2196 ἁμαρτίας
1391 2158 1602 2194 πολεμουμένῳ,
1620 2157 1669 2192 τὴν
1698 2156 1746 2191 τῆς
1767 2155 1851 2191 ἁμαρ-

1065 2217 1080 2235 τ
1087 2208 1129 2240 ίας
1146 2207 1277 2234 κατέλυσε
1289 2206 1443 2242 τυραννίδα.

1102 2253 1253 2290 Προκ6πτει
1271 2253 1299 2280 δὲ
1316 2251 1410 2287 ἡλικίᾳ
1429 2251 1478 2287 μὲν
1495 2250 1584 2286 σῶμα,
1607 2249 1689 2284 σοφίᾳ
1711 2248 1740 2275 δὲ
1759 2247 1848 2282 ψυχή·

1066 2299 1162 2335 θεότης
1189 2299 1241 2334 γὰρ
1264 2297 1409 2333 οὐδετέραν
1423 2296 1545 2323 ἐπίδοσιν
1568 2295 1738 2335 ὲπιδέχεταιξ
1754 2292 1850 2319 παντέ-

1067 2334 1203 2379 λειοςνγὰρ
1213 2345 1226 2371 ὁ
1237 2339 1283 2370 τοῦ
1296 2342 1363 2369 Θεοῦ
1376 2342 1460 2376 Λόγος
1470 2350 1476 2357 ·
1492 2340 1604 2372 εἰκότως
1620 2340 1647 2366 δὲ
1662 2334 1804 2371 συνέζευξε
1818 2339 1850 2372 τῇ

1069 2391 1118 2426 τῆς
1135 2390 1243 2426 ἡλικίας
1257 2389 1369 2424 αὐξήσει
1383 2387 1431 2422 τὴν
1453 2386 1502 2420 τῆς
1515 2385 1609 2420 σοφίας
1627 2384 1747 2410 ἐπίδοσιν
1757 2390 1764 2397 ·
1785 2383 1852 2417 πρὸς

1070 2439 1124 2474 γὰρ
1148 2437 1178 2464 τὸ
1196 2437 1295 2472 μέτρον
1313 2436 1362 2470 τῆς
1384 2435 1430 2461 τοῦ
1450 2433 1575 2469 σώματος
1589 2432 1697 2467 ἡλικίας
1720 2430 1855 2458 ἀπεκάλυ-

1071 2491 1137 2510 πτεν
1156 2483 1173 2517 ὴ
1191 2481 1251 2509 θεία
1262 2481 1342 2516 φύσις
1359 2481 1408 2516 τὴν
1421 2479 1522 2506 οἰκείαν
1541 2478 1646 2514 σοφίαν.

1116 2602 1224 2638 Ἀμέλει
1238 2603 1251 2629 ὁ
1264 2600 1384 2637 Γαϐριὴλ
1401 2601 1451 2634 τὴν
1467 2599 1604 2634 Παρθένον
1618 2595 1856 2632 εὐαγγελιζόμενος

881 2730 1000 2759 VARI/ﬁ
1018 2729 1222 2758 LECTIONES.

271 2796 280 2812 ε
293 2793 427 2833 Loco-cit.
439 2795 499 2833 leg.
522 2790 681 2833 ἀνθρῲπων.
718 2789 824 2833 {Porro
840 2792 939 2820 autem,
949 2792 1014 2833 Jetf'.
1038 2787 1078 2827 ᾼᾶ
1103 2787 1254 2833 marginem
1278 2785 1562 2833 posui‘tnGarneriusL:
1579 2794 1586 2809 ι
1602 2783 1639 2833 Fx
1652 2780 1859 2833 lihroAsgtundo

762 2832 767 2833 γ
806 2831 866 2833 an”
893 2831 942 2833 ___._
1015 2829 1100 2833 ...μη-
1155 2825 1304 2833 ,.-,...-,...Λ.ν.
1399 2821 1485 2833 ...με-.-
1532 2829 1543 2833 .ι
1564 2819 1600 2833 ..ευ
1647 2822 1689 2833 Λιι-
1789 2821 1859 2833 mur.

235 2815 499 2863 ιιειιῖεῑόξιιῗῖ
510 2815 700 2863 ςέέὶἆῐάίίιεὲη
720 2815 771 2863 iste
791 2824 869 2863 locus
890 2815 963 2863 apud
988 2821 1101 2862 Marium
1126 2815 1316 2861 Mercator-ein.
1354 2820 1485 2863 ξοηιηὶηο
1506 2818 1627 2858 Gabriel,
1647 2822 1698 2863 e‘lc.
1725 2815 1765 2856 Ad
1789 2821 1861 2840 mar-

236 2851 326 2904 ginem
349 2851 445 2892 leadem
467 2862 549 2890 verba
562 2851 653 2889 erant
671 2860 769 2896 posita,
793 2858 886 2886 addito
907 2851 1068 2886 Mercatoris
1084 2856 1204 2890 nomine,
1221 2856 1299 2891 cujus
1308 2855 1392 2884 verba
1412 2853 1645 2891 interpretationis
1660 2852 1720 2880 loco
1736 2851 1763 2878 in
1784 2854 1860 2878 textu
