1969 3052
176 119 217 152 ’13
729 118 966 149 ΑυΟΤΑΒΙΙΙΜ.
985 131 1020 136 -
1038 118 1088 148 ΑΙ)
1107 117 1194 148 TOM.
1215 118 1264 148 IV.
1774 116 1807 148 ’16

182 177 252 212 μόνα
274 175 322 202 καὶ
345 174 464 211 φύλακα,
488 176 537 208 τὰς
556 176 685 212 ἐννόμους
709 177 806 212 ἑορτὰς
835 175 970 213 ἑορτάζει,

1023 175 1180 208 custodem;
1191 175 1329 211 legitimos
1343 176 1464 203 celebrat
1480 175 1538 203 dies
1553 175 1647 208 festos,
1665 176 1767 203 assidet
1781 176 1808 203 in

181 221 358 258 προσεδρεύει
372 221 411 256 τῷ
434 222 510 258 ἱερῷ.
522 222 570 258 τὴν
587 223 738 258 ’ἰουδαῖκὴν
754 223 861 258 ἐλέγχει
883 224 971 258 παχύ-

180 276 259 303 τητα,
275 268 322 294 καὶ
336 267 418 294 τοῦτο
439 269 513 294 ποιεῖ
531 268 692 296 δυοκαίδεκα
710 269 779 300 τέως
794 268 840 305 ἔτη
853 269 972 303 γεγονὼς

177 313 252 348 μόνα
274 313 343 349 μετὰ
359 313 405 339 τὸν
420 313 515 345 τόκον,
534 313 706 348 ἑπιζητεῖται
728 314 803 350 παρὰ
819 314 874 341 τῶν
889 323 972 349 προσ-

179 359 302 394 ηκόντων
316 358 500 393 ἀπολειφθεὶς,
515 359 671 393 ἐγκαλεῖται
695 359 770 394 παρὰ
785 359 833 393 τῆς
861 358 972 394 μητρὸς,

180 404 369 438 ἀπολογεῖται,
377 404 423 430 καὶ
430 403 479 438 ὴρέ
484 413 522 439 μα
532 412 590 436 πως
605 406 780 440 παραγυμνοῖ
787 405 836 439 τὴν
845 404 969 439 θεότητα.

177 450 241 476 Οὐκ
263 448 469 484 οἵδατε¹¹γὰρ,
490 449 583 484 φησὶν,
603 449 647 475 ὅτι
659 449 695 476 ἐν
709 448 770 482 τοῖς
783 449 837 476 τοῦ
857 449 971 484 Πατρός

177 502 239 528 μου
257 493 305 520 δεῖ
316 491 394 520 εἶναι
403 502 460 528 ys;
471 495 579 526 δεικνὺς
594 494 632 526 ὡς
646 494 676 521 οὑ
698 494 779 530 μόνον
791 494 850 521 ἐστὶ
864 494 894 521 τὸ
905 495 970 530 ὁρώ-

181 546 274 574 μενον,
289 538 358 565 ἀλλὰ
373 539 420 565 καὶ
434 538 500 570 Θεὸς
519 539 551 565 ὲν
562 538 601 574 τῷ
616 539 747 574 ὁρωμένῳ
772 539 971 574 κρυπτόμενος,

181 584 350 619 ὔπέρχρονος
361 584 407 611 καὶ
422 584 587 618 προαιώνιος
598 585 630 610 ὲκ
641 584 688 611 τοῦ
704 584 810 620 Harpe;
821 584 971 621 προελθών.

181 628 223 656 Τὰ
237 630 266 656 δὲ
292 629 356 665 ἑξῆς
376 629 427 664 τῆς
449 629 609 665 θεανδρικῆς
627 629 709 657 αὐτοῦ
734 630 871 662 πολιτείας
893 630 974 657 πάλιν

1021 222 1133 257 templo,
1146 221 1288 250 Judaicam
1307 221 1447 257 redarguit
1462 222 1630 253 tarditatem,
1643 221 1725 256 idque
1739 222 1810 249 duo-

1020 268 1109 295 decim
1134 275 1221 296 annos
1243 273 1338 302 natus;
1363 269 1497 304 quaeritur
1516 275 1531 294 a
1551 267 1725 302 parentibus,
1744 274 1810 293 cum

1021 314 1134 341 relictus
1161 319 1248 347 esset;
1274 316 1542 350 arguituramatre,
1569 321 1598 341 se
1626 313 1760 345 defendit,
1783 317 1812 340 et

1022 360 1155 395 paulatim
1178 368 1255 388 suam
1282 361 1360 395 quasi
1384 361 1506 388 denudat
1533 359 1712 387 divinitatem.
1742 358 1811 386 Cum

1023 405 1096 432 enim
1112 405 1215 432 diceret
1230 412 1241 432 :
1258 405 1369 433 Scitisne
1393 406 1462 440 quod
1480 407 1509 432 in
1523 406 1563 433 Itis
1575 413 1636 440 quae
1656 404 1747 432 Patris
1762 405 1813 431 mei

1023 453 1094 481 mut,
1111 458 1151 476 me
1167 458 1223 477 esse
1237 455 1356 487 oporteat
1368 451 1404 477 ³ίῖ
1417 451 1537 478 ostendit
1569 459 1598 478 se
1610 459 1665 478 non
1680 450 1813 478 exsistere

1024 494 1052 521 id
1076 495 1177 526 solum,
1201 496 1275 531 quod
1292 496 1380 523 oculis
1392 497 1529 529 cernitur,
1553 496 1602 523 sed
1620 496 1705 523 latere
1729 495 1756 522 in
1779 502 1813 522 eo

1024 540 1098 574 quod
1113 542 1289 575 cernebatur,
1306 542 1404 575 Deum,
1416 541 1465 577 qui
1481 547 1544 569 ante
1560 546 1669 577 tempus
1679 545 1761 576 atque
1779 548 1814 567 ex

1025 585 1101 612 omni
1125 587 1279 614 aeternitate
1300 595 1319 614 a
1347 587 1428 615 Patre
1458 588 1636 623 processerit.
1656 587 1722 620 Quae
1747 593 1814 613 vero

1027 632 1159 668 deinceps
1174 638 1205 662 ut
1217 635 1291 662 Deus
1302 639 1330 662 et
1351 634 1434 662 homo
1452 635 1549 669 egerit,
1563 642 1597 662 ex
1608 633 1755 669 Evangelio
1771 632 1813 660 di-

178 673 215 701 ὲκ
229 674 277 701 τοῦ
293 674 461 709 Εὐαγγελίου
478 674 668 711 μαθησόμεθα.

1026 685 1107 711 scere
1122 679 1197 707 licet.

220 789 242 805 η
257 788 324 816 Nam
341 789 497 824 quomodo,
524 789 634 825 inquit,
657 789 749 818 Patris
762 792 876 826 aequalis
891 800 940 827 per
955 794 1102 821 essentiam
1114 794 1233 826 exsistit,
1251 794 1297 829 qui
1313 794 1451 829 perfectus
1463 802 1522 821 non
1535 795 1595 822 est?
1608 794 1728 822 Videtur
1742 792 1816 821 enim

179 834 318 870 sapientia
330 834 480 868 proﬁcere;
495 842 557 862 cum
572 835 653 863 Pater
667 837 714 871 qui
728 837 804 864 nullo
817 837 949 873 indigeat,
964 847 1015 867 nec
1027 840 1179 874 profectum
1192 840 1329 867 admittat.
1344 840 1565 868 Percontandum
1581 848 1614 867 ex
1626 841 1674 868 Dei
1687 840 1817 867 adversa-

181 880 243 911 riis.
269 879 303 907 de
331 887 451 914 quonam
473 879 541 907 illud
566 880 672 908 dictum
695 886 802 916 putent,
826 883 985 917 Proﬁciebat
1001 886 1133 920 sapientia
1148 889 1173 912 et
1195 885 1310 920 gratial.
1339 886 1423 913 Plane
1436 885 1546 918 dicent,
1561 885 1596 913 de
1615 885 1680 913 Jesu
1695 885 1816 913 Christo.

181 924 225 952 Ad
242 925 310 956 haec,
336 924 460 951 omnium
483 924 697 958 dementissimi,
724 934 883 961 quemnam,
906 936 938 955 ac
961 929 1079 964 cuiatem
1099 929 1202 964 putatis
1213 937 1275 957 esse
1286 929 1426 957 Christum
1444 930 1478 957 de
1489 938 1545 964 quo
1556 934 1604 957 est
1616 930 1697 957 Lucas
1709 929 1820 957 sermo?

181 970 252 997 Nam
280 969 303 997 si
327 977 390 997 eum
415 977 590 998 communem
618 971 758 998 hominem
779 980 840 1000 esse
866 973 990 1006 creditis,
1016 982 1048 1002 ac
1063 975 1198 1010 ejusmodi
1215 975 1379 1002 existimatis
1398 979 1429 1002 ut
1446 975 1515 1002 nihil
1528 975 1628 1003 habeat
1644 983 1727 1010 supra
1738 975 1817 1008 alios,

183 1015 312 1050 proﬁciat
326 1017 355 1041 et
366 1014 424 1049 ipse
440 1018 471 1041 ut
483 1015 576 1042 homo.
594 1015 642 1042 Sin
654 1020 746 1043 autem
762 1017 834 1044 Deus
845 1022 888 1044 est
910 1017 1000 1045 factus
1009 1019 1105 1051 homo,
1125 1019 1310 1054 Verbumque,
1324 1020 1367 1047 uti
1379 1020 1511 1054 scriptum
1525 1024 1578 1052 est,
1593 1020 1696 1048 factum
1707 1028 1818 1052 οπο-ς

187 1069 338 1096 quemnam
361 1062 516 1097 profectum
537 1061 686 1095 SUSCipiet?
713 1066 761 1088 aut
784 1063 924 1097 quomodo
946 1063 1000 1091 erit
1024 1064 1202 1099 imperfectus
1227 1065 1276 1099 qui
1291 1065 1326 1091 sit
1340 1065 1454 1100 aqualis
1466 1065 1538 1092 Deo?
1554 1066 1622 1093 Nam
1634 1071 1666 1094 et
1678 1067 1819 1094 illumim-

183 1106 340 1141 perfectum
359 1113 421 1134 esse
447 1108 568 1140 oportet,
595 1105 641 1132 cui
665 1109 708 1132 est
734 1106 857 1140 aequalis,
886 1107 910 1134 si
933 1115 978 1134 res
999 1107 1036 1135 ita
1052 1116 1081 1135 se
1093 1109 1198 1136 habent
1216 1113 1246 1136 ut
1258 1117 1308 1136 vos
1320 1109 1422 1137 dicitis.
1440 1110 1488 1137 Sin
1501 1116 1593 1138 autem
1610 1119 1658 1139 vos
1668 1120 1778 1147 quoque
1792 1113 1818 1139 id

182 1160 251 1179 cum
264 1151 379 1184 sentire,
394 1155 453 1178 tum
468 1150 559 1178 dicere
572 1150 687 1185 impium
700 1151 835 1185 reputatis
853 1151 1021 1186 (perfectum
1034 1153 1108 1180 enim
1123 1153 1232 1181 Patrem
1245 1162 1306 1181 esse
1321 1154 1494 1189 admittitis),
1510 1155 1664 1190 perfectum
1674 1157 1760 1184 etiam
1770 1164 1820 1184 ne-

185 1208 264 1227 cesse
285 1203 327 1226 est
351 1197 516 1226 existimetis
531 1195 642 1228 Filium,
660 1196 707 1232 qui
729 1196 754 1223 ei
776 1198 889 1232 aequalis
903 1198 948 1225 sit.
969 1198 1028 1225 Non
1042 1206 1107 1234 ergo
1121 1207 1154 1226 ea
1167 1199 1283 1232 ratione,
1295 1207 1349 1234 qua
1362 1200 1483 1228 Verbum
1495 1205 1548 1233 est,
1561 1200 1664 1228 dicitur
1674 1202 1819 1237 proﬁcere,

185 1247 236 1274 sed
250 1253 303 1281 qua
316 1245 405 1272 factus
417 1249 459 1272 est
474 1244 567 1276 homo,
583 1248 612 1270 et
623 1248 749 1271 naturam
761 1244 878 1279 gestavit
891 1253 951 1280 quae
966 1246 1054 1280 possit
1069 1240 1214 1280 prbﬁcere.
1228 1247 1275 1273 Ait
1288 1246 1406 1281 quodam
1418 1247 1481 1275 loco
1490 1248 1592 1275 Paulus
1604 1248 1638 1275 de
1649 1249 1705 1277 Deo
1715 1250 1818 1282 Verbo,

183 1296 248 1318 tum
270 1298 330 1318 esse
357 1290 385 1317 in
402 1289 489 1317 forma
507 1288 566 1320 Dei,
589 1292 646 1316 tum
661 1296 721 1316 esse
738 1289 872 1323 :equalem
885 1289 973 1316 Deo“.
1001 1289 1028 1316 Si
1042 1289 1125 1325 igitur
1143 1298 1206 1317 cum
1222 1290 1295 1318 Patri
1310 1291 1424 1325 aequalis
1434 1297 1508 1318 esset
1520 1292 1674 1326 profectum
1688 1295 1821 1330 suscepit,

188 1344 222 1364 ac
242 1337 334 1372 reipsa
347 1335 482 1372 profecit;
501 1335 581 1370 plane
597 1336 684 1370 major
692 1335 774 1362 Patre
785 1339 838 1368 est,
855 1335 1002 1372 ipsumque
1013 1337 1163 1372 superavit,
1182 1338 1230 1372 qui
1241 1337 1289 1370 ita,
1304 1338 1344 1365 uti
1356 1346 1406 1365 vos
1416 1338 1520 1372 dicitis,
1531 1339 1604 1367 Deus
1615 1339 1735 1368 Verbum
1757 1348 1824 1377 pro-

185 1382 266 1410 fecit.
284 1382 320 1410 At
331 1381 405 1410 istud
420 1381 544 1409 omnium
560 1381 789 1409 absurdissimum
799 1387 852 1410 est.
871 1382 931 1410 Non
945 1391 1010 1419 ergo
1023 1383 1141 1418 profecit
1154 1384 1286 1417 Verbum,
1302 1392 1355 1419 qua
1368 1384 1474 1412 ratione
1486 1385 1607 1413 Verbum
1620 1391 1679 1420 est;
1695 1391 1737 1414 est
1747 1387 1825 1416 enim

189 1428 346 1464 perfectum
363 1428 436 1456 sicut
449 1428 541 1456 Pater.
559 1427 613 1455 Sed
626 1431 654 1455 et
667 1427 741 1456 istud
753 1427 858 1456 dictum
870 1432 912 1456 est
923 1433 1037 1464 propter
1047 1437 1119 1462 eam,
1133 1438 1187 1465 qua
1200 1429 1304 1457 factum
1314 1434 1356 1457 est
1366 1430 1459 1463 homo,
1475 1432 1670 1460 eaconomiam.

228 1474 259 1502 Si
281 1475 399 1510 profecit
414 1475 537 1502 Verbum
562 1482 625 1502 cum
638 1474 740 1502 factum
754 1479 796 1502 est
807 1475 890 1503 homo
909 1483 941 1502 ac
952 1481 1075 1503 nostram
1088 1477 1338 1511 gestavitcarnem,
1355 1484 1411 1503 non
1423 1477 1513 1511 ipsum
1528 1485 1579 1505 nos
1592 1478 1664 1513 juvit
1677 1487 1731 1514 qua
1744 1479 1827 1508 homo

193 1525 298 1553 factum
310 1527 362 1556 est,
385 1522 434 1550 sed
445 1522 471 1549 ei
485 1522 580 1557 potius
595 1529 660 1550 caro
674 1522 874 1557 perfectionem
886 1523 989 1550 attulit.
1016 1523 1096 1556 Nam,
1118 1523 1142 1550 si
1154 1531 1220 1550 vere
1232 1523 1350 1558 profecit
1363 1523 1474 1558 quando
1489 1527 1531 1551 est
1541 1524 1644 1551 factum
1656 1533 1730 1558 caro,
1746 1526 1827 1560 plana

193 1574 387 1610 imperfectum
401 1577 461 1600 erat
475 1575 539 1599 ante
559 1571 719 1604 adventum,
736 1579 876 1607 nuncque,
890 1575 922 1599 ut
934 1575 1026 1599 vestra
1037 1572 1092 1599 fert
1103 1572 1251 1603 sententia,
1267 1571 1465 1607 perfectionem
1480 1571 1610 1606 adeptum
1622 1575 1673 1598 est.
1692 1572 1750 1605 Qua
1762 1580 1828 1608 ergo

195 1620 303 1647 ratione
328 1618 431 1654 gratias
445 1617 554 1652 agimus
578 1621 610 1644 ut
626 1616 714 1644 nostri
729 1624 811 1644 causa
823 1617 896 1644 facto
908 1617 1033 1649 homini,
1061 1624 1123 1644 cum
1140 1617 1230 1652 ipsum
1245 1617 1325 1644 nobis
1338 1624 1372 1644 eo
1385 1616 1497 1646 nomine
1511 1621 1636 1651 oporteat
1648 1617 1762 1652 gratiam
1777 1618 1829 1646 ha-

191 1668 281 1695 bere?
297 1667 331 1694 At
345 1666 401 1693 hoc
414 1665 576 1693 absurdum.
593 1665 654 1692 Non
670 1673 736 1700 ergo
747 1665 866 1700 profecit
880 1673 934 1700 qua
945 1666 1066 1694 Verbum
1082 1669 1124 1692 est
1136 1674 1142 1692 :
1155 1665 1202 1692 sed
1218 1665 1322 1692 dictum
1335 1664 1388 1692 hoc
1405 1664 1440 1692 ob
1454 1664 1688 1699 dispensationem
1709 1672 1742 1692 ac
1755 1672 1831 1693 com-

194 1714 330 1741 mercium
347 1713 422 1748 quod
435 1717 498 1740 cu‘m
513 1720 595 1740 carne
609 1712 716 1739 habuit.

232 1762 311 1794 Item,
329 1761 424 1788 multis
446 1760 607 1788 nominibus
634 1761 786 1796 appellatur
802 1761 850 1788 Dei
865 1761 985 1788 Verbum
1003 1761 1031 1788 in
1045 1760 1198 1796 Scriptura.
1228 1761 1334 1787 Dictum
1350 1764 1393 1787 est
1406 1760 1489 1792 enim,
1510 1763 1592 1795 atque
1607 1764 1649 1787 est
1662 1760 1767 1789 Filius:
1781 1769 1830 1789 vo-

196 1814 289 1838 catum
311 1813 354 1836 est
378 1808 537 1843 Sapientia;
569 1813 760 1843 nuncupatum
775 1808 858 1841 Deus,
880 1808 973 1836 Virtus
988 1816 1036 1836 seu
1051 1809 1187 1841 Potentia,
1202 1808 1291 1835 forma
1307 1811 1335 1835 et
1348 1808 1437 1842 imago
1449 1807 1548 1835 Patris.
1565 1807 1594 1834 Si
1606 1815 1682 1842 ergo,
1696 1815 1759 1835 cum
1773 1807 1832 1836 hac

197 1855 290 1883 omnia
306 1855 352 1886 sit,
370 1854 515 1888 proﬁciat;
545 1854 633 1889 majus
647 1853 743 1888 utique
759 1853 864 1887 aliquid
877 1853 970 1880 dicere
983 1857 1109 1888 possunt,
1126 1860 1208 1888 quam
1220 1852 1256 1880 sit
1267 1851 1364 1884 Filius,
1381 1852 1532 1886 Sapientia,
1546 1851 1651 1883 Virtus,
1665 1852 1749 1884 Deus,
1766 1852 1832 1880 alia—

195 1909 253 1936 que
266 1901 368 1932 omnia,
386 1908 421 1928 ne
435 1901 497 1935 quis
510 1900 619 1935 singula
631 1903 783 1927 recenseat.
802 1900 837 1927 At
851 1899 966 1935 impium
978 1904 1020 1927 est
1035 1900 1074 1927 ita
1086 1900 1190 1928 sentire
1204 1908 1210 1926 :
1224 1898 1281 1926 Deo
1294 1906 1413 1933 namque
1429 1898 1499 1925 nihil
1512 1898 1601 1934 majus
1611 1902 1663 1926 est.
1680 1897 1741 1925 Non
1752 1905 1829 1934 ergo,

196 1954 252 1981 qua
269 1950 311 1974 est
327 1946 457 1978 Verbum,
476 1946 611 1981 proﬁcere
624 1946 736 1973 dicitur.

236 1992 315 2024 item,
338 1992 522 2028 Principatus,
539 1993 654 2026 Throni,
674 1993 890 2026 nominationes,
906 1993 1002 2029 Angeli
1024 1998 1052 2021 et
1064 1993 1239 2029 Archangeli,
1254 1993 1399 2028 omnisque
1411 1992 1502 2020 virtus
1521 1992 1674 2024 rationalis.
1692 1991 1788 2020 adhtec
1805 1996 1834 2020 et

197 2040 330 2067 homines
342 2060 350 2072 ,
369 2040 453 2068 Verbi
477 2041 690 2076 participatione
717 2041 750 2068 ad
774 2049 882 2069 omnem
901 2041 1031 2076 pietatem
1045 2041 1161 2076 perfecti
1175 2042 1324 2072 exsistunt,
1350 2048 1382 2068 ac
1392 2039 1593 2076 perfectionem
1605 2039 1832 2074 indipiscuntur:

198 2095 257 2122 quo
276 2096 341 2123 ergo
354 2092 447 2123 pacto,
461 2087 534 2123 quod
555 2088 616 2115 aliis
631 2087 827 2123 perfectionem
840 2087 956 2123 praebet,
972 2087 1163 2122 imperfectum
1176 2095 1236 2115 esse
1249 2091 1350 2122 potest,
1365 2090 1396 2114 ut
1407 2090 1435 2113 et
1446 2088 1552 2120 quaerat
1562 2083 1706 2119 proﬁcere,
1723 2088 1752 2111 et
1764 2091 1833 2118 aug—

205 2137 300 2161 mento
321 2133 414 2168 aliquo
435 2133 616 2168 promovere?
644 2133 695 2166 Qui
714 2141 791 2166 vero,
814 2133 837 2160 si
852 2140 916 2160 vere
930 2132 1071 2168 Sapientia
1082 2136 1134 2165 est,
1150 2133 1285 2167 sapientia
1304 2136 1396 2167 potest
1415 2129 1565 2165 proﬁcere?
1582 2127 1678 2160 Quive,
1695 2135 1759 2155 eum
1774 2127 1835 2154 aliis

205 2177 253 2204 det
273 2178 399 2212 gratiam,
428 2178 486 2212 ipse
500 2179 588 2213 gratia
603 2178 724 2213 proﬁcit,
751 2184 880 2213 tanquam
896 2178 1011 2213 gratiam
1028 2186 1083 2206 non
1096 2178 1229 2205 haberet?
1254 2177 1312 2205 Nisi
1328 2177 1398 2204 forte
1414 2174 1524 2202 mentiri
1539 2173 1654 2200 Paulum
1666 2172 1770 2205 dicant,
1785 2173 1833 2208 qui

200 2223 304 2250 Filium
329 2223 493 2258 sapientiam
517 2223 664 2258 appellet°,
691 2230 723 2250 ac
734 2224 829 2259 gratia:
841 2223 976 2250 datorem.
1007 2224 1042 2251 At
1056 2231 1111 2250 non
1125 2223 1259 2250 mentitur
1272 2221 1397 2249 veritatis
1408 2221 1545 2249 minister.
1564 2221 1624 2249 Non
1637 2226 1702 2254 ergo
1717 2218 1835 2254 profecit

201 2276 258 2303 qua
273 2268 379 2296 ratione
395 2268 517 2295 Verbum
531 2272 574 2295 est
589 2277 597 2294 :
613 2267 660 2295 sed
677 2272 806 2302 tanquam
821 2267 855 2295 de
868 2267 981 2294 homine
993 2266 1105 2299 dicitur,
1123 2266 1170 2301 qui
1182 2271 1277 2293 nostra
1291 2266 1384 2293 omnia
1398 2264 1487 2292 nostri
1499 2273 1581 2293 causa
1592 2264 1781 2299 assumpserit.

238 2313 317 2347 Quod
327 2318 370 2341 est
381 2314 584 2349 imperfectum,
601 2313 635 2341 ad
649 2313 677 2340 id
689 2321 798 2348 semper
807 2313 950 2340 contendit
965 2312 1038 2347 quod
1051 2311 1204 2347 perfectum
1215 2315 1271 2344 est;
1286 2315 1317 2338 ut
1327 2310 1448 2346 primum
1462 2310 1574 2345 quidem
1586 2310 1677 2338 locum
1691 2310 1718 2336 in
1730 2316 1785 2344 quo
1794 2313 1837 2336 est

203 2365 373 2393 contemnat,
401 2362 532 2396 velutque
553 2369 663 2396 semper
684 2362 810 2389 altiorem
837 2369 869 2388 ac
889 2361 1033 2387 meliorem
1052 2363 1166 2394 quaerat.
1182 2358 1266 2387 Verbi
1280 2358 1367 2394 gratia
1379 2366 1386 2385 :
1399 2365 1451 2385 nos
1460 2356 1587 2385 homines
1599 2357 1769 2392 proﬁcimus,
1786 2357 1834 2391 qui

205 2407 342 2443 sapientia
358 2415 390 2435 ac
404 2408 555 2435 virtutibus
569 2408 631 2435 aliis
646 2407 778 2443 paulatim
792 2406 922 2435 meliores
933 2405 1037 2438 effecti,
1054 2406 1094 2434 sic
1108 2406 1141 2433 ad
1155 2406 1218 2433 vita:
1227 2404 1429 2440 perfectionem
1441 2404 1574 2432 feramur.
1593 2403 1627 2431 At
1643 2403 1691 2431 Dei
1704 2403 1835 2435 Verbum,

205 2462 270 2482 cum
287 2454 314 2481 in
325 2454 406 2481 Patre
419 2454 464 2487 sit,
481 2462 600 2489 quonam
615 2454 726 2481 tandem
742 2453 887 2482 excurret?
903 2452 1046 2485 Quodnam
1062 2459 1127 2479 vero
1141 2455 1320 2487 augmentum
1335 2451 1477 2486 suscipiet,
1494 2450 1567 2485 quod
1581 2450 1619 2477 ita
1632 2448 1786 2485 perfectum
1799 2449 1836 2477 sit

206 2504 239 2527 ut
250 2502 339 2526 totum
355 2498 384 2525 in
397 2506 427 2526 se
443 2499 553 2526 Patrem
565 2498 676 2531 habeat,
695 2502 839 2533 totumque
852 2498 941 2533 ipsum
958 2496 1081 2524 vicissim
1096 2496 1124 2523 in
1136 2496 1216 2523 Patre
1227 2495 1358 2523 exsistat?
1374 2495 1402 2523 Si
1414 2495 1499 2529 enim,
1516 2503 1578 2522 cum
1593 2495 1701 2522 Patrem
1711 2494 1838 2530 impleret

204 2547 343 2583 (crassius
354 2547 429 2574 enim
446 2547 523 2574 velut
537 2547 589 2574 sub
603 2547 729 2582 exemplo
742 2546 879 2581 dicatur),
907 2545 1061 2580 profectum
1076 2544 1221 2580 quemdam
1236 2547 1448 2579 augmentumve
1458 2542 1594 2578 suscepit;
1621 2541 1710 2570 Patris
1723 2541 1839 2570 excessit

207 2594 382 2631 ﬁnes,antre
393 2593 421 2620 in
433 2601 490 2629 quo
499 2597 558 2621 erat
569 2593 699 2622 cﬂectum
710 2595 808 2629 majus.
820 2593 902 2628 Atqui
913 2601 967 2620 nou
978 2593 1095 2620 excessit
1106 2593 1225 2625 Patrem,
1235 2591 1285 2619 sed
1299 2591 1328 2619 in
1339 2599 1372 2619 eo
1386 2599 1495 2626 semper
1502 2591 1654 2627 perfectum
1668 2590 1695 2617 in
1705 2590 1838 2625 perfecto,

251 2671 263 2691 ι
277 2670 345 2699 Luc.
364 2679 393 2704 ιι,
409 2671 454 2698 49.
495 2669 503 2690 ι
520 2671 587 2698 Luc.
601 2679 629 2703 n,
642 2670 686 2698 52.
723 2675 743 2689 ιι
759 2670 836 2698 Joan.
850 2678 869 2702 ι,
884 2671 928 2698 14.

1023 2670 1125 2706 'ltilipp.
1142 2678 1171 2704 u,
1182 2670 1209 2698 6.
1263 2676 1273 2686 '
1290 2669 1374 2703 lCor,
1388 2679 1407 2702 ι,
1419 2669 1463 2696 24.

854 2740 969 2768 VARl/E
985 2740 1187 2769 LECTIONES.

246 2798 269 2815 “
283 2797 356 2828 Loco
370 2798 418 2826 cit.
438 2798 491 2833 leg.
507 2797 606 2834 ᾔδειτε.
645 2797 667 2813 ¹¹
677 2797 717 2825 Ex
735 2797 859 2827 Combef.
878 2799 1001 2827 Biblioth.
1017 2800 1147 2833 conciam,
1163 2803 1229 2827 tom.
1252 2801 1273 2832 Ι,
1295 2807 1356 2835 pag.
1381 2799 1443 2834 602,
1466 2807 1510 2836 ap.
1527 2797 1651 2828 Galland.
1676 2796 1724 2831 IX,
1738 2795 1800 2825 420.

369 2846 506 2878 Parnm.
528 2845 586 2876 Gn.
607 2845 762 2877 LXXXIV.
1607 2845 1626 2878 3
