1969 3052
179 150 215 180 75
782 148 939 178 OPERUM
959 148 1202 179 THEODORETI
1766 153 1800 183 '76

180 203 387 237 perfectumque
411 202 515 229 habens
540 203 565 229 in
583 203 673 236 seipse
687 201 803 228 exsistit.
822 202 883 229 Non
896 210 961 237 ergo
976 202 1093 237 profecit
1110 211 1163 238 qua
1177 203 1296 230 Verbum
1311 209 1367 236 est;
1396 205 1442 231 sed
1457 205 1607 240 perfectum
1623 206 1693 233 idem
1712 208 1800 242 ipsum

181 253 283 281 manet,
301 249 423 283 nullique
440 249 585 276 mutationi
597 247 756 275 obnoxium.

215 310 350 337 Praeterea
364 309 402 336 ait
417 308 516 336 Paulus
532 308 566 335 de
582 308 651 335 Filio
666 317 672 335 :
688 308 841 335 Humiliavit
855 309 1033 343 semetipsum.
1049 309 1162 343 formam
1176 310 1242 335 servi
1257 310 1386 344 accipiens
1396 315 1418 336 P.
1435 310 1503 337 Cum
1518 311 1610 345 itaque
1622 312 1713 339 nullus
1727 321 1759 340 ea
1773 321 1802 340 re

180 354 333 383 offendatur
345 374 351 385 ,
370 361 431 385 nec,
455 362 517 380 cum
530 354 608 381 audit
631 354 790 381 humiliasse
805 354 994 388 semetipsum,
1013 354 1115 381 humile
1128 354 1193 388 quid
1206 355 1305 381 sentiat
1321 354 1354 381 de
1368 355 1424 382 Deo
1436 355 1536 388 Verbo,
1554 356 1620 391 quin
1635 358 1727 392 potius
1742 359 1802 393 ejus

179 400 329 427 admiretur
344 400 531 431 clementiam;
558 400 697 434 quomodo
713 407 768 426 non
781 399 952 434 superﬂuum
967 407 999 426 eo
1012 399 1126 431 offendi,
1150 400 1223 434 quod
1240 400 1386 434 profecisse
1404 409 1466 428 eum
1480 402 1640 429 audiamus?
1662 403 1801 438 Siquidem

179 446 263 476 enim,
290 453 324 472 eo
348 445 422 479 quod
447 445 609 472 humiliatus
625 450 676 477 est,
704 446 772 472 nihil
790 445 879 473 deitas
892 446 957 473 laesa
969 449 1020 477 est,
1037 453 1089 473 nec
1104 446 1199 480 utique
1213 447 1286 481 quod
1299 446 1448 480 profecerit
1461 447 1584 475 lzedenda
1596 453 1637 476 est
1652 459 1657 475 :
1673 457 1714 481 ac,
1730 450 1803 477 sicut

178 495 264 522 nostri
278 502 361 521 causa
373 493 528 521 humiliavit
543 495 735 528 semetipsum,
763 494 803 521 sic
816 498 844 520 et
856 493 943 520 nostri
959 501 1041 521 causa
1056 493 1170 528 suscipit
1183 494 1346 528 profectum,
1364 498 1394 520 ut
1408 501 1458 521 nos
1471 494 1570 521 iterum
1585 495 1610 521 in
1623 502 1655 522 eo
1670 496 1803 530 sapientia

177 543 362 578 proﬁciamus,
381 544 428 578 qui
444 543 509 570 olim
524 547 637 577 peccato
652 543 743 570 etTceti
756 550 852 570 sumus
866 543 1000 578 jumentis
1015 543 1133 574 similes;
1152 543 1383 579 proﬁciamusque
1395 545 1494 581 gratia,
1513 546 1560 580 qui
1572 546 1637 572 olim
1654 545 1718 572 Atla:
1732 552 1802 579 prae—

177 588 355 615 varicationis
383 588 423 615 rei
448 596 544 614 sumus
561 588 646 614 habiti
666 588 739 615 odio.
759 587 856 615 Omnia
869 588 943 615 enim
959 592 1053 614 nostra
1069 589 1155 614 nostri
1169 595 1251 616 causa
1266 589 1292 615 in
1308 589 1428 624 seipsum
1445 591 1566 626 suscepit
1578 589 1714 622 Christus,
1732 594 1761 616 ut
1774 589 1801 615 in

179 634 277 661 melius
293 639 390 661 cuncta
404 637 565 666 commutet,
585 634 705 668 bonique
718 634 809 661 omnis
825 634 968 661 hominum
983 634 1077 668 generi
1095 633 1229 660 eﬁiciatur
1243 635 1420 670 principium.

212 691 350 718 Naturalis
374 691 417 718 lex
429 695 480 722 est,
509 699 569 725 quae
594 699 649 717 non
673 690 744 717 sinat
765 691 904 717 hominem
922 691 1020 725 majori
1041 691 1122 724 longe
1138 691 1286 726 prudentia
1300 691 1444 727 prmditum
1458 700 1529 725 esse,
1556 701 1636 727 quam
1650 700 1700 727 pro
1714 691 1802 720 aetatis

178 736 260 763 modo
277 745 283 762 ἲ
300 736 348 763 sed
365 741 392 763 et
408 736 435 762 in
449 736 530 763 nobis
548 737 584 763 ita
598 741 784 770 comparatum
799 739 851 767 est,
870 741 899 763 ut
911 736 1007 771 judicii
1019 736 1061 763 vis
1074 737 1278 770 quodammodo
1293 737 1380 764 aetatis
1395 739 1564 772 profectibus
1576 747 1667 765 comes
1678 739 1800 766 exsistat.

178 783 244 810 Erat
257 789 322 816 ergo
338 781 459 808 Verbum
477 781 502 807 in
520 789 601 808 carne
618 780 719 807 factum
736 781 829 813 homo,
843 785 870 808 et
884 782 1037 815 perfectum
1053 786 1129 813 erat;
1146 789 1208 808 cum
1221 782 1351 809 nimirum
1366 783 1414 810 Dei
1430 784 1563 818 sapientia
1578 792 1608 811 ac
1621 785 1708 811 virtus
1719 789 1800 812 esset.

178 829 227 858 Cui
243 834 335 856 tamen
350 829 478 856 humanm
493 828 578 855 indoli
592 833 697 855 natura:
709 828 862 855 cedendum
875 831 944 860 erat,
971 836 1007 855 ne
1021 828 1087 862 quid
1103 836 1204 855 novum
1220 830 1417 856 contuentibus
1431 829 1580 862 videretur,
1603 838 1719 865 corpore
1735 839 1803 865 pau-

178 877 254 904 latim
267 881 409 903 crescente
427 880 456 903 ut
471 876 553 903 homo
566 883 626 902 sese
642 875 774 910 prodebat
793 885 798 901 :
819 876 901 910 inque
915 875 975 902 dies
987 875 1110 910 singulos
1123 875 1275 910 sapientius
1291 884 1352 903 cum
1366 876 1535 910 videntibus,
1554 881 1610 904 tum
1625 877 1803 905 audientibus

178 921 328 956 apparebat
355 930 361 948 :
388 929 450 948 cum
475 921 606 948 nimirum
624 920 651 948 in
666 921 804 952 omnibus,
820 925 851 948 ut
866 921 970 948 dictum
986 926 1038 953 est,
1056 922 1208 956 perfectum
1222 926 1312 955 esset,
1330 923 1438 949 tametsi
1455 931 1627 950 communem
1642 929 1744 951 natura:
1760 924 1803 950 in-

178 967 268 995 dolem
295 967 443 994 retinebat.
474 967 542 994 Cum
563 974 629 1001 ergo
654 966 743 998 audis,
762 966 920 1000 Proﬁciebal
934 967 1063 995 sapientia
1079 972 1104 993 et
1118 967 1221 1002 gratia,
1247 975 1282 994 ne
1295 967 1393 994 factam
1408 968 1445 994 illi
1462 969 1602 1003 sapientite
1618 969 1803 996 accessionem

177 1013 297 1048 aliquam
312 1013 454 1040 existimes
469 1013 530 1048 (Dei
544 1013 618 1040 enim
633 1013 752 1040 Verbum
771 1013 875 1040 nullius
889 1013 976 1047 eget),
1002 1013 1050 1040 scd
1065 1015 1128 1047 quia
1141 1013 1300 1040 videntibus
1315 1014 1466 1048 sapientius
1480 1022 1589 1049 semper
1604 1019 1686 1049 atque
1699 1013 1805 1049 gratius

177 1065 247 1092 erat,
265 1061 327 1088 inde
340 1061 474 1096 proﬁcere
489 1061 593 1087 dictum
608 1065 664 1092 est;
685 1064 715 1088 ut
730 1061 792 1087 inde
805 1061 861 1095 jam
875 1061 1069 1088 admirantium
1085 1061 1205 1093 habitus,
1222 1069 1302 1096 quam
1320 1061 1407 1096 ipsius
1420 1062 1505 1096 magis
1517 1062 1675 1096 proﬁceret.

211 1119 289 1152 Quod
305 1119 332 1145 in
347 1119 440 1153 aliquo
455 1119 574 1154 proﬁcit,
590 1119 665 1146 aliud
678 1122 719 1145 est
736 1119 770 1146 ab
786 1127 818 1145 eo
836 1119 862 1146 in
879 1126 932 1153 quo
947 1120 1066 1153 proiicit.
1093 1119 1161 1146 Cum
1175 1127 1239 1154 ergo
1259 1120 1339 1147 Jcsus
1353 1120 1443 1147 dictus
1457 1122 1492 1146 sit
1506 1119 1640 1154 sapientia
1653 1118 1785 1154 proﬁcere
1796 1138 1804 1150 ,

177 1172 231 1192 non
254 1165 389 1198 sapientia
412 1164 574 1199 proﬁciebat
585 1185 592 1196 ,
620 1164 667 1191 sed
685 1164 712 1191 in
727 1164 772 1190 illa
789 1165 898 1191 animus
910 1164 1039 1190 hominis.
1069 1163 1137 1191 Cum
1155 1172 1182 1191 se
1198 1164 1272 1190 enim
1288 1164 1412 1198 quotidie
1425 1164 1514 1191 deitas
1531 1164 1557 1191 in
1573 1172 1606 1190 eo
1617 1164 1758 1199 detegeret
1773 1170 1805 1190 ac

177 1209 380 1242 manifestaret,
408 1210 505 1245 majori
517 1217 627 1244 semper
639 1209 798 1236 videntibus
812 1209 988 1235 admirationi
1006 1209 1168 1235 habebatur.
1202 1209 1314 1243 Hocque
1329 1209 1381 1235 sibi
1396 1209 1454 1235 vult
1468 1208 1540 1243 quod
1556 1208 1658 1235 dictum
1669 1212 1721 1239 est,
1736 1207 1804 1234 Pra-

176 1255 280 1290 ﬁcieba!
293 1256 434 1290 sapientia.
465 1255 506 1281 Ad
521 1255 594 1281 hunc
608 1254 719 1281 modum
737 1254 871 1288 sapientia
886 1253 1048 1287 proiiciebat
1062 1253 1218 1280 humanitas
1233 1262 1239 1279 :
1254 1257 1352 1280 natura
1367 1253 1486 1280 humana
1498 1253 1659 1287 sapientiam
1673 1252 1804 1285 induens;

175 1301 230 1329 hoc
240 1306 291 1332 est,
303 1301 350 1328 Dei
363 1301 482 1328 Verbum
494 1300 624 1335 paulatim
637 1307 686 1333 per
698 1307 780 1333 opera
794 1306 826 1325 ac
839 1298 979 1325 mirabiles
992 1297 1107 1325 effectus
1117 1303 1286 1332 assumptum
1301 1298 1431 1332 templum
1446 1298 1517 1332 apud
1530 1298 1654 1325 videntes
1663 1297 1805 1329 deiﬁcans.

177 1356 210 1377 ea
234 1349 287 1377 sibi
313 1350 419 1376 ratione
448 1348 602 1383 profectum
631 1347 793 1374 aseiscebat.
812 1347 841 1373 In
858 1348 933 1373 hunc
947 1346 1059 1372 modum
1077 1351 1176 1373 natura
1195 1346 1314 1372 humana
1329 1345 1462 1380 sapientia
1476 1345 1646 1380 proﬁciebat,
1679 1352 1727 1379 per
1745 1351 1806 1371 eam

177 1394 313 1422 deiﬁcata.
331 1394 514 1427 Quamobrem
531 1401 582 1420 nos
597 1401 706 1428 quoque
721 1392 754 1419 ad
770 1392 921 1427 ejus,quod
939 1399 989 1426 pro
1003 1391 1083 1418 nobis
1095 1392 1178 1418 homo
1186 1391 1290 1418 factum
1303 1396 1354 1424 est,
1364 1391 1446 1419 Verbi
1460 1390 1680 1421 similitudinem,
1691 1389 1807 1417 tumﬁlii

176 1442 225 1470 Dei
237 1441 366 1477 appellati
389 1448 494 1470 sumus,
509 1445 565 1466 tum
577 1439 625 1466 dii.
644 1439 808 1466 Proﬁciebat
820 1447 884 1473 ergo
897 1438 1016 1465 humana
1027 1441 1125 1464 natura
1136 1437 1280 1471 sapientia,
1296 1445 1310 1464 a
1324 1437 1502 1472 corruptione
1511 1436 1544 1464 ad
1558 1435 1806 1471 incorruptionem,

176 1496 259 1526 atque.
272 1490 306 1517 ab
322 1490 448 1516 humanm
460 1488 566 1514 ratione
582 1491 686 1514 natura:
703 1487 736 1514 ad
750 1487 860 1513 deitatis
874 1486 1036 1520 dignitatem
1051 1490 1189 1520 provecta.

212 1545 324 1576 Audivi,
342 1544 441 1578 inquit,
458 1551 493 1570 ex
509 1550 586 1570 sacra
602 1542 756 1576 Scriptura,
775 1542 822 1568 Dei
840 1541 959 1568 Verbum
975 1541 1078 1567 factum
1091 1541 1232 1567 hominem
1246 1541 1310 1568 Jesu
1326 1541 1454 1568 sortitum
1469 1540 1693 1575 appellationem.
1712 1539 1805 1574 Ipsum

177 1598 242 1626 ergo
261 1595 303 1617 est
326 1587 400 1623 quod
420 1586 591 1622 proﬁciebat.
623 1586 684 1612 Noli
698 1586 773 1613 enim
789 1586 924 1617 dividere,
950 1593 1011 1612 cum
1028 1593 1113 1611 unum
1132 1586 1234 1612 Paulus
1248 1585 1388 1612 Christum
1402 1586 1544 1620 praedicet.
1564 1585 1646 1620 Atqui
1661 1585 1683 1612 si
1697 1585 1805 1612 videtur

176 1637 332 1673 protectum
348 1635 481 1670 recipere,
498 1634 578 1668 plane
591 1633 738 1660 conﬁcitur
753 1633 841 1667 ipsum
859 1632 1050 1667 imperfectum
1064 1640 1134 1659 esse.
1154 1632 1205 1665 Qui
1218 1641 1294 1665 vero,
1314 1640 1376 1660 cum
1389 1632 1524 1668 ejusmodi
1537 1632 1582 1664 sit,
1599 1631 1720 1667 perfecte
1732 1631 1805 1659 Patri

169 1682 230 1710 erit
248 1680 371 1716 :equale?
399 1679 455 1706 Nec
476 1678 537 1705 Filii
560 1678 690 1705 deitatem
711 1678 809 1709 lmdes;
828 1685 878 1704 nec
897 1677 981 1704 Verbi
994 1677 1167 1712 dignitatem,
1183 1676 1236 1704 etsi
1249 1677 1302 1704 hoc
1313 1682 1525 1712 perseveranter
1542 1677 1629 1710 dicas,
1646 1677 1804 1712 imminues,

178 1728 244 1762 quin
268 1727 303 1754 iis
326 1725 393 1760 ipsis
416 1724 517 1759 quibus
532 1724 670 1750 victurum
686 1727 711 1750 te
727 1731 832 1758 speras,
855 1723 972 1750 victoria
986 1723 1077 1750 cades.
1106 1723 1134 1750 Si
1145 1723 1219 1750 enim
1232 1723 1345 1750 omnino
1360 1723 1480 1751 Verbum
1493 1723 1564 1751 nosti
1579 1730 1689 1750 carnem
1703 1722 1805 1749 factum

178 1778 261 1808 atque
281 1771 422 1801 hominem
434 1791 440 1802 ,
460 1770 500 1796 uti
516 1769 610 1796 divina
625 1769 767 1804 Scriptura
781 1769 918 1803 loquitur,
938 1769 1034 1804 quidni
1049 1773 1076 1796 et
1091 1769 1181 1804 ipsum
1196 1777 1257 1804 qua:
1270 1769 1376 1796 homini
1391 1778 1510 1805 congrua
1523 1775 1586 1797 sunt
1596 1790 1604 1802 ,
1621 1770 1680 1796 sine
1693 1773 1806 1804 peccato

177 1821 234 1856 pati
256 1818 400 1846 concedis?
418 1818 486 1845 Nam
513 1817 577 1852 quia
603 1817 744 1851 profectus
769 1816 887 1844 debetur
908 1817 1003 1850 carni,
1024 1817 1132 1844 dicatur
1146 1817 1282 1852 proﬁcere
1301 1826 1356 1853 qua
1371 1818 1478 1845 ratione
1494 1818 1596 1845 factum
1611 1821 1653 1844 est
1669 1817 1696 1844 in
1710 1824 1803 1849 carne,

178 1867 293 1901 ejusque
307 1865 359 1892 sibi
375 1865 502 1891 innoxias
513 1864 674 1891 aﬁectiones
685 1864 804 1892 asciscit.
821 1864 879 1891 Non
893 1864 966 1891 enim
979 1864 1094 1891 alterius
1106 1864 1249 1900 cujusdam
1262 1869 1322 1892 erat
1333 1873 1407 1895 caro.
1423 1864 1469 1892 sed
1485 1864 1571 1899 ipsius
1582 1864 1674 1892 Verbi.
1686 1864 1725 1891 Ac
1735 1864 1806 1891 sicut

179 1914 269 1949 ipsum
285 1920 366 1940 carne
382 1920 492 1947 passum
507 1919 567 1939 esse
582 1912 711 1944 dicimus,
739 1912 791 1939 etsi
806 1919 870 1939 caro
884 1912 942 1939 sola
958 1920 1038 1948 passa
1051 1913 1101 1946 sit;
1129 1913 1239 1947 quando
1257 1921 1346 1947 neque
1360 1921 1470 1947 passum
1483 1917 1525 1939 est
1542 1916 1572 1938 ut
1585 1912 1667 1943 Deus,
1685 1911 1734 1938 sed
1747 1911 1806 1946 ejus

178 1961 334 1996 patiebatur
346 1967 446 1999 corpus
463 1969 469 1986 :
487 1959 527 1986 sic
540 1962 568 1986 et
580 1959 715 1994 proﬁcere
727 1959 845 1991 dicatur,
860 1959 913 1986 etsi
928 1959 1034 1985 nullum
1050 1963 1080 1986 ut
1092 1960 1165 1986 Deus
1180 1959 1271 1986 carnis
1285 1960 1344 1994 ipso
1355 1959 1479 1993 profectu
1494 1958 1647 1993 profectum
1658 1957 1804 1991 reciperet.

178 2008 293 2043 Ipseque
304 2006 411 2038 fateris,
429 2005 476 2033 Dei
491 2005 659 2037 adversarie,
675 2004 724 2031 Dei
738 2004 859 2031 Verbum
873 2012 984 2031 carnem
1001 2004 1103 2031 factum
1116 2012 1195 2032 esse:
1208 2004 1281 2040 quod
1295 2004 1363 2031 nihil
1376 2004 1450 2030 aliud
1464 2003 1576 2035 indicat,
1588 2011 1669 2038 quam
1683 2002 1805 2030 induisse

178 2061 304 2085 carnem,
330 2056 413 2087 atque
434 2051 573 2077 hominem
589 2049 737 2077 exstitisse.
758 2049 921 2085 Sieutergo,
940 2057 1002 2077 cum
1016 2058 1143 2085 magnum
1154 2050 1220 2084 quid
1236 2050 1269 2077 de
1281 2049 1370 2076 Verbo
1386 2049 1519 2082 audieris,
1536 2049 1664 2086 quodque
1677 2048 1716 2075 ilii
1730 2048 1805 2075 nudo

179 2103 333 2136 congruat,
364 2106 396 2125 ac
423 2101 570 2131 antequam
584 2103 694 2123 carnem
711 2095 855 2128 indueret,
883 2100 913 2121 ut
927 2103 991 2122 cum
1007 2095 1109 2122 dicitur
1121 2095 1179 2127 lux,
1195 2095 1333 2129 splendor.
1351 2094 1440 2122 Patris
1454 2092 1603 2130 sapientia,
1623 2101 1677 2121 non
1694 2101 1805 2122 carnem

176 2145 319 2180 intelligis,
338 2143 387 2172 sed
406 2142 480 2178 quod
510 2143 538 2169 in
556 2149 637 2169 carne
662 2141 782 2168 Verbum
799 2140 965 2168 inhabitavit
994 2150 1001 2168 :
1034 2141 1070 2169 ita
1087 2149 1149 2168 cum
1165 2141 1268 2175 aliquid
1283 2141 1310 2167 in
1328 2138 1478 2176 Scripturis
1493 2141 1578 2168 sacris
1594 2140 1698 2167 dictum
1711 2139 1805 2172 fuerit,

178 2191 251 2228 quod
271 2191 322 2219 soli
343 2190 419 2218 carni
439 2189 587 2216 conveniat
610 2187 668 2215 sive
692 2187 794 2222 speciei
816 2187 952 2219 humanm,
981 2195 1016 2214 ne
1032 2187 1058 2214 in
1075 2187 1194 2214 Verbum
1205 2187 1318 2220 referas,
1337 2187 1385 2215 sed
1402 2192 1506 2214 natura:
1518 2187 1608 2214 carnis
1625 2186 1726 2217 tribue,
1745 2193 1806 2220 quae

178 2238 230 2267 sibi
243 2239 288 2266 illa
296 2238 425 2266 vindicat.
436 2236 503 2263 Cum
516 2243 582 2270 ergo
597 2234 668 2269 quod
683 2233 830 2268 proﬁceret
841 2233 955 2265 dicitur,
968 2241 1022 2260 non
1038 2233 1094 2268 ipsa
1106 2241 1154 2268 per
1165 2241 1193 2261 se
1209 2233 1344 2268 sapientia
1357 2233 1588 2268 proﬁciebat,qua
1601 2232 1735 2267 sapientia
1748 2235 1805 2264 est;

177 2286 226 2312 sed
249 2285 382 2319 sapientia
407 2284 544 2310 humanus
563 2281 694 2316 paulatim
707 2281 826 2313 animus,
852 2288 970 2316 peream
984 2281 1074 2308 clarus
1085 2281 1204 2309 cvadens
1216 2289 1248 2309 ac
1259 2282 1439 2316 conspicuus;
1468 2280 1569 2316 quippe
1593 2288 1656 2308 cum
1672 2287 1805 2315 organum

178 2334 252 2358 esset
273 2331 341 2365 ejus,
360 2336 420 2364 quae
437 2329 464 2355 in
491 2335 525 2355 eo
538 2331 598 2354 erat
613 2327 734 2358 deitatis,
753 2326 806 2353 hoc
821 2332 956 2362 prmstans
971 2329 1052 2360 atque
1065 2327 1236 2360 ministrans,
1252 2331 1282 2355 ut
1297 2327 1343 2354 illa
1357 2327 1490 2362 paulatim
1501 2335 1531 2355 se
1550 2335 1583 2354 ex
1598 2326 1729 2361 operibus
1742 2332 1806 2360 pro-

179 2376 265 2405 deret.
919 2372 928 2377 '

213 2434 334 2462 Observa
354 2439 445 2462 autem
470 2442 525 2461 non
550 2433 661 2466 dixisse,
679 2432 793 2460 Verbum
818 2436 907 2459 autem
924 2432 1087 2468 proﬁciebat,
1109 2432 1167 2464 sed,
1190 2432 1280 2464 Iesus;
1297 2439 1332 2459 ne
1345 2431 1449 2459 nudum
1459 2431 1580 2459 Verbum
1593 2429 1739 2464 intelligas,
1755 2428 1804 2459 sed

178 2487 357 2518 posteaquam
375 2491 438 2509 caro
454 2482 558 2509 iactum
575 2485 627 2508 est.
657 2481 734 2514 Quod
753 2481 776 2508 si
791 2481 925 2515 proﬁcere
947 2480 1061 2512 dicitur,
1081 2488 1115 2507 eo
1130 2480 1202 2514 quod
1218 2480 1285 2507 illud
1303 2480 1458 2514 susceperit
1472 2479 1544 2514 quod
1560 2483 1602 2505 est
1611 2482 1706 2505 natum
1719 2475 1803 2512 proﬂ-

178 2538 252 2561 cere,
269 2530 321 2558 hoc
334 2535 376 2557 est
390 2531 537 2557 humanam
552 2534 690 2562 naturam,
704 2529 764 2563 ejus
776 2528 900 2563 profecto
917 2528 943 2555 id
956 2528 1053 2560 fuerit;
1071 2535 1104 2555 ac
1119 2535 1172 2562 qua
1186 2528 1231 2554 illa
1246 2527 1408 2562 prtedictum
1421 2531 1473 2557 est,
1486 2525 1620 2560 proﬁcere
1637 2524 1741 2551 dictum
1757 2523 1802 2551 sit.

179 2574 226 2602 Sic
240 2575 312 2601 enim
329 2574 435 2610 singula
452 2582 513 2609 qua:
528 2574 669 2606 dicuntur,
689 2574 716 2601 in
730 2582 780 2600 suo
795 2581 912 2608 quaeque
929 2572 1083 2599 consistent
1102 2572 1209 2605 ordine,
1235 2576 1264 2599 ut
1285 2580 1374 2607 neque
1391 2580 1422 2599 ea
1439 2579 1499 2606 qua:
1510 2571 1585 2598 nudo
1597 2570 1687 2597 Verbo
1701 2577 1804 2598 conve-

179 2618 270 2650 niunt,
287 2618 320 2645 ad
336 2619 483 2645 humanam
496 2618 677 2645 detrahantur
692 2619 839 2650 rationem,
858 2625 947 2653 neque
959 2617 1078 2644 humana
1096 2617 1130 2644 ad
1146 2617 1257 2645 dcitatis
1269 2618 1403 2645 rationem
1421 2619 1610 2652 promoveant.

218 2700 231 2720 ρ
248 2695 365 2729 Philipp.
383 2701 411 2724 ιι,
427 2694 452 2721 7.
