1969 3052
161 147 197 177 τε
777 143 935 173 OPERUM
954 143 1198 174 THEODORETI
1760 146 1795 176 so

161 203 308 229 rectionem
330 200 357 227 in
374 200 434 235 ipso
459 200 581 227 vidisset.
599 198 677 226 Hunc
694 199 767 225 enim
790 206 839 233 per
861 205 955 225 come-

1015 198 1038 224 τὸ
1064 199 1149 231 πάθος
1172 200 1200 226 ἐν
1227 200 1301 235 αὐτῷ
1314 200 1466 236 θεωρήσας.
1487 201 1541 227 Καὶ
1562 201 1615 236 γὰρ
1632 201 1734 227 ἐκεῖνον
1749 200 1793 227 δια

161 248 279 275 stionem
301 247 381 274 beata
393 247 448 274 vita
469 245 616 280 privatum,
643 244 802 275 sudoribus,
824 243 952 275 miseriae,

162 295 300 329 mortique
311 293 425 321 addixit.

197 340 337 367 Accedens
363 339 445 374 igitur
462 338 500 365 ait
515 347 521 364 :
538 337 566 365 Si
591 337 674 364 Filius
692 337 740 363 Dei
756 345 781 363 es
793 356 800 368 ,
815 336 856 363 dic
873 335 956 371 lapidi

163 387 216 418 isti,
233 390 262 412 ut
278 386 355 420 panis
368 385 417 419 fiat
428 388 451 411 “.
471 384 500 411 Id
516 389 609 411 autem
625 391 680 410 non
693 383 814 414 fecisset,
829 382 881 409 nisi
897 382 944 409 Sal

162 437 242 460 vator
254 431 427 458 affectionem
448 430 528 457 famis
539 429 715 464 suscepisset,
725 428 798 463 quod
812 427 957 455 manifeste

163 478 226 513 quis
244 485 277 505 ex
292 476 525 511 consequentibus
546 476 644 502 discat.
662 475 722 502 Mox
743 474 816 502 enim
832 478 862 501 ut
883 475 958 501 lucta

164 524 253 551 victus
265 526 317 555 est,
332 522 556 557 expcrientiaque
572 520 670 548 didicit
687 520 762 547 hunc
774 519 864 554 ipsum
880 519 957 546 illum

162 577 233 602 esse,
251 577 332 604 quem
352 576 448 595 omnes
462 567 602 602 propheta:
621 565 816 601 praedixerant,
830 572 865 592 ne
880 572 959 599 aspe-

163 621 237 643 ctum
252 614 362 649 quidem
377 613 533 641 accedentis
545 613 616 640 ferre
629 619 712 638 ausus
727 615 779 643 est,
802 610 850 638 sed
867 610 958 637 statim

164 662 192 688 in
219 661 310 695 fugam
332 668 361 687 se
382 659 458 686 dedit
476 666 570 686 :nunc
587 658 698 693 quidem
724 658 846 685 clamans
865 665 871 683 :
889 656 959 689 Quid

164 707 238 734 nobis
257 709 281 732 et
293 706 349 735 tibi.
360 705 411 732 Fili
426 705 473 731 Dei
488 705 500 730 ?
515 705 577 740 quid
593 705 686 731 venisti
708 708 769 730 ante
785 708 886 739 tempus
906 707 960 730 tor-

165 759 244 786 quere
259 759 305 777 nos
316 750 348 776 V?
363 757 436 776 nunc
453 757 537 776 vero:
559 749 625 776 Novi
639 749 683 784 qui
697 749 743 780 sis,
757 756 772 775 ο
789 752 880 775 sancte
895 747 958 780 Dei;

165 797 260 832 adjuro
276 800 310 829 te,
325 804 357 822 ne
373 804 412 822 me
428 800 554 830 torqueas
568 802 591 821 κ.
607 795 653 822 Sic
668 800 742 822 metu
756 798 870 829 cogente
884 794 959 829 judi-

164 849 224 868 cem
247 841 395 868 fatebatur.
409 840 524 867 Talibus
545 847 612 867 vero
624 841 631 849 '
650 839 728 874 125
745 843 808 866 ante
826 839 958 866 tentalio-

164 893 227 913 nem
237 885 331 913 verbis
345 893 411 912 usus
419 893 474 912 non
485 889 554 917 erat,
570 885 618 912 sed
636 884 809 912 conﬁdenter
825 885 959 913 accedens

165 932 271 960 dixerat
290 941 296 958 :
313 931 342 959 Si
357 931 439 958 Filius
455 930 501 957 Dei
524 939 561 963 ea,
584 931 625 957 dic
641 930 739 966 lapidi,
755 934 784 957 ut
798 931 875 966 panis
897 930 956 965 ﬁat.

165 977 264 1005 Audivi
278 977 351 1004 enim
363 977 466 1012 lapsam
485 976 519 1003 de
530 976 600 1003 ι-αειο
610 984 716 1008 vocem,
730 984 791 1011 qua:
803 981 829 1003 te
843 976 895 1004 hoc
907 984 959 1004 no-

166 1024 240 1050 mine
252 1023 418 1057 appellaret;
431 1029 483 1049 nec
506 1026 597 1049 tamen
611 1022 695 1049 credo
716 1029 775 1049 rem
798 1022 836 1048 ita
862 1029 892 1049 se
909 1022 959 1049 ha-

165 1067 243 1100 bere,
259 1068 346 1095 donec
358 1067 529 1102 experientia
545 1067 674 1103 magistra
689 1067 787 1094 doctus
800 1067 888 1095 fuero.
908 1068 960 1095 Fa-

164 1112 219 1140 ctis
237 1111 372 1148 persuade
386 1119 450 1138 eum
465 1115 491 1138 te
511 1118 571 1139 esse
593 1112 641 1146 qui
657 1112 780 1144 vocaris;
799 1112 827 1138 id
844 1113 920 1140 enim
937 1112 960 1139 si

167 1158 300 1190 didicero,
314 1157 415 1193 fugiam
424 1157 560 1192 protinus,
573 1161 600 1184 et
617 1165 660 1184 me
675 1157 837 1193 proripiam,
847 1158 963 1186 luctam-

167 1211 221 1239 que
232 1208 324 1231 tecum
339 1203 499 1230 detrectabo
515 1211 521 1229 :
539 1203 676 1237 siquidem
692 1203 778 1238 probe
801 1204 878 1236 novi,
894 1204 962 1239 quid

167 1248 336 1276 discriminis
356 1255 399 1275 me
420 1247 492 1275 inter
514 1252 596 1282 atque
625 1251 651 1275 te
678 1247 833 1275 intercedat
851 1256 857 1275 :
877 1255 963 1282 quare

167 1293 332 1320 miraculum
353 1296 441 1328 patra,
467 1292 641 1326 mirabilique
664 1293 825 1327 operatione
846 1294 914 1321 doce
936 1297 963 1320 te

167 1338 296 1366 miraculi
314 1343 454 1366 auctorem
473 1347 479 1365 :
495 1337 543 1365 Dic
559 1342 586 1365 ut
604 1337 672 1373 lapis
687 1339 737 1366 iste
753 1339 830 1375 panis
845 1340 903 1375 fiat.

205 1428 245 1464 (i)
271 1427 405 1455 Dominus
426 1435 502 1460 vero,
514 1427 616 1456 auditis
641 1428 804 1463 nequissimi
833 1428 964 1462 vocibus,

167 1473 312 1502 abscondit
343 1473 454 1508 quidem
483 1473 670 1507 divinitatem,
692 1482 726 1501 ex
755 1475 874 1502 humana
901 1483 966 1502 vero

1008 244 1137 279 βρώσεως
1157 246 1206 280 τῆς
1231 246 1334 272 ἀλύπου
1355 246 1427 281 ζωῆς
1449 248 1594 282 στερήσεις,
1614 246 1722 282 ἱδρῶτι,
1747 247 1794 273 καὶ

1008 287 1183 324 ταλαιπωρίᾳ
1195 290 1265 320 ,-καὶ
1289 289 1397 326 θανάτῳ
1412 290 1564 323 συνέζευξε.

1043 334 1229 370 Προσὲρχεται
1246 335 1335 362 τοίνυν
1353 336 1449 371 λέγων’
1468 337 1502 363 El
1518 336 1586 369 Υἱὸς
1597 336 1625 363 εἴ
1637 336 1690 364 τοῦ
1707 337 1793 367 Θεοῦ,

1008 380 1074 407 εἰπὲ
1099 380 1139 413 τῷ
1156 382 1229 413 ,ιίθῳ
1242 382 1345 415 τούτῳ,
1368 382 1418 409 ἵνα
1438 382 1527 416 ἄρτος
1542 382 1672 417 γένηται.
1689 383 1746 409 οὐκ
1762 382 1795 409 ἂν

1007 425 1036 452 δὲ
1057 426 1136 453 τοῦτο
1152 427 1312 462 πεποίηκεν,
1335 428 1358 454 ει
1384 427 1421 463 μὴ
1439 428 1469 454 τὸ
1489 428 1539 462 τῆς
1558 428 1652 464 πείνης
1671 429 1685 455 ὁ
1700 427 1796 463 Σωτὴρ

1009 472 1170 504 κατεδέξατο
1186 473 1281 504 πάθος·
1298 473 1344 500 καὶ
1359 473 1438 499 τοῦτο
1458 473 1538 508 μάθοι
1553 482 1595 505 τις
1614 474 1645 500 ἐκ
1657 473 1711 500 τῶν
1726 474 1795 508 μετά

1008 517 1096 544 ταῦτα
1119 517 1221 552 σαφῶς.
1252 518 1296 550 Ὦς
1315 518 1369 554 γὰρ
1393 518 1526 549 παλαίσας
1545 519 1658 554 ἡττήθη,
1682 519 1731 546 καὶ
1753 520 1797 546 διὰ

1008 563 1058 599 τῆς
1074 563 1170 598 πείρας
1186 563 1297 599 ἔμαθεν,
1315 564 1356 590 ὅτι
1379 563 1459 595 αὑτός
1475 564 1560 595 ἐστιν,
1573 563 1601 590 ὃν
1618 564 1642 590 ot
1657 564 1797 599 προφῆται

1009 607 1201 643 προεκήρυξαν
1213 608 1339 642 ἅπαντες,
1353 608 1413 634 οὐδὲ
1428 608 1477 644 τὴν
1492 607 1555 635 θέαν
1569 608 1651 635 αὐτοῦ
1669 609 1797 644 προσιόν-

1008 661 1054 683 τος
1072 653 1165 688 φέρειν
1183 653 1343 688 ἐτόλμησεν,
1363 652 1421 680 ἀλλ’
1442 653 1523 684 εὐθὺς
1543 653 1735 688 ὲδραπέτευσε·
1751 652 1798 679 νῦν

1012 700 1059 734 μὲν
1076 699 1155 734 βοῶν·
1177 699 1207 725 Τί
1223 699 1294 733 ἡμῖν
1316 699 1366 726 καὶ
1388 699 1449 731 σοὶ,
1473 698 1521 736 Υἱὲ
1544 697 1596 725 τοῦ
1619 698 1693 725 Θεοῦ
1709 698 1748 731 ¹⁵;
1769 698 1800 725 τι

1009 743 1101 780 ἦλθες
1123 745 1145 761 ¹⁸
1169 745 1225 779 πρὸ
1246 744 1351 779 καιροῦ
1372 745 1541 776 βασανίσαι
1566 743 1663 779 ἡμᾶς;
1683 743 1731 770 νῦν
1753 743 1797 770 Lé'

1012 788 1087 818 Οἶδά
1101 798 1137 817 σε
1152 791 1198 823 τίς
1212 788 1248 821 εἴ,
1274 792 1290 817 ό
1316 790 1398 824 ἅγιος
1418 789 1471 816 τοῦ
1487 789 1560 816 Θεοῦ
1571 798 1578 805 ·
1595 788 1697 823 ὁρκίζω
1712 790 1733 805 *⁷
1750 797 1797 820 σε,

1009 837 1050 872 μή
1068 845 1106 870 με
1127 837 1316 870 βασανίσῃς.
1342 835 1434 868 Οὕτως
1461 836 1606 868 ἐδεδοίκει,
1632 835 1679 862 καὶ
1702 834 1799 869 κριτὴν

1010 881 1155 917 ὡμολόγει·
1174 881 1234 908 τότε
1250 881 1278 907 δὲ
1298 881 1350 916 πρὸ
1360 881 1410 916 τῆς
1429 881 1526 916 πείρας
1536 882 1565 906 οὐ
1580 879 1713 910 τοιούτοις
1735 879 1798 906 ἐκέ-

1010 936 1095 963 χρητο
1118 927 1255 963 ῥήμασιν,
1288 927 1355 953 ἀλλὰ
1377 926 1484 962 θαρρῶν
1504 926 1616 962 προσῄει
1639 925 1745 959 λέγων·
1766 926 1801 952 El

1014 973 1080 1006 Υἱὸς
1095 972 1124 1000 εἷ
1145 973 1199 1000 τοῦ
1224 973 1309 1004 Θεοῦ,
1334 971 1400 999 sine
1417 971 1457 1004 τῷ
1476 972 1559 1005 λίθῳ,
1575 972 1626 998 ἵνα
1646 971 1735 1005 ἄρτος
1755 970 1803 1004 τέ·-

1010 1028 1107 1053 νηται.
1122 1020 1177 1055 Τῆς
1193 1020 1241 1054 μὲν
1257 1019 1310 1054 γὰρ
1320 1018 1422 1045 ἄνωθεν
1436 1017 1566 1052 ἐλθούσης
1582 1017 1673 1052 φωνῆς
1687 1017 1800 1051 ἥκουσα,

1012 1065 1090 1101 φησὶ,
1105 1064 1183 1091 τοῦτό
1204 1073 1234 1090 σε
1258 1063 1422 1098 καλεσάσης,
1448 1062 1556 1090 ἀπιστῶ
1571 1061 1599 1088 δὲ
1615 1061 1666 1092 ἕως
1682 1061 1714 1087 ἂν
1727 1060 1803 1087 λάϐω

1011 1112 1060 1147 τὴν
1077 1113 1174 1146 πεῖραν
1195 1110 1364 1137 διδάσκαλον.
1377 1109 1473 1136 Πεῖσόν
1489 1117 1522 1144 με
1540 1107 1584 1135 διὰ
1601 1107 1654 1134 τῶν
1671 1107 1803 1142 πραγμά-

1013 1167 1077 1190 των,
1095 1158 1132 1189 ὡς
1148 1156 1257 1191 ἀληθῶς
1276 1156 1408 1190 ὑπάρχεις
1424 1154 1438 1181 ὃ
1453 1154 1594 1189 κέκλησαι·
1610 1152 1643 1180 ἃν
1655 1153 1709 1187 γὰρ
1725 1152 1803 1179 τοῦτο

1015 1203 1104 1239 μάθω,
1125 1202 1259 1237 φεύξομαι
1281 1201 1327 1227 καὶ
1341 1199 1528 1236 δραπετεύσω,
1547 1198 1594 1225 καὶ
1612 1199 1661 1234 τὴν
1684 1197 1752 1233 πρὸς
1773 1197 1803 1223 σὲ

1015 1249 1223 1284 παραιτήσομαι
1243 1246 1349 1281 πάληνθ
1366 1243 1425 1272 οἶδα
1440 1245 1493 1280 γὰρ
1516 1245 1578 1271 ὅσον
1597 1243 1666 1278 ἐμοῦ
1690 1243 1737 1269 καὶ
1756 1242 1804 1269 σοῦ

1014 1295 1044 1322 τὸ
1059 1294 1197 1328 διάφορον·
1213 1292 1299 1324 δεῖξον
1311 1290 1400 1318 τοίνυν
1417 1289 1446 1316 τὸ
1464 1289 1567 1325 θαῦμα,
1583 1290 1631 1316 καὶ
1647 1288 1753 1321 δίδαξον
1769 1289 1804 1323 τῇ

1016 1339 1224 1376 θαυματουργία
1244 1338 1290 1365 τὸν
1309 1338 1356 1365 τοῦ
1374 1337 1512 1373 θαύματος
1525 1336 1651 1372 ποιητήν·
1663 1334 1738 1363 Εἰπὲ
1755 1335 1806 1361 ἵνα

1017 1389 1033 1414 ὁ
1049 1387 1134 1419 λίθος
1153 1383 1242 1417 οὗτος
1258 1383 1347 1418 ἄρτος
1362 1383 1492 1418 γένηται.

1041 1435 1077 1460 α’.
1086 1432 1216 1463 Ἀκούσας
1223 1430 1288 1464 γοῦν
1297 1430 1349 1456 τῶν
1355 1429 1401 1456 τοῦ
1410 1427 1531 1463 Πονηροῦ
1539 1427 1667 1463 ῥημάτων
1675 1427 1688 1453 ὁ
1695 1426 1806 1462 Κύριος,

1017 1479 1135 1515 κρύπτει
1161 1477 1210 1512 μὲν
1231 1477 1280 1510 τὴν
1301 1474 1427 1509 θεότητα,
1454 1473 1486 1500 ὲκ
1511 1473 1539 1499 δὲ
1559 1472 1609 1507 τῆς
1636 1470 1808 1507 ἀνθρωπείας

169 1523 267 1547 natura
292 1519 360 1546 dicit
386 1528 394 1546 :
418 1519 476 1547 Non
501 1528 570 1555 pane
599 1519 686 1547 solum
716 1521 779 1547 vivit
794 1521 890 1553 homo,
917 1522 961 1548 sed

1015 1525 1168 1558 διαλέγεται
1195 1521 1302 1557 φύσεως
1315 1528 1321 1535 ·
1347 1521 1409 1546 Οὐκ
1431 1519 1478 1545 ἐπ’
1497 1518 1575 1553 ἄρτῳ
1596 1519 1693 1552 μόνον
1712 1517 1743 1549 ιιΙ
1762 1516 1807 1542 λέ,

167 1566 197 1592 in
214 1566 286 1593 omni
296 1565 373 1592 uerbo
387 1565 435 1593 Dei
445 1571 473 1599 ις
488 1566 567 1601 quasi
588 1566 694 1594 diceret
713 1575 719 1593 :
733 1567 847 1594 Possum
862 1567 966 1602 absque

170 1611 287 1645 panibus
295 1611 342 1644 ali,
356 1618 418 1638 cum
432 1611 475 1638 his
486 1611 552 1639 solis
564 1611 619 1639 vita
635 1612 779 1639 h0minum
789 1620 845 1640 nou
856 1619 967 1642 susten-

171 1661 253 1690 tctur,
273 1657 321 1684 sed
338 1657 388 1684 toti
405 1662 509 1685 naturae
528 1658 670 1685 hominum
688 1658 841 1686 nutriendae
863 1667 912 1694 par
931 1661 968 1688 sit

170 1703 284 1731 verbum
297 1703 355 1731 Dei.
369 1703 415 1730 Sic
427 1703 545 1738 populus
561 1704 728 1731 lsraeliticus
743 1712 830 1732 annos
847 1706 967 1740 quadra-

170 1749 245 1784 ginta
274 1749 398 1777 nutritus
423 1754 466 1777 est
500 1758 599 1777 manna
617 1751 750 1786 colligens
763 1757 775 1771 ι
789 1771 796 1782 ,
817 1751 967 1787 aviumque

171 1796 221 1823 Dei
237 1796 380 1824 voluntate
399 1800 541 1831 captarum
561 1797 707 1824 venatione
735 1797 889 1832 perfruens.
922 1797 968 1826 Sic

171 1841 246 1869 Elias
257 1841 271 1862 δ
289 1849 387 1869 corvos
399 1841 496 1869 habuit
512 1842 703 1871 obsonatores.
716 1843 761 1871 Sic
770 1844 885 1872 Elisaeus
902 1846 966 1873 her-

172 1887 214 1914 bis
228 1887 383 1922 agrestibus
398 1887 549 1922 discipulos
569 1888 677 1922 pavitC.
697 1889 750 1916 Sed
765 1890 830 1924 quid
858 1896 969 1925 oportet

172 1932 320 1959 memorari
332 1933 445 1959 vetera?
470 1932 589 1960 Joannes
614 1933 670 1965 ille,
692 1934 738 1969 qui
753 1935 835 1969 paulo
860 1939 924 1963 ante
939 1935 968 1963 in

171 1977 290 2005 Iordane
310 1976 483 2012 baptizabat,
504 1977 588 2005 vitam
604 1981 688 2005 totam
706 1978 734 2006 in
758 1979 869 2007 deserto
884 1988 967 2016 agens

172 2022 287 2050 locustis
298 2023 477 2055 vescebatur,
491 2027 520 2050 et
539 2030 620 2058 apum
637 2024 786 2059 agrestium
803 2025 902 2053 favisd.
917 2027 966 2054 Ni-

173 2068 213 2095 hil
238 2068 322 2104 igitur
344 2068 496 2096 absurdum
518 2073 570 2101 est,
590 2069 611 2096 si
633 2074 662 2096 et
675 2077 725 2098 nos
743 2079 853 2106 quoque
876 2079 891 2098 a
910 2072 967 2099 Deo

174 2115 249 2142 victu
264 2121 337 2142 novo
347 2115 384 2142 ita
396 2114 561 2147 nutriamur,
583 2119 613 2142 ut
626 2116 742 2150 panibus
757 2124 810 2144 non
825 2125 965 2152 egeamus.

210 2292 224 2306 ιι
239 2288 306 2316 Luc.
322 2296 358 2318 Iv.
375 2288 402 2315 5.
438 2293 450 2307 ν
463 2289 559 2316 Matth.
576 2297 634 2321 vui,
654 2290 699 2317 29.

1020 1581 1088 1609 γων,
1105 1570 1226 1605 ζήσεται
1242 1567 1408 1601 ἅνθρωπος.
1427 1566 1496 1593 ἀλλ’
1510 1565 1545 1592 ἐν
1561 1565 1582 1580 ¹⁸
1599 1562 1809 1609 παντὶ-ρήμαη

1020 1605 1103 1646 ὸεοῦ.
1125 1614 1265 1649 Δύναμαι,
1290 1611 1388 1646 φησὶν,
1413 1609 1476 1636 ἄνευ
1498 1608 1582 1644 ἄρτου
1611 1606 1760 1642 τραφῆναι·
1775 1605 1806 1631 οὐ

1018 1664 1074 1699 γὰρ
1097 1661 1130 1692 ἂν
1149 1661 1205 1691 τοῖς
1230 1658 1320 1693 μόνοις
1337 1657 1354 1692 ἠ
1376 1655 1430 1682 τῶν
1449 1653 1600 1690 ἀνθρώπων
1615 1653 1809 1688 συγχρατεῖται.

1019 1698 1086 1743 ζωῆ²
1105 1706 1162 1733 ἀλλ’
1184 1705 1264 1739 ἀρκεῖ
1288 1704 1363 1738 ῥῆμα
1385 1700 1453 1728 Θεοῦ
1473 1701 1565 1727 πᾶσαν
1584 1699 1639 1725 τῶν
1657 1698 1810 1734 ἀνθρώπων

1018 1754 1162 1790 διαθρέψαι
1177 1752 1227 1788 τὴν
1240 1750 1332 1786 φύσιν.
1348 1749 1441 1780 Οὕτως
1456 1749 1470 1775 ὁ
1487 1746 1683 1783 Ίσραηλιτικδς
1701 1744 1810 1780 διετρά-

1020 1810 1058 1836 φη
1079 1800 1143 1831 λαὸς
1159 1797 1365 1833 τεσσαράκοντα
1384 1794 1430 1830 ἐτη
1449 1793 1479 1820 τὸ
1493 1793 1580 1829 μάννα
1599 1792 1747 1824 συλλεγων,
1763 1790 1810 1817 καὶ

1019 1846 1105 1882 θήρας
1119 1843 1234 1881 ὀρνίθων
1250 1841 1394 1870 ἀπολαύων
1416 1840 1610 1876 πεπεδημένης
1626 1838 1707 1874 βουλῇ
1729 1837 1808 1864 Θεοῦ·

1019 1892 1066 1919 καὶ
1094 1891 1188 1922 Ἠλίας
1217 1889 1340 1924 κόρακας
1367 1887 1528 1922 ἑστιάτορας
1551 1886 1630 1921 ἐσχε-
1654 1885 1702 1912 καὶ
1723 1884 1811 1911 Ἐλισ-

1019 1939 1094 1969 σαῖος
1114 1936 1220 1972 ἀγρίοις
1241 1934 1367 1969 λαχάνοις
1389 1934 1453 1964 τοὺς
1471 1932 1606 1963 διασώσας
1630 1931 1654 1947 ¹⁰
1671 1930 1807 1966 διέθρεψε.

1019 1984 1074 2011 Καὶ
1091 1982 1120 2008 τί
1142 1990 1174 2017 με
1198 1981 1239 2007 δεῖ
1262 1980 1353 2014 λέγειν
1369 1979 1403 2006 τὰ
1423 1977 1543 2011 παλαιά;
1569 1977 1694 2012 Ἰωάννης
1709 1974 1810 2007 οὖτοςό

1019 2028 1158 2064 βαπτίζων
1180 2027 1294 2062 ἔναγχος
1315 2027 1343 2052 ἐν
1359 2025 1398 2061 τῷ
1422 2024 1555 2060 Ἰορδάνῃ,
1572 2024 1662 2049 πᾶσαν
1681 2022 1731 2058 τὴν
1752 2022 1810 2058 ἡλι-

1018 2076 1082 2102 κίαν
1105 2076 1133 2101 ὲν
1148 2075 1181 2109 τῇ
1199 2073 1296 2108 ἐρήμῳ
1315 2071 1580 2105 διατελέσας,ὰκρίσι
1600 2069 1745 2105 τρέφεται,
1763 2068 1810 2095 καὶ

1020 2121 1151 2158 μελιττῶν
1172 2119 1276 2154 ἀγρίων
1291 2117 1402 2154 καρπῷ.
1418 2117 1500 2144 Οὐδὲν
1516 2117 1605 2143 τοίνυν
1623 2115 1738 2146 ἀπεικὸς
1760 2115 1809 2141 καὶ

1018 2168 1092 2203 ἡμᾶς
1116 2167 1168 2194 ὑπὸ
1192 2165 1259 2192 Θεοῦ
1285 2164 1348 2201 ξένῃ
1364 2163 1522 2199 ἐστιαθῆναι
1537 2163 1636 2198 τροφῇ,
1656 2161 1703 2188 καὶ
1719 2161 1810 2197 ἄρτων

984 2207 1007 2235 D
1022 2210 1060 2246 μὴ
1071 2209 1212 2246 δεηθῆναι.

739 2297 752 2310 ι
768 2289 850 2316 Marc.
871 2296 890 2318 I.
901 2289 946 2316 24.

1015 2288 1082 2316 Luc.
1099 2295 1136 2321 iv,
1149 2288 1176 2315 4.
1215 2293 1228 2308 ι
1239 2286 1312 2315 Psal.
1326 2294 1424 2319 Lxxvu,
1438 2286 1472 2314 25
1485 2293 1543 2320 seq.
1583 2285 1597 2304 ι’
1614 2285 1646 2312 ΙΙΙ
1662 2285 1727 2321 Reg.
1743 2292 1810 2317 xvu,

175 2322 234 2349 4-6
249 2331 305 2350 sec.
324 2322 406 2350 LXX.
447 2329 458 2343 ε
479 2324 512 2351 ιν
533 2325 602 2359 Reg.
625 2332 662 2357 ιν,
676 2325 711 2352 58
725 2333 783 2359 seq.
823 2324 835 2344 ἀ
854 2323 938 2351 Marc.
963 2331 982 2356 I,
1001 2324 1028 2351 6.

841 2381 957 2410 VARUE
976 2381 1177 2411 LECTIONES.

210 2451 233 2467 “
245 2451 293 2478 Υἱὲ
308 2460 332 2478 τ.
348 2451 379 2478 Θ.
393 2452 456 2489 Des.
466 2452 562 2489 Ἰησοῦ.
575 2452 648 2487 quod
661 2453 721 2489 lac.
738 2452 876 2489 praecedit.
915 2453 937 2470 ¹⁶
947 2453 972 2480 τί
986 2451 1047 2489 ἦλθ.
1061 2453 1131 2481 Ibid.
1143 2451 1226 2489 ἦλθες
1241 2450 1304 2489 ὧδε.
1325 2452 1365 2489 _"
1377 2450 1674 2489 ὁρκίζω-βασανίσῃςῖ
1690 2450 1754 2478 Haec
1767 2451 1811 2479 vi-

176 2485 276 2528 dentur
290 2488 436 2528 euczvq,
451 2487 543 2528 addita
556 2485 617 2528 esse
638 2485 885 2528 omisso—rbaﬁeoy
897 2485 1080 2528 post__é'p_xlcm
1098 2497 1138 2528 ge.
1156 2485 1161 2489 “
1178 2488 1207 2528 ’⁸.
1218 2488 1308 2522 μόνον.
1325 2487 1397 2528 Post.
1410 2494 1498 2528 pauca
1520 2485 1622 2528 legitur
1638 2485 1728 2521 μόνῳ,
1750 2494 1812 2521 qua:

175 2525 215 2549 est
233 2527 342 2556 recepta
360 2522 441 2549 lectio
461 2523 480 2549 Ι.
494 2530 519 2550 c.
560 2522 581 2538 η
597 2524 636 2549 ὲν.
649 2522 722 2550 Loco
737 2522 784 2549 cit.
801 2522 854 2557 leg.
868 2521 924 2550 ὲτξί.
963 2524 986 2539 ¹⁰
997 2521 1075 2550 διασ.
1100 2521 1257 2558 Legendum
1276 2529 1336 2550 esse
1354 2522 1464 2550 videtur
1481 2521 1625 2553 θιασώτας.

940 2588 1056 2618 ΝΟΤᾸΕ.

212 2645 250 2680 (1)
265 2644 350 2672 Addit
365 2644 547 2672 Combelisms
559 2652 601 2679 ap.
615 2644 738 2672 Galland.
753 2645 799 2677 lX,
811 2646 863 2673 M8
878 2645 967 2679 :Quid

175 2679 245 2708 vero
258 2680 408 2707 Dominus?
421 2679 532 2714 Appetit
553 2680 664 2714 quidem
678 2681 782 2713 cibum,
805 2686 832 2708 at
844 2681 970 2708 domina-

175 2722 220 2743 tur
234 2715 378 2750 appetitui,
390 2722 445 2741 non
461 2714 546 2750 servit
558 2715 756 2749 voluptatibus.
781 2716 880 2743 Invitat
903 2724 969 2743 esu-

175 2750 272 2778 riendo
287 2749 475 2776 adversarium
487 2749 519 2776 ad
533 2749 613 2777 lucta:
626 2755 780 2784 certamen;
793 2752 867 2779 illius
876 2756 969 2779 autem

176 2786 265 2812 victor
288 2784 405 2811 cliieitur
431 2785 603 2819 philosophia
631 2785 762 2817 humana.
792 2794 846 2814 non
875 2787 969 2815 divina

176 2819 307 2857 potentia.
325 2820 601 2857 Pugnatuexpuguat,
614 2821 708 2851 vim-il.
733 2821 817 2857 fugat,
843 2823 967 2857 tyranni-

177 2855 238 2882 dem
250 2854 386 2887 dissolvit,
406 2854 624 2883 imbecillitatem
638 2857 738 2890 arguit,
757 2854 869 2884 relatam
881 2858 968 2885 victo-

1022 2647 1091 2673 riam
1107 2646 1250 2681 hostisque
1277 2647 1382 2675 cladem
1404 2647 1534 2676 traducit.
1553 2657 1562 2674 ι
1575 2645 1710 2676 Conﬁdite
1725 2648 1810 2680 enim,

1019 2682 1119 2718 inquit,
1135 2689 1186 2717 ego
1199 2683 1253 2709 vici
1269 2683 1404 2709 mundum
1418 2692 1427 2708 ι
1441 2682 1532 2718 (Joan.
1547 2691 1601 2716 xvt,
1620 2683 1676 2718 52).
1693 2683 1812 2711 Concul-

1019 2717 1136 2745 cundum
1153 2723 1298 2753 tyrannum
1314 2717 1348 2745 iis
1359 2719 1406 2752 qui
1421 2719 1493 2745 servi
1510 2719 1576 2745 olim
1590 2718 1810 2746 illi-addiceban-

1020 2756 1065 2780 tur
1083 2752 1205 2787 expouit.
1230 2762 1239 2777 ι
1251 2752 1321 2779 Ecce
1335 2753 1397 2780 dedi
1411 2753 1490 2780 vobis
1504 2758 1670 2788 potestatem
1687 2753 1811 2781 calcandi

1019 2796 1103 2823 super
1122 2792 1265 2824 serpentes
1277 2792 1305 2824 e_t
1316 2788 1478 2822 scorpiones
1492 2794 1520 2817 et
1532 2797 1615 2824 super
1627 2795 1738 2816 omnem
1754 2788 1811 2816 vir—

1020 2822 1106 2852 tutem
1127 2823 1231 2850 inimici
1247 2832 1255 2848 ι
1273 2822 1348 2858 (Luc.
1361 2831 1388 2856 κ,
1406 2824 1458 2860 19).
