  <div class='ocr_page' id='page_1' title='image "/cluster/home/n/w/nwhite01/storage/ocr_20150623/84/njp.32101010943783/046.png"; bbox 0 0 1969 3052; ppageno 0'>
   <div class='ocr_carea' id='block_1_1' title="bbox 235 156 1012 211">
    <p class='ocr_par' dir='ltr' id='par_1_1' title="bbox 235 156 1012 196">
     <span class='ocr_line' id='line_1_1' title="bbox 235 156 1012 196; baseline 0.009 -7"><span class='ocrx_word' id='word_1_1' title='bbox 235 156 267 189; x_wconf 72' lang='grc'><strong>81</strong></span> <span class='ocrx_word' id='word_1_2' title='bbox 811 165 1012 196; x_wconf 69' lang='lat' dir='ltr'><strong>AUCTARIUI</strong></span> 
     </span>
    </p>
   </div>
   <div class='ocr_carea' id='block_1_2' title="bbox 1065 156 1871 211">
    <p class='ocr_par' dir='ltr' id='par_1_2' title="bbox 1068 169 1871 211">
     <span class='ocr_line' id='line_1_2' title="bbox 1068 169 1871 211; baseline 0.009 -14"><span class='ocrx_word' id='word_1_3' title='bbox 1068 179 1102 184; x_wconf 83' lang='lat'><em>—</em></span> <span class='ocrx_word' id='word_1_4' title='bbox 1119 169 1169 198; x_wconf 81' lang='lat' dir='ltr'><strong>AD</strong></span> <span class='ocrx_word' id='word_1_5' title='bbox 1186 169 1274 199; x_wconf 81' lang='lat' dir='ltr'><strong>TOM.</strong></span> <span class='ocrx_word' id='word_1_6' title='bbox 1295 170 1343 200; x_wconf 90' lang='lat' dir='ltr'><strong>1v.</strong></span> <span class='ocrx_word' id='word_1_7' title='bbox 1831 179 1871 211; x_wconf 53' lang='grc' dir='ltr'>δε</span> 
     </span>
    </p>
   </div>
   <div class='ocr_carea' id='block_1_3' title="bbox 273 212 1012 261">
    <p class='ocr_par' dir='ltr' id='par_1_3' title="bbox 273 212 1012 255">
     <span class='ocr_line' id='line_1_3' title="bbox 273 212 1012 255; baseline 0.012 -17"><span class='ocrx_word' id='word_1_8' title='bbox 273 212 393 248; x_wconf 82' lang='grc' dir='ltr'>Ἥλγησε</span> <span class='ocrx_word' id='word_1_9' title='bbox 420 213 470 249; x_wconf 76' lang='grc' dir='ltr'>μὲν</span> <span class='ocrx_word' id='word_1_10' title='bbox 490 214 528 247; x_wconf 79' lang='grc' dir='ltr'>ὡς</span> <span class='ocrx_word' id='word_1_11' title='bbox 551 216 678 253; x_wconf 72' lang='grc' dir='ltr'>ἡττηθεὶς</span> <span class='ocrx_word' id='word_1_12' title='bbox 692 218 766 251; x_wconf 75' lang='grc' dir='ltr'>ἅπαξ</span> <span class='ocrx_word' id='word_1_13' title='bbox 783 219 797 245; x_wconf 85' lang='grc' dir='ltr'><strong>ό</strong></span> <span class='ocrx_word' id='word_1_14' title='bbox 824 219 956 255; x_wconf 75' lang='grc' dir='ltr'><strong>Πονηρὸς,</strong></span> <span class='ocrx_word' id='word_1_15' title='bbox 974 221 1012 246; x_wconf 67' lang='grc' dir='ltr'>οὺῖ</span> 
     </span>
    </p>
   </div>
   <div class='ocr_carea' id='block_1_4' title="bbox 1065 212 1866 261">
    <p class='ocr_par' dir='ltr' id='par_1_4' title="bbox 1112 221 1866 261">
     <span class='ocr_line' id='line_1_4' title="bbox 1112 221 1866 261; baseline 0.016 -14"><span class='ocrx_word' id='word_1_16' title='bbox 1112 221 1192 257; x_wconf 73' lang='lat'><strong>126</strong></span> <span class='ocrx_word' id='word_1_17' title='bbox 1206 222 1299 249; x_wconf 90' lang='lat' dir='ltr'><strong>Doluit</strong></span> <span class='ocrx_word' id='word_1_18' title='bbox 1321 223 1431 258; x_wconf 85' lang='lat' dir='ltr'><strong>quidem</strong></span> <span class='ocrx_word' id='word_1_19' title='bbox 1455 233 1573 260; x_wconf 85' lang='lat' dir='ltr'><strong>nequam</strong></span> <span class='ocrx_word' id='word_1_20' title='bbox 1595 226 1640 255; x_wconf 89' lang='lat' dir='ltr'><strong>illc</strong></span> <span class='ocrx_word' id='word_1_21' title='bbox 1661 228 1746 256; x_wconf 90' lang='lat' dir='ltr'><strong>semel</strong></span> <span class='ocrx_word' id='word_1_22' title='bbox 1765 229 1866 261; x_wconf 77' lang='lat' dir='ltr'><strong>victus.</strong></span> 
     </span>
    </p>
   </div>
   <div class='ocr_carea' id='block_1_5' title="bbox 233 257 1023 301">
    <p class='ocr_par' dir='ltr' id='par_1_5' title="bbox 233 257 1023 301">
     <span class='ocr_line' id='line_1_5' title="bbox 233 257 1023 301; baseline 0.013 -19"><span class='ocrx_word' id='word_1_23' title='bbox 233 257 408 293; x_wconf 77' lang='grc' dir='ltr'><strong>ἀπηγόρευσε</strong></span> <span class='ocrx_word' id='word_1_24' title='bbox 434 259 461 285; x_wconf 83' lang='grc' dir='ltr'>δὲ</span> <span class='ocrx_word' id='word_1_25' title='bbox 484 260 532 295; x_wconf 77' lang='grc' dir='ltr'><strong>τὴν</strong></span> <span class='ocrx_word' id='word_1_26' title='bbox 553 260 647 297; x_wconf 89' lang='grc' dir='ltr'>νίκην,</span> <span class='ocrx_word' id='word_1_27' title='bbox 674 262 795 296; x_wconf 83' lang='grc' dir='ltr'>ἀκούσας</span> <span class='ocrx_word' id='word_1_28' title='bbox 820 264 858 295; x_wconf 85' lang='grc' dir='ltr'>ὼς</span> <span class='ocrx_word' id='word_1_29' title='bbox 880 264 1023 301; x_wconf 79' lang='grc' dir='ltr'>ἄνθρωπος</span> 
     </span>
    </p>
   </div>
   <div class='ocr_carea' id='block_1_6' title="bbox 233 302 1022 343">
    <p class='ocr_par' dir='ltr' id='par_1_6' title="bbox 233 302 1022 343">
     <span class='ocr_line' id='line_1_6' title="bbox 233 302 1022 343; baseline 0.013 -15"><span class='ocrx_word' id='word_1_30' title='bbox 233 302 286 337; x_wconf 68' lang='grc' dir='ltr'>εἴη’</span> <span class='ocrx_word' id='word_1_31' title='bbox 305 304 364 330; x_wconf 79' lang='grc' dir='ltr'><strong>οὐκ</strong></span> <span class='ocrx_word' id='word_1_32' title='bbox 383 303 432 330; x_wconf 80' lang='grc' dir='ltr'>ἐπ’</span> <span class='ocrx_word' id='word_1_33' title='bbox 452 304 530 339; x_wconf 80' lang='grc' dir='ltr'><strong>ἄρτῳ</strong></span> <span class='ocrx_word' id='word_1_34' title='bbox 545 307 614 342; x_wconf 79' lang='grc' dir='ltr'>γὰρ,</span> <span class='ocrx_word' id='word_1_35' title='bbox 633 308 711 343; x_wconf 79' lang='grc' dir='ltr'>φησὶ,</span> <span class='ocrx_word' id='word_1_36' title='bbox 724 308 808 343; x_wconf 82' lang='grc' dir='ltr'><strong>μόνῳ</strong></span> <span class='ocrx_word' id='word_1_37' title='bbox 830 308 950 343; x_wconf 77' lang='grc' dir='ltr'><strong>ζήσεται</strong></span> <span class='ocrx_word' id='word_1_38' title='bbox 969 310 1022 337; x_wconf 75' lang='grc' dir='ltr'><strong>ἄν·</strong></span> 
     </span>
    </p>
   </div>
   <div class='ocr_carea' id='block_1_7' title="bbox 231 348 1022 389">
    <p class='ocr_par' dir='ltr' id='par_1_7' title="bbox 231 348 1022 389">
     <span class='ocr_line' id='line_1_7' title="bbox 231 348 1022 389; baseline 0.013 -17"><span class='ocrx_word' id='word_1_39' title='bbox 231 348 357 380; x_wconf 82' lang='grc' dir='ltr'>θρωπος.</span> <span class='ocrx_word' id='word_1_40' title='bbox 380 348 427 375; x_wconf 83' lang='grc' dir='ltr'><strong>Διὸ</strong></span> <span class='ocrx_word' id='word_1_41' title='bbox 451 349 582 386; x_wconf 82' lang='grc' dir='ltr'><strong>δευτέραν</strong></span> <span class='ocrx_word' id='word_1_42' title='bbox 598 352 673 387; x_wconf 79' lang='grc' dir='ltr'>αὐτῷ</span> <span class='ocrx_word' id='word_1_43' title='bbox 689 354 736 380; x_wconf 76' lang='grc' dir='ltr'>καὶ</span> <span class='ocrx_word' id='word_1_44' title='bbox 754 354 850 389; x_wconf 79' lang='grc' dir='ltr'>τρίτην</span> <span class='ocrx_word' id='word_1_45' title='bbox 869 352 948 387; x_wconf 81' lang='grc' dir='ltr'>αὖθις</span> <span class='ocrx_word' id='word_1_46' title='bbox 962 356 1022 382; x_wconf 83' lang='grc' dir='ltr'>πετ-</span> 
     </span>
    </p>
   </div>
   <div class='ocr_carea' id='block_1_8' title="bbox 232 393 1021 433">
    <p class='ocr_par' dir='ltr' id='par_1_8' title="bbox 232 393 1021 433">
     <span class='ocr_line' id='line_1_8' title="bbox 232 393 1021 433; baseline 0.014 -16"><span class='ocrx_word' id='word_1_47' title='bbox 232 400 282 426; x_wconf 87' lang='grc' dir='ltr'>ραν</span> <span class='ocrx_word' id='word_1_48' title='bbox 300 393 422 428; x_wconf 84' lang='grc' dir='ltr'>προᾲδει,</span> <span class='ocrx_word' id='word_1_49' title='bbox 444 394 482 430; x_wconf 83' lang='grc' dir='ltr'>πὴ</span> <span class='ocrx_word' id='word_1_50' title='bbox 501 396 550 431; x_wconf 85' lang='grc' dir='ltr'>μὲν</span> <span class='ocrx_word' id='word_1_51' title='bbox 571 396 669 431; x_wconf 81' lang='grc' dir='ltr'>λέγων’</span> <span class='ocrx_word' id='word_1_52' title='bbox 684 399 719 425; x_wconf 82' lang='lat' dir='ltr'><strong>El</strong></span> <span class='ocrx_word' id='word_1_53' title='bbox 741 399 807 432; x_wconf 72' lang='grc' dir='ltr'><strong>Υἱὸς</strong></span> <span class='ocrx_word' id='word_1_54' title='bbox 824 398 854 426; x_wconf 87' lang='grc' dir='ltr'>εἷ</span> <span class='ocrx_word' id='word_1_55' title='bbox 868 400 921 427; x_wconf 84' lang='grc' dir='ltr'>τοῦ</span> <span class='ocrx_word' id='word_1_56' title='bbox 937 400 1021 433; x_wconf 82' lang='grc' dir='ltr'><strong>Θεοῦ,</strong></span> 
     </span>
    </p>
   </div>
   <div class='ocr_carea' id='block_1_9' title="bbox 228 436 1022 477">
    <p class='ocr_par' dir='ltr' id='par_1_9' title="bbox 228 436 1022 477">
     <span class='ocr_line' id='line_1_9' title="bbox 228 436 1022 477; baseline 0.013 -14"><span class='ocrx_word' id='word_1_57' title='bbox 228 436 309 468; x_wconf 62' lang='grc' dir='ltr'>,βάυζε</span> <span class='ocrx_word' id='word_1_58' title='bbox 332 439 464 467; x_wconf 83' lang='grc' dir='ltr'>σεαυτὸν</span> <span class='ocrx_word' id='word_1_59' title='bbox 478 441 594 469; x_wconf 79' lang='grc' dir='ltr'><strong>ἄνωθεν</strong></span> <span class='ocrx_word' id='word_1_60' title='bbox 613 443 637 458; x_wconf 74' lang='grc'><strong>’⁸⁵</strong></span> <span class='ocrx_word' id='word_1_61' title='bbox 653 447 661 454; x_wconf 92' lang='lat'>‘</span> <span class='ocrx_word' id='word_1_62' title='bbox 673 443 761 477; x_wconf 79' lang='grc' dir='ltr'>κάτω,</span> <span class='ocrx_word' id='word_1_63' title='bbox 781 445 828 471; x_wconf 75' lang='grc' dir='ltr'><strong>καὶ</strong></span> <span class='ocrx_word' id='word_1_64' title='bbox 848 445 891 472; x_wconf 66' lang='grc' dir='ltr'><strong>διὰ</strong></span> <span class='ocrx_word' id='word_1_65' title='bbox 916 446 1022 473; x_wconf 80' lang='grc' dir='ltr'>κενοδο-</span> 
     </span>
    </p>
   </div>
   <div class='ocr_carea' id='block_1_10' title="bbox 231 482 1020 527">
    <p class='ocr_par' dir='ltr' id='par_1_10' title="bbox 231 482 1020 527">
     <span class='ocr_line' id='line_1_10' title="bbox 231 482 1020 527; baseline 0.014 -19"><span class='ocrx_word' id='word_1_66' title='bbox 231 482 291 514; x_wconf 64' lang='lat' dir='ltr'><strong>Eia;</strong></span> <span class='ocrx_word' id='word_1_67' title='bbox 301 484 494 513; x_wconf 78' lang='grc' dir='ltr'>ἐπιϐουλεύων·</span> <span class='ocrx_word' id='word_1_68' title='bbox 515 487 553 522; x_wconf 87' lang='grc' dir='ltr'>πὴ</span> <span class='ocrx_word' id='word_1_69' title='bbox 578 487 606 514; x_wconf 83' lang='grc' dir='ltr'><strong>δέ</strong></span> <span class='ocrx_word' id='word_1_70' title='bbox 625 488 675 520; x_wconf 84' lang='grc' dir='ltr'><strong>τὰς</strong></span> <span class='ocrx_word' id='word_1_71' title='bbox 695 490 745 525; x_wconf 86' lang='grc' dir='ltr'>τῆς</span> <span class='ocrx_word' id='word_1_72' title='bbox 763 490 928 527; x_wconf 71' lang='grc' dir='ltr'><strong>οἰκουμένης</strong></span> <span class='ocrx_word' id='word_1_73' title='bbox 941 491 1020 527; x_wconf 84' lang='grc' dir='ltr'>βασι-</span> 
     </span>
    </p>
   </div>
   <div class='ocr_carea' id='block_1_11' title="bbox 230 527 1021 572">
    <p class='ocr_par' dir='ltr' id='par_1_11' title="bbox 230 527 1021 572">
     <span class='ocr_line' id='line_1_11' title="bbox 230 527 1021 572; baseline 0.015 -19"><span class='ocrx_word' id='word_1_74' title='bbox 230 527 305 559; x_wconf 83' lang='grc' dir='ltr'>λείας</span> <span class='ocrx_word' id='word_1_75' title='bbox 326 529 491 564; x_wconf 75' lang='grc' dir='ltr'>ἐπιδεικνὺς,</span> <span class='ocrx_word' id='word_1_76' title='bbox 508 533 555 559; x_wconf 83' lang='grc' dir='ltr'>καὶ</span> <span class='ocrx_word' id='word_1_77' title='bbox 573 533 675 566; x_wconf 79' lang='grc' dir='ltr'>ταύτας</span> <span class='ocrx_word' id='word_1_78' title='bbox 689 535 851 563; x_wconf 78' lang='grc' dir='ltr'><strong>ἀντιδώσειν</strong></span> <span class='ocrx_word' id='word_1_79' title='bbox 874 537 1021 572; x_wconf 83' lang='grc' dir='ltr'>ὑπισχνού-</span> 
     </span>
    </p>
   </div>
   <div class='ocr_carea' id='block_1_12' title="bbox 231 576 1020 618">
    <p class='ocr_par' dir='ltr' id='par_1_12' title="bbox 231 576 1020 618">
     <span class='ocr_line' id='line_1_12' title="bbox 231 576 1020 618; baseline 0.013 -19"><span class='ocrx_word' id='word_1_80' title='bbox 231 581 323 607; x_wconf 83' lang='grc' dir='ltr'>μενος,</span> <span class='ocrx_word' id='word_1_81' title='bbox 350 576 374 601; x_wconf 81' lang='grc' dir='ltr'>εἰ</span> <span class='ocrx_word' id='word_1_82' title='bbox 401 576 534 612; x_wconf 84' lang='grc' dir='ltr'>πρότερον</span> <span class='ocrx_word' id='word_1_83' title='bbox 559 579 626 614; x_wconf 88' lang='grc' dir='ltr'>παρ’</span> <span class='ocrx_word' id='word_1_84' title='bbox 645 579 728 607; x_wconf 77' lang='grc' dir='ltr'>αὑτοῦ</span> <span class='ocrx_word' id='word_1_85' title='bbox 753 581 803 615; x_wconf 83' lang='grc' dir='ltr'>τὴν</span> <span class='ocrx_word' id='word_1_86' title='bbox 833 582 1020 618; x_wconf 77' lang='grc' dir='ltr'><strong>προσκύνησιν</strong></span> 
     </span>
    </p>
   </div>
   <div class='ocr_carea' id='block_1_13' title="bbox 229 618 1020 664">
    <p class='ocr_par' dir='ltr' id='par_1_13' title="bbox 229 618 1020 664">
     <span class='ocr_line' id='line_1_13' title="bbox 229 618 1020 664; baseline 0.014 -20"><span class='ocrx_word' id='word_1_87' title='bbox 229 618 317 646; x_wconf 72' lang='grc' dir='ltr'>λάϐοι.</span> <span class='ocrx_word' id='word_1_88' title='bbox 337 619 382 652; x_wconf 82' lang='grc' dir='ltr'>Ὧς</span> <span class='ocrx_word' id='word_1_89' title='bbox 405 621 433 647; x_wconf 79' lang='grc' dir='ltr'>δὲ</span> <span class='ocrx_word' id='word_1_90' title='bbox 457 622 539 649; x_wconf 81' lang='grc' dir='ltr'>πάλιν</span> <span class='ocrx_word' id='word_1_91' title='bbox 563 623 644 652; x_wconf 79' lang='grc' dir='ltr'>αὐτὸν</span> <span class='ocrx_word' id='word_1_92' title='bbox 666 625 720 652; x_wconf 86' lang='grc' dir='ltr'>τῶν</span> <span class='ocrx_word' id='word_1_93' title='bbox 736 626 860 653; x_wconf 85' lang='grc' dir='ltr'>παλαιῶν</span> <span class='ocrx_word' id='word_1_94' title='bbox 884 627 1020 664; x_wconf 82' lang='grc' dir='ltr'><strong>ἀνέμνησε</strong></span> 
     </span>
    </p>
   </div>
   <div class='ocr_carea' id='block_1_14' title="bbox 228 664 1019 708">
    <p class='ocr_par' dir='ltr' id='par_1_14' title="bbox 228 664 1019 708">
     <span class='ocr_line' id='line_1_14' title="bbox 228 664 1019 708; baseline 0.011 -18"><span class='ocrx_word' id='word_1_95' title='bbox 228 664 363 700; x_wconf 79' lang='grc' dir='ltr'><strong>νομίμων,</strong></span> <span class='ocrx_word' id='word_1_96' title='bbox 383 667 432 694; x_wconf 76' lang='grc' dir='ltr'>καὶ</span> <span class='ocrx_word' id='word_1_97' title='bbox 452 668 571 701; x_wconf 72' lang='grc' dir='ltr'>ἐδίδαξεν</span> <span class='ocrx_word' id='word_1_98' title='bbox 591 670 632 696; x_wconf 85' lang='grc' dir='ltr'><strong>ὅτι</strong></span> <span class='ocrx_word' id='word_1_99' title='bbox 655 670 705 697; x_wconf 86' lang='grc' dir='ltr'>οὐκ</span> <span class='ocrx_word' id='word_1_100' title='bbox 726 671 852 704; x_wconf 81' lang='grc' dir='ltr'>ἀνέξεται</span> <span class='ocrx_word' id='word_1_101' title='bbox 867 672 953 708; x_wconf 76' lang='grc' dir='ltr'>ἑτέρῳ</span> <span class='ocrx_word' id='word_1_102' title='bbox 964 672 1019 699; x_wconf 74' lang='grc' dir='ltr'>τινὶ</span> 
     </span>
    </p>
   </div>
   <div class='ocr_carea' id='block_1_15' title="bbox 227 710 1019 752">
    <p class='ocr_par' dir='ltr' id='par_1_15' title="bbox 227 710 1019 752">
     <span class='ocr_line' id='line_1_15' title="bbox 227 710 1019 752; baseline 0.011 -16"><span class='ocrx_word' id='word_1_103' title='bbox 227 710 258 737; x_wconf 83' lang='grc' dir='ltr'>τὺ</span> <span class='ocrx_word' id='word_1_104' title='bbox 274 711 344 737; x_wconf 80' lang='grc' dir='ltr'>θεῖον</span> <span class='ocrx_word' id='word_1_105' title='bbox 355 711 440 748; x_wconf 83' lang='grc' dir='ltr'>γέρας</span> <span class='ocrx_word' id='word_1_106' title='bbox 459 715 664 749; x_wconf 82' lang='grc' dir='ltr'><strong>προσενεγκεῖν,</strong></span> <span class='ocrx_word' id='word_1_107' title='bbox 685 716 826 752; x_wconf 79' lang='grc' dir='ltr'><strong>ὑπέμνησε</strong></span> <span class='ocrx_word' id='word_1_108' title='bbox 842 717 870 744; x_wconf 79' lang='grc' dir='ltr'>δὲ</span> <span class='ocrx_word' id='word_1_109' title='bbox 890 718 938 745; x_wconf 80' lang='grc' dir='ltr'>καὶ</span> <span class='ocrx_word' id='word_1_110' title='bbox 959 718 1019 745; x_wconf 77' lang='grc' dir='ltr'>ἐτέ-</span> 
     </span>
    </p>
   </div>
   <div class='ocr_carea' id='block_1_16' title="bbox 229 756 1019 800">
    <p class='ocr_par' dir='ltr' id='par_1_16' title="bbox 229 756 1019 800">
     <span class='ocr_line' id='line_1_16' title="bbox 229 756 1019 800; baseline 0.011 -18"><span class='ocrx_word' id='word_1_111' title='bbox 229 764 284 800; x_wconf 80' lang='grc' dir='ltr'>ρων</span> <span class='ocrx_word' id='word_1_112' title='bbox 299 756 347 783; x_wconf 79' lang='grc' dir='ltr'><strong>τοῦ</strong></span> <span class='ocrx_word' id='word_1_113' title='bbox 360 757 428 784; x_wconf 82' lang='grc' dir='ltr'>Θεοῦ</span> <span class='ocrx_word' id='word_1_114' title='bbox 448 758 620 795; x_wconf 86' lang='grc' dir='ltr'>διδαγμάτων</span> <span class='ocrx_word' id='word_1_115' title='bbox 635 761 849 797; x_wconf 85' lang='grc' dir='ltr'>διαγορευόντων</span> <span class='ocrx_word' id='word_1_116' title='bbox 871 763 908 799; x_wconf 83' lang='grc' dir='ltr'>μὴ</span> <span class='ocrx_word' id='word_1_117' title='bbox 921 764 1019 800; x_wconf 75' lang='grc' dir='ltr'>πειρά-</span> 
     </span>
    </p>
   </div>
   <div class='ocr_carea' id='block_1_17' title="bbox 228 799 1019 845">
    <p class='ocr_par' dir='ltr' id='par_1_17' title="bbox 228 799 1019 845">
     <span class='ocr_line' id='line_1_17' title="bbox 228 799 1019 845; baseline 0.013 -18"><span class='ocrx_word' id='word_1_118' title='bbox 228 799 287 832; x_wconf 76' lang='grc' dir='ltr'>ζειν</span> <span class='ocrx_word' id='word_1_119' title='bbox 312 802 358 829; x_wconf 79' lang='grc' dir='ltr'>τὸν</span> <span class='ocrx_word' id='word_1_120' title='bbox 385 802 440 830; x_wconf 84' lang='grc' dir='ltr'><strong>τῶν</strong></span> <span class='ocrx_word' id='word_1_121' title='bbox 464 804 533 832; x_wconf 82' lang='grc' dir='ltr'>ὅλων</span> <span class='ocrx_word' id='word_1_122' title='bbox 550 805 627 839; x_wconf 83' lang='grc' dir='ltr'><strong>Θεὸν,</strong></span> <span class='ocrx_word' id='word_1_123' title='bbox 642 807 657 834; x_wconf 83' lang='grc' dir='ltr'><strong><em>ὁ</em></strong></span> <span class='ocrx_word' id='word_1_124' title='bbox 672 807 722 842; x_wconf 84' lang='grc' dir='ltr'><strong>μὲν</strong></span> <span class='ocrx_word' id='word_1_125' title='bbox 746 808 851 844; x_wconf 83' lang='grc' dir='ltr'><strong>ἀπέδρα</strong></span> <span class='ocrx_word' id='word_1_126' title='bbox 872 809 921 844; x_wconf 83' lang='grc' dir='ltr'><strong>τῆς</strong></span> <span class='ocrx_word' id='word_1_127' title='bbox 935 799 1019 845; x_wconf 77' lang='grc' dir='ltr'>ἥττης</span> 
     </span>
    </p>
   </div>
   <div class='ocr_carea' id='block_1_18' title="bbox 226 846 1017 891">
    <p class='ocr_par' dir='ltr' id='par_1_18' title="bbox 226 846 1017 891">
     <span class='ocr_line' id='line_1_18' title="bbox 226 846 1017 891; baseline 0.013 -18"><span class='ocrx_word' id='word_1_128' title='bbox 226 846 277 882; x_wconf 85' lang='grc' dir='ltr'><strong>τὴν</strong></span> <span class='ocrx_word' id='word_1_129' title='bbox 293 848 425 884; x_wconf 75' lang='grc' dir='ltr'><strong>αἰσχύνην</strong></span> <span class='ocrx_word' id='word_1_130' title='bbox 448 850 480 877; x_wconf 86' lang='grc' dir='ltr'>οὺ</span> <span class='ocrx_word' id='word_1_131' title='bbox 501 851 603 887; x_wconf 78' lang='grc' dir='ltr'>φέρων,</span> <span class='ocrx_word' id='word_1_132' title='bbox 630 853 676 880; x_wconf 80' lang='grc' dir='ltr'>καὶ</span> <span class='ocrx_word' id='word_1_133' title='bbox 701 853 806 881; x_wconf 81' lang='grc' dir='ltr'>δειλιῶν</span> <span class='ocrx_word' id='word_1_134' title='bbox 826 856 872 882; x_wconf 76' lang='grc' dir='ltr'><strong>καὶ</strong></span> <span class='ocrx_word' id='word_1_135' title='bbox 896 855 1017 891; x_wconf 78' lang='grc' dir='ltr'><strong>τρέμων,</strong></span> 
     </span>
    </p>
   </div>
   <div class='ocr_carea' id='block_1_19' title="bbox 227 891 1054 935">
    <p class='ocr_par' dir='ltr' id='par_1_19' title="bbox 227 891 1054 935">
     <span class='ocr_line' id='line_1_19' title="bbox 227 891 1054 935; baseline 0.013 -17"><span class='ocrx_word' id='word_1_136' title='bbox 227 891 276 919; x_wconf 79' lang='grc' dir='ltr'>καὶ</span> <span class='ocrx_word' id='word_1_137' title='bbox 287 892 338 928; x_wconf 87' lang='grc' dir='ltr'>τῆς</span> <span class='ocrx_word' id='word_1_138' title='bbox 349 895 506 929; x_wconf 75' lang='grc' dir='ltr'>τυραννίδος</span> <span class='ocrx_word' id='word_1_139' title='bbox 519 897 736 933; x_wconf 77' lang='grc' dir='ltr'>ἐκϐληθήσεσθαι</span> <span class='ocrx_word' id='word_1_140' title='bbox 746 900 914 935; x_wconf 81' lang='grc' dir='ltr'>προσδοκῶν.</span> <span class='ocrx_word' id='word_1_141' title='bbox 926 901 1019 928; x_wconf 80' lang='grc' dir='ltr'><strong>Πάντα.</strong></span> <span class='ocrx_word' id='word_1_142' title='bbox 1035 894 1054 922; x_wconf 66' lang='grc' dir='ltr'><strong>Β</strong></span> 
     </span>
    </p>
   </div>
   <div class='ocr_carea' id='block_1_20' title="bbox 226 937 1018 981">
    <p class='ocr_par' dir='ltr' id='par_1_20' title="bbox 226 937 1018 981">
     <span class='ocr_line' id='line_1_20' title="bbox 226 937 1018 981; baseline 0.011 -17"><span class='ocrx_word' id='word_1_143' title='bbox 226 937 282 973; x_wconf 85' lang='grc' dir='ltr'><strong>γὰρ</strong></span> <span class='ocrx_word' id='word_1_144' title='bbox 305 939 388 966; x_wconf 77' lang='grc' dir='ltr'>αὐτοῦ</span> <span class='ocrx_word' id='word_1_145' title='bbox 409 942 531 974; x_wconf 84' lang='grc' dir='ltr'><strong>κενώσας</strong></span> <span class='ocrx_word' id='word_1_146' title='bbox 555 943 589 970; x_wconf 86' lang='grc' dir='ltr'>τὰ</span> <span class='ocrx_word' id='word_1_147' title='bbox 609 943 685 980; x_wconf 84' lang='grc' dir='ltr'>βέλη,</span> <span class='ocrx_word' id='word_1_148' title='bbox 706 944 753 972; x_wconf 77' lang='grc' dir='ltr'>καὶ</span> <span class='ocrx_word' id='word_1_149' title='bbox 766 945 857 977; x_wconf 82' lang='grc' dir='ltr'>πάσας</span> <span class='ocrx_word' id='word_1_150' title='bbox 870 946 953 973; x_wconf 84' lang='grc' dir='ltr'>αὑτοῦ</span> <span class='ocrx_word' id='word_1_151' title='bbox 967 947 1018 981; x_wconf 81' lang='grc' dir='ltr'><strong>τῆς</strong></span> 
     </span>
    </p>
   </div>
   <div class='ocr_carea' id='block_1_21' title="bbox 226 983 1018 1026">
    <p class='ocr_par' dir='ltr' id='par_1_21' title="bbox 226 983 1018 1026">
     <span class='ocr_line' id='line_1_21' title="bbox 226 983 1018 1026; baseline 0.011 -17"><span class='ocrx_word' id='word_1_152' title='bbox 226 983 334 1020; x_wconf 78' lang='grc' dir='ltr'><strong>ἀπάτης</strong></span> <span class='ocrx_word' id='word_1_153' title='bbox 356 985 406 1017; x_wconf 88' lang='grc' dir='ltr'>τάς</span> <span class='ocrx_word' id='word_1_154' title='bbox 425 986 514 1018; x_wconf 82' lang='grc' dir='ltr'>πάλας</span> <span class='ocrx_word' id='word_1_155' title='bbox 538 988 746 1023; x_wconf 80' lang='grc' dir='ltr'>προσενεγκὼν,</span> <span class='ocrx_word' id='word_1_156' title='bbox 764 989 886 1025; x_wconf 78' lang='grc' dir='ltr'><strong>ἄτρωτον</strong></span> <span class='ocrx_word' id='word_1_157' title='bbox 896 988 958 1026; x_wconf 70' lang='grc' dir='ltr'>εὗρε</span> <span class='ocrx_word' id='word_1_158' title='bbox 971 991 1018 1018; x_wconf 72' lang='grc' dir='ltr'>καὶ</span> 
     </span>
    </p>
   </div>
   <div class='ocr_carea' id='block_1_22' title="bbox 225 1029 1018 1072">
    <p class='ocr_par' dir='ltr' id='par_1_22' title="bbox 225 1029 1018 1072">
     <span class='ocr_line' id='line_1_22' title="bbox 225 1029 1018 1072; baseline 0.013 -17"><span class='ocrx_word' id='word_1_159' title='bbox 225 1029 360 1065; x_wconf 71' lang='grc' dir='ltr'>ἀήττητον</span> <span class='ocrx_word' id='word_1_160' title='bbox 385 1031 430 1058; x_wconf 78' lang='grc' dir='ltr'>τὸν</span> <span class='ocrx_word' id='word_1_161' title='bbox 448 1032 578 1068; x_wconf 84' lang='grc' dir='ltr'>ἀθλητὴν,</span> <span class='ocrx_word' id='word_1_162' title='bbox 591 1034 638 1060; x_wconf 76' lang='grc' dir='ltr'>καὶ</span> <span class='ocrx_word' id='word_1_163' title='bbox 657 1034 696 1066; x_wconf 82' lang='grc' dir='ltr'><strong>ὡς</strong></span> <span class='ocrx_word' id='word_1_164' title='bbox 709 1035 746 1071; x_wconf 86' lang='grc' dir='ltr'>τῷ</span> <span class='ocrx_word' id='word_1_165' title='bbox 763 1035 850 1072; x_wconf 78' lang='grc' dir='ltr'>Ἀδὰμ</span> <span class='ocrx_word' id='word_1_166' title='bbox 863 1036 1018 1072; x_wconf 79' lang='grc' dir='ltr'>προσελθὼν</span> 
     </span>
    </p>
   </div>
   <div class='ocr_carea' id='block_1_23' title="bbox 223 1071 646 1114">
    <p class='ocr_par' dir='ltr' id='par_1_23' title="bbox 223 1071 646 1114">
     <span class='ocr_line' id='line_1_23' title="bbox 223 1071 646 1114; baseline 0.009 -13"><span class='ocrx_word' id='word_1_167' title='bbox 223 1075 274 1110; x_wconf 86' lang='grc' dir='ltr'>οὺχ</span> <span class='ocrx_word' id='word_1_168' title='bbox 291 1071 383 1112; x_wconf 77' lang='grc' dir='ltr'>εὗρεν,</span> <span class='ocrx_word' id='word_1_169' title='bbox 403 1076 433 1103; x_wconf 86' lang='grc' dir='ltr'><strong>ὃν</strong></span> <span class='ocrx_word' id='word_1_170' title='bbox 451 1078 646 1114; x_wconf 76' lang='grc' dir='ltr'>προσεδόκησε.</span> 
     </span>
    </p>
   </div>
   <div class='ocr_carea' id='block_1_24' title="bbox 261 1174 1016 1216">
    <p class='ocr_par' dir='ltr' id='par_1_24' title="bbox 261 1174 1016 1216">
     <span class='ocr_line' id='line_1_24' title="bbox 261 1174 1016 1216; baseline 0.008 -15"><span class='ocrx_word' id='word_1_171' title='bbox 261 1174 307 1210; x_wconf 86' lang='grc' dir='ltr'><strong>Τῷ</strong></span> <span class='ocrx_word' id='word_1_172' title='bbox 324 1174 353 1202; x_wconf 78' lang='grc' dir='ltr'><strong>δέ</strong></span> <span class='ocrx_word' id='word_1_173' title='bbox 366 1176 463 1211; x_wconf 84' lang='grc' dir='ltr'>νικητῇ</span> <span class='ocrx_word' id='word_1_174' title='bbox 481 1176 678 1211; x_wconf 82' lang='grc' dir='ltr'>προσελθόντες</span> <span class='ocrx_word' id='word_1_175' title='bbox 699 1178 821 1213; x_wconf 75' lang='grc' dir='ltr'>ἄγγελοι,</span> <span class='ocrx_word' id='word_1_176' title='bbox 835 1180 860 1206; x_wconf 80' lang='grc' dir='ltr'>οἳ</span> <span class='ocrx_word' id='word_1_177' title='bbox 875 1179 1016 1216; x_wconf 75' lang='grc' dir='ltr'>πόρρωθεν</span> 
     </span>
    </p>
   </div>
   <div class='ocr_carea' id='block_1_25' title="bbox 223 1219 1015 1260">
    <p class='ocr_par' dir='ltr' id='par_1_25' title="bbox 223 1219 1015 1260">
     <span class='ocr_line' id='line_1_25' title="bbox 223 1219 1015 1260; baseline 0.008 -14"><span class='ocrx_word' id='word_1_178' title='bbox 223 1219 360 1256; x_wconf 73' lang='grc' dir='ltr'>ἐθεώρουν</span> <span class='ocrx_word' id='word_1_179' title='bbox 379 1220 428 1256; x_wconf 84' lang='grc' dir='ltr'><strong>τὴν</strong></span> <span class='ocrx_word' id='word_1_180' title='bbox 446 1221 545 1256; x_wconf 77' lang='grc' dir='ltr'>πάλην,</span> <span class='ocrx_word' id='word_1_181' title='bbox 558 1222 684 1259; x_wconf 82' lang='grc' dir='ltr'>καθάπερ</span> <span class='ocrx_word' id='word_1_182' title='bbox 700 1224 770 1255; x_wconf 75' lang='grc' dir='ltr'>τινὲς</span> <span class='ocrx_word' id='word_1_183' title='bbox 787 1225 901 1260; x_wconf 69' lang='grc' dir='ltr'>ἐρασταὶ</span> <span class='ocrx_word' id='word_1_184' title='bbox 923 1225 1015 1260; x_wconf 87' lang='grc' dir='ltr'>διηκό-</span> 
     </span>
    </p>
   </div>
   <div class='ocr_carea' id='block_1_26' title="bbox 223 1265 1014 1304">
    <p class='ocr_par' dir='ltr' id='par_1_26' title="bbox 223 1265 1014 1304">
     <span class='ocr_line' id='line_1_26' title="bbox 223 1265 1014 1304; baseline 0.008 -13"><span class='ocrx_word' id='word_1_185' title='bbox 223 1273 297 1297; x_wconf 78' lang='grc' dir='ltr'>νουν,</span> <span class='ocrx_word' id='word_1_186' title='bbox 313 1265 450 1301; x_wconf 79' lang='grc' dir='ltr'>ἐχόρευον,</span> <span class='ocrx_word' id='word_1_187' title='bbox 472 1267 616 1302; x_wconf 81' lang='grc' dir='ltr'>εὐφήμουν</span> <span class='ocrx_word' id='word_1_188' title='bbox 633 1267 679 1294; x_wconf 75' lang='grc' dir='ltr'><strong>τὸν</strong></span> <span class='ocrx_word' id='word_1_189' title='bbox 694 1268 824 1304; x_wconf 78' lang='grc' dir='ltr'>ἀθλητὴν,</span> <span class='ocrx_word' id='word_1_190' title='bbox 839 1270 1014 1304; x_wconf 76' lang='grc' dir='ltr'>ἐστεφάνουν,</span> 
     </span>
    </p>
   </div>
   <div class='ocr_carea' id='block_1_27' title="bbox 223 1311 1015 1352">
    <p class='ocr_par' dir='ltr' id='par_1_27' title="bbox 223 1311 1015 1352">
     <span class='ocr_line' id='line_1_27' title="bbox 223 1311 1015 1352; baseline 0.01 -16"><span class='ocrx_word' id='word_1_191' title='bbox 223 1311 417 1346; x_wconf 81' lang='grc' dir='ltr'>ἀνεκήρυττον,</span> <span class='ocrx_word' id='word_1_192' title='bbox 433 1311 541 1348; x_wconf 75' lang='grc' dir='ltr'>ἔχαιρον</span> <span class='ocrx_word' id='word_1_193' title='bbox 560 1313 607 1339; x_wconf 75' lang='grc' dir='ltr'>ἐπὶ</span> <span class='ocrx_word' id='word_1_194' title='bbox 628 1315 661 1349; x_wconf 85' lang='grc' dir='ltr'><strong>τῇ</strong></span> <span class='ocrx_word' id='word_1_195' title='bbox 674 1314 728 1341; x_wconf 90' lang='grc' dir='ltr'>τῶν</span> <span class='ocrx_word' id='word_1_196' title='bbox 744 1315 898 1350; x_wconf 72' lang='grc' dir='ltr'><strong>ὁμοδούλων</strong></span> <span class='ocrx_word' id='word_1_197' title='bbox 910 1316 1015 1352; x_wconf 85' lang='grc' dir='ltr'>ἀνθρώ-</span> 
     </span>
    </p>
   </div>
   <div class='ocr_carea' id='block_1_28' title="bbox 223 1356 1014 1397">
    <p class='ocr_par' dir='ltr' id='par_1_28' title="bbox 223 1356 1014 1397">
     <span class='ocr_line' id='line_1_28' title="bbox 223 1356 1014 1397; baseline 0.008 -15"><span class='ocrx_word' id='word_1_198' title='bbox 223 1365 282 1383; x_wconf 83' lang='grc' dir='ltr'><strong>πων</strong></span> <span class='ocrx_word' id='word_1_199' title='bbox 300 1356 453 1393; x_wconf 75' lang='grc' dir='ltr'>ἐλευθερίᾳ,</span> <span class='ocrx_word' id='word_1_200' title='bbox 469 1358 616 1392; x_wconf 78' lang='grc' dir='ltr'>ἐγάννυντο</span> <span class='ocrx_word' id='word_1_201' title='bbox 635 1359 683 1386; x_wconf 82' lang='grc' dir='ltr'>τοῦ</span> <span class='ocrx_word' id='word_1_202' title='bbox 696 1360 844 1388; x_wconf 77' lang='grc' dir='ltr'>ἀντιπάλου</span> <span class='ocrx_word' id='word_1_203' title='bbox 863 1361 913 1397; x_wconf 84' lang='grc' dir='ltr'><strong>τὴν</strong></span> <span class='ocrx_word' id='word_1_204' title='bbox 929 1359 1014 1397; x_wconf 80' lang='grc' dir='ltr'><strong>ἧτταν</strong></span> 
     </span>
    </p>
   </div>
   <div class='ocr_carea' id='block_1_29' title="bbox 221 1401 348 1438">
    <p class='ocr_par' dir='ltr' id='par_1_29' title="bbox 221 1401 348 1438">
     <span class='ocr_line' id='line_1_29' title="bbox 221 1401 348 1438; baseline 0 -9"><span class='ocrx_word' id='word_1_205' title='bbox 221 1401 348 1438; x_wconf 82' lang='grc' dir='ltr'>ὁρῶντες.</span> 
     </span>
    </p>
   </div>
   <div class='ocr_carea' id='block_1_30' title="bbox 255 1458 1013 1499">
    <p class='ocr_par' dir='ltr' id='par_1_30' title="bbox 255 1458 1013 1499">
     <span class='ocr_line' id='line_1_30' title="bbox 255 1458 1013 1499; baseline 0.008 -14"><span class='ocrx_word' id='word_1_206' title='bbox 255 1458 351 1486; x_wconf 79' lang='grc' dir='ltr'>Ταῦτα</span> <span class='ocrx_word' id='word_1_207' title='bbox 361 1460 411 1495; x_wconf 79' lang='grc' dir='ltr'>τὴν</span> <span class='ocrx_word' id='word_1_208' title='bbox 431 1460 620 1497; x_wconf 78' lang='grc' dir='ltr'>’Δπολιναρίου</span> <span class='ocrx_word' id='word_1_209' title='bbox 640 1462 832 1498; x_wconf 82' lang='grc' dir='ltr'>ματαιολογίαν</span> <span class='ocrx_word' id='word_1_210' title='bbox 849 1464 964 1499; x_wconf 82' lang='grc' dir='ltr'>ἐλέγχει,</span> <span class='ocrx_word' id='word_1_211' title='bbox 982 1464 1013 1495; x_wconf 78' lang='grc' dir='ltr'>ὃς</span> 
     </span>
    </p>
   </div>
   <div class='ocr_carea' id='block_1_31' title="bbox 220 1504 1008 1545">
    <p class='ocr_par' dir='ltr' id='par_1_31' title="bbox 220 1504 1008 1545">
     <span class='ocr_line' id='line_1_31' title="bbox 220 1504 1008 1545; baseline 0.009 -15"><span class='ocrx_word' id='word_1_212' title='bbox 220 1504 282 1531; x_wconf 75' lang='grc' dir='ltr'>ἀντὶ</span> <span class='ocrx_word' id='word_1_213' title='bbox 295 1504 342 1531; x_wconf 77' lang='grc' dir='ltr'><strong>νοῦ</strong></span> <span class='ocrx_word' id='word_1_214' title='bbox 359 1505 404 1532; x_wconf 83' lang='grc' dir='ltr'><strong>τὸν</strong></span> <span class='ocrx_word' id='word_1_215' title='bbox 422 1506 488 1534; x_wconf 73' lang='grc' dir='ltr'>Θεὸν</span> <span class='ocrx_word' id='word_1_216' title='bbox 510 1507 598 1541; x_wconf 81' lang='grc' dir='ltr'>Λόγον</span> <span class='ocrx_word' id='word_1_217' title='bbox 617 1508 757 1544; x_wconf 84' lang='grc' dir='ltr'>ἐνοικῆσαι</span> <span class='ocrx_word' id='word_1_218' title='bbox 781 1509 856 1544; x_wconf 84' lang='grc' dir='ltr'>λέγει</span> <span class='ocrx_word' id='word_1_219' title='bbox 870 1511 903 1545; x_wconf 85' lang='grc' dir='ltr'>τῇ</span> <span class='ocrx_word' id='word_1_220' title='bbox 924 1518 1008 1542; x_wconf 85' lang='grc' dir='ltr'>προσ-</span> 
     </span>
    </p>
   </div>
   <div class='ocr_carea' id='block_1_32' title="bbox 1075 268 1868 307">
    <p class='ocr_par' dir='ltr' id='par_1_32' title="bbox 1075 268 1868 307">
     <span class='ocr_line' id='line_1_32' title="bbox 1075 268 1868 307; baseline 0.014 -14"><span class='ocrx_word' id='word_1_221' title='bbox 1075 274 1127 293; x_wconf 88' lang='lat' dir='ltr'><strong>nec</strong></span> <span class='ocrx_word' id='word_1_222' title='bbox 1141 271 1232 294; x_wconf 81' lang='lat' dir='ltr'><strong>tamen</strong></span> <span class='ocrx_word' id='word_1_223' title='bbox 1246 268 1280 296; x_wconf 93' lang='lat' dir='ltr'><strong>de</strong></span> <span class='ocrx_word' id='word_1_224' title='bbox 1292 269 1406 297; x_wconf 74' lang='lat' dir='ltr'><strong>victoria</strong></span> <span class='ocrx_word' id='word_1_225' title='bbox 1425 278 1500 305; x_wconf 83' lang='lat' dir='ltr'><strong>spem</strong></span> <span class='ocrx_word' id='word_1_226' title='bbox 1517 272 1627 307; x_wconf 86' lang='lat' dir='ltr'><strong>abjecit,</strong></span> <span class='ocrx_word' id='word_1_227' title='bbox 1643 281 1706 301; x_wconf 90' lang='lat' dir='ltr'><strong>cum</strong></span> <span class='ocrx_word' id='word_1_228' title='bbox 1719 275 1794 303; x_wconf 88' lang='lat' dir='ltr'><strong>hunc</strong></span> <span class='ocrx_word' id='word_1_229' title='bbox 1804 284 1868 305; x_wconf 79' lang='lat' dir='ltr'><strong>esse</strong></span> 
     </span>
    </p>
   </div>
   <div class='ocr_carea' id='block_1_33' title="bbox 1075 311 1867 354">
    <p class='ocr_par' dir='ltr' id='par_1_33' title="bbox 1075 311 1867 354">
     <span class='ocr_line' id='line_1_33' title="bbox 1075 311 1867 354; baseline 0.014 -16"><span class='ocrx_word' id='word_1_230' title='bbox 1075 311 1215 340; x_wconf 84' lang='lat' dir='ltr'><strong>hominem</strong></span> <span class='ocrx_word' id='word_1_231' title='bbox 1226 313 1344 346; x_wconf 77' lang='lat' dir='ltr'><strong>audiret,</strong></span> <span class='ocrx_word' id='word_1_232' title='bbox 1354 315 1400 350; x_wconf 91' lang='lat' dir='ltr'><strong>qui</strong></span> <span class='ocrx_word' id='word_1_233' title='bbox 1416 315 1525 343; x_wconf 85' lang='lat' dir='ltr'><strong>dicebat</strong></span> <span class='ocrx_word' id='word_1_234' title='bbox 1539 326 1545 343; x_wconf 92' lang='lat'>:</span> <span class='ocrx_word' id='word_1_235' title='bbox 1557 317 1616 345; x_wconf 82' lang='lat' dir='ltr'><strong>Non</strong></span> <span class='ocrx_word' id='word_1_236' title='bbox 1630 327 1699 354; x_wconf 84' lang='lat' dir='ltr'><strong>pane</strong></span> <span class='ocrx_word' id='word_1_237' title='bbox 1709 319 1795 348; x_wconf 70' lang='lat' dir='ltr'><strong>solum</strong></span> <span class='ocrx_word' id='word_1_238' title='bbox 1804 323 1867 349; x_wconf 78' lang='lat' dir='ltr'><strong>vivit</strong></span> 
     </span>
    </p>
   </div>
   <div class='ocr_carea' id='block_1_34' title="bbox 1073 358 1865 398">
    <p class='ocr_par' dir='ltr' id='par_1_34' title="bbox 1073 358 1865 398">
     <span class='ocr_line' id='line_1_34' title="bbox 1073 358 1865 398; baseline 0.013 -14"><span class='ocrx_word' id='word_1_239' title='bbox 1073 358 1160 385; x_wconf 82' lang='lat' dir='ltr'><strong>homo.</strong></span> <span class='ocrx_word' id='word_1_240' title='bbox 1175 358 1239 386; x_wconf 88' lang='lat' dir='ltr'><strong>Ideo</strong></span> <span class='ocrx_word' id='word_1_241' title='bbox 1255 359 1369 387; x_wconf 87' lang='lat' dir='ltr'><strong>alteram</strong></span> <span class='ocrx_word' id='word_1_242' title='bbox 1391 361 1453 396; x_wconf 88' lang='lat' dir='ltr'><strong>ipsi,</strong></span> <span class='ocrx_word' id='word_1_243' title='bbox 1475 362 1639 398; x_wconf 73' lang='lat' dir='ltr'><strong>tertiamque</strong></span> <span class='ocrx_word' id='word_1_244' title='bbox 1657 365 1789 393; x_wconf 88' lang='lat' dir='ltr'><strong>continuo</strong></span> <span class='ocrx_word' id='word_1_245' title='bbox 1803 370 1865 394; x_wconf 92' lang='lat' dir='ltr'><strong>tcn-</strong></span> 
     </span>
    </p>
   </div>
   <div class='ocr_carea' id='block_1_35' title="bbox 1074 403 1869 443">
    <p class='ocr_par' dir='ltr' id='par_1_35' title="bbox 1074 403 1869 443">
     <span class='ocr_line' id='line_1_35' title="bbox 1074 403 1869 443; baseline 0.01 -13"><span class='ocrx_word' id='word_1_246' title='bbox 1074 403 1208 431; x_wconf 89' lang='lat' dir='ltr'><strong>tationem</strong></span> <span class='ocrx_word' id='word_1_247' title='bbox 1221 404 1297 432; x_wconf 88' lang='lat' dir='ltr'><strong>velut</strong></span> <span class='ocrx_word' id='word_1_248' title='bbox 1320 406 1456 440; x_wconf 64' lang='lat' dir='ltr'><strong>praecinit,</strong></span> <span class='ocrx_word' id='word_1_249' title='bbox 1478 408 1559 435; x_wconf 87' lang='lat' dir='ltr'><strong>modo</strong></span> <span class='ocrx_word' id='word_1_250' title='bbox 1582 409 1694 443; x_wconf 88' lang='lat' dir='ltr'><strong>quidem</strong></span> <span class='ocrx_word' id='word_1_251' title='bbox 1706 410 1800 438; x_wconf 90' lang='lat' dir='ltr'><strong>dicens</strong></span> <span class='ocrx_word' id='word_1_252' title='bbox 1818 410 1869 438; x_wconf 67' lang='grc' dir='ltr'>πεί</span> 
     </span>
    </p>
   </div>
   <div class='ocr_carea' id='block_1_36' title="bbox 1072 447 1865 491">
    <p class='ocr_par' dir='ltr' id='par_1_36' title="bbox 1072 447 1865 491">
     <span class='ocr_line' id='line_1_36' title="bbox 1072 447 1865 491; baseline 0.014 -17"><span class='ocrx_word' id='word_1_253' title='bbox 1072 447 1156 476; x_wconf 72' lang='lat' dir='ltr'><strong>Filius</strong></span> <span class='ocrx_word' id='word_1_254' title='bbox 1169 449 1216 476; x_wconf 83' lang='lat' dir='ltr'><strong>Dei</strong></span> <span class='ocrx_word' id='word_1_255' title='bbox 1229 458 1266 482; x_wconf 76' lang='lat' dir='ltr'><strong>es,</strong></span> <span class='ocrx_word' id='word_1_256' title='bbox 1284 451 1357 478; x_wconf 80' lang='lat' dir='ltr'><strong>mitte</strong></span> <span class='ocrx_word' id='word_1_257' title='bbox 1373 455 1396 478; x_wconf 86' lang='lat' dir='ltr'><strong>te</strong></span> <span class='ocrx_word' id='word_1_258' title='bbox 1409 452 1540 486; x_wconf 78' lang='lat' dir='ltr'><strong>deorsum,</strong></span> <span class='ocrx_word' id='word_1_259' title='bbox 1550 454 1659 482; x_wconf 83' lang='lat' dir='ltr'><strong>inanem</strong></span> <span class='ocrx_word' id='word_1_260' title='bbox 1672 455 1784 491; x_wconf 77' lang='lat' dir='ltr'><strong>gloriam</strong></span> <span class='ocrx_word' id='word_1_261' title='bbox 1796 456 1865 484; x_wconf 81' lang='lat' dir='ltr'><strong>insi-</strong></span> 
     </span>
    </p>
   </div>
   <div class='ocr_carea' id='block_1_37' title="bbox 1072 492 1864 533">
    <p class='ocr_par' dir='ltr' id='par_1_37' title="bbox 1072 492 1864 533">
     <span class='ocr_line' id='line_1_37' title="bbox 1072 492 1864 533; baseline 0.013 -13"><span class='ocrx_word' id='word_1_262' title='bbox 1072 492 1149 521; x_wconf 88' lang='lat' dir='ltr'><strong>diose</strong></span> <span class='ocrx_word' id='word_1_263' title='bbox 1175 494 1322 523; x_wconf 85' lang='lat' dir='ltr'><strong>consulens</strong></span> <span class='ocrx_word' id='word_1_264' title='bbox 1347 504 1353 521; x_wconf 87' lang='lat'><strong>:</strong></span> <span class='ocrx_word' id='word_1_265' title='bbox 1373 497 1455 524; x_wconf 89' lang='lat' dir='ltr'><strong>modo</strong></span> <span class='ocrx_word' id='word_1_266' title='bbox 1478 505 1561 533; x_wconf 81' lang='lat' dir='ltr'><strong>regna</strong></span> <span class='ocrx_word' id='word_1_267' title='bbox 1584 500 1706 527; x_wconf 87' lang='lat' dir='ltr'><strong>universi</strong></span> <span class='ocrx_word' id='word_1_268' title='bbox 1726 505 1864 530; x_wconf 83' lang='lat' dir='ltr'><strong>terrarum</strong></span> 
     </span>
    </p>
   </div>
   <div class='ocr_carea' id='block_1_38' title="bbox 1071 539 1861 581">
    <p class='ocr_par' dir='ltr' id='par_1_38' title="bbox 1071 539 1861 581">
     <span class='ocr_line' id='line_1_38' title="bbox 1071 539 1861 581; baseline 0.013 -16"><span class='ocrx_word' id='word_1_269' title='bbox 1071 539 1146 567; x_wconf 87' lang='lat' dir='ltr'><strong>orbis</strong></span> <span class='ocrx_word' id='word_1_270' title='bbox 1166 544 1317 574; x_wconf 85' lang='lat' dir='ltr'><strong>ostentans,</strong></span> <span class='ocrx_word' id='word_1_271' title='bbox 1340 549 1427 577; x_wconf 86' lang='lat' dir='ltr'><strong>eaque</strong></span> <span class='ocrx_word' id='word_1_272' title='bbox 1447 550 1476 570; x_wconf 83' lang='lat' dir='ltr'><strong>se</strong></span> <span class='ocrx_word' id='word_1_273' title='bbox 1495 544 1694 573; x_wconf 82' lang='lat' dir='ltr'><strong>retributurum</strong></span> <span class='ocrx_word' id='word_1_274' title='bbox 1712 546 1861 581; x_wconf 76' lang='lat' dir='ltr'><strong>spondens,</strong></span> 
     </span>
    </p>
   </div>
   <div class='ocr_carea' id='block_1_39' title="bbox 1071 585 1857 626">
    <p class='ocr_par' dir='ltr' id='par_1_39' title="bbox 1071 585 1857 626">
     <span class='ocr_line' id='line_1_39' title="bbox 1071 585 1857 626; baseline 0.011 -15"><span class='ocrx_word' id='word_1_275' title='bbox 1071 585 1093 612; x_wconf 86' lang='lat' dir='ltr'><strong>si</strong></span> <span class='ocrx_word' id='word_1_276' title='bbox 1107 585 1184 620; x_wconf 88' lang='lat' dir='ltr'><strong>prius</strong></span> <span class='ocrx_word' id='word_1_277' title='bbox 1197 586 1231 613; x_wconf 86' lang='lat' dir='ltr'><strong>ab</strong></span> <span class='ocrx_word' id='word_1_278' title='bbox 1245 593 1278 614; x_wconf 92' lang='lat' dir='ltr'><strong>eo</strong></span> <span class='ocrx_word' id='word_1_279' title='bbox 1303 586 1472 616; x_wconf 88' lang='lat' dir='ltr'><strong>adorationis</strong></span> <span class='ocrx_word' id='word_1_280' title='bbox 1492 590 1596 617; x_wconf 91' lang='lat' dir='ltr'><strong>cultum</strong></span> <span class='ocrx_word' id='word_1_281' title='bbox 1620 591 1781 626; x_wconf 83' lang='lat' dir='ltr'><strong>accepisset.</strong></span> <span class='ocrx_word' id='word_1_282' title='bbox 1805 592 1857 620; x_wconf 79' lang='lat' dir='ltr'><strong>Sed</strong></span> 
     </span>
    </p>
   </div>
   <div class='ocr_carea' id='block_1_40' title="bbox 1070 632 1859 667">
    <p class='ocr_par' dir='ltr' id='par_1_40' title="bbox 1070 632 1859 667">
     <span class='ocr_line' id='line_1_40' title="bbox 1070 632 1859 667; baseline 0.009 -9"><span class='ocrx_word' id='word_1_283' title='bbox 1070 635 1217 666; x_wconf 88' lang='lat' dir='ltr'><strong>postquam</strong></span> <span class='ocrx_word' id='word_1_284' title='bbox 1229 632 1319 667; x_wconf 91' lang='lat' dir='ltr'><strong>ipsum</strong></span> <span class='ocrx_word' id='word_1_285' title='bbox 1332 633 1458 662; x_wconf 88' lang='lat' dir='ltr'><strong>Christus</strong></span> <span class='ocrx_word' id='word_1_286' title='bbox 1473 635 1507 662; x_wconf 89' lang='lat' dir='ltr'><strong>ad</strong></span> <span class='ocrx_word' id='word_1_287' title='bbox 1527 639 1652 663; x_wconf 79' lang='lat' dir='ltr'><strong>veterum</strong></span> <span class='ocrx_word' id='word_1_288' title='bbox 1673 636 1859 665; x_wconf 85' lang='lat' dir='ltr'><strong>institutorum</strong></span> 
     </span>
    </p>
   </div>
   <div class='ocr_carea' id='block_1_41' title="bbox 1070 672 1862 716">
    <p class='ocr_par' dir='ltr' id='par_1_41' title="bbox 1070 672 1862 716">
     <span class='ocr_line' id='line_1_41' title="bbox 1070 672 1862 716; baseline 0.009 -12"><span class='ocrx_word' id='word_1_289' title='bbox 1070 678 1232 705; x_wconf 80' lang='lat' dir='ltr'><strong>memoriam</strong></span> <span class='ocrx_word' id='word_1_290' title='bbox 1254 672 1405 712; x_wconf 80' lang='lat' dir='ltr'><strong>revocavit,</strong></span> <span class='ocrx_word' id='word_1_291' title='bbox 1423 680 1571 716; x_wconf 87' lang='lat' dir='ltr'><strong>docuitque</strong></span> <span class='ocrx_word' id='word_1_292' title='bbox 1592 689 1622 709; x_wconf 83' lang='lat' dir='ltr'><strong>se</strong></span> <span class='ocrx_word' id='word_1_293' title='bbox 1634 689 1689 709; x_wconf 90' lang='lat' dir='ltr'><strong>non</strong></span> <span class='ocrx_word' id='word_1_294' title='bbox 1701 683 1862 711; x_wconf 89' lang='lat' dir='ltr'><strong>commissu—</strong></span> 
     </span>
    </p>
   </div>
   <div class='ocr_carea' id='block_1_42' title="bbox 1070 725 1861 762">
    <p class='ocr_par' dir='ltr' id='par_1_42' title="bbox 1070 725 1861 762">
     <span class='ocr_line' id='line_1_42' title="bbox 1070 725 1861 762; baseline 0.006 -12"><span class='ocrx_word' id='word_1_295' title='bbox 1070 731 1142 757; x_wconf 90' lang='lat' dir='ltr'><strong>rum,</strong></span> <span class='ocrx_word' id='word_1_296' title='bbox 1156 728 1186 751; x_wconf 91' lang='lat' dir='ltr'><strong>ut</strong></span> <span class='ocrx_word' id='word_1_297' title='bbox 1199 725 1332 752; x_wconf 90' lang='lat' dir='ltr'><strong>honorem</strong></span> <span class='ocrx_word' id='word_1_298' title='bbox 1347 725 1403 753; x_wconf 91' lang='lat' dir='ltr'><strong>Deo</strong></span> <span class='ocrx_word' id='word_1_299' title='bbox 1416 726 1540 754; x_wconf 88' lang='lat' dir='ltr'><strong>debitum</strong></span> <span class='ocrx_word' id='word_1_300' title='bbox 1554 726 1633 754; x_wconf 87' lang='lat' dir='ltr'><strong>alteri</strong></span> <span class='ocrx_word' id='word_1_301' title='bbox 1641 727 1769 762; x_wconf 88' lang='lat' dir='ltr'><strong>cuiquam</strong></span> <span class='ocrx_word' id='word_1_302' title='bbox 1784 728 1861 756; x_wconf 80' lang='lat' dir='ltr'><strong>exhi-</strong></span> 
     </span>
    </p>
   </div>
   <div class='ocr_carea' id='block_1_43' title="bbox 1069 769 1860 801">
    <p class='ocr_par' dir='ltr' id='par_1_43' title="bbox 1069 769 1860 801">
     <span class='ocr_line' id='line_1_43' title="bbox 1069 769 1860 801; baseline 0.005 -5"><span class='ocrx_word' id='word_1_303' title='bbox 1069 769 1158 801; x_wconf 87' lang='lat' dir='ltr'><strong>beret,</strong></span> <span class='ocrx_word' id='word_1_304' title='bbox 1174 777 1226 798; x_wconf 90' lang='lat' dir='ltr'><strong>nec</strong></span> <span class='ocrx_word' id='word_1_305' title='bbox 1236 777 1292 798; x_wconf 90' lang='lat' dir='ltr'><strong>non</strong></span> <span class='ocrx_word' id='word_1_306' title='bbox 1307 770 1452 798; x_wconf 84' lang='lat' dir='ltr'><strong>admonuit</strong></span> <span class='ocrx_word' id='word_1_307' title='bbox 1465 771 1582 799; x_wconf 87' lang='lat' dir='ltr'><strong>aliorum</strong></span> <span class='ocrx_word' id='word_1_308' title='bbox 1595 772 1645 799; x_wconf 91' lang='lat' dir='ltr'><strong>Dei</strong></span> <span class='ocrx_word' id='word_1_309' title='bbox 1657 772 1860 800; x_wconf 81' lang='lat' dir='ltr'><strong>mandatorum.</strong></span> 
     </span>
    </p>
   </div>
   <div class='ocr_carea' id='block_1_44' title="bbox 1069 816 1859 849">
    <p class='ocr_par' dir='ltr' id='par_1_44' title="bbox 1069 816 1859 849">
     <span class='ocr_line' id='line_1_44' title="bbox 1069 816 1859 849; baseline 0.006 -7"><span class='ocrx_word' id='word_1_310' title='bbox 1069 823 1131 849; x_wconf 69' lang='lat' dir='ltr'><strong>qua:</strong></span> <span class='ocrx_word' id='word_1_311' title='bbox 1148 816 1272 848; x_wconf 87' lang='lat' dir='ltr'><strong>edicunt,</strong></span> <span class='ocrx_word' id='word_1_312' title='bbox 1295 824 1350 844; x_wconf 89' lang='lat' dir='ltr'><strong>non</strong></span> <span class='ocrx_word' id='word_1_313' title='bbox 1366 818 1375 827; x_wconf 83' lang='lat'>&#39;</span> <span class='ocrx_word' id='word_1_314' title='bbox 1396 817 1556 845; x_wconf 87' lang='lat' dir='ltr'><strong>tentandum</strong></span> <span class='ocrx_word' id='word_1_315' title='bbox 1579 825 1640 846; x_wconf 87' lang='lat' dir='ltr'><strong>esse</strong></span> <span class='ocrx_word' id='word_1_316' title='bbox 1668 818 1859 846; x_wconf 89' lang='lat' dir='ltr'><strong>universorum</strong></span> 
     </span>
    </p>
   </div>
   <div class='ocr_carea' id='block_1_45' title="bbox 1069 860 1858 899">
    <p class='ocr_par' dir='ltr' id='par_1_45' title="bbox 1069 860 1858 899">
     <span class='ocr_line' id='line_1_45' title="bbox 1069 860 1858 899; baseline 0.006 -12"><span class='ocrx_word' id='word_1_317' title='bbox 1069 860 1156 888; x_wconf 90' lang='lat' dir='ltr'><strong>Deum</strong></span> <span class='ocrx_word' id='word_1_318' title='bbox 1170 870 1176 888; x_wconf 93' lang='lat'>:</span> <span class='ocrx_word' id='word_1_319' title='bbox 1194 861 1300 897; x_wconf 80' lang='lat' dir='ltr'><strong>aufugit</strong></span> <span class='ocrx_word' id='word_1_320' title='bbox 1311 862 1356 889; x_wconf 91' lang='lat' dir='ltr'><strong>ille</strong></span> <span class='ocrx_word' id='word_1_321' title='bbox 1367 862 1490 898; x_wconf 88' lang='lat' dir='ltr'><strong>quidem,</strong></span> <span class='ocrx_word' id='word_1_322' title='bbox 1503 871 1560 891; x_wconf 90' lang='lat' dir='ltr'><strong>non</strong></span> <span class='ocrx_word' id='word_1_323' title='bbox 1570 863 1663 891; x_wconf 81' lang='lat' dir='ltr'><strong>ferens</strong></span> <span class='ocrx_word' id='word_1_324' title='bbox 1681 864 1858 899; x_wconf 78' lang='lat' dir='ltr'><strong>ignominiam</strong></span> 
     </span>
    </p>
   </div>
   <div class='ocr_carea' id='block_1_46' title="bbox 1069 906 1858 944">
    <p class='ocr_par' dir='ltr' id='par_1_46' title="bbox 1069 906 1858 944">
     <span class='ocr_line' id='line_1_46' title="bbox 1069 906 1858 944; baseline 0.004 -11"><span class='ocrx_word' id='word_1_325' title='bbox 1069 906 1155 933; x_wconf 88' lang='lat' dir='ltr'><strong>eladis</strong></span> <span class='ocrx_word' id='word_1_326' title='bbox 1171 914 1239 940; x_wconf 67' lang='lat' dir='ltr'><strong>suae,</strong></span> <span class='ocrx_word' id='word_1_327' title='bbox 1257 915 1415 942; x_wconf 85' lang='lat' dir='ltr'><strong>pavensque</strong></span> <span class='ocrx_word' id='word_1_328' title='bbox 1437 915 1469 935; x_wconf 87' lang='lat' dir='ltr'><strong>ac</strong></span> <span class='ocrx_word' id='word_1_329' title='bbox 1486 908 1710 942; x_wconf 87' lang='lat' dir='ltr'><strong>contremiscens,</strong></span> <span class='ocrx_word' id='word_1_330' title='bbox 1729 916 1812 944; x_wconf 84' lang='lat' dir='ltr'><strong>seque</strong></span> <span class='ocrx_word' id='word_1_331' title='bbox 1826 917 1858 937; x_wconf 84' lang='lat' dir='ltr'><strong>ex</strong></span> 
     </span>
    </p>
   </div>
   <div class='ocr_carea' id='block_1_47' title="bbox 1069 953 1859 990">
    <p class='ocr_par' dir='ltr' id='par_1_47' title="bbox 1069 953 1859 990">
     <span class='ocr_line' id='line_1_47' title="bbox 1069 953 1859 990; baseline 0.005 -11"><span class='ocrx_word' id='word_1_332' title='bbox 1069 953 1213 988; x_wconf 83' lang='lat' dir='ltr'><strong>tyrannide</strong></span> <span class='ocrx_word' id='word_1_333' title='bbox 1243 953 1428 988; x_wconf 87' lang='lat' dir='ltr'><strong>dejiciendum</strong></span> <span class='ocrx_word' id='word_1_334' title='bbox 1453 958 1633 989; x_wconf 76' lang='lat' dir='ltr'><strong>exspectans,</strong></span> <span class='ocrx_word' id='word_1_335' title='bbox 1666 955 1767 990; x_wconf 86' lang='lat' dir='ltr'><strong>quippe</strong></span> <span class='ocrx_word' id='word_1_336' title='bbox 1796 963 1859 983; x_wconf 87' lang='lat' dir='ltr'><strong>cum</strong></span> 
     </span>
    </p>
   </div>
   <div class='ocr_carea' id='block_1_48' title="bbox 1067 998 1859 1035">
    <p class='ocr_par' dir='ltr' id='par_1_48' title="bbox 1067 998 1859 1035">
     <span class='ocr_line' id='line_1_48' title="bbox 1067 998 1859 1035; baseline 0.004 -10"><span class='ocrx_word' id='word_1_337' title='bbox 1067 998 1210 1026; x_wconf 82' lang='lat' dir='ltr'><strong>exhaustis</strong></span> <span class='ocrx_word' id='word_1_338' title='bbox 1224 999 1353 1027; x_wconf 86' lang='lat' dir='ltr'><strong>omnibus</strong></span> <span class='ocrx_word' id='word_1_339' title='bbox 1376 1000 1450 1031; x_wconf 87' lang='lat' dir='ltr'><strong>telis,</strong></span> <span class='ocrx_word' id='word_1_340' title='bbox 1470 1000 1654 1035; x_wconf 86' lang='lat' dir='ltr'><strong>omnibusque</strong></span> <span class='ocrx_word' id='word_1_341' title='bbox 1671 1000 1802 1028; x_wconf 85' lang='lat' dir='ltr'><strong>adhibitis</strong></span> <span class='ocrx_word' id='word_1_342' title='bbox 1817 1001 1859 1028; x_wconf 77' lang='lat' dir='ltr'><strong>lu—</strong></span> 
     </span>
    </p>
   </div>
   <div class='ocr_carea' id='block_1_49' title="bbox 1068 1044 1859 1081">
    <p class='ocr_par' dir='ltr' id='par_1_49' title="bbox 1068 1044 1859 1081">
     <span class='ocr_line' id='line_1_49' title="bbox 1068 1044 1859 1081; baseline 0.004 -11"><span class='ocrx_word' id='word_1_343' title='bbox 1068 1044 1160 1071; x_wconf 85' lang='lat' dir='ltr'><strong>etandi</strong></span> <span class='ocrx_word' id='word_1_344' title='bbox 1182 1044 1254 1072; x_wconf 88' lang='lat' dir='ltr'><strong>dolis</strong></span> <span class='ocrx_word' id='word_1_345' title='bbox 1276 1045 1480 1073; x_wconf 88' lang='lat' dir='ltr'><strong>invulneratum</strong></span> <span class='ocrx_word' id='word_1_346' title='bbox 1500 1046 1657 1081; x_wconf 73' lang='lat' dir='ltr'><strong>repetisset,</strong></span> <span class='ocrx_word' id='word_1_347' title='bbox 1671 1045 1859 1081; x_wconf 76' lang='lat' dir='ltr'><strong>invictumque</strong></span> 
     </span>
    </p>
   </div>
   <div class='ocr_carea' id='block_1_50' title="bbox 1066 1089 1857 1126">
    <p class='ocr_par' dir='ltr' id='par_1_50' title="bbox 1066 1089 1857 1126">
     <span class='ocr_line' id='line_1_50' title="bbox 1066 1089 1857 1126; baseline 0.005 -11"><span class='ocrx_word' id='word_1_348' title='bbox 1066 1089 1198 1124; x_wconf 78' lang='lat' dir='ltr'><strong>pugilem,</strong></span> <span class='ocrx_word' id='word_1_349' title='bbox 1220 1097 1272 1118; x_wconf 90' lang='lat' dir='ltr'><strong>nec</strong></span> <span class='ocrx_word' id='word_1_350' title='bbox 1295 1091 1405 1125; x_wconf 90' lang='lat' dir='ltr'><strong>qualem</strong></span> <span class='ocrx_word' id='word_1_351' title='bbox 1420 1091 1606 1125; x_wconf 79' lang='lat' dir='ltr'><strong>exspectabat.</strong></span> <span class='ocrx_word' id='word_1_352' title='bbox 1625 1098 1688 1118; x_wconf 84' lang='lat' dir='ltr'><strong>cum</strong></span> <span class='ocrx_word' id='word_1_353' title='bbox 1708 1091 1743 1118; x_wconf 88' lang='lat' dir='ltr'><strong>ad</strong></span> <span class='ocrx_word' id='word_1_354' title='bbox 1768 1091 1857 1126; x_wconf 87' lang='lat' dir='ltr'><strong>ipsum</strong></span> 
     </span>
    </p>
   </div>
   <div class='ocr_carea' id='block_1_51' title="bbox 1067 1133 1650 1168">
    <p class='ocr_par' dir='ltr' id='par_1_51' title="bbox 1067 1133 1650 1168">
     <span class='ocr_line' id='line_1_51' title="bbox 1067 1133 1650 1168; baseline 0.003 -8"><span class='ocrx_word' id='word_1_355' title='bbox 1067 1133 1184 1168; x_wconf 83' lang='lat' dir='ltr'><strong>perinde</strong></span> <span class='ocrx_word' id='word_1_356' title='bbox 1199 1138 1282 1168; x_wconf 87' lang='lat' dir='ltr'><strong>atque</strong></span> <span class='ocrx_word' id='word_1_357' title='bbox 1296 1134 1330 1161; x_wconf 88' lang='lat' dir='ltr'><strong>ad</strong></span> <span class='ocrx_word' id='word_1_358' title='bbox 1345 1135 1480 1162; x_wconf 81' lang='lat' dir='ltr'><strong>Adamum</strong></span> <span class='ocrx_word' id='word_1_359' title='bbox 1497 1135 1650 1163; x_wconf 85' lang='lat' dir='ltr'><strong>accederet.</strong></span> 
     </span>
    </p>
   </div>
   <div class='ocr_carea' id='block_1_52' title="bbox 1100 1179 1859 1215">
    <p class='ocr_par' dir='ltr' id='par_1_52' title="bbox 1100 1179 1859 1215">
     <span class='ocr_line' id='line_1_52' title="bbox 1100 1179 1859 1215; baseline 0.004 -10"><span class='ocrx_word' id='word_1_360' title='bbox 1100 1179 1195 1214; x_wconf 80' lang='lat' dir='ltr'><strong>Angeii</strong></span> <span class='ocrx_word' id='word_1_361' title='bbox 1208 1180 1256 1214; x_wconf 90' lang='lat' dir='ltr'><strong>qui</strong></span> <span class='ocrx_word' id='word_1_362' title='bbox 1277 1187 1394 1215; x_wconf 78' lang='lat' dir='ltr'><strong>pugnam</strong></span> <span class='ocrx_word' id='word_1_363' title='bbox 1417 1180 1525 1207; x_wconf 88' lang='lat' dir='ltr'><strong>eminus</strong></span> <span class='ocrx_word' id='word_1_364' title='bbox 1537 1180 1708 1215; x_wconf 85' lang='lat' dir='ltr'><strong>spectabant,</strong></span> <span class='ocrx_word' id='word_1_365' title='bbox 1725 1181 1859 1208; x_wconf 86' lang='lat' dir='ltr'><strong>acceden-</strong></span> 
     </span>
    </p>
   </div>
   <div class='ocr_carea' id='block_1_53' title="bbox 1066 1223 1857 1261">
    <p class='ocr_par' dir='ltr' id='par_1_53' title="bbox 1066 1223 1857 1261">
     <span class='ocr_line' id='line_1_53' title="bbox 1066 1223 1857 1261; baseline 0.003 -11"><span class='ocrx_word' id='word_1_366' title='bbox 1066 1229 1108 1250; x_wconf 89' lang='lat' dir='ltr'><strong>tes</strong></span> <span class='ocrx_word' id='word_1_367' title='bbox 1127 1223 1236 1256; x_wconf 88' lang='lat' dir='ltr'><strong>victori,</strong></span> <span class='ocrx_word' id='word_1_368' title='bbox 1254 1224 1329 1251; x_wconf 85' lang='lat' dir='ltr'><strong>velut</strong></span> <span class='ocrx_word' id='word_1_369' title='bbox 1347 1224 1427 1251; x_wconf 90' lang='lat' dir='ltr'><strong>amici</strong></span> <span class='ocrx_word' id='word_1_370' title='bbox 1445 1225 1557 1259; x_wconf 91' lang='lat' dir='ltr'><strong>quidam</strong></span> <span class='ocrx_word' id='word_1_371' title='bbox 1580 1224 1784 1256; x_wconf 86' lang='lat' dir='ltr'><strong>ministrabant,</strong></span> <span class='ocrx_word' id='word_1_372' title='bbox 1796 1233 1857 1261; x_wconf 72' lang='lat' dir='ltr'><strong>age-</strong></span> 
     </span>
    </p>
   </div>
   <div class='ocr_carea' id='block_1_54' title="bbox 1065 1269 1856 1305">
    <p class='ocr_par' dir='ltr' id='par_1_54' title="bbox 1065 1269 1856 1305">
     <span class='ocr_line' id='line_1_54' title="bbox 1065 1269 1856 1305; baseline 0.004 -10"><span class='ocrx_word' id='word_1_373' title='bbox 1065 1269 1185 1304; x_wconf 87' lang='lat' dir='ltr'><strong>bantque</strong></span> <span class='ocrx_word' id='word_1_374' title='bbox 1198 1269 1323 1301; x_wconf 89' lang='lat' dir='ltr'><strong>choreas,</strong></span> <span class='ocrx_word' id='word_1_375' title='bbox 1339 1273 1367 1297; x_wconf 92' lang='lat' dir='ltr'><strong>et</strong></span> <span class='ocrx_word' id='word_1_376' title='bbox 1380 1270 1547 1305; x_wconf 74' lang='lat' dir='ltr'><strong>gratulantes</strong></span> <span class='ocrx_word' id='word_1_377' title='bbox 1557 1270 1710 1303; x_wconf 84' lang='lat' dir='ltr'><strong>victoriam,</strong></span> <span class='ocrx_word' id='word_1_378' title='bbox 1726 1271 1856 1298; x_wconf 88' lang='lat' dir='ltr'><strong>athletam</strong></span> 
     </span>
    </p>
   </div>
   <div class='ocr_carea' id='block_1_55' title="bbox 1065 1314 1855 1347">
    <p class='ocr_par' dir='ltr' id='par_1_55' title="bbox 1065 1314 1855 1347">
     <span class='ocr_line' id='line_1_55' title="bbox 1065 1314 1855 1347; baseline 0.004 -7"><span class='ocrx_word' id='word_1_379' title='bbox 1065 1314 1245 1346; x_wconf 80' lang='lat' dir='ltr'><strong>coronabant,</strong></span> <span class='ocrx_word' id='word_1_380' title='bbox 1256 1314 1385 1342; x_wconf 87' lang='lat' dir='ltr'><strong>laudibus</strong></span> <span class='ocrx_word' id='word_1_381' title='bbox 1395 1315 1560 1347; x_wconf 82' lang='lat' dir='ltr'><strong>alliciebant,</strong></span> <span class='ocrx_word' id='word_1_382' title='bbox 1577 1319 1605 1343; x_wconf 91' lang='lat' dir='ltr'><strong>et</strong></span> <span class='ocrx_word' id='word_1_383' title='bbox 1619 1315 1782 1343; x_wconf 76' lang='lat' dir='ltr'><strong>laetabantur</strong></span> <span class='ocrx_word' id='word_1_384' title='bbox 1798 1320 1855 1343; x_wconf 90' lang='lat' dir='ltr'><strong>tum</strong></span> 
     </span>
    </p>
   </div>
   <div class='ocr_carea' id='block_1_56' title="bbox 1065 1359 1856 1396">
    <p class='ocr_par' dir='ltr' id='par_1_56' title="bbox 1065 1359 1856 1396">
     <span class='ocr_line' id='line_1_56' title="bbox 1065 1359 1856 1396; baseline 0.004 -9"><span class='ocrx_word' id='word_1_385' title='bbox 1065 1359 1099 1387; x_wconf 90' lang='lat' dir='ltr'><strong>de</strong></span> <span class='ocrx_word' id='word_1_386' title='bbox 1112 1368 1309 1388; x_wconf 78' lang='lat' dir='ltr'><strong>conservorum</strong></span> <span class='ocrx_word' id='word_1_387' title='bbox 1331 1362 1474 1390; x_wconf 89' lang='lat' dir='ltr'><strong>hominum</strong></span> <span class='ocrx_word' id='word_1_388' title='bbox 1487 1363 1625 1396; x_wconf 85' lang='lat' dir='ltr'><strong>libertate,</strong></span> <span class='ocrx_word' id='word_1_389' title='bbox 1639 1367 1696 1390; x_wconf 92' lang='lat' dir='ltr'><strong>tum</strong></span> <span class='ocrx_word' id='word_1_390' title='bbox 1709 1363 1744 1391; x_wconf 88' lang='lat' dir='ltr'><strong>de</strong></span> <span class='ocrx_word' id='word_1_391' title='bbox 1760 1362 1856 1390; x_wconf 86' lang='lat' dir='ltr'><strong>adver-</strong></span> 
     </span>
    </p>
   </div>
   <div class='ocr_carea' id='block_1_57' title="bbox 1064 1406 1534 1442">
    <p class='ocr_par' dir='ltr' id='par_1_57' title="bbox 1064 1406 1534 1442">
     <span class='ocr_line' id='line_1_57' title="bbox 1064 1406 1534 1442; baseline 0.006 -9"><span class='ocrx_word' id='word_1_392' title='bbox 1064 1406 1130 1433; x_wconf 88' lang='lat' dir='ltr'><strong>sarii</strong></span> <span class='ocrx_word' id='word_1_393' title='bbox 1145 1406 1233 1439; x_wconf 89' lang='lat' dir='ltr'><strong>clade,</strong></span> <span class='ocrx_word' id='word_1_394' title='bbox 1252 1414 1334 1442; x_wconf 90' lang='lat' dir='ltr'><strong>quam</strong></span> <span class='ocrx_word' id='word_1_395' title='bbox 1347 1408 1534 1436; x_wconf 86' lang='lat' dir='ltr'><strong>intuebantur.</strong></span> 
     </span>
    </p>
   </div>
   <div class='ocr_carea' id='block_1_58' title="bbox 1099 1461 1854 1502">
    <p class='ocr_par' dir='ltr' id='par_1_58' title="bbox 1099 1461 1854 1502">
     <span class='ocr_line' id='line_1_58' title="bbox 1099 1461 1854 1502; baseline 0.008 -14"><span class='ocrx_word' id='word_1_396' title='bbox 1099 1461 1163 1489; x_wconf 69' lang='lat' dir='ltr'><strong>Haec</strong></span> <span class='ocrx_word' id='word_1_397' title='bbox 1185 1461 1379 1497; x_wconf 78' lang='lat' dir='ltr'><strong>Apollinaris&quot;</strong></span> <span class='ocrx_word' id='word_1_398' title='bbox 1402 1468 1524 1499; x_wconf 82' lang='lat' dir='ltr'><strong>arguunt</strong></span> <span class='ocrx_word' id='word_1_399' title='bbox 1540 1466 1705 1498; x_wconf 87' lang='lat' dir='ltr'><strong>vanitatem,</strong></span> <span class='ocrx_word' id='word_1_400' title='bbox 1732 1467 1779 1502; x_wconf 91' lang='lat' dir='ltr'><strong>qui</strong></span> <span class='ocrx_word' id='word_1_401' title='bbox 1803 1475 1854 1502; x_wconf 89' lang='lat' dir='ltr'><strong>pro</strong></span> 
     </span>
    </p>
   </div>
   <div class='ocr_carea' id='block_1_59' title="bbox 1063 1507 1855 1548">
    <p class='ocr_par' dir='ltr' id='par_1_59' title="bbox 1063 1507 1855 1548">
     <span class='ocr_line' id='line_1_59' title="bbox 1063 1507 1855 1548; baseline 0.009 -14"><span class='ocrx_word' id='word_1_402' title='bbox 1063 1507 1171 1535; x_wconf 88' lang='lat' dir='ltr'><strong>ratione</strong></span> <span class='ocrx_word' id='word_1_403' title='bbox 1201 1508 1254 1544; x_wconf 84' lang='lat' dir='ltr'><strong>(vel</strong></span> <span class='ocrx_word' id='word_1_404' title='bbox 1279 1509 1382 1546; x_wconf 89' lang='lat' dir='ltr'><strong>mente)</strong></span> <span class='ocrx_word' id='word_1_405' title='bbox 1410 1510 1496 1538; x_wconf 90' lang='lat' dir='ltr'><strong>Deum</strong></span> <span class='ocrx_word' id='word_1_406' title='bbox 1521 1511 1640 1540; x_wconf 80' lang='lat' dir='ltr'><strong>Verbum</strong></span> <span class='ocrx_word' id='word_1_407' title='bbox 1664 1513 1691 1539; x_wconf 93' lang='lat' dir='ltr'><strong>in</strong></span> <span class='ocrx_word' id='word_1_408' title='bbox 1716 1518 1855 1548; x_wconf 85' lang='lat' dir='ltr'><strong>assumpta</strong></span> 
     </span>
    </p>
   </div>
   <div class='ocr_carea' id='block_1_60' title="bbox 219 1550 1012 1592">
    <p class='ocr_par' dir='ltr' id='par_1_60' title="bbox 219 1550 1010 1590">
     <span class='ocr_line' id='line_1_60' title="bbox 219 1550 1010 1590; baseline 0.01 -15"><span class='ocrx_word' id='word_1_409' title='bbox 219 1550 352 1586; x_wconf 82' lang='grc' dir='ltr'>ληφθείσῃ</span> <span class='ocrx_word' id='word_1_410' title='bbox 368 1551 459 1586; x_wconf 89' lang='grc' dir='ltr'>σαρκί.</span> <span class='ocrx_word' id='word_1_411' title='bbox 477 1552 509 1579; x_wconf 82' lang='lat' dir='ltr'><strong>Et</strong></span> <span class='ocrx_word' id='word_1_412' title='bbox 531 1553 586 1588; x_wconf 77' lang='grc' dir='ltr'><strong>γὰρ</strong></span> <span class='ocrx_word' id='word_1_413' title='bbox 600 1554 650 1580; x_wconf 82' lang='grc' dir='ltr'>οὐκ</span> <span class='ocrx_word' id='word_1_414' title='bbox 669 1552 741 1589; x_wconf 75' lang='grc' dir='ltr'>εἶχεν</span> <span class='ocrx_word' id='word_1_415' title='bbox 759 1555 930 1590; x_wconf 82' lang='grc' dir='ltr'>ἀνθρώπινον</span> <span class='ocrx_word' id='word_1_416' title='bbox 947 1556 1010 1583; x_wconf 82' lang='grc' dir='ltr'>νοῦν</span> 
     </span>
    </p>
   </div>
   <div class='ocr_carea' id='block_1_61' title="bbox 1065 1550 1853 1592">
    <p class='ocr_par' dir='ltr' id='par_1_61' title="bbox 1065 1554 1853 1586">
     <span class='ocr_line' id='line_1_61' title="bbox 1065 1554 1853 1586; baseline 0.009 -6"><span class='ocrx_word' id='word_1_417' title='bbox 1065 1561 1146 1582; x_wconf 87' lang='lat' dir='ltr'><strong>carne</strong></span> <span class='ocrx_word' id='word_1_418' title='bbox 1159 1554 1258 1582; x_wconf 90' lang='lat' dir='ltr'><strong>asserit</strong></span> <span class='ocrx_word' id='word_1_419' title='bbox 1272 1555 1419 1583; x_wconf 88' lang='lat' dir='ltr'><strong>habitasse.</strong></span> <span class='ocrx_word' id='word_1_420' title='bbox 1432 1557 1501 1584; x_wconf 85' lang='lat' dir='ltr'><strong>Nam</strong></span> <span class='ocrx_word' id='word_1_421' title='bbox 1523 1558 1545 1584; x_wconf 93' lang='lat' dir='ltr'><strong>si</strong></span> <span class='ocrx_word' id='word_1_422' title='bbox 1562 1566 1617 1584; x_wconf 87' lang='lat' dir='ltr'><strong>non</strong></span> <span class='ocrx_word' id='word_1_423' title='bbox 1636 1558 1732 1586; x_wconf 89' lang='lat' dir='ltr'><strong>habuit</strong></span> <span class='ocrx_word' id='word_1_424' title='bbox 1756 1559 1853 1586; x_wconf 88' lang='lat' dir='ltr'><strong>huma-</strong></span> 
     </span>
    </p>
   </div>
   <div class='ocr_carea' id='block_1_62' title="bbox 219 1595 1009 1637">
    <p class='ocr_par' dir='ltr' id='par_1_62' title="bbox 219 1595 1009 1637">
     <span class='ocr_line' id='line_1_62' title="bbox 219 1595 1009 1637; baseline 0.009 -14"><span class='ocrx_word' id='word_1_425' title='bbox 219 1596 236 1630; x_wconf 82' lang='grc' dir='ltr'><strong>ἡ</strong></span> <span class='ocrx_word' id='word_1_426' title='bbox 249 1595 434 1631; x_wconf 78' lang='grc' dir='ltr'>ἀναληφθεῖσα</span> <span class='ocrx_word' id='word_1_427' title='bbox 449 1597 540 1631; x_wconf 81' lang='grc' dir='ltr'>φύσις,</span> <span class='ocrx_word' id='word_1_428' title='bbox 565 1598 631 1631; x_wconf 74' lang='grc' dir='ltr'>Θεὸς</span> <span class='ocrx_word' id='word_1_429' title='bbox 646 1600 697 1634; x_wconf 79' lang='grc' dir='ltr'><strong>μὲν</strong></span> <span class='ocrx_word' id='word_1_430' title='bbox 720 1598 755 1636; x_wconf 81' lang='grc' dir='ltr'><strong>ἦν</strong></span> <span class='ocrx_word' id='word_1_431' title='bbox 770 1601 785 1628; x_wconf 80' lang='grc' dir='ltr'><strong>ὁ</strong></span> <span class='ocrx_word' id='word_1_432' title='bbox 806 1602 874 1637; x_wconf 75' lang='grc' dir='ltr'>πρὸς</span> <span class='ocrx_word' id='word_1_433' title='bbox 893 1602 938 1629; x_wconf 78' lang='grc' dir='ltr'><strong>τὸν</strong></span> <span class='ocrx_word' id='word_1_434' title='bbox 951 1602 1009 1630; x_wconf 73' lang='grc' dir='ltr'>διά-</span> 
     </span>
    </p>
   </div>
   <div class='ocr_carea' id='block_1_63' title="bbox 218 1640 1008 1682">
    <p class='ocr_par' dir='ltr' id='par_1_63' title="bbox 218 1640 1008 1682">
     <span class='ocr_line' id='line_1_63' title="bbox 218 1640 1008 1682; baseline 0.011 -16"><span class='ocrx_word' id='word_1_435' title='bbox 218 1640 297 1668; x_wconf 79' lang='grc' dir='ltr'>δολον</span> <span class='ocrx_word' id='word_1_436' title='bbox 311 1641 527 1678; x_wconf 81' lang='grc' dir='ltr'>ἀγωνισάμενος,</span> <span class='ocrx_word' id='word_1_437' title='bbox 540 1643 607 1676; x_wconf 82' lang='grc' dir='ltr'>Θεὸς</span> <span class='ocrx_word' id='word_1_438' title='bbox 621 1644 649 1671; x_wconf 79' lang='grc' dir='ltr'>δὲ</span> <span class='ocrx_word' id='word_1_439' title='bbox 664 1645 679 1671; x_wconf 78' lang='grc' dir='ltr'>ὁ</span> <span class='ocrx_word' id='word_1_440' title='bbox 695 1645 745 1681; x_wconf 85' lang='grc' dir='ltr'><strong>τὴν</strong></span> <span class='ocrx_word' id='word_1_441' title='bbox 769 1646 852 1681; x_wconf 89' lang='grc' dir='ltr'>νίκην</span> <span class='ocrx_word' id='word_1_442' title='bbox 871 1647 1008 1682; x_wconf 80' lang='grc' dir='ltr'>ἀναδησά-</span> 
     </span>
    </p>
   </div>
   <div class='ocr_carea' id='block_1_64' title="bbox 221 1687 1010 1726">
    <p class='ocr_par' dir='ltr' id='par_1_64' title="bbox 221 1687 1010 1726">
     <span class='ocr_line' id='line_1_64' title="bbox 221 1687 1010 1726; baseline 0.01 -14"><span class='ocrx_word' id='word_1_443' title='bbox 221 1695 314 1722; x_wconf 85' lang='grc' dir='ltr'>μενος,</span> <span class='ocrx_word' id='word_1_444' title='bbox 328 1687 395 1714; x_wconf 87' lang='grc' dir='ltr'>Θεοῦ</span> <span class='ocrx_word' id='word_1_445' title='bbox 411 1687 440 1714; x_wconf 78' lang='grc' dir='ltr'>δὲ</span> <span class='ocrx_word' id='word_1_446' title='bbox 456 1689 641 1724; x_wconf 82' lang='grc' dir='ltr'>νενικηκότος,</span> <span class='ocrx_word' id='word_1_447' title='bbox 658 1689 714 1724; x_wconf 85' lang='grc' dir='ltr'>ἐγὼ</span> <span class='ocrx_word' id='word_1_448' title='bbox 728 1691 777 1726; x_wconf 87' lang='grc' dir='ltr'><strong>μέν</strong></span> <span class='ocrx_word' id='word_1_449' title='bbox 790 1691 886 1719; x_wconf 66' lang='grc' dir='ltr'>οὐδένα</span> <span class='ocrx_word' id='word_1_450' title='bbox 902 1693 1010 1720; x_wconf 83' lang='grc' dir='ltr'>ἁπωνά-</span> 
     </span>
    </p>
   </div>
   <div class='ocr_carea' id='block_1_65' title="bbox 219 1733 1007 1773">
    <p class='ocr_par' dir='ltr' id='par_1_65' title="bbox 219 1733 1007 1773">
     <span class='ocr_line' id='line_1_65' title="bbox 219 1733 1007 1773; baseline 0.009 -14"><span class='ocrx_word' id='word_1_451' title='bbox 219 1741 276 1767; x_wconf 86' lang='grc' dir='ltr'><strong>μην</strong></span> <span class='ocrx_word' id='word_1_452' title='bbox 295 1733 346 1768; x_wconf 76' lang='grc' dir='ltr'>τῆς</span> <span class='ocrx_word' id='word_1_453' title='bbox 361 1733 458 1769; x_wconf 81' lang='grc' dir='ltr'>νίκης,</span> <span class='ocrx_word' id='word_1_454' title='bbox 482 1735 521 1766; x_wconf 86' lang='grc' dir='ltr'><strong>ὡς</strong></span> <span class='ocrx_word' id='word_1_455' title='bbox 543 1735 619 1762; x_wconf 78' lang='grc' dir='ltr'>οὐδὲν</span> <span class='ocrx_word' id='word_1_456' title='bbox 644 1737 684 1768; x_wconf 78' lang='grc' dir='ltr'>εἰς</span> <span class='ocrx_word' id='word_1_457' title='bbox 709 1737 812 1772; x_wconf 85' lang='grc' dir='ltr'>ταύτην</span> <span class='ocrx_word' id='word_1_458' title='bbox 834 1738 1007 1773; x_wconf 76' lang='grc' dir='ltr'>εἰσενεγκὼν.</span> 
     </span>
    </p>
   </div>
   <div class='ocr_carea' id='block_1_66' title="bbox 225 1778 1007 1820">
    <p class='ocr_par' dir='ltr' id='par_1_66' title="bbox 225 1778 1007 1820">
     <span class='ocr_line' id='line_1_66' title="bbox 225 1778 1007 1820; baseline 0.008 -15"><span class='ocrx_word' id='word_1_459' title='bbox 225 1778 308 1806; x_wconf 79' lang='grc' dir='ltr'>Ἀλλὰ</span> <span class='ocrx_word' id='word_1_460' title='bbox 336 1779 383 1806; x_wconf 79' lang='grc' dir='ltr'>καὶ</span> <span class='ocrx_word' id='word_1_461' title='bbox 404 1780 453 1815; x_wconf 82' lang='grc' dir='ltr'><strong>τῆς</strong></span> <span class='ocrx_word' id='word_1_462' title='bbox 478 1779 605 1807; x_wconf 83' lang='grc' dir='ltr'>ἐντεῦθεν</span> <span class='ocrx_word' id='word_1_463' title='bbox 630 1782 802 1818; x_wconf 78' lang='grc' dir='ltr'>εὐφροσύνης</span> <span class='ocrx_word' id='word_1_464' title='bbox 827 1783 1007 1820; x_wconf 84' lang='grc' dir='ltr'>γεγύμνωμαι</span> 
     </span>
    </p>
   </div>
   <div class='ocr_carea' id='block_1_67' title="bbox 217 1824 1007 1864">
    <p class='ocr_par' dir='ltr' id='par_1_67' title="bbox 217 1824 1007 1864">
     <span class='ocr_line' id='line_1_67' title="bbox 217 1824 1007 1864; baseline 0.009 -14"><span class='ocrx_word' id='word_1_465' title='bbox 217 1824 265 1850; x_wconf 73' lang='grc' dir='ltr'>ἐπὶ</span> <span class='ocrx_word' id='word_1_466' title='bbox 286 1825 427 1860; x_wconf 83' lang='grc' dir='ltr'>τροπαίοις</span> <span class='ocrx_word' id='word_1_467' title='bbox 440 1825 563 1861; x_wconf 87' lang='grc' dir='ltr'>γαυριῶν</span> <span class='ocrx_word' id='word_1_468' title='bbox 579 1826 740 1862; x_wconf 83' lang='grc' dir='ltr'>ἀλλοτρίοις-</span> <span class='ocrx_word' id='word_1_469' title='bbox 764 1828 844 1864; x_wconf 80' lang='grc' dir='ltr'>αὐχεῖ</span> <span class='ocrx_word' id='word_1_470' title='bbox 867 1829 896 1856; x_wconf 82' lang='grc' dir='ltr'><strong>δέ</strong></span> <span class='ocrx_word' id='word_1_471' title='bbox 913 1830 927 1856; x_wconf 80' lang='grc' dir='ltr'><em>ὁ</em></span> <span class='ocrx_word' id='word_1_472' title='bbox 950 1829 1007 1856; x_wconf 84' lang='grc' dir='ltr'>διά-</span> 
     </span>
    </p>
   </div>
   <div class='ocr_carea' id='block_1_68' title="bbox 217 1868 1008 1909">
    <p class='ocr_par' dir='ltr' id='par_1_68' title="bbox 217 1868 1008 1909">
     <span class='ocr_line' id='line_1_68' title="bbox 217 1868 1008 1909; baseline 0.008 -14"><span class='ocrx_word' id='word_1_473' title='bbox 217 1868 295 1900; x_wconf 78' lang='grc' dir='ltr'>εολος</span> <span class='ocrx_word' id='word_1_474' title='bbox 308 1869 356 1896; x_wconf 81' lang='grc' dir='ltr'>καὶ</span> <span class='ocrx_word' id='word_1_475' title='bbox 378 1870 515 1904; x_wconf 80' lang='grc' dir='ltr'>κομπάζει</span> <span class='ocrx_word' id='word_1_476' title='bbox 538 1870 586 1897; x_wconf 82' lang='grc' dir='ltr'>καὶ</span> <span class='ocrx_word' id='word_1_477' title='bbox 604 1871 676 1907; x_wconf 81' lang='grc' dir='ltr'>μέγα</span> <span class='ocrx_word' id='word_1_478' title='bbox 692 1874 787 1908; x_wconf 79' lang='grc' dir='ltr'>φρονεῖ</span> <span class='ocrx_word' id='word_1_479' title='bbox 810 1873 859 1900; x_wconf 78' lang='grc' dir='ltr'>καὶ</span> <span class='ocrx_word' id='word_1_480' title='bbox 876 1868 1008 1909; x_wconf 77' lang='grc' dir='ltr'>σεμνύνε-</span> 
     </span>
    </p>
   </div>
   <div class='ocr_carea' id='block_1_69' title="bbox 216 1913 1007 1956">
    <p class='ocr_par' dir='ltr' id='par_1_69' title="bbox 216 1913 1007 1956">
     <span class='ocr_line' id='line_1_69' title="bbox 216 1913 1007 1956; baseline 0.008 -16"><span class='ocrx_word' id='word_1_481' title='bbox 216 1922 272 1947; x_wconf 86' lang='grc' dir='ltr'>ται,</span> <span class='ocrx_word' id='word_1_482' title='bbox 285 1913 323 1946; x_wconf 83' lang='grc' dir='ltr'><strong>ὡς</strong></span> <span class='ocrx_word' id='word_1_483' title='bbox 333 1914 394 1950; x_wconf 85' lang='grc' dir='ltr'><strong>Θεῷ</strong></span> <span class='ocrx_word' id='word_1_484' title='bbox 413 1915 547 1948; x_wconf 84' lang='grc' dir='ltr'>παλαίσας</span> <span class='ocrx_word' id='word_1_485' title='bbox 564 1917 611 1944; x_wconf 75' lang='grc' dir='ltr'>καὶ</span> <span class='ocrx_word' id='word_1_486' title='bbox 628 1917 682 1944; x_wconf 78' lang='grc' dir='ltr'><strong>ὑπὸ</strong></span> <span class='ocrx_word' id='word_1_487' title='bbox 695 1918 762 1945; x_wconf 85' lang='grc' dir='ltr'>Θεοῦ</span> <span class='ocrx_word' id='word_1_488' title='bbox 776 1918 918 1954; x_wconf 73' lang='grc' dir='ltr'>ὴττηθείς⁸</span> <span class='ocrx_word' id='word_1_489' title='bbox 934 1919 1007 1956; x_wconf 78' lang='grc' dir='ltr'>μέγα</span> 
     </span>
    </p>
   </div>
   <div class='ocr_carea' id='block_1_70' title="bbox 217 1960 775 1998">
    <p class='ocr_par' dir='ltr' id='par_1_70' title="bbox 217 1960 775 1998">
     <span class='ocr_line' id='line_1_70' title="bbox 217 1960 775 1998; baseline 0.009 -11"><span class='ocrx_word' id='word_1_490' title='bbox 217 1962 271 1996; x_wconf 78' lang='grc' dir='ltr'>γὰρ</span> <span class='ocrx_word' id='word_1_491' title='bbox 283 1960 358 1987; x_wconf 86' lang='grc' dir='ltr'><strong>αὐτῶ</strong></span> <span class='ocrx_word' id='word_1_492' title='bbox 370 1961 417 1988; x_wconf 82' lang='grc' dir='ltr'>καὶ</span> <span class='ocrx_word' id='word_1_493' title='bbox 428 1961 458 1988; x_wconf 82' lang='grc' dir='ltr'><strong>τὸ</strong></span> <span class='ocrx_word' id='word_1_494' title='bbox 468 1962 617 1998; x_wconf 77' lang='grc' dir='ltr'><strong>ἡττηθῆναι</strong></span> <span class='ocrx_word' id='word_1_495' title='bbox 634 1963 687 1991; x_wconf 79' lang='grc' dir='ltr'><strong>ὑπὸ</strong></span> <span class='ocrx_word' id='word_1_496' title='bbox 698 1963 775 1991; x_wconf 81' lang='grc' dir='ltr'>Θεοῦ.</span> 
     </span>
    </p>
   </div>
   <div class='ocr_carea' id='block_1_71' title="bbox 253 2049 1007 2088">
    <p class='ocr_par' dir='ltr' id='par_1_71' title="bbox 253 2049 1007 2088">
     <span class='ocr_line' id='line_1_71' title="bbox 253 2049 1007 2088; baseline 0.009 -13"><span class='ocrx_word' id='word_1_497' title='bbox 253 2049 393 2084; x_wconf 83' lang='grc' dir='ltr'>Χρήσαιτο</span> <span class='ocrx_word' id='word_1_498' title='bbox 415 2049 437 2076; x_wconf 83' lang='grc' dir='ltr'>δ’</span> <span class='ocrx_word' id='word_1_499' title='bbox 453 2049 485 2076; x_wconf 84' lang='grc' dir='ltr'><strong>ἃν</strong></span> <span class='ocrx_word' id='word_1_500' title='bbox 505 2050 554 2077; x_wconf 72' lang='grc' dir='ltr'>καὶ</span> <span class='ocrx_word' id='word_1_501' title='bbox 572 2051 766 2086; x_wconf 86' lang='grc' dir='ltr'>δικαιολογίαις</span> <span class='ocrx_word' id='word_1_502' title='bbox 793 2053 932 2088; x_wconf 77' lang='grc' dir='ltr'>εὐλόγοις,</span> <span class='ocrx_word' id='word_1_503' title='bbox 960 2056 1007 2082; x_wconf 79' lang='grc' dir='ltr'>καὶ</span> 
     </span>
    </p>
   </div>
   <div class='ocr_carea' id='block_1_72' title="bbox 216 2094 1006 2134">
    <p class='ocr_par' dir='ltr' id='par_1_72' title="bbox 216 2094 1006 2134">
     <span class='ocr_line' id='line_1_72' title="bbox 216 2094 1006 2134; baseline 0.009 -14"><span class='ocrx_word' id='word_1_504' title='bbox 216 2094 300 2121; x_wconf 72' lang='grc' dir='ltr'>εἴποι·</span> <span class='ocrx_word' id='word_1_505' title='bbox 325 2094 406 2129; x_wconf 84' lang='grc' dir='ltr'>Ἐγὼ,</span> <span class='ocrx_word' id='word_1_506' title='bbox 427 2095 550 2123; x_wconf 80' lang='grc' dir='ltr'>Δέσποτα</span> <span class='ocrx_word' id='word_1_507' title='bbox 568 2097 613 2123; x_wconf 77' lang='grc' dir='ltr'>καὶ</span> <span class='ocrx_word' id='word_1_508' title='bbox 630 2098 731 2133; x_wconf 84' lang='grc' dir='ltr'>ποιητὰ</span> <span class='ocrx_word' id='word_1_509' title='bbox 740 2098 794 2126; x_wconf 85' lang='grc' dir='ltr'>τῶν</span> <span class='ocrx_word' id='word_1_510' title='bbox 805 2099 884 2132; x_wconf 87' lang='grc' dir='ltr'>ὅλων,</span> <span class='ocrx_word' id='word_1_511' title='bbox 896 2100 925 2126; x_wconf 85' lang='grc' dir='ltr'>οὐ</span> <span class='ocrx_word' id='word_1_512' title='bbox 938 2100 1006 2134; x_wconf 81' lang='grc' dir='ltr'>πρὸς</span> 
     </span>
    </p>
   </div>
   <div class='ocr_carea' id='block_1_73' title="bbox 217 2138 1005 2181">
    <p class='ocr_par' dir='ltr' id='par_1_73' title="bbox 217 2138 1005 2181">
     <span class='ocr_line' id='line_1_73' title="bbox 217 2138 1005 2181; baseline 0.01 -17"><span class='ocrx_word' id='word_1_513' title='bbox 217 2138 248 2165; x_wconf 87' lang='grc' dir='ltr'>σὲ</span> <span class='ocrx_word' id='word_1_514' title='bbox 263 2139 314 2175; x_wconf 84' lang='grc' dir='ltr'>τὴν</span> <span class='ocrx_word' id='word_1_515' title='bbox 330 2140 422 2175; x_wconf 85' lang='grc' dir='ltr'>μάχην</span> <span class='ocrx_word' id='word_1_516' title='bbox 439 2141 617 2178; x_wconf 77' lang='grc' dir='ltr'>ἀνεδεξάμην·</span> <span class='ocrx_word' id='word_1_517' title='bbox 637 2141 694 2169; x_wconf 75' lang='grc' dir='ltr'>οἴδα</span> <span class='ocrx_word' id='word_1_518' title='bbox 710 2144 765 2179; x_wconf 85' lang='grc' dir='ltr'><strong>γάρ</strong></span> <span class='ocrx_word' id='word_1_519' title='bbox 787 2153 834 2171; x_wconf 90' lang='grc' dir='ltr'><strong>σου</strong></span> <span class='ocrx_word' id='word_1_520' title='bbox 852 2146 901 2181; x_wconf 80' lang='grc' dir='ltr'><strong>τὴν</strong></span> <span class='ocrx_word' id='word_1_521' title='bbox 916 2145 1005 2178; x_wconf 81' lang='grc' dir='ltr'>ἀξίαν,</span> 
     </span>
    </p>
   </div>
   <div class='ocr_carea' id='block_1_74' title="bbox 215 2182 1004 2226">
    <p class='ocr_par' dir='ltr' id='par_1_74' title="bbox 215 2182 1004 2226">
     <span class='ocr_line' id='line_1_74' title="bbox 215 2182 1004 2226; baseline 0.013 -18"><span class='ocrx_word' id='word_1_522' title='bbox 215 2182 367 2218; x_wconf 82' lang='grc' dir='ltr'>ἐπίσταμαι</span> <span class='ocrx_word' id='word_1_523' title='bbox 386 2185 436 2220; x_wconf 85' lang='grc' dir='ltr'><strong>τὴν</strong></span> <span class='ocrx_word' id='word_1_524' title='bbox 450 2185 584 2218; x_wconf 84' lang='grc' dir='ltr'>ἐξουσίαν,</span> <span class='ocrx_word' id='word_1_525' title='bbox 611 2188 738 2221; x_wconf 86' lang='grc' dir='ltr'>γινώσκω</span> <span class='ocrx_word' id='word_1_526' title='bbox 758 2189 807 2226; x_wconf 81' lang='grc' dir='ltr'><strong>τὴν</strong></span> <span class='ocrx_word' id='word_1_527' title='bbox 827 2190 1004 2223; x_wconf 81' lang='grc' dir='ltr'>δεσποτείαν,</span> 
     </span>
    </p>
   </div>
   <div class='ocr_carea' id='block_1_75' title="bbox 1059 1601 1852 1639">
    <p class='ocr_par' dir='ltr' id='par_1_75' title="bbox 1059 1601 1852 1639">
     <span class='ocr_line' id='line_1_75' title="bbox 1059 1601 1852 1639; baseline 0.008 -13"><span class='ocrx_word' id='word_1_528' title='bbox 1059 1607 1123 1627; x_wconf 90' lang='lat' dir='ltr'><strong>nam</strong></span> <span class='ocrx_word' id='word_1_529' title='bbox 1134 1605 1253 1627; x_wconf 88' lang='lat' dir='ltr'><strong>mentem</strong></span> <span class='ocrx_word' id='word_1_530' title='bbox 1272 1601 1350 1636; x_wconf 77' lang='grc'><strong>127</strong></span> <span class='ocrx_word' id='word_1_531' title='bbox 1368 1607 1506 1637; x_wconf 89' lang='lat' dir='ltr'><strong>assumpta</strong></span> <span class='ocrx_word' id='word_1_532' title='bbox 1520 1608 1618 1630; x_wconf 90' lang='lat' dir='ltr'><strong>natura</strong></span> <span class='ocrx_word' id='word_1_533' title='bbox 1630 1623 1637 1634; x_wconf 92' lang='lat'><strong>,</strong></span> <span class='ocrx_word' id='word_1_534' title='bbox 1655 1604 1727 1632; x_wconf 89' lang='lat' dir='ltr'><strong>Deus</strong></span> <span class='ocrx_word' id='word_1_535' title='bbox 1742 1604 1852 1639; x_wconf 86' lang='lat' dir='ltr'><strong>quidem</strong></span> 
     </span>
    </p>
   </div>
   <div class='ocr_carea' id='block_1_76' title="bbox 1058 1644 1851 1681">
    <p class='ocr_par' dir='ltr' id='par_1_76' title="bbox 1058 1644 1851 1681">
     <span class='ocr_line' id='line_1_76' title="bbox 1058 1644 1851 1681; baseline 0.006 -10"><span class='ocrx_word' id='word_1_536' title='bbox 1058 1644 1112 1671; x_wconf 84' lang='lat' dir='ltr'><strong>erit</strong></span> <span class='ocrx_word' id='word_1_537' title='bbox 1121 1645 1154 1677; x_wconf 74' lang='grc' dir='ltr'>ἰ,</span> <span class='ocrx_word' id='word_1_538' title='bbox 1179 1645 1227 1680; x_wconf 90' lang='lat' dir='ltr'><strong>qui</strong></span> <span class='ocrx_word' id='word_1_539' title='bbox 1249 1650 1345 1672; x_wconf 88' lang='lat' dir='ltr'><strong>contra</strong></span> <span class='ocrx_word' id='word_1_540' title='bbox 1360 1646 1499 1673; x_wconf 80' lang='lat' dir='ltr'><strong>diabolum</strong></span> <span class='ocrx_word' id='word_1_541' title='bbox 1513 1647 1629 1675; x_wconf 84' lang='lat' dir='ltr'><strong>certavit</strong></span> <span class='ocrx_word' id='word_1_542' title='bbox 1644 1657 1650 1674; x_wconf 78' lang='grc' dir='ltr'><strong>ε</strong></span> <span class='ocrx_word' id='word_1_543' title='bbox 1667 1648 1739 1675; x_wconf 87' lang='lat' dir='ltr'><strong>Deus</strong></span> <span class='ocrx_word' id='word_1_544' title='bbox 1758 1649 1851 1681; x_wconf 87' lang='lat' dir='ltr'><strong>etiam,</strong></span> 
     </span>
    </p>
   </div>
   <div class='ocr_carea' id='block_1_77' title="bbox 1058 1691 1852 1730">
    <p class='ocr_par' dir='ltr' id='par_1_77' title="bbox 1058 1691 1852 1730">
     <span class='ocr_line' id='line_1_77' title="bbox 1058 1691 1852 1730; baseline 0.005 -12"><span class='ocrx_word' id='word_1_545' title='bbox 1058 1691 1106 1726; x_wconf 89' lang='lat' dir='ltr'><strong>qui</strong></span> <span class='ocrx_word' id='word_1_546' title='bbox 1128 1691 1274 1719; x_wconf 86' lang='lat' dir='ltr'><strong>victoriam</strong></span> <span class='ocrx_word' id='word_1_547' title='bbox 1299 1697 1429 1727; x_wconf 88' lang='lat' dir='ltr'><strong>operatus</strong></span> <span class='ocrx_word' id='word_1_548' title='bbox 1461 1694 1583 1727; x_wconf 88' lang='lat' dir='ltr'><strong>est,Deo</strong></span> <span class='ocrx_word' id='word_1_549' title='bbox 1606 1698 1698 1722; x_wconf 90' lang='lat' dir='ltr'><strong>autem</strong></span> <span class='ocrx_word' id='word_1_550' title='bbox 1721 1700 1852 1730; x_wconf 85' lang='lat' dir='ltr'><strong>operante</strong></span> 
     </span>
    </p>
   </div>
   <div class='ocr_carea' id='block_1_78' title="bbox 1058 1737 1852 1772">
    <p class='ocr_par' dir='ltr' id='par_1_78' title="bbox 1058 1737 1852 1772">
     <span class='ocr_line' id='line_1_78' title="bbox 1058 1737 1852 1772; baseline 0.005 -8"><span class='ocrx_word' id='word_1_551' title='bbox 1058 1737 1211 1770; x_wconf 85' lang='lat' dir='ltr'><strong>victoriam,</strong></span> <span class='ocrx_word' id='word_1_552' title='bbox 1220 1745 1270 1772; x_wconf 78' lang='lat' dir='ltr'><strong>ego</strong></span> <span class='ocrx_word' id='word_1_553' title='bbox 1286 1737 1397 1772; x_wconf 92' lang='lat' dir='ltr'><strong>quidem</strong></span> <span class='ocrx_word' id='word_1_554' title='bbox 1408 1739 1441 1766; x_wconf 86' lang='lat' dir='ltr'><strong>de</strong></span> <span class='ocrx_word' id='word_1_555' title='bbox 1456 1738 1508 1766; x_wconf 85' lang='lat' dir='ltr'><strong>hac</strong></span> <span class='ocrx_word' id='word_1_556' title='bbox 1518 1739 1633 1767; x_wconf 89' lang='lat' dir='ltr'><strong>victoria</strong></span> <span class='ocrx_word' id='word_1_557' title='bbox 1647 1740 1715 1767; x_wconf 90' lang='lat' dir='ltr'><strong>nihil</strong></span> <span class='ocrx_word' id='word_1_558' title='bbox 1726 1740 1852 1768; x_wconf 74' lang='lat' dir='ltr'><strong>utilitatis</strong></span> 
     </span>
    </p>
   </div>
   <div class='ocr_carea' id='block_1_79' title="bbox 1058 1783 1851 1820">
    <p class='ocr_par' dir='ltr' id='par_1_79' title="bbox 1058 1783 1851 1820">
     <span class='ocr_line' id='line_1_79' title="bbox 1058 1783 1851 1820; baseline 0.005 -11"><span class='ocrx_word' id='word_1_559' title='bbox 1058 1783 1162 1818; x_wconf 86' lang='lat' dir='ltr'><strong>accepi,</strong></span> <span class='ocrx_word' id='word_1_560' title='bbox 1177 1784 1253 1810; x_wconf 87' lang='lat' dir='ltr'><strong>velut</strong></span> <span class='ocrx_word' id='word_1_561' title='bbox 1273 1783 1321 1818; x_wconf 89' lang='lat' dir='ltr'><strong>qui</strong></span> <span class='ocrx_word' id='word_1_562' title='bbox 1341 1783 1410 1811; x_wconf 91' lang='lat' dir='ltr'><strong>nihil</strong></span> <span class='ocrx_word' id='word_1_563' title='bbox 1432 1784 1497 1812; x_wconf 89' lang='lat' dir='ltr'><strong>huic</strong></span> <span class='ocrx_word' id='word_1_564' title='bbox 1516 1784 1616 1812; x_wconf 81' lang='lat' dir='ltr'><strong>inferre</strong></span> <span class='ocrx_word' id='word_1_565' title='bbox 1629 1785 1778 1820; x_wconf 88' lang='lat' dir='ltr'><strong>potuerim.</strong></span> <span class='ocrx_word' id='word_1_566' title='bbox 1798 1785 1851 1813; x_wconf 89' lang='lat' dir='ltr'><strong>Sed</strong></span> 
     </span>
    </p>
   </div>
   <div class='ocr_carea' id='block_1_80' title="bbox 1058 1828 1848 1866">
    <p class='ocr_par' dir='ltr' id='par_1_80' title="bbox 1058 1828 1848 1866">
     <span class='ocr_line' id='line_1_80' title="bbox 1058 1828 1848 1866; baseline 0.006 -12"><span class='ocrx_word' id='word_1_567' title='bbox 1058 1833 1085 1855; x_wconf 89' lang='lat' dir='ltr'><strong>et</strong></span> <span class='ocrx_word' id='word_1_568' title='bbox 1106 1828 1211 1861; x_wconf 73' lang='lat' dir='ltr'><strong>laetitia,</strong></span> <span class='ocrx_word' id='word_1_569' title='bbox 1234 1837 1295 1863; x_wconf 74' lang='lat' dir='ltr'><strong>qua:</strong></span> <span class='ocrx_word' id='word_1_570' title='bbox 1315 1837 1350 1856; x_wconf 79' lang='lat' dir='ltr'><strong>ex</strong></span> <span class='ocrx_word' id='word_1_571' title='bbox 1362 1829 1414 1857; x_wconf 90' lang='lat' dir='ltr'><strong>hac</strong></span> <span class='ocrx_word' id='word_1_572' title='bbox 1436 1838 1466 1857; x_wconf 90' lang='lat' dir='ltr'><strong>re</strong></span> <span class='ocrx_word' id='word_1_573' title='bbox 1479 1830 1603 1866; x_wconf 76' lang='lat' dir='ltr'><strong>contigit,</strong></span> <span class='ocrx_word' id='word_1_574' title='bbox 1628 1831 1740 1866; x_wconf 89' lang='lat' dir='ltr'><strong>privor,</strong></span> <span class='ocrx_word' id='word_1_575' title='bbox 1764 1839 1848 1866; x_wconf 85' lang='lat' dir='ltr'><strong>super</strong></span> 
     </span>
    </p>
   </div>
   <div class='ocr_carea' id='block_1_81' title="bbox 1058 1873 1852 1910">
    <p class='ocr_par' dir='ltr' id='par_1_81' title="bbox 1058 1873 1852 1910">
     <span class='ocr_line' id='line_1_81' title="bbox 1058 1873 1852 1910; baseline 0.005 -11"><span class='ocrx_word' id='word_1_576' title='bbox 1058 1873 1204 1908; x_wconf 85' lang='lat' dir='ltr'><strong>triumphis</strong></span> <span class='ocrx_word' id='word_1_577' title='bbox 1219 1873 1316 1901; x_wconf 86' lang='lat' dir='ltr'><strong>alienis</strong></span> <span class='ocrx_word' id='word_1_578' title='bbox 1329 1874 1484 1908; x_wconf 84' lang='lat' dir='ltr'><strong>exsultans;</strong></span> <span class='ocrx_word' id='word_1_579' title='bbox 1502 1875 1633 1910; x_wconf 85' lang='lat' dir='ltr'><strong>tripudiat</strong></span> <span class='ocrx_word' id='word_1_580' title='bbox 1650 1878 1741 1903; x_wconf 86' lang='lat' dir='ltr'><strong>autem</strong></span> <span class='ocrx_word' id='word_1_581' title='bbox 1755 1875 1852 1904; x_wconf 86' lang='lat' dir='ltr'><strong>diabo—</strong></span> 
     </span>
    </p>
   </div>
   <div class='ocr_carea' id='block_1_82' title="bbox 1057 1918 1850 1956">
    <p class='ocr_par' dir='ltr' id='par_1_82' title="bbox 1057 1918 1850 1956">
     <span class='ocr_line' id='line_1_82' title="bbox 1057 1918 1850 1956; baseline 0.005 -11"><span class='ocrx_word' id='word_1_582' title='bbox 1057 1918 1112 1951; x_wconf 89' lang='lat' dir='ltr'><strong>lus,</strong></span> <span class='ocrx_word' id='word_1_583' title='bbox 1127 1922 1155 1945; x_wconf 93' lang='lat' dir='ltr'><strong>ct</strong></span> <span class='ocrx_word' id='word_1_584' title='bbox 1170 1919 1321 1952; x_wconf 80' lang='lat' dir='ltr'><strong>extollitur,</strong></span> <span class='ocrx_word' id='word_1_585' title='bbox 1334 1923 1362 1947; x_wconf 91' lang='lat' dir='ltr'><strong>et</strong></span> <span class='ocrx_word' id='word_1_586' title='bbox 1377 1919 1511 1955; x_wconf 86' lang='lat' dir='ltr'><strong>superbit,</strong></span> <span class='ocrx_word' id='word_1_587' title='bbox 1524 1925 1607 1955; x_wconf 89' lang='lat' dir='ltr'><strong>atque</strong></span> <span class='ocrx_word' id='word_1_588' title='bbox 1614 1920 1758 1956; x_wconf 80' lang='lat' dir='ltr'><strong>gloriatur,</strong></span> <span class='ocrx_word' id='word_1_589' title='bbox 1771 1923 1850 1956; x_wconf 89' lang='lat' dir='ltr'><strong>quasi</strong></span> 
     </span>
    </p>
   </div>
   <div class='ocr_carea' id='block_1_83' title="bbox 1058 1963 1848 2000">
    <p class='ocr_par' dir='ltr' id='par_1_83' title="bbox 1058 1963 1848 2000">
     <span class='ocr_line' id='line_1_83' title="bbox 1058 1963 1848 2000; baseline 0.004 -10"><span class='ocrx_word' id='word_1_590' title='bbox 1058 1971 1120 1990; x_wconf 93' lang='lat' dir='ltr'><strong>cum</strong></span> <span class='ocrx_word' id='word_1_591' title='bbox 1147 1963 1204 1991; x_wconf 91' lang='lat' dir='ltr'><strong>Deo</strong></span> <span class='ocrx_word' id='word_1_592' title='bbox 1231 1963 1351 1992; x_wconf 91' lang='lat' dir='ltr'><strong>luctatus</strong></span> <span class='ocrx_word' id='word_1_593' title='bbox 1367 1964 1435 1991; x_wconf 80' lang='lat' dir='ltr'><strong>sit&quot;</strong></span> <span class='ocrx_word' id='word_1_594' title='bbox 1452 1973 1458 1991; x_wconf 91' lang='lat'><strong>:</strong></span> <span class='ocrx_word' id='word_1_595' title='bbox 1476 1972 1604 2000; x_wconf 79' lang='lat' dir='ltr'><strong>magnum</strong></span> <span class='ocrx_word' id='word_1_596' title='bbox 1631 1969 1674 1993; x_wconf 84' lang='lat' dir='ltr'><strong>est</strong></span> <span class='ocrx_word' id='word_1_597' title='bbox 1694 1965 1768 1992; x_wconf 86' lang='lat' dir='ltr'><strong>enim</strong></span> <span class='ocrx_word' id='word_1_598' title='bbox 1792 1966 1848 1998; x_wconf 90' lang='lat' dir='ltr'><strong>illi,</strong></span> 
     </span>
    </p>
   </div>
   <div class='ocr_carea' id='block_1_84' title="bbox 1057 2009 1382 2044">
    <p class='ocr_par' dir='ltr' id='par_1_84' title="bbox 1057 2009 1382 2044">
     <span class='ocr_line' id='line_1_84' title="bbox 1057 2009 1382 2044; baseline 0.003 -8"><span class='ocrx_word' id='word_1_599' title='bbox 1057 2009 1139 2036; x_wconf 86' lang='lat' dir='ltr'><strong>etiam</strong></span> <span class='ocrx_word' id='word_1_600' title='bbox 1150 2017 1165 2036; x_wconf 92' lang='lat' dir='ltr'><strong>a</strong></span> <span class='ocrx_word' id='word_1_601' title='bbox 1175 2009 1230 2036; x_wconf 90' lang='lat' dir='ltr'><strong>Deo</strong></span> <span class='ocrx_word' id='word_1_602' title='bbox 1247 2010 1382 2044; x_wconf 86' lang='lat' dir='ltr'><strong>superari.</strong></span> 
     </span>
    </p>
   </div>
   <div class='ocr_carea' id='block_1_85' title="bbox 1093 2053 1849 2085">
    <p class='ocr_par' dir='ltr' id='par_1_85' title="bbox 1093 2053 1849 2085">
     <span class='ocr_line' id='line_1_85' title="bbox 1093 2053 1849 2085; baseline 0.007 -5"><span class='ocrx_word' id='word_1_603' title='bbox 1093 2053 1149 2081; x_wconf 87' lang='lat' dir='ltr'><strong>Hae</strong></span> <span class='ocrx_word' id='word_1_604' title='bbox 1168 2053 1252 2081; x_wconf 88' lang='lat' dir='ltr'><strong>etiam</strong></span> <span class='ocrx_word' id='word_1_605' title='bbox 1263 2061 1330 2082; x_wconf 90' lang='lat' dir='ltr'><strong>usus</strong></span> <span class='ocrx_word' id='word_1_606' title='bbox 1339 2054 1499 2083; x_wconf 84' lang='lat' dir='ltr'><strong>defensione</strong></span> <span class='ocrx_word' id='word_1_607' title='bbox 1515 2056 1713 2085; x_wconf 85' lang='lat' dir='ltr'><strong>convenienter</strong></span> <span class='ocrx_word' id='word_1_608' title='bbox 1723 2058 1849 2085; x_wconf 82' lang='lat' dir='ltr'><strong>diabolus</strong></span> 
     </span>
    </p>
   </div>
   <div class='ocr_carea' id='block_1_86' title="bbox 1057 2098 1848 2135">
    <p class='ocr_par' dir='ltr' id='par_1_86' title="bbox 1057 2098 1848 2135">
     <span class='ocr_line' id='line_1_86' title="bbox 1057 2098 1848 2135; baseline 0.006 -10"><span class='ocrx_word' id='word_1_609' title='bbox 1057 2099 1114 2126; x_wconf 88' lang='lat' dir='ltr'><strong>Deo</strong></span> <span class='ocrx_word' id='word_1_610' title='bbox 1129 2098 1221 2126; x_wconf 89' lang='lat' dir='ltr'><strong>dicere</strong></span> <span class='ocrx_word' id='word_1_611' title='bbox 1241 2103 1350 2134; x_wconf 89' lang='lat' dir='ltr'><strong>poterat</strong></span> <span class='ocrx_word' id='word_1_612' title='bbox 1367 2108 1373 2126; x_wconf 93' lang='lat'>:</span> <span class='ocrx_word' id='word_1_613' title='bbox 1389 2099 1457 2135; x_wconf 77' lang='lat' dir='ltr'><strong>Ego,</strong></span> <span class='ocrx_word' id='word_1_614' title='bbox 1480 2101 1595 2128; x_wconf 89' lang='lat' dir='ltr'><strong>Domine</strong></span> <span class='ocrx_word' id='word_1_615' title='bbox 1616 2106 1644 2129; x_wconf 86' lang='lat' dir='ltr'><strong>et</strong></span> <span class='ocrx_word' id='word_1_616' title='bbox 1665 2107 1773 2130; x_wconf 87' lang='lat' dir='ltr'><strong>creator</strong></span> <span class='ocrx_word' id='word_1_617' title='bbox 1786 2103 1848 2130; x_wconf 83' lang='lat' dir='ltr'><strong>uni-</strong></span> 
     </span>
    </p>
   </div>
   <div class='ocr_carea' id='block_1_87' title="bbox 1057 2147 1848 2181">
    <p class='ocr_par' dir='ltr' id='par_1_87' title="bbox 1057 2147 1848 2181">
     <span class='ocr_line' id='line_1_87' title="bbox 1057 2147 1848 2181; baseline 0.005 -11"><span class='ocrx_word' id='word_1_618' title='bbox 1057 2151 1212 2176; x_wconf 84' lang='lat' dir='ltr'><strong>versorum,</strong></span> <span class='ocrx_word' id='word_1_619' title='bbox 1233 2152 1289 2172; x_wconf 89' lang='lat' dir='ltr'><strong>non</strong></span> <span class='ocrx_word' id='word_1_620' title='bbox 1303 2149 1398 2172; x_wconf 84' lang='lat' dir='ltr'><strong>Contra</strong></span> <span class='ocrx_word' id='word_1_621' title='bbox 1415 2149 1442 2173; x_wconf 87' lang='lat' dir='ltr'><strong>te</strong></span> <span class='ocrx_word' id='word_1_622' title='bbox 1463 2150 1601 2173; x_wconf 88' lang='lat' dir='ltr'><strong>certamen</strong></span> <span class='ocrx_word' id='word_1_623' title='bbox 1623 2147 1772 2181; x_wconf 76' lang='lat' dir='ltr'><strong>assumpsi;</strong></span> <span class='ocrx_word' id='word_1_624' title='bbox 1791 2148 1848 2175; x_wconf 78' lang='lat' dir='ltr'><strong>SClO</strong></span> 
     </span>
    </p>
   </div>
   <div class='ocr_carea' id='block_1_88' title="bbox 1057 2189 1847 2226">
    <p class='ocr_par' dir='ltr' id='par_1_88' title="bbox 1057 2189 1847 2226">
     <span class='ocr_line' id='line_1_88' title="bbox 1057 2189 1847 2226; baseline 0.004 -11"><span class='ocrx_word' id='word_1_625' title='bbox 1057 2197 1175 2224; x_wconf 86' lang='lat' dir='ltr'><strong>namque</strong></span> <span class='ocrx_word' id='word_1_626' title='bbox 1187 2189 1346 2224; x_wconf 81' lang='lat' dir='ltr'><strong>dignitatem</strong></span> <span class='ocrx_word' id='word_1_627' title='bbox 1361 2193 1445 2222; x_wconf 83' lang='lat' dir='ltr'><strong>tuam,</strong></span> <span class='ocrx_word' id='word_1_628' title='bbox 1467 2191 1588 2226; x_wconf 80' lang='lat' dir='ltr'><strong>intelligo</strong></span> <span class='ocrx_word' id='word_1_629' title='bbox 1609 2195 1781 2226; x_wconf 86' lang='lat' dir='ltr'><strong>potestatem,</strong></span> <span class='ocrx_word' id='word_1_630' title='bbox 1801 2199 1847 2218; x_wconf 91' lang='lat' dir='ltr'><strong>co-</strong></span> 
     </span>
    </p>
   </div>
   <div class='ocr_carea' id='block_1_89' title="bbox 215 2228 1012 2271">
    <p class='ocr_par' dir='ltr' id='par_1_89' title="bbox 215 2228 1002 2270">
     <span class='ocr_line' id='line_1_89' title="bbox 215 2228 1002 2270; baseline 0.011 -15"><span class='ocrx_word' id='word_1_631' title='bbox 215 2228 341 2264; x_wconf 84' lang='grc' dir='ltr'>ὀμολογῶ</span> <span class='ocrx_word' id='word_1_632' title='bbox 360 2231 410 2266; x_wconf 87' lang='grc' dir='ltr'><strong>τὴν</strong></span> <span class='ocrx_word' id='word_1_633' title='bbox 427 2231 560 2266; x_wconf 86' lang='grc' dir='ltr'>δουλείαν,</span> <span class='ocrx_word' id='word_1_634' title='bbox 584 2233 632 2260; x_wconf 80' lang='grc' dir='ltr'>καὶ</span> <span class='ocrx_word' id='word_1_635' title='bbox 655 2233 703 2270; x_wconf 84' lang='grc' dir='ltr'><strong>τὴν</strong></span> <span class='ocrx_word' id='word_1_636' title='bbox 725 2235 894 2262; x_wconf 84' lang='grc' dir='ltr'>ἀποστασίαν</span> <span class='ocrx_word' id='word_1_637' title='bbox 915 2237 1002 2263; x_wconf 75' lang='grc' dir='ltr'>νοσῶ’</span> 
     </span>
    </p>
   </div>
   <div class='ocr_carea' id='block_1_90' title="bbox 1065 2228 1847 2271">
    <p class='ocr_par' dir='ltr' id='par_1_90' title="bbox 1065 2234 1847 2271">
     <span class='ocr_line' id='line_1_90' title="bbox 1065 2234 1847 2271; baseline 0.004 -10"><span class='ocrx_word' id='word_1_638' title='bbox 1065 2242 1155 2268; x_wconf 82' lang='lat' dir='ltr'><strong>;nosco</strong></span> <span class='ocrx_word' id='word_1_639' title='bbox 1167 2234 1394 2267; x_wconf 86' lang='lat' dir='ltr'><strong>dominationem,</strong></span> <span class='ocrx_word' id='word_1_640' title='bbox 1420 2235 1507 2262; x_wconf 82' lang='lat' dir='ltr'><strong>fateor</strong></span> <span class='ocrx_word' id='word_1_641' title='bbox 1529 2235 1701 2269; x_wconf 84' lang='lat' dir='ltr'><strong>servitutem,</strong></span> <span class='ocrx_word' id='word_1_642' title='bbox 1722 2237 1847 2271; x_wconf 76' lang='lat' dir='ltr'><strong>quamvis</strong></span> 
     </span>
    </p>
   </div>
   <div class='ocr_carea' id='block_1_91' title="bbox 217 2276 1006 2316">
    <p class='ocr_par' dir='ltr' id='par_1_91' title="bbox 217 2276 1006 2316">
     <span class='ocr_line' id='line_1_91' title="bbox 217 2276 1006 2316; baseline 0.009 -15"><span class='ocrx_word' id='word_1_643' title='bbox 217 2276 376 2312; x_wconf 82' lang='grc' dir='ltr'>παραχωρῶ</span> <span class='ocrx_word' id='word_1_644' title='bbox 389 2276 419 2303; x_wconf 87' lang='grc' dir='ltr'><strong>δέ</strong></span> <span class='ocrx_word' id='word_1_645' title='bbox 436 2278 483 2304; x_wconf 74' lang='grc' dir='ltr'>καὶ</span> <span class='ocrx_word' id='word_1_646' title='bbox 504 2278 630 2313; x_wconf 78' lang='grc' dir='ltr'>ἀγγέλοις</span> <span class='ocrx_word' id='word_1_647' title='bbox 650 2280 701 2314; x_wconf 81' lang='grc' dir='ltr'><strong>τῆς</strong></span> <span class='ocrx_word' id='word_1_648' title='bbox 715 2281 792 2316; x_wconf 88' lang='grc' dir='ltr'>νίκης</span> <span class='ocrx_word' id='word_1_649' title='bbox 809 2281 856 2307; x_wconf 76' lang='grc' dir='ltr'>καὶ</span> <span class='ocrx_word' id='word_1_650' title='bbox 869 2283 936 2308; x_wconf 81' lang='grc' dir='ltr'>πᾶσι</span> <span class='ocrx_word' id='word_1_651' title='bbox 951 2284 1006 2314; x_wconf 80' lang='grc' dir='ltr'>τοῖς</span> 
     </span>
    </p>
   </div>
   <div class='ocr_carea' id='block_1_92' title="bbox 216 2318 1006 2361">
    <p class='ocr_par' dir='ltr' id='par_1_92' title="bbox 216 2318 1006 2361">
     <span class='ocr_line' id='line_1_92' title="bbox 216 2318 1006 2361; baseline 0.01 -16"><span class='ocrx_word' id='word_1_652' title='bbox 216 2320 306 2354; x_wconf 84' lang='grc' dir='ltr'>ἁγίοις</span> <span class='ocrx_word' id='word_1_653' title='bbox 333 2321 444 2356; x_wconf 83' lang='grc' dir='ltr'>δήμοις,</span> <span class='ocrx_word' id='word_1_654' title='bbox 460 2318 498 2350; x_wconf 85' lang='grc' dir='ltr'>ὧν</span> <span class='ocrx_word' id='word_1_655' title='bbox 512 2331 576 2349; x_wconf 82' lang='grc' dir='ltr'>ποτε</span> <span class='ocrx_word' id='word_1_656' title='bbox 601 2324 647 2350; x_wconf 74' lang='grc' dir='ltr'>καὶ</span> <span class='ocrx_word' id='word_1_657' title='bbox 667 2324 681 2351; x_wconf 86' lang='grc' dir='ltr'><strong>ὁ</strong></span> <span class='ocrx_word' id='word_1_658' title='bbox 704 2325 875 2361; x_wconf 85' lang='grc' dir='ltr'>ταλαίπωρος</span> <span class='ocrx_word' id='word_1_659' title='bbox 894 2324 934 2358; x_wconf 74' lang='grc' dir='ltr'><strong>εἷς</strong></span> <span class='ocrx_word' id='word_1_660' title='bbox 955 2328 1006 2353; x_wconf 83' lang='grc' dir='ltr'><strong>ὑπ-</strong></span> 
     </span>
    </p>
   </div>
   <div class='ocr_carea' id='block_1_93' title="bbox 213 2366 1005 2408">
    <p class='ocr_par' dir='ltr' id='par_1_93' title="bbox 213 2366 1005 2408">
     <span class='ocr_line' id='line_1_93' title="bbox 213 2366 1005 2408; baseline 0.01 -16"><span class='ocrx_word' id='word_1_661' title='bbox 213 2366 300 2402; x_wconf 82' lang='grc' dir='ltr'>ῆρχον</span> <span class='ocrx_word' id='word_1_662' title='bbox 315 2367 441 2403; x_wconf 83' lang='grc' dir='ltr'>ἐγώ.Τὴν</span> <span class='ocrx_word' id='word_1_663' title='bbox 450 2368 479 2395; x_wconf 83' lang='grc' dir='ltr'><strong>δέ</strong></span> <span class='ocrx_word' id='word_1_664' title='bbox 493 2369 584 2404; x_wconf 83' lang='grc' dir='ltr'>μάχην</span> <span class='ocrx_word' id='word_1_665' title='bbox 597 2370 665 2405; x_wconf 80' lang='grc' dir='ltr'>πρὸς</span> <span class='ocrx_word' id='word_1_666' title='bbox 679 2371 772 2397; x_wconf 85' lang='grc' dir='ltr'>τοῦτον</span> <span class='ocrx_word' id='word_1_667' title='bbox 783 2372 960 2408; x_wconf 78' lang='grc' dir='ltr'>ἀνεδεξάμην,</span> <span class='ocrx_word' id='word_1_668' title='bbox 972 2373 1005 2408; x_wconf 78' lang='grc' dir='ltr'><strong>ἣν</strong></span> 
     </span>
    </p>
   </div>
   <div class='ocr_carea' id='block_1_94' title="bbox 215 2410 999 2452">
    <p class='ocr_par' dir='ltr' id='par_1_94' title="bbox 215 2410 999 2452">
     <span class='ocr_line' id='line_1_94' title="bbox 215 2410 999 2452; baseline 0.008 -15"><span class='ocrx_word' id='word_1_669' title='bbox 215 2410 270 2437; x_wconf 71' lang='grc' dir='ltr'>ἀπὺ</span> <span class='ocrx_word' id='word_1_670' title='bbox 284 2411 371 2447; x_wconf 80' lang='grc' dir='ltr'>πηλοῦ</span> <span class='ocrx_word' id='word_1_671' title='bbox 387 2412 437 2447; x_wconf 77' lang='grc' dir='ltr'><strong>μὲν</strong></span> <span class='ocrx_word' id='word_1_672' title='bbox 457 2413 614 2446; x_wconf 78' lang='grc' dir='ltr'>διέπλασας,</span> <span class='ocrx_word' id='word_1_673' title='bbox 629 2415 789 2442; x_wconf 80' lang='grc' dir='ltr'>κατέξκὸνα</span> <span class='ocrx_word' id='word_1_674' title='bbox 797 2416 825 2442; x_wconf 80' lang='grc' dir='ltr'>δὲ</span> <span class='ocrx_word' id='word_1_675' title='bbox 843 2417 892 2451; x_wconf 87' lang='grc' dir='ltr'><strong>σὴν</strong></span> <span class='ocrx_word' id='word_1_676' title='bbox 904 2417 999 2452; x_wconf 70' lang='grc' dir='ltr'><strong>ἐποίη⁴</strong></span> 
     </span>
    </p>
   </div>
   <div class='ocr_carea' id='block_1_95' title="bbox 215 2457 1004 2497">
    <p class='ocr_par' dir='ltr' id='par_1_95' title="bbox 215 2457 1004 2497">
     <span class='ocr_line' id='line_1_95' title="bbox 215 2457 1004 2497; baseline 0.009 -15"><span class='ocrx_word' id='word_1_677' title='bbox 215 2463 266 2487; x_wconf 74' lang='grc' dir='ltr'><strong>σας</strong></span> <span class='ocrx_word' id='word_1_678' title='bbox 295 2457 343 2484; x_wconf 80' lang='grc' dir='ltr'>καὶ</span> <span class='ocrx_word' id='word_1_679' title='bbox 375 2458 509 2493; x_wconf 76' lang='grc' dir='ltr'>ἐτίμησας</span> <span class='ocrx_word' id='word_1_680' title='bbox 522 2459 561 2494; x_wconf 84' lang='grc' dir='ltr'>τῷ</span> <span class='ocrx_word' id='word_1_681' title='bbox 576 2459 658 2494; x_wconf 81' lang='grc' dir='ltr'>λόγῳ,</span> <span class='ocrx_word' id='word_1_682' title='bbox 680 2461 726 2487; x_wconf 75' lang='grc' dir='ltr'>καὶ</span> <span class='ocrx_word' id='word_1_683' title='bbox 744 2462 909 2497; x_wconf 82' lang='grc' dir='ltr'>παραδείσου</span> <span class='ocrx_word' id='word_1_684' title='bbox 930 2463 1004 2490; x_wconf 85' lang='grc' dir='ltr'>πολί-</span> 
     </span>
    </p>
   </div>
   <div class='ocr_carea' id='block_1_96' title="bbox 214 2502 1003 2543">
    <p class='ocr_par' dir='ltr' id='par_1_96' title="bbox 214 2502 1003 2543">
     <span class='ocr_line' id='line_1_96' title="bbox 214 2502 1003 2543; baseline 0.009 -16"><span class='ocrx_word' id='word_1_685' title='bbox 214 2509 266 2535; x_wconf 82' lang='grc' dir='ltr'>την</span> <span class='ocrx_word' id='word_1_686' title='bbox 287 2502 469 2538; x_wconf 85' lang='grc' dir='ltr'>κατέστησας,</span> <span class='ocrx_word' id='word_1_687' title='bbox 497 2504 546 2531; x_wconf 79' lang='grc' dir='ltr'>καὶ</span> <span class='ocrx_word' id='word_1_688' title='bbox 565 2504 619 2539; x_wconf 80' lang='grc' dir='ltr'>γῆς</span> <span class='ocrx_word' id='word_1_689' title='bbox 641 2506 688 2532; x_wconf 69' lang='grc' dir='ltr'>καὶ</span> <span class='ocrx_word' id='word_1_690' title='bbox 712 2505 846 2542; x_wconf 83' lang='grc' dir='ltr'>θαλάττης</span> <span class='ocrx_word' id='word_1_691' title='bbox 869 2507 1003 2543; x_wconf 84' lang='grc' dir='ltr'>δεσπότην</span> 
     </span>
    </p>
   </div>
   <div class='ocr_carea' id='block_1_97' title="bbox 215 2547 997 2590">
    <p class='ocr_par' dir='ltr' id='par_1_97' title="bbox 215 2547 997 2590">
     <span class='ocr_line' id='line_1_97' title="bbox 215 2547 997 2590; baseline 0.01 -17"><span class='ocrx_word' id='word_1_692' title='bbox 215 2547 367 2583; x_wconf 71' lang='grc' dir='ltr'>ἀπέφηνας.</span> <span class='ocrx_word' id='word_1_693' title='bbox 376 2549 487 2582; x_wconf 80' lang='grc' dir='ltr'>Τοῦτον,</span> <span class='ocrx_word' id='word_1_694' title='bbox 508 2550 601 2586; x_wconf 83' lang='grc' dir='ltr'>ἀπάτῃ</span> <span class='ocrx_word' id='word_1_695' title='bbox 618 2552 800 2587; x_wconf 79' lang='grc' dir='ltr'>χρησάμενος,</span> <span class='ocrx_word' id='word_1_696' title='bbox 811 2553 856 2580; x_wconf 73' lang='grc' dir='ltr'>οὖν</span> <span class='ocrx_word' id='word_1_697' title='bbox 876 2554 982 2590; x_wconf 78' lang='grc' dir='ltr'>ἀνάγκῃ</span> <span class='ocrx_word' id='word_1_698' title='bbox 989 2574 997 2586; x_wconf 86' lang='grc'><strong>,</strong></span> 
     </span>
    </p>
   </div>
   <div class='ocr_carea' id='block_1_98' title="bbox 215 2593 1001 2635">
    <p class='ocr_par' dir='ltr' id='par_1_98' title="bbox 215 2593 1001 2635">
     <span class='ocr_line' id='line_1_98' title="bbox 215 2593 1001 2635; baseline 0.009 -16"><span class='ocrx_word' id='word_1_699' title='bbox 215 2593 357 2630; x_wconf 74' lang='grc' dir='ltr'>νενίκηκα’</span> <span class='ocrx_word' id='word_1_700' title='bbox 383 2595 477 2622; x_wconf 80' lang='grc' dir='ltr'>τοῦτον</span> <span class='ocrx_word' id='word_1_701' title='bbox 504 2595 585 2632; x_wconf 87' lang='grc' dir='ltr'>μέχρι</span> <span class='ocrx_word' id='word_1_702' title='bbox 600 2597 649 2632; x_wconf 84' lang='grc' dir='ltr'>τῆς</span> <span class='ocrx_word' id='word_1_703' title='bbox 665 2598 784 2634; x_wconf 77' lang='grc' dir='ltr'>σήμερον</span> <span class='ocrx_word' id='word_1_704' title='bbox 799 2599 903 2635; x_wconf 79' lang='grc' dir='ltr'>ἡμέρας</span> <span class='ocrx_word' id='word_1_705' title='bbox 919 2600 1001 2626; x_wconf 84' lang='grc' dir='ltr'>νικῶν</span> 
     </span>
    </p>
   </div>
   <div class='ocr_carea' id='block_1_99' title="bbox 1057 2280 1847 2315">
    <p class='ocr_par' dir='ltr' id='par_1_99' title="bbox 1057 2280 1847 2315">
     <span class='ocr_line' id='line_1_99' title="bbox 1057 2280 1847 2315; baseline 0.005 -9"><span class='ocrx_word' id='word_1_706' title='bbox 1057 2280 1148 2315; x_wconf 80' lang='lat' dir='ltr'><strong>refuga</strong></span> <span class='ocrx_word' id='word_1_707' title='bbox 1159 2287 1218 2307; x_wconf 85' lang='lat' dir='ltr'><strong>esse</strong></span> <span class='ocrx_word' id='word_1_708' title='bbox 1236 2287 1384 2314; x_wconf 72' lang='lat' dir='ltr'><strong>cognoscat</strong></span> <span class='ocrx_word' id='word_1_709' title='bbox 1402 2289 1408 2307; x_wconf 90' lang='lat'>:</span> <span class='ocrx_word' id='word_1_710' title='bbox 1427 2281 1570 2308; x_wconf 82' lang='lat' dir='ltr'><strong>victoriam</strong></span> <span class='ocrx_word' id='word_1_711' title='bbox 1588 2289 1652 2309; x_wconf 80' lang='lat' dir='ltr'><strong>vero</strong></span> <span class='ocrx_word' id='word_1_712' title='bbox 1669 2282 1748 2315; x_wconf 88' lang='lat' dir='ltr'><strong>cedo,</strong></span> <span class='ocrx_word' id='word_1_713' title='bbox 1760 2286 1788 2310; x_wconf 86' lang='lat' dir='ltr'><strong>et</strong></span> <span class='ocrx_word' id='word_1_714' title='bbox 1800 2290 1847 2310; x_wconf 88' lang='lat' dir='ltr'><strong>an-</strong></span> 
     </span>
    </p>
   </div>
   <div class='ocr_carea' id='block_1_100' title="bbox 1055 2325 1846 2362">
    <p class='ocr_par' dir='ltr' id='par_1_100' title="bbox 1055 2325 1846 2362">
     <span class='ocr_line' id='line_1_100' title="bbox 1055 2325 1846 2362; baseline 0.004 -10"><span class='ocrx_word' id='word_1_715' title='bbox 1055 2326 1134 2361; x_wconf 82' lang='lat' dir='ltr'><strong>gelis,</strong></span> <span class='ocrx_word' id='word_1_716' title='bbox 1155 2330 1183 2352; x_wconf 88' lang='lat' dir='ltr'><strong>et</strong></span> <span class='ocrx_word' id='word_1_717' title='bbox 1203 2325 1277 2352; x_wconf 90' lang='lat' dir='ltr'><strong>omni</strong></span> <span class='ocrx_word' id='word_1_718' title='bbox 1293 2326 1399 2353; x_wconf 64' lang='lat' dir='ltr'><strong>caelesti</strong></span> <span class='ocrx_word' id='word_1_719' title='bbox 1424 2326 1606 2359; x_wconf 87' lang='lat' dir='ltr'><strong>multitudini,</strong></span> <span class='ocrx_word' id='word_1_720' title='bbox 1631 2335 1663 2354; x_wconf 82' lang='lat' dir='ltr'><strong>ex</strong></span> <span class='ocrx_word' id='word_1_721' title='bbox 1680 2328 1780 2362; x_wconf 87' lang='lat' dir='ltr'><strong>quibus</strong></span> <span class='ocrx_word' id='word_1_722' title='bbox 1795 2329 1846 2355; x_wconf 88' lang='lat' dir='ltr'><strong>ali-</strong></span> 
     </span>
    </p>
   </div>
   <div class='ocr_carea' id='block_1_101' title="bbox 1055 2367 1845 2406">
    <p class='ocr_par' dir='ltr' id='par_1_101' title="bbox 1055 2367 1845 2406">
     <span class='ocr_line' id='line_1_101' title="bbox 1055 2367 1845 2406; baseline 0.004 -9"><span class='ocrx_word' id='word_1_723' title='bbox 1055 2371 1164 2406; x_wconf 89' lang='lat' dir='ltr'><strong>quando</strong></span> <span class='ocrx_word' id='word_1_724' title='bbox 1173 2375 1201 2398; x_wconf 85' lang='lat' dir='ltr'><strong>et</strong></span> <span class='ocrx_word' id='word_1_725' title='bbox 1213 2367 1263 2406; x_wconf 58' lang='lat' dir='ltr'><strong>ego</strong></span> <span class='ocrx_word' id='word_1_726' title='bbox 1273 2370 1366 2398; x_wconf 77' lang='lat' dir='ltr'><strong>infelix</strong></span> <span class='ocrx_word' id='word_1_727' title='bbox 1373 2372 1543 2399; x_wconf 77' lang='lat' dir='ltr'><strong>exstiteram.</strong></span> <span class='ocrx_word' id='word_1_728' title='bbox 1552 2372 1654 2400; x_wconf 89' lang='lat' dir='ltr'><strong>Contra</strong></span> <span class='ocrx_word' id='word_1_729' title='bbox 1668 2373 1743 2401; x_wconf 89' lang='lat' dir='ltr'><strong>hunc</strong></span> <span class='ocrx_word' id='word_1_730' title='bbox 1754 2377 1845 2401; x_wconf 85' lang='lat' dir='ltr'><strong>autem</strong></span> 
     </span>
    </p>
   </div>
   <div class='ocr_carea' id='block_1_102' title="bbox 1054 2417 1845 2453">
    <p class='ocr_par' dir='ltr' id='par_1_102' title="bbox 1054 2417 1845 2453">
     <span class='ocr_line' id='line_1_102' title="bbox 1054 2417 1845 2453; baseline 0.003 -9"><span class='ocrx_word' id='word_1_731' title='bbox 1054 2417 1161 2451; x_wconf 88' lang='lat' dir='ltr'><strong>suscepi</strong></span> <span class='ocrx_word' id='word_1_732' title='bbox 1177 2421 1326 2450; x_wconf 84' lang='lat' dir='ltr'><strong>certamen,</strong></span> <span class='ocrx_word' id='word_1_733' title='bbox 1353 2426 1435 2453; x_wconf 87' lang='lat' dir='ltr'><strong>quem</strong></span> <span class='ocrx_word' id='word_1_734' title='bbox 1459 2418 1493 2446; x_wconf 90' lang='lat' dir='ltr'><strong>de</strong></span> <span class='ocrx_word' id='word_1_735' title='bbox 1519 2419 1585 2446; x_wconf 90' lang='lat' dir='ltr'><strong>limo</strong></span> <span class='ocrx_word' id='word_1_736' title='bbox 1607 2419 1740 2452; x_wconf 81' lang='lat' dir='ltr'><strong>fomiasti,</strong></span> <span class='ocrx_word' id='word_1_737' title='bbox 1766 2423 1794 2446; x_wconf 88' lang='lat' dir='ltr'><strong>et</strong></span> <span class='ocrx_word' id='word_1_738' title='bbox 1812 2421 1845 2447; x_wconf 88' lang='lat' dir='ltr'><strong>ad</strong></span> 
     </span>
    </p>
   </div>
   <div class='ocr_carea' id='block_1_103' title="bbox 1059 2462 1846 2500">
    <p class='ocr_par' dir='ltr' id='par_1_103' title="bbox 1059 2462 1846 2500">
     <span class='ocr_line' id='line_1_103' title="bbox 1059 2462 1846 2500; baseline 0.004 -11"><span class='ocrx_word' id='word_1_739' title='bbox 1059 2462 1203 2498; x_wconf 71' lang='lat' dir='ltr'><strong>imaginem</strong></span> <span class='ocrx_word' id='word_1_740' title='bbox 1217 2468 1290 2491; x_wconf 88' lang='lat' dir='ltr'><strong>tuam</strong></span> <span class='ocrx_word' id='word_1_741' title='bbox 1309 2463 1410 2497; x_wconf 78' lang='lat' dir='ltr'><strong>fecisti,</strong></span> <span class='ocrx_word' id='word_1_742' title='bbox 1424 2468 1451 2491; x_wconf 89' lang='lat' dir='ltr'><strong>et</strong></span> <span class='ocrx_word' id='word_1_743' title='bbox 1468 2465 1572 2491; x_wconf 89' lang='lat' dir='ltr'><strong>ratione</strong></span> <span class='ocrx_word' id='word_1_744' title='bbox 1586 2464 1726 2492; x_wconf 86' lang='lat' dir='ltr'><strong>honorasti</strong></span> <span class='ocrx_word' id='word_1_745' title='bbox 1737 2485 1743 2497; x_wconf 93' lang='lat'><strong>,</strong></span> <span class='ocrx_word' id='word_1_746' title='bbox 1757 2468 1785 2492; x_wconf 88' lang='lat' dir='ltr'><strong>et</strong></span> <span class='ocrx_word' id='word_1_747' title='bbox 1797 2473 1846 2500; x_wconf 79' lang='lat' dir='ltr'><strong>pu-</strong></span> 
     </span>
    </p>
   </div>
   <div class='ocr_carea' id='block_1_104' title="bbox 1058 2509 1849 2545">
    <p class='ocr_par' dir='ltr' id='par_1_104' title="bbox 1058 2509 1849 2545">
     <span class='ocr_line' id='line_1_104' title="bbox 1058 2509 1849 2545; baseline 0.003 -10"><span class='ocrx_word' id='word_1_748' title='bbox 1058 2509 1141 2536; x_wconf 84' lang='lat' dir='ltr'><strong>radisi</strong></span> <span class='ocrx_word' id='word_1_749' title='bbox 1161 2509 1248 2537; x_wconf 89' lang='lat' dir='ltr'><strong>civem</strong></span> <span class='ocrx_word' id='word_1_750' title='bbox 1266 2510 1441 2542; x_wconf 87' lang='lat' dir='ltr'><strong>constituisti,</strong></span> <span class='ocrx_word' id='word_1_751' title='bbox 1462 2514 1490 2537; x_wconf 89' lang='lat' dir='ltr'><strong>et</strong></span> <span class='ocrx_word' id='word_1_752' title='bbox 1505 2514 1586 2537; x_wconf 75' lang='lat' dir='ltr'><strong>terra:</strong></span> <span class='ocrx_word' id='word_1_753' title='bbox 1606 2510 1743 2545; x_wconf 87' lang='lat' dir='ltr'><strong>marisque</strong></span> <span class='ocrx_word' id='word_1_754' title='bbox 1759 2510 1849 2538; x_wconf 86' lang='lat' dir='ltr'><strong>domi—</strong></span> 
     </span>
    </p>
   </div>
   <div class='ocr_carea' id='block_1_105' title="bbox 1057 2554 1845 2588">
    <p class='ocr_par' dir='ltr' id='par_1_105' title="bbox 1057 2554 1845 2588">
     <span class='ocr_line' id='line_1_105' title="bbox 1057 2554 1845 2588; baseline 0.001 -8"><span class='ocrx_word' id='word_1_755' title='bbox 1057 2562 1123 2580; x_wconf 90' lang='lat' dir='ltr'><strong>num</strong></span> <span class='ocrx_word' id='word_1_756' title='bbox 1136 2554 1340 2582; x_wconf 83' lang='lat' dir='ltr'><strong>demonstrasti.</strong></span> <span class='ocrx_word' id='word_1_757' title='bbox 1353 2555 1431 2583; x_wconf 84' lang='lat' dir='ltr'><strong>[Iuno</strong></span> <span class='ocrx_word' id='word_1_758' title='bbox 1441 2556 1612 2588; x_wconf 86' lang='lat' dir='ltr'><strong>seductione,</strong></span> <span class='ocrx_word' id='word_1_759' title='bbox 1622 2564 1676 2583; x_wconf 91' lang='lat' dir='ltr'><strong>non</strong></span> <span class='ocrx_word' id='word_1_760' title='bbox 1685 2555 1845 2584; x_wconf 79' lang='lat' dir='ltr'><strong>necessitate</strong></span> 
     </span>
    </p>
   </div>
   <div class='ocr_carea' id='block_1_106' title="bbox 1057 2600 1843 2636">
    <p class='ocr_par' dir='ltr' id='par_1_106' title="bbox 1057 2600 1843 2636">
     <span class='ocr_line' id='line_1_106' title="bbox 1057 2600 1843 2636; baseline 0.001 -10"><span class='ocrx_word' id='word_1_761' title='bbox 1057 2600 1153 2635; x_wconf 88' lang='lat' dir='ltr'><strong>decepi</strong></span> <span class='ocrx_word' id='word_1_762' title='bbox 1163 2602 1200 2633; x_wconf 68' lang='grc' dir='ltr'>υς</span> <span class='ocrx_word' id='word_1_763' title='bbox 1217 2600 1291 2628; x_wconf 89' lang='lat' dir='ltr'><strong>hunc</strong></span> <span class='ocrx_word' id='word_1_764' title='bbox 1300 2608 1385 2636; x_wconf 87' lang='lat' dir='ltr'><strong>usque</strong></span> <span class='ocrx_word' id='word_1_765' title='bbox 1400 2601 1427 2628; x_wconf 90' lang='lat' dir='ltr'><strong>in</strong></span> <span class='ocrx_word' id='word_1_766' title='bbox 1437 2601 1602 2629; x_wconf 86' lang='lat' dir='ltr'><strong>hodiernum</strong></span> <span class='ocrx_word' id='word_1_767' title='bbox 1620 2601 1692 2629; x_wconf 88' lang='lat' dir='ltr'><strong>diem</strong></span> <span class='ocrx_word' id='word_1_768' title='bbox 1703 2608 1843 2636; x_wconf 86' lang='lat' dir='ltr'><strong>superare,</strong></span> 
     </span>
    </p>
   </div>
   <div class='ocr_carea' id='block_1_107' title="bbox 861 2687 1200 2716">
    <p class='ocr_par' dir='ltr' id='par_1_107' title="bbox 861 2687 1200 2716">
     <span class='ocr_line' id='line_1_107' title="bbox 861 2687 1200 2716; baseline 0.003 -2"><span class='ocrx_word' id='word_1_769' title='bbox 861 2687 978 2715; x_wconf 67' lang='lat' dir='ltr'><strong>VARIE</strong></span> <span class='ocrx_word' id='word_1_770' title='bbox 998 2688 1200 2716; x_wconf 83' lang='lat' dir='ltr'><strong>LECTlONES.</strong></span> 
     </span>
    </p>
   </div>
   <div class='ocr_carea' id='block_1_108' title="bbox 250 2754 539 2787">
    <p class='ocr_par' dir='ltr' id='par_1_108' title="bbox 250 2754 539 2787">
     <span class='ocr_line' id='line_1_108' title="bbox 250 2754 539 2787; baseline 0.014 -7"><span class='ocrx_word' id='word_1_771' title='bbox 250 2754 283 2769; x_wconf 85' lang='lat'><strong>’°‘</strong></span> <span class='ocrx_word' id='word_1_772' title='bbox 295 2754 337 2781; x_wconf 83' lang='grc' dir='ltr'><strong>ἀν.</strong></span> <span class='ocrx_word' id='word_1_773' title='bbox 350 2754 416 2782; x_wconf 85' lang='lat' dir='ltr'><strong>Luc.</strong></span> <span class='ocrx_word' id='word_1_774' title='bbox 429 2762 466 2786; x_wconf 74' lang='grc' dir='ltr'><strong>ιν,</strong></span> <span class='ocrx_word' id='word_1_775' title='bbox 475 2755 502 2787; x_wconf 84' lang='lat'><strong>9,</strong></span> <span class='ocrx_word' id='word_1_776' title='bbox 515 2756 539 2784; x_wconf 89' lang='lat' dir='ltr'><strong>le</strong></span> 
     </span>
    </p>
   </div>
   <div class='ocr_carea' id='block_1_109' title="bbox 575 2756 1842 2794">
    <p class='ocr_par' dir='ltr' id='par_1_109' title="bbox 575 2756 1842 2794">
     <span class='ocr_line' id='line_1_109' title="bbox 575 2756 1842 2794; baseline 0.002 -11"><span class='ocrx_word' id='word_1_777' title='bbox 575 2756 709 2794; x_wconf 62' lang='grc' dir='ltr'><strong>ἐντεῦθενἶ</strong></span> <span class='ocrx_word' id='word_1_778' title='bbox 745 2758 766 2772; x_wconf 75' lang='grc' dir='ltr'>’ί</span> <span class='ocrx_word' id='word_1_779' title='bbox 781 2757 840 2785; x_wconf 76' lang='lat' dir='ltr'><strong>(Iwc</strong></span> <span class='ocrx_word' id='word_1_780' title='bbox 852 2757 1085 2794; x_wconf 63' lang='lat' dir='ltr'><strong>Apollinaris,cte.</strong></span> <span class='ocrx_word' id='word_1_781' title='bbox 1100 2759 1139 2786; x_wconf 77' lang='lat' dir='ltr'><strong>Ex</strong></span> <span class='ocrx_word' id='word_1_782' title='bbox 1151 2758 1234 2786; x_wconf 81' lang='lat' dir='ltr'><strong>Mario</strong></span> <span class='ocrx_word' id='word_1_783' title='bbox 1250 2759 1400 2787; x_wconf 69' lang='lat' dir='ltr'><strong>Mercatore</strong></span> <span class='ocrx_word' id='word_1_784' title='bbox 1416 2759 1526 2794; x_wconf 88' lang='lat' dir='ltr'><strong>quidem</strong></span> <span class='ocrx_word' id='word_1_785' title='bbox 1538 2759 1597 2787; x_wconf 72' lang='lat' dir='ltr'><strong>haec</strong></span> <span class='ocrx_word' id='word_1_786' title='bbox 1611 2758 1752 2793; x_wconf 82' lang='lat' dir='ltr'><strong>desumpta</strong></span> <span class='ocrx_word' id='word_1_787' title='bbox 1769 2762 1842 2789; x_wconf 79' lang='lat' dir='ltr'><strong>sunt,</strong></span> 
     </span>
    </p>
   </div>
   <div class='ocr_carea' id='block_1_110' title="bbox 214 2764 1842 2828">
    <p class='ocr_par' dir='ltr' id='par_1_110' title="bbox 214 2764 1842 2828">
     <span class='ocr_line' id='line_1_110' title="bbox 252 2764 1842 2798; baseline 0.003 -17"><span class='ocrx_word' id='word_1_788' title='bbox 252 2764 272 2769; x_wconf 81' lang='lat'><strong>&quot;</strong></span> <span class='ocrx_word' id='word_1_789' title='bbox 295 2764 337 2781; x_wconf 82' lang='grc' dir='ltr'>αν.</span> <span class='ocrx_word' id='word_1_790' title='bbox 350 2764 416 2782; x_wconf 69' lang='lat' dir='ltr'><strong>Luc.</strong></span> <span class='ocrx_word' id='word_1_791' title='bbox 429 2764 502 2787; x_wconf 51' lang='grc' dir='ltr'>μην,</span> <span class='ocrx_word' id='word_1_792' title='bbox 515 2764 539 2784; x_wconf 88' lang='lat' dir='ltr'><strong>te</strong></span> <span class='ocrx_word' id='word_1_793' title='bbox 561 2764 708 2784; x_wconf 67' lang='lat' dir='ltr'><strong>.zvrauosv.</strong></span> <span class='ocrx_word' id='word_1_794' title='bbox 746 2764 766 2772; x_wconf 85' lang='lat'>“</span> <span class='ocrx_word' id='word_1_795' title='bbox 781 2764 840 2785; x_wconf 74' lang='lat' dir='ltr'><strong>rma</strong></span> <span class='ocrx_word' id='word_1_796' title='bbox 852 2764 1085 2793; x_wconf 71' lang='lat' dir='ltr'><strong>Apotttnat‘ts,ctc.</strong></span> <span class='ocrx_word' id='word_1_797' title='bbox 1100 2764 1139 2786; x_wconf 72' lang='lat' dir='ltr'><strong>hx</strong></span> <span class='ocrx_word' id='word_1_798' title='bbox 1151 2764 1234 2786; x_wconf 79' lang='lat' dir='ltr'><strong>Marto</strong></span> <span class='ocrx_word' id='word_1_799' title='bbox 1250 2764 1400 2787; x_wconf 81' lang='lat' dir='ltr'><strong>Mercatore</strong></span> <span class='ocrx_word' id='word_1_800' title='bbox 1416 2764 1526 2794; x_wconf 80' lang='lat' dir='ltr'><strong>qumom</strong></span> <span class='ocrx_word' id='word_1_801' title='bbox 1540 2764 1597 2787; x_wconf 83' lang='lat' dir='ltr'><strong>haec</strong></span> <span class='ocrx_word' id='word_1_802' title='bbox 1611 2764 1752 2793; x_wconf 78' lang='lat' dir='ltr'><strong>desumpta</strong></span> <span class='ocrx_word' id='word_1_803' title='bbox 1769 2764 1842 2798; x_wconf 73' lang='lat' dir='ltr'><strong>sunt,</strong></span> 
     </span>
     <span class='ocr_line' id='line_1_111' title="bbox 214 2764 1842 2828; baseline 0.002 -13"><span class='ocrx_word' id='word_1_804' title='bbox 214 2788 327 2828; x_wconf 58' lang='lat' dir='ltr'><strong>sgd_n_on</strong></span> <span class='ocrx_word' id='word_1_805' title='bbox 338 2797 407 2828; x_wconf 68' lang='lat' dir='ltr'><strong>opus</strong></span> <span class='ocrx_word' id='word_1_806' title='bbox 418 2790 470 2828; x_wconf 75' lang='lat' dir='ltr'><strong>fuit</strong></span> <span class='ocrx_word' id='word_1_807' title='bbox 483 2764 608 2819; x_wconf 45' lang='lat' dir='ltr'><strong>hoeﬁoeo</strong></span> <span class='ocrx_word' id='word_1_808' title='bbox 622 2800 690 2819; x_wconf 86' lang='lat' dir='ltr'><strong>nova</strong></span> <span class='ocrx_word' id='word_1_809' title='bbox 703 2792 1013 2828; x_wconf 84' lang='lat' dir='ltr'><strong>interpretationc,qnia</strong></span> <span class='ocrx_word' id='word_1_810' title='bbox 1024 2798 1113 2821; x_wconf 70' lang='lat' dir='ltr'><strong>textus</strong></span> <span class='ocrx_word' id='word_1_811' title='bbox 1128 2794 1236 2821; x_wconf 67' lang='lat' dir='ltr'><strong>Grrccns</strong></span> <span class='ocrx_word' id='word_1_812' title='bbox 1248 2795 1364 2821; x_wconf 79' lang='lat' dir='ltr'><strong>maxima</strong></span> <span class='ocrx_word' id='word_1_813' title='bbox 1375 2802 1406 2822; x_wconf 75' lang='lat' dir='ltr'><strong>ex</strong></span> <span class='ocrx_word' id='word_1_814' title='bbox 1424 2799 1502 2828; x_wconf 86' lang='lat' dir='ltr'><strong>parte</strong></span> <span class='ocrx_word' id='word_1_815' title='bbox 1514 2802 1575 2822; x_wconf 92' lang='lat' dir='ltr'><strong>cum</strong></span> <span class='ocrx_word' id='word_1_816' title='bbox 1588 2794 1683 2821; x_wconf 86' lang='lat' dir='ltr'><strong>Latino</strong></span> <span class='ocrx_word' id='word_1_817' title='bbox 1695 2797 1842 2828; x_wconf 68' lang='lat' dir='ltr'><strong>consentit.</strong></span> 
     </span>
    </p>
   </div>
   <div class='ocr_carea' id='block_1_111' title="bbox 215 2823 750 2855">
    <p class='ocr_par' dir='ltr' id='par_1_111' title="bbox 215 2823 750 2855">
     <span class='ocr_line' id='line_1_112' title="bbox 215 2823 750 2855; baseline 0.007 -5"><span class='ocrx_word' id='word_1_818' title='bbox 215 2823 237 2839; x_wconf 85' lang='lat'><strong>”</strong></span> <span class='ocrx_word' id='word_1_819' title='bbox 252 2823 319 2851; x_wconf 80' lang='lat' dir='ltr'><strong>Erit.</strong></span> <span class='ocrx_word' id='word_1_820' title='bbox 338 2823 519 2852; x_wconf 78' lang='lat' dir='ltr'><strong>scribendum</strong></span> <span class='ocrx_word' id='word_1_821' title='bbox 533 2830 605 2854; x_wconf 85' lang='lat' dir='ltr'><strong>esset</strong></span> <span class='ocrx_word' id='word_1_822' title='bbox 622 2832 688 2855; x_wconf 78' lang='lat' dir='ltr'><strong>erat.</strong></span> <span class='ocrx_word' id='word_1_823' title='bbox 728 2828 750 2844; x_wconf 83' lang='grc'><strong>³³</strong></span> 
     </span>
    </p>
   </div>
   <div class='ocr_carea' id='block_1_112' title="bbox 207 2859 517 2896">
    <p class='ocr_par' dir='ltr' id='par_1_112' title="bbox 207 2859 517 2896">
     <span class='ocr_line' id='line_1_113' title="bbox 207 2859 517 2896; baseline 0.013 -12"><span class='ocrx_word' id='word_1_824' title='bbox 207 2859 280 2893; x_wconf 68' lang='lat' dir='ltr'><strong>.cqn‘.</strong></span> <span class='ocrx_word' id='word_1_825' title='bbox 293 2859 338 2886; x_wconf 79' lang='lat' dir='ltr'><strong>Vel</strong></span> <span class='ocrx_word' id='word_1_826' title='bbox 356 2859 445 2896; x_wconf 85' lang='lat' dir='ltr'><strong>potius</strong></span> <span class='ocrx_word' id='word_1_827' title='bbox 461 2861 517 2888; x_wconf 71' lang='lat' dir='ltr'><strong>viri.</strong></span> 
     </span>
    </p>
   </div>
   <div class='ocr_carea' id='block_1_113' title="bbox 793 2827 1841 2864">
    <p class='ocr_par' dir='ltr' id='par_1_113' title="bbox 793 2827 1841 2864">
     <span class='ocr_line' id='line_1_114' title="bbox 793 2827 1841 2864; baseline 0 -11"><span class='ocrx_word' id='word_1_828' title='bbox 793 2833 843 2855; x_wconf 81' lang='lat' dir='ltr'><strong>ucl.</strong></span> <span class='ocrx_word' id='word_1_829' title='bbox 861 2828 904 2855; x_wconf 73' lang='lat' dir='ltr'><strong>sit.</strong></span> <span class='ocrx_word' id='word_1_830' title='bbox 926 2829 1000 2855; x_wconf 70' lang='lat' dir='ltr'><strong>Addo</strong></span> <span class='ocrx_word' id='word_1_831' title='bbox 1022 2829 1097 2864; x_wconf 75' lang='lat' dir='ltr'><strong>juxta</strong></span> <span class='ocrx_word' id='word_1_832' title='bbox 1115 2833 1216 2855; x_wconf 81' lang='lat' dir='ltr'><strong>textum</strong></span> <span class='ocrx_word' id='word_1_833' title='bbox 1237 2829 1371 2862; x_wconf 60' lang='lat' dir='ltr'><strong>Graecum,</strong></span> <span class='ocrx_word' id='word_1_834' title='bbox 1390 2834 1413 2855; x_wconf 80' lang='lat' dir='ltr'><strong>ct</strong></span> <span class='ocrx_word' id='word_1_835' title='bbox 1427 2827 1542 2864; x_wconf 68' lang='lat' dir='ltr'><strong>inferior</strong></span> <span class='ocrx_word' id='word_1_836' title='bbox 1560 2829 1713 2856; x_wconf 62' lang='lat' dir='ltr'><strong>discesserit.</strong></span> <span class='ocrx_word' id='word_1_837' title='bbox 1751 2827 1771 2843; x_wconf 87' lang='lat'>&quot;</span> <span class='ocrx_word' id='word_1_838' title='bbox 1788 2827 1841 2857; x_wconf 60' lang='lat' dir='ltr'><strong>II;—</strong></span> 
     </span>
    </p>
   </div>
  </div>
