1969 3052
137 172 173 204 83
751 174 910 206 OPERUM
928 175 930 183 ‘

985 175 1174 206 EODORETI
1731 171 1766 205 84

138 227 268 262 dejicere,
290 233 324 254 ac
342 226 424 253 morti
449 225 556 253 tradere
581 232 637 252 non
661 232 753 258 cesso;
781 234 927 261 persevero

985 229 1027 254 ιαὶ
1045 227 1161 262 βάλλων,
1177 227 1224 253 καὶ
1244 226 1283 261 τῷ
1303 226 1410 261 θανάτῳ
1432 225 1624 260 παραπέμπων
1639 225 1764 252 διατελῶ*

136 273 211 300 liunc
227 272 262 299 ad
278 271 396 298 stadium
409 271 572 306 perducens,
589 274 617 297 et
628 278 735 297 meeum
749 271 846 298 luctari
855 279 925 306 pra:-

136 318 254 353 cipiens.
279 317 351 351 lpse,
369 321 508 352 spectator
532 315 645 349 assiste;
670 316 751 343 etiam
772 321 830 343 arte
844 325 925 351 quam

136 361 246 388 athletae
268 361 419 392 insumunt,
446 360 561 387 ostende
582 360 661 394 128
677 361 774 387 luctari
794 361 927 388 :demon—

137 413 192 435 sua
209 411 238 434 et
253 407 376 433 instituta
391 406 600 433 certaminis":
619 414 699 440 unge,
717 411 743 433 ut
762 407 853 439 voles;
869 411 927 434 tan-

137 457 196 480 tum
223 461 258 480 ne
284 452 368 479 buic‘
386 452 517 479 auxilium
541 451 664 486 praebeas
684 459 761 478 :non
788 452 861 478 enim
888 453 927 479 sic

137 499 225 526 audax
242 506 292 533 ego
303 503 332 525 et
348 503 440 525 mente
452 498 584 532 privatus,
600 501 630 524 ut
639 497 785 525 adversum
800 501 827 525 te
840 497 926 525 facto-

137 550 195 570 rem
213 549 319 570 certare
330 546 496 577 pertentcm.
628 549 631 552 ⁴

173 634 237 662 Haac
246 633 280 661 ad
297 633 466 661 Salvatorem
477 633 616 661 Christum
631 634 704 669 juste
714 633 841 660 diabolus
853 633 928 661 dice-

137 684 190 711 ret,
212 680 235 706 si
250 687 305 707 non
324 684 398 707 esset
412 679 505 712 homo,
521 679 569 707 sed
590 679 673 711 Deus,
684 679 733 714 qui
753 687 802 713 pro
815 679 927 706 homine

138 725 290 752 decertaret
298 725 330 751 ".

174 770 202 797 Si
217 771 292 798 enim
309 771 336 798 in
350 771 462 798 Christo
473 778 551 798 mens
566 770 685 798 humana
700 777 756 797 non
770 774 840 802 erat,
853 770 928 797 Deus

138 819 229 842 autem
246 823 297 850 pro
312 821 404 843 mente
417 816 552 843 exsistens
573 816 740 851 operabatur
761 816 852 842 omnia
867 823 928 850 quae

138 861 242 888 mentis.
251 865 316 889 sunt
331 870 336 887 :
350 862 422 889 Deus
436 865 504 893 erat,
519 862 567 896 qui
583 861 788 888 laboravitcum
801 868 927 895 corpore;

977 273 1072 300 τοῦτον
1089 274 1128 305 εἰς
1139 274 1168 300 τὸ
1185 273 1290 299 στάδιον
1305 271 1428 307 ἀγαγὼν,
1444 272 1491 298 καὶ
1506 271 1630 298 παλαίειν
1647 271 1709 306 ἐμοὶ
1722 281 1765 298 κε-

977 318 1094 350 λεύσας.-
1111 318 1195 347 Αὐτὸς
1214 317 1294 351 γενοῦ
1312 317 1411 351 θεατὴς
1428 316 1474 342 καὶ
1497 316 1551 342 τῶν
1568 316 1766 351 παλαισμάτων

977 363 1156 398 ἀγωνοθέτης.
1174 363 1205 389 ΕΞ
1219 363 1247 389 δὲ
1265 362 1354 397 βούλει
1366 362 1415 388 καὶ
1430 354 1468 387 ’τὰ
1479 361 1652 396 παιδοτρίϐου
1668 363 1765 393 ποιεῖν,

976 408 1079 440 δίδαξον
1101 409 1242 440 παλαίειν,
1275 407 1415 439 ὑπόδειξον
1427 407 1502 442 αὑτῷ
1528 406 1578 438 τὰς
1607 407 1656 442 τῆς
1677 407 1758 442 νίκης

980 454 1075 486 λαϐὰς,
1093 454 1210 488 ἄλειψον,
1231 453 1268 484 ὡς
1291 453 1401 484 ἐθέλεις,
1422 453 1501 486 μόνον
1527 451 1563 487 μὴ
1584 453 1766 487 συμμαχὴσῃς

978 502 1130 528 παλαίοντι·
1155 501 1185 526 οὐ
1203 500 1258 535 γὰρ
1274 499 1345 526 οὕτω
1372 499 1474 535 θρασὺς
1490 498 1556 532 ἐγὼ,
1571 499 1619 524 καὶ
1634 498 1681 524 τοῦ
1701 507 1767 533 φρο-

977 549 1032 574 νεῖν
1060 545 1225 582 ἐξεστηκὼς,
1246 545 1284 578 ῶς
1313 554 1353 572 σοι
1373 545 1411 580 τῷ
1432 545 1530 579 ποιητῇ
1558 543 1682 570 παλαίειν
1709 545 1767 570 ἑπι-

977 592 1114 628 χειρῆσαι.

1012 636 1096 662 Ταῦτ’
1119 636 1152 663 ἂν
1174 634 1250 662 εἶπεν
1264 635 1278 661 ὁ
1306 634 1429 665 διάϐολος
1453 633 1546 660 δίκαια
1562 633 1631 669 προς
1648 632 1694 658 τὸν
1709 633 1767 658 Σω-

977 682 1048 717 τῆρα
1074 682 1201 717 Χριστὸν,
1219 681 1298 716 εἴπερ
1318 681 1368 707 οὐκ
1385 680 1528 716 ἄνθρωπος
1552 677 1597 715 ἦν,
1615 678 1683 706 ἀλλὰ
1701 678 1768 710 Θεὸς

978 730 992 755 ὁ
1006 729 1066 754 ἀντὶ
1080 727 1225 762 ἀνθρώπου
1247 726 1381 753 παλαίων.

1013 773 1045 799 Εἰ
1059 774 1113 808 γὰρ
1127 774 1177 799 οὐκ
1192 770 1226 807 ἦν
1247 773 1276 798 ἐν
1307 771 1380 806 αὐτῷ
1407 770 1469 802 νοῦς
1488 769 1676 805 ἀνθρώπινος,
1701 769 1768 801 Θεδς

978 817 1006 843 δὲ
1022 818 1082 844 ἀντὶ
1102 817 1147 844 νοῦ
1166 817 1295 852 ὑπάρχων
1307 817 1340 843 τὰ
1355 815 1392 850 τῷ
1408 815 1446 850 νῷ
1459 815 1569 850 ἐνήργει
1583 815 1766 849 προσήκοντα·

979 863 1045 895 θεὸς
1062 863 1111 898 μὲν
1126 861 1159 898 ἦν
1171 864 1185 890 ὁ
1197 863 1236 897 τῷ
1251 863 1357 897 σώματι
1372 861 1560 896 συμπονήσας,
1573 859 1638 890 Θεὸς
1652 859 1681 885 δὲ
1702 860 1716 885 ὁ
1734 858 1768 885 τὰ

137 905 212 933 Deus
239 910 308 938 erat,
326 906 373 940 qui
398 906 465 933 alias
487 906 607 933 hominis
627 906 768 940 passiones
789 906 929 933 sustinuit.

985 909 1049 935 ἄλλα
1070 909 1104 936 τὰ
1126 908 1286 944 ἀνθρώπινα
1302 907 1454 942 ὑπομείνας
1479 905 1639 940 παθήματα.
1659 904 1769 935 Εἰθεδς

138 950 217 984 Quod
227 951 251 978 si
271 955 363 978 autem
383 951 439 982 ille,
452 953 499 985 qui
518 951 637 979 luctatus
651 955 694 979 est
707 951 838 986 vicitque,
853 952 926 978 Deus

138 1000 208 1028 erat,
233 996 267 1023 ad
284 1004 327 1023 me
354 1000 429 1023 certe
453 996 568 1024 victoria
590 1005 646 1024 non
673 997 804 1032 pertinet,
819 996 869 1024 sed
895 996 930 1023 ad

138 1040 236 1074 Deum,
247 1042 294 1076 qui
306 1042 441 1076 justitiam
454 1049 564 1070 omnem
577 1043 692 1077 peregit.
709 1042 762 1070 Sed
778 1042 874 1076 procul
893 1042 931 1068 fa—

138 1091 229 1114 cessat
243 1087 405 1121 Apollinarii
422 1088 564 1122 nugacitas
576 1097 583 1114 :
595 1095 646 1115 nos
660 1092 764 1120 autem,
776 1095 857 1122 quam
874 1087 932 1114 Sal-

137 1136 217 1158 vator
243 1133 349 1167 peregit
374 1133 619 1167 dispensationem,
639 1133 723 1160 fuisse
749 1133 930 1160 necessariam

137 1177 370 1206 demonstremus.

171 1223 308 1257 Quoniam
327 1228 401 1252 totus
409 1225 492 1252 homo
507 1224 639 1259 deceptus
653 1228 705 1257 est,
719 1229 848 1259 totusque
865 1231 931 1258 pec-

137 1273 201 1296 cato
216 1270 373 1301 succubuit,
385 1277 503 1303 cumque
516 1276 594 1296 mens
606 1273 669 1296 ante
678 1276 779 1303 corpus
795 1269 933 1302 deceptio-

137 1321 201 1340 nem
217 1314 357 1342 admiserit
372 1314 460 1349 (prius
473 1315 547 1341 enim
566 1314 667 1340 mentis
676 1321 826 1340 consensus
835 1321 932 1348 pecea-

137 1362 196 1385 tum
214 1359 290 1386 velut
301 1359 458 1390 adumbrat,
472 1365 573 1392 corpus
588 1358 687 1385 deinde
697 1358 854 1393 operatione
865 1358 931 1385 illud

137 1403 248 1439 format)
264 1404 345 1432 :ideo
357 1404 486 1432 Christus
501 1404 644 1436 Dominus,
665 1412 727 1431 cum
747 1408 872 1430 naturam
891 1404 931 1430 la-

137 1457 214 1484 psam
230 1450 336 1484 erigere
348 1449 439 1481 vellet,
457 1449 506 1476 toti
520 1457 631 1476 manum
644 1449 768 1484 porrigit,
781 1453 929 1483 totamque,

137 1501 249 1521 carnem
266 1494 328 1522 dico
343 1499 371 1522 et
387 1498 518 1527 mentem,
537 1502 597 1529 qua:
613 1494 646 1521 ad
664 1494 809 1529 imaginem
820 1493 931 1521 Creato—

138 1537 178 1565 ris
192 1537 262 1565 l‘acta
278 1539 476 1573 est,jacentem
489 1538 600 1564 attollit.
617 1538 677 1565 Non
695 1538 787 1572 itaque
806 1538 930 1572 despexit

139 1588 259 1611 mentem
269 1589 346 1611 tanto
357 1585 461 1611 honore
475 1584 612 1615 aﬂ‘ectam,
625 1588 735 1618 tamque
753 1583 871 1618 indigam
885 1592 931 1611 cu-

138 1629 254 1657 rationis
271 1639 278 1656 :
293 1637 384 1664 neque
405 1637 468 1657 cum
482 1633 637 1656 assumeret
657 1629 684 1656 id
704 1629 840 1661 hominis,
858 1629 931 1663 quod

139 1675 237 1702 morbo
249 1679 276 1702 et
299 1679 442 1702 senectute
468 1675 674 1709 corrumpitur,
702 1674 832 1709 quodque
850 1675 932 1702 morti

139 1719 286 1747 obnoxium
306 1724 357 1752 est,
375 1720 479 1754 sprevit
492 1719 559 1746 illud
573 1719 646 1753 quod
663 1719 827 1751 immortale,
843 1720 932 1754 quod-

140 1772 193 1799 que
209 1764 340 1791 Orationis
348 1764 497 1798 particeps,
513 1763 584 1790 etad
602 1763 748 1798 imaginem
764 1762 835 1799 (Dei)
854 1763 933 1798 129

140 1808 253 1840 factum,
273 1812 354 1843 atque
370 1807 492 1842 insuper,
511 1811 541 1834 ut
555 1807 666 1842 ipsimet
677 1807 784 1840 dicunt,
810 1809 880 1834 male
894 1808 933 1835 af-

140 1853 258 1887 fectum;
276 1854 323 1881 sed
343 1854 526 1881 inveteratam
541 1857 668 1880 naturam
685 1853 827 1880 renovavit
837 1858 931 1885 totam,

141 1908 192 1928 nec
206 1901 292 1936 ipsius
301 1905 407 1935 partem
419 1907 499 1926 unam
517 1907 615 1926 novam
630 1899 736 1929 refecit,
757 1899 870 1926 alteram
883 1907 932 1926 an-

143 1946 278 1981 tiquatam
291 1946 356 1973 licet
368 1951 451 1980 atque
465 1949 633 1979 corruptam,
645 1943 796 1970 insanatam
810 1944 932 1978 reliquit,

143 1992 294 2026 praesertim
308 1999 371 2018 eum
388 1991 422 2018 sit
434 1990 607 2026 praestantior
620 1989 765 2025 potiorque
781 1989 933 2025 intelligen-

144 2037 212 2064 tium
224 2041 398 2064 naturarum.

176 2082 336 2109 Absurdum
356 2089 492 2116 namque,
523 2089 624 2116 corpus
637 2080 748 2115 quidem
770 2081 873 2108 luteum
901 2089 933 2108 ac

142 2132 293 2160 terrenum,
317 2127 546 2162 passionibusque
568 2126 730 2161 implicitum
751 2126 864 2158 assumi,
889 2133 932 2153 as-

142 2164 337 2208 sumptumque
345 2173 378 2199 ad
388 2173 526 2200 dexteram
539 2172 688 2206 majestatis
697 2171 841 2204 collocari;
856 2179 933 2198 men-

979 955 1007 981 δὲ
1019 956 1032 982 ὁ
1048 955 1183 986 παλαίσας
1197 955 1244 981 καὶ
1258 955 1384 989 νικήσας,
1406 951 1483 986 κάγὼ
1501 952 1550 986 τῆς
1563 951 1641 985 νίκης
1656 952 1769 985 ἐστέρη-

981 1008 1042 1034 μαι.
1055 999 1121 1030 Θεδς
1135 999 1163 1026 δὲ
1180 1000 1194 1026 ὁ
1217 999 1267 1034 τὴν
1296 997 1469 1032 δικαιοσύνην
1494 996 1603 1023 ἃπασαν
1629 994 1768 1030 κατορθώ-

980 1054 1039 1076 σας.
1062 1046 1130 1072 Ἀλλ’
1152 1045 1263 1071 ἀπέστω
1286 1046 1309 1061 ¹⁷
1327 1046 1343 1079 ἡ
1371 1044 1419 1070 τοῦ
1455 1041 1648 1078 ’Λπολιναρίου
1674 1041 1768 1067 ἀδολε-

981 1093 1053 1127 σχία·
1069 1093 1148 1127 ἡμεῖς
1163 1092 1190 1118 δὲ
1203 1091 1334 1126 δείξωμεν
1349 1091 1398 1125 τὴν
1413 1089 1459 1116 τοῦ
1473 1089 1599 1124 Σωτῆρος
1612 1087 1768 1122 οἰκονομίαν

980 1137 1137 1172 ἀναγκαίως
1150 1137 1347 1172 γεγενημένην.

1022 1224 1132 1259 Ἐπειδὴ
1145 1224 1200 1259 γὰρ
1214 1224 1287 1255 ἄπας
1299 1225 1312 1249 ὁ
1324 1223 1466 1258 ἄνθρωπος
1479 1220 1619 1257 ἠπατήθη,
1635 1220 1683 1247 καὶ
1695 1219 1768 1250 ἄπας

981 1269 1033 1296 ὑπὸ
1045 1269 1094 1304 τὴν
1111 1269 1251 1304 ἁμαρτίαν
1274 1269 1392 1302 ἐγένετο,
1408 1268 1455 1294 καὶ
1471 1267 1524 1302 πρὸ
1543 1267 1590 1293 τοῦ
1606 1265 1730 1301 cibum-to;
1755 1266 1770 1290 ὁ

981 1315 1043 1346 νοῦς
1057 1315 1107 1350 τὴν
1121 1314 1231 1349 ἀπάτην
1244 1314 1403 1347 ὑπεδέξατο·
1418 1314 1550 1349 πρότερον
1564 1312 1618 1348 γὰρ
1636 1313 1652 1346 ἡ
1663 1311 1709 1337 τοῦ
1723 1310 1770 1336 νοῧ

983 1359 1181 1394 συγκατάθεσις
1209 1361 1376 1395 σκιαγραφεῐ
1396 1359 1445 1394 τὴν
1463 1358 1612 1394 ἁμαρτίαν,
1630 1355 1678 1384 εἷθ’
1696 1356 1768 1383 οὕτω

982 1405 1026 1432 διὰ
1045 1406 1094 1440 τῆς
1112 1405 1253 1441 ἐνεργείας
1269 1405 1299 1432 τὺ
1320 1405 1399 1440 σῶμα
1412 1405 1514 1439 ταύτην
1533 1405 1640 1439 μορφοῐ·
1657 1403 1769 1433 εἰκότως

982 1453 996 1478 ὁ
1016 1452 1154 1486 Δεσπότης
1178 1451 1295 1486 Χριστὸς
1321 1452 1501 1478 πεπτωκυῖαν
1520 1450 1600 1484 φύσιν
1619 1449 1769 1483 ἀναστῆσαι

984 1497 1155 1532 βουλόμενος,
1179 1497 1253 1531 πάσῃ
1270 1498 1350 1533 χεῖρα
1365 1497 1468 1533 ὀρέγει,
1490 1496 1536 1522 καὶ
1553 1495 1684 1530 κειμένην
1700 1494 1770 1528 ἐγεί-

953 1565 964 1576 η
985 1551 1036 1578 ρει·
1054 1543 1104 1578 τὴν
1121 1543 1211 1578 σάρκα
1232 1543 1304 1578 φημὶ
1329 1543 1376 1569 καὶ
1392 1542 1437 1569 τὸν
1461 1542 1533 1573 νοῦν.
1549 1541 1586 1574 ὡς
1603 1541 1663 1568 κατ’
1677 1540 1770 1566 εἰκόνα

983 1589 1104 1623 ἐγεγόνει
1120 1589 1168 1616 τοῦ
1196 1589 1348 1621 κτίσαντος.
1368 1589 1425 1615 Οὐκ
1442 1585 1487 1614 οὖν
1505 1588 1621 1622 1ινιτίμασε
1637 1587 1682 1613 τὸν
1700 1586 1770 1612 οὕτω

983 1635 1071 1670 τίμιον
1081 1634 1227 1669 θεραπείας
1244 1635 1379 1669 δεόμενον·
1394 1634 1453 1660 οὐδὲ
1466 1634 1496 1660 τὸ
1509 1634 1557 1668 μὲν
1575 1632 1763 1667 φθειρόμενον,

983 1679 1030 1705 καὶ
1050 1679 1119 1714 νόσῳ
1132 1680 1178 1705 καὶ
1194 1679 1268 1714 γήρᾳ
1293 1679 1339 1705 καὶ
1359 1678 1465 1713 θανάτῳ
1487 1677 1626 1708 δουλεῦον,
1642 1676 1770 1702 ὰνέλαῆε·

983 1724 1013 1750 τὸ
1030 1725 1058 1750 δὲ
1075 1725 1207 1751 ἀθάνατον
1223 1724 1269 1750 καὶ
1284 1724 1392 1758 λογικὸν
1403 1724 1450 1750 καὶ
1469 1724 1528 1749 κατ’
1544 1723 1636 1749 εἰκόνα
1656 1729 1770 1755 γεγενη-

985 1770 1063 1805 μένον
1082 1771 1203 1805 παρεῐᾶε,
1224 1771 1272 1797 καὶ
1292 1770 1378 1796 ταῦτα
1400 1769 1502 1801 κακῶς,
1519 1769 1558 1800 ὥς
1576 1777 1652 1802 φασι,
1667 1765 1766 1793 διακεί-

987 1823 1076 1849 μενον,
1099 1815 1168 1842 ana
1183 1816 1272 1842 πᾶσαν
1296 1815 1499 1842 παλαιωθεῖσαν
1523 1815 1572 1849 τὴν
1595 1813 1675 1848 φύσιν
1696 1813 1770 1838 ἐνεοε

985 1861 1092 1894 ποίησε,
1111 1861 1157 1886 καὶ
1174 1861 1204 1886 οὗ
1222 1861 1251 1887 τὸ
1270 1861 1317 1894 μὲν
1339 1861 1425 1894 αὐτῆς
1447 1860 1538 1887 καινὸν
1564 1859 1751 1895 ἀπειργάσατο
1763 1877 1770 1889 ,

983 1904 1014 1931 τὸ
1046 1905 1074 1931 δὲ
1102 1906 1328 1940 πεπαλαιωμένον
1357 1905 1405 1932 καὶ
1428 1905 1624 1940 διεφθαρμένον
1661 1904 1771 1930 ἀνίατον

984 1950 1069 1981 εἴασε,
1087 1950 1134 1976 καὶ
1149 1951 1236 1976 ταῦτα
1258 1950 1421 1986 τιμιώτατον
1439 1950 1572 1985 ὑπάρχον,
1589 1949 1636 1976 καὶ
1653 1949 1701 1984 τῆς
1716 1948 1772 1974 τῶν

984 1996 1087 2030 νοητῶν
1104 1996 1212 2031 μοίρας.

1022 2082 1140 2108 Ἀτοπον
1157 2082 1221 2117 γὰρ,
1231 2082 1261 2108 τὸ
1275 2082 1324 2117 μὲν
1338 2082 1418 2117 σῶμα
1435 2082 1465 2108 τὸ
1480 2081 1592 2117 πήλινον
1611 2081 1657 2107 καὶ
1669 2080 1770 2115 χοῖκδν,

985 2128 1032 2153 καὶ
1051 2127 1149 2153 πάθεσι
1176 2127 1400 2162 συνεζευγμένον,
1423 2128 1470 2154 καὶ
1489 2126 1710 2162 προσληφθῆναι,
1725 2128 1772 2153 καὶ

985 2173 1187 2207 ἀναληφθῆναι,
1213 2173 1260 2199 καὶ
1277 2174 1308 2199 ἐκ
1326 2173 1420 2204 δεξιῶν
1436 2173 1485 2207 τῆς
1504 2173 1691 2208 μεγαλοσύνης
1704 2173 1771 2199 καθ-

143 2222 198 2245 tem
209 2226 274 2245 vero
286 2217 461 2250 invisibilem,
479 2218 672 2249 immortalem,
684 2217 809 2245 animalis
822 2217 930 2250 ducem,

987 2218 1151 2252 ιδρυνθῆναι·
1169 2219 1214 2244 τὸν
1233 2218 1261 2245 δὲ
1277 2219 1339 2245 νοῦν
1356 2219 1401 2245 τὸν
1420 2219 1546 2254 ἀόρατον,
1567 2218 1612 2245 τὸν
1627 2219 1771 2250 ἀθάνατον,

143 2264 177 2291 ad
191 2265 336 2300 imaginem
349 2266 398 2293 Dei
417 2265 528 2297 factam,
541 2267 665 2300 corporis
678 2267 753 2293 velut
767 2267 888 2302 aurigam
901 2275 933 2294 ac

144 2310 376 2345 gubernatricem,
388 2316 417 2339 et
436 2312 586 2339 harmonia:
598 2312 725 2347 peritam,
742 2313 820 2348 cujus
830 2313 933 2340 beneﬁ-

144 2356 187 2382 cio
202 2355 247 2388 ﬁt,
261 2361 292 2383 ut
303 2356 386 2383 homo
402 2365 457 2384 non
469 2357 504 2385 sit
516 2365 614 2392 expers
628 2357 752 2390 rationis,
767 2358 815 2385 sed
826 2359 934 2393 sapien-

145 2401 201 2433 tiae,
222 2403 289 2430 artis
303 2407 331 2430 et
348 2403 470 2431 seientize
490 2403 599 2431 abunde
624 2404 774 2438 particeps,
800 2404 933 2439 ahjectam

144 2446 222 2475 humi
238 2448 332 2482 fuisse,
346 2457 396 2477 nec
410 2457 582 2476 communem
593 2457 655 2476 eum
671 2457 785 2484 corpore
799 2449 932 2477 honorem

145 2493 299 2528 accepisse:
312 2499 443 2527 mentem,
456 2494 578 2529 inquam,
590 2496 599 2505 ‘
613 2494 691 2529 cujus
702 2503 781 2522 causa
795 2498 823 2522 et
833 2503 933 2530 corpus

146 2539 312 2567 conditionis
326 2543 367 2568 est
379 2540 518 2568 rationalis
528 2544 556 2567 et
570 2539 644 2575 leges
653 2540 714 2568 lake
727 2544 800 2572 sunt,
816 2544 843 2567 et
855 2540 932 2568 factae

145 2584 298 2619 prophetia:
312 2593 321 2613 ι
336 2589 448 2620 propter
465 2592 546 2620 quam
567 2585 728 2618 certamina,
743 2584 834 2616 luctas,
849 2584 933 2612 victo-

982 2264 1027 2291 τὸν
1043 2265 1163 2299 ἡγεμόνα
1178 2264 1224 2291 τοῦ
1252 2265 1332 2297 ζώου,
1351 2265 1396 2292 τὸν
1411 2266 1470 2292 κατ’
1483 2265 1575 2292 είκόνα
1597 2265 1673 2292 θείαν
1690 2273 1772 2299 γεγε-

982 2310 1107 2345 νημένον,
1122 2311 1166 2337 τὸν
1189 2310 1236 2337 τοῦ
1253 2310 1378 2345 σώματος
1403 2311 1509 2346 ἡνίοχον
1527 2311 1575 2337 καὶ
1588 2310 1770 2346 κυϐερνήτην,

983 2356 1030 2382 καὶ
1047 2357 1187 2390 μουσικὸν,
1201 2356 1234 2382 δι’
1248 2356 1278 2383 ὃν
1296 2356 1345 2383 οὐκ
1362 2357 1457 2390 ἄλογος
1474 2357 1490 2391 ἡ
1508 2356 1665 2390 ἀνθρωπεία
1680 2355 1770 2389 φύσις,

983 2402 1051 2429 ἀλλὰ
1072 2403 1168 2436 σοφίας
1191 2402 1237 2429 καὶ
1262 2403 1360 2438 τέχνης
1373 2403 1420 2430 καί
1440 2403 1595 2438 ἐπιστήμης
1616 2402 1770 2434 ἀνάπλεως,

984 2449 1078 2475 τοῦτον
1095 2448 1262 2484 ἁπερῤἰφθαι
1286 2449 1370 2480 κάτω,
1396 2449 1443 2475 καὶ
1459 2450 1508 2483 τῆς
1523 2447 1570 2474 τοῦ
1593 2448 1717 2483 σώματος
1733 2448 1771 2483 μὴ

987 2495 1200 2530 μεταλαγχάνειν
1221 2495 1314 2530 τιμῆς,
1333 2494 1366 2521 δι’
1383 2494 1413 2520 ὃν
1437 2494 1466 2521 τὸ
1493 2494 1573 2529 σῶμα
1595 2494 1645 2527 τῆς
1659 2494 1771 2527 λογικῆς

985 2541 1093 2575 ἐγένετο
1116 2541 1240 2572 κτίσεως.
1257 2540 1290 2567 δι’
1306 2540 1336 2567 ὃν
1356 2539 1511 2576 νομοθεσίαι
1530 2541 1576 2567 καὶ
1592 2540 1768 2575 προφητεῖαι,

985 2585 1018 2611 δι’
1036 2585 1066 2612 ὃν
1089 2585 1195 2620 ἀγῶνες
1213 2585 1259 2612 καὶ
1276 2585 1359 2612 πάλαι
1379 2586 1425 2612 καὶ
1438 2585 1512 2612 νῖκαι
1525 2585 1572 2612 καὶ
1592 2586 1769 2621 ἀναρρήσεις,

800 2663 917 2691 ΥΑῘΠᾸΞ.
938 2663 1139 2692 LECTIUNES.

184 2729 207 2746 "
219 2728 278 2761 Ipse
290 2728 454 2766 _—-_insti!t_ua
473 2729 634 2757 certaminis.
655 2729 694 2766 ξιξ
709 2729 802 2757 Grzeeo
819 2730 855 2757 ita
871 2731 1058 2758 restituendus
1069 2735 1110 2758 est
1131 2736 1220 2758 textus
1231 2731 1307 2758 Marii
1320 2731 1478 2758 Mercatoris
1492 2740 1498 2757 :
1513 2731 1573 2766 Ipse
1589 2735 1770 2766 spectatorem

148 2769 177 2792 et
189 2763 346 2801 certaminis
359 2763 557 2801 moderatorem
572 2772 645 2798 agas.
667 2764 749 2801 Sique
774 2766 893 2792 volueris
917 2766 983 2792 artis
995 2767 1168 2800 gymnastiete
1191 2770 1384 2801 praeceptorem
1401 2774 1490 2800 agere,
1503 2763 1691 2793 doceas'illum
1702 2774 1769 2800 quo-

150 2799 231 2826 modo
243 2833 246 2834 ν
259 2799 305 2834 sit
318 2798 488 2834 certandum,
513 2798 713 2826 commonstres
732 2800 769 2826 illi
792 2808 845 2834 qua
869 2801 974 2827 ratione
989 2798 1146 2828 obtineatur
1157 2798 1280 2828 victoria.

151 2834 221 2868 apud
242 2833 356 2861 Marium
376 2833 564 2860 Mereatorem.

1318 2801 1341 2816 “
1355 2800 1517 2828 Decertarcl.
1538 2801 1652 2835 Reliqua
1671 2801 1771 2827 desunt

602 2834 625 2850 "’
637 2834 693 2870 ᾀλλ¹
707 2835 825 2863 ἀπέστω.
842 2843 868 2860 κ.
885 2844 908 2861 τ.
924 2836 948 2861 λ.
966 2836 1106 2863 Notandns
1131 2836 1182 2862 iste
1197 2836 1274 2862 locus
1289 2839 1382 2863 contra
1395 2835 1568 2866 Garnerium,
1585 2834 1631 2870 qui
1645 2835 1772 2863 Theodo«

153 2874 238 2896 velum
256 2870 282 2896 in
300 2869 474 2896 recensendis
487 2869 644 2903 Apollinarii
660 2869 799 2895 erroribus
811 2869 884 2903 justo
900 2870 1050 2897 breiinrem
1067 2871 1151 2898 fuisse
1169 2871 1294 2906 perhibet
1311 2871 1339 2897 in
1355 2870 1422 2898 diss.
1437 2871 1463 2904 2,
1478 2879 1538 2905 cap.
1552 2872 1576 2898 4.
