1969 3052
173 162 209 193 83
760 166 945 197 HISTORIA
965 166 1225 199 THEODORETI.
1764 173 1797 204 90

181 258 1202 271 —__.___—.______________

556 343 899 401 HISTORIA
948 345 1411 405 THEODORETI

791 458 860 488 CYB
867 458 974 489 ENSIS
992 459 1173 490 EPlSCOPI.

466 597 660 626 PREFATIO.

200 641 221 669 ι.
233 640 351 669 Historia
362 641 529 671 Theodoreti
545 644 612 671 mihi
619 643 727 672 videtur
738 652 793 672 non
808 645 954 674 admodum

164 686 306 715 dissimilis
317 688 522 716 narrationibus
540 689 595 716 illis
611 689 794 724 theatrorum,
812 699 873 726 qua:
887 699 952 726 per-

162 732 253 767 plexis
283 740 398 761 casuum
432 734 717 769 commutationibus,
750 736 952 771 insperatisque

163 778 319 811 eventibus,
347 786 402 806 non
423 782 530 806 tantum
549 779 764 808 admirabundos
788 782 952 817 populorum

162 821 270 850 animos
294 823 478 858 suspendunt,
495 823 543 852 sed
566 824 650 852 etiam
667 825 835 860 prudentum
856 834 952 862 exspe-

162 867 310 896 ctationem
331 876 403 904 saepe
427 868 535 903 fallunt,
551 869 655 905 judicia
673 875 748 898 certe
761 879 869 906 semper
886 880 952 900 con-

161 913 261 941 trarias
277 914 305 941 in
318 918 412 949 partes
421 915 590 944 distrahunt.

197 959 231 986 il.
250 959 311 987 Vita
335 960 409 987 enim
431 961 549 989 celebris
571 962 654 998 hujus
676 963 804 1000 Cyrensis
826 965 948 1000 episcopi

158 1003 229 1031 lzelis
250 1003 334 1031 initiis
352 1012 464 1038 exorsa,
487 1013 537 1040 per
553 1007 645 1034 varios
665 1008 732 1035 licet
751 1016 833 1036 casus
852 1010 948 1037 multi-

159 1048 300 1083 plicesque
318 1057 410 1076 rerum
423 1051 618 1078 conversiones
634 1056 694 1079 acta
711 1053 756 1084 sit,
779 1057 886 1088 poterat
907 1058 948 1081 ta—

158 1102 222 1122 men
241 1095 318 1122 credi
344 1095 491 1130 aliquando
517 1096 636 1125 finienda
658 1099 734 1126 exitu
756 1099 843 1126 initiis
867 1099 946 1134 pari;

157 1141 212 1168 nisi
231 1148 315 1173 mors,
334 1149 395 1176 qua:
419 1141 488 1169 solet
506 1142 569 1170 aliis
584 1150 644 1170 esse
663 1144 753 1178 quies,
775 1143 948 1172 Theodoreto

155 1191 283 1214 motuum
303 1194 386 1214 causa
409 1187 570 1215 exstitisset.
588 1189 655 1216 Nam
672 1197 735 1216 cum
752 1190 901 1217 Ecclesiam
919 1190 946 1218 in

155 1231 271 1259 Oriente
287 1232 394 1265 vivens,
418 1235 466 1259 aut
488 1233 602 1261 consilio
628 1239 675 1261 aut
694 1234 866 1269 imprudens,
886 1239 946 1262 tur-

154 1278 266 1305 basset:
291 1278 416 1305 eamdem
442 1278 544 1314 ubique
572 1284 718 1312 terrarum,
744 1288 795 1308 suo
821 1282 941 1314 nomine,

154 1327 302 1358 postquam
326 1323 474 1351 defunctus
490 1329 541 1357 est,
556 1324 585 1351 in
604 1329 697 1360 partes
720 1325 831 1359 divisit;
856 1334 942 1361 eaque

154 1367 270 1400 exstitit,
287 1367 368 1395 unius
380 1367 438 1396 fere
449 1368 569 1397 hominis
583 1369 619 1397 ob
634 1377 754 1403 causam,
773 1371 858 1399 totius
869 1372 944 1400 orbis

153 1412 305 1440 Christiani
334 1413 444 1447 divisio,
466 1419 498 1442 ut
522 1415 640 1442 necdum
659 1421 720 1450 post
745 1420 786 1444 tot
809 1424 944 1445 annorum

153 1459 292 1486 curricula
315 1459 374 1487 tolli
393 1460 525 1495 potuerit.
549 1460 691 1496 Siquidem
710 1461 773 1489 aliis
793 1462 944 1490 etiamnum

153 1505 183 1532 in
195 1504 307 1533 Oriente
315 1505 443 1540 gentibus
454 1505 658 1534 Theodoretum
666 1507 741 1535 velut
748 1507 861 1542 impium
868 1516 945 1537 exse:

154 1550 305 1583 crantibus,
321 1550 401 1586 135,
413 1550 476 1578 aliis
492 1551 568 1578 velut
585 1551 716 1579 eximium
739 1552 802 1580 ﬁdei
825 1557 943 1581 tutorem

970 598 1172 635 Aimpotenter
1196 600 1376 636 impugnavit,
1401 600 1534 636 synodum
1560 600 1645 630 totius
1665 602 1795 631 Ecclesia:

1006 645 1136 678 traduxit,
1145 645 1221 673 velut
1236 646 1363 675 factionis
1376 647 1518 682 cujusdam
1534 650 1653 681 potentis
1672 650 1794 684 tyranni-

1005 688 1077 721 dem,
1090 697 1185 724 pacem
1196 690 1335 723 Ecclesiae,
1349 699 1432 725 quam
1444 691 1577 719 voluisset
1589 692 1648 720 suis
1658 692 1792 720 cenditio-

1005 734 1087 761 nibus
1098 735 1167 768 fieri,
1182 735 1217 762 ab
1231 735 1294 763 aliis
1307 735 1405 764 factam
1419 737 1603 765 calumniatus
1619 742 1671 771 est,
1689 742 1715 765 et
1732 744 1794 773 post

1003 779 1123 806 alternas
1143 780 1322 815 depositionis
1336 782 1575 817 restitutionisque
1597 783 1682 815 vices,
1701 783 1729 810 in
1748 792 1792 811 re-

1003 830 1077 853 moto
1089 826 1122 853 ab
1133 826 1291 854 hominibus
1312 835 1422 855 secessu
1435 828 1521 856 latere
1534 834 1647 857 coactus
1665 834 1723 857 est:
1740 830 1792 857 du-

1002 871 1078 899 bium
1089 880 1123 899 an
1138 873 1317 907 poenitentia,
1332 881 1367 901 an
1379 874 1490 901 ruboris
1503 882 1595 902 causa.

1038 917 1083 944 VI.
1095 917 1162 944 Tam
1183 918 1285 945 variam
1307 923 1417 954 tamque
1437 920 1615 954 multiplicem
1642 921 1725 948 vitam
1745 921 1793 949 de-

1000 962 1164 998 pingcndam
1182 964 1313 999 suscipio,
1327 973 1379 992 nec
1396 969 1489 992 tamen
1501 966 1594 1000 petitis
1613 967 1722 994 aliunde
1736 966 1792 995 fere

1000 1008 1150 1041 coloribus,
1163 1016 1245 1044 quam
1258 1010 1329 1037 unde
1344 1010 1442 1038 leviter
1453 1011 1603 1039 delineavit
1618 1011 1790 1044 Sirmondus,

999 1061 1033 1080 ex
1047 1053 1213 1082 Theodoreti
1232 1055 1321 1083 libris.
1338 1056 1405 1083 Nam
1427 1064 1482 1091 quo
1506 1060 1630 1092 tempore
1651 1062 1732 1085 natus
1744 1058 1789 1090 sit,

998 1107 1051 1135 qua
1065 1100 1092 1127 in
1105 1100 1225 1128 Orientis
1241 1107 1330 1136 parte,
1344 1102 1445 1136 quibus
1468 1109 1501 1129 ex
1527 1103 1688 1137 parentibus
1707 1111 1789 1137 quam

998 1146 1081 1172 vitam
1095 1153 1150 1173 non
1160 1146 1247 1173 solum
1260 1152 1323 1174 ante
1336 1147 1523 1182 episcopatum
1537 1147 1634 1182 egerit,
1649 1147 1696 1174 sed
1707 1148 1788 1174 etiam

997 1195 1060 1218 ante
1089 1191 1224 1227 synodum
1249 1192 1425 1227 Ephesinam,
1453 1196 1553 1227 praeter
1587 1192 1676 1227 ipsum
1708 1201 1790 1220 nemo

996 1236 1066 1262 alius
1078 1235 1221 1263 meminit:
1237 1236 1355 1271 necipse
1370 1240 1461 1263 tamen
1473 1237 1579 1271 uspiam
1593 1237 1627 1264 de
1641 1237 1787 1270 industria,

997 1280 1044 1307 sed
1063 1281 1207 1308 occasione
1227 1281 1369 1314 duntaxat,
1393 1289 1455 1309 cum
1477 1282 1586 1311 duobus
1600 1283 1628 1310 in
1646 1284 1787 1318 operibus,

995 1324 1130 1353 Philotheo
1149 1330 1177 1354 et
1190 1326 1326 1361 Epistolis,
1341 1327 1415 1354 aliud
1430 1332 1535 1363 ageret.

1029 1370 1085 1398 Vll.
1098 1371 1233 1404 Quoniam
1246 1380 1311 1400 vero
1330 1381 1385 1400 non
1400 1373 1602 1401 exactissimam
1619 1374 1652 1401 ad
1666 1375 1787 1402 severio-

996 1423 1041 1444 res
1052 1417 1127 1452 leges
1145 1418 1289 1446 historiam
1312 1419 1435 1446 scribere
1448 1420 1455 1429 ‘
1472 1420 1628 1454 aggredior,
1642 1424 1787 1448 auctorum

994 1460 1086 1487 verbis
1101 1462 1209 1495 quoties
1219 1463 1362 1490 commode
1384 1463 1412 1490 in
1427 1464 1561 1491 orationis
1580 1465 1679 1491 seriem
1695 1465 1787 1493 induci

994 1509 1134 1540 poterunt,
1147 1507 1279 1536 utendum
1291 1508 1392 1543 potius,
1412 1517 1495 1544 quam
1513 1510 1581 1537 meis
1598 1511 1703 1545 putavi.
1716 1511 1786 1538 Cum

994 1551 1066 1578 enim
1083 1553 1141 1580 suis
1157 1554 1273 1588 quisque
1286 1554 1378 1582 verbis
1393 1555 1580 1583 testimonium
1591 1551 1673 1588 dicet,
1689 1562 1717 1584 et
1731 1566 1788 1585 ma-

154 1595 322 1629 colentibus,
355 1604 447 1631 pugna
472 1596 596 1624 nondum
632 1597 822 1634 dissensioque
849 1599 946 1628 sedata
990 1596 1035 1632 jnr
1047 1596 1093 1625 fiet
1108 1599 1254 1626 assertioni
1267 1599 1345 1632 ﬁdes,
1364 1604 1393 1627 et
1410 1609 1489 1628 suum
1500 1602 1588 1630 lector
1607 1603 1721 1631 faciliori
1737 1613 1786 1632 ne—

152 1645 207 1668 est.

198 1687 243 1714 fil.
264 1687 341 1715 Hanc
359 1695 426 1723 ergo
448 1696 542 1716 rerum
561 1689 660 1717 faciem
683 1690 841 1727 variamque
865 1693 947 1727 quasi

151 1732 291 1760 fortunam
305 1733 371 1761 dum
385 1735 517 1762 attentius
539 1735 695 1769 considero,
720 1737 842 1765 adducor
863 1738 943 1766 facile

152 1781 183 1804 ut
207 1777 328 1810 credam,
343 1778 447 1806 factum
474 1787 534 1807 esse
556 1779 682 1808 Numinis
709 1781 881 1816 providentia
915 1783 942 1810 in

152 1822 330 1851 Theodoreto
340 1824 507 1859 exemplum,
519 1825 592 1852 unde
603 1825 707 1853 scirent
722 1826 859 1860 homines,
875 1828 942 1862 quid

151 1868 287 1896 malorum
313 1868 415 1902 facere,
430 1869 531 1905 quidve
559 1870 616 1905 pati
642 1872 728 1906 possit
753 1872 841 1900 virtus
872 1873 940 1908 ipsa.

149 1922 225 1947 cum,
240 1915 331 1949 specie
342 1915 454 1949 pietatis
462 1915 604 1948 illudente,
619 1916 809 1952 imprudenter
819 1919 941 1947 adhzeret

150 1959 277 1994 partibus
293 1960 321 1987 in
334 1960 483 1988 Ecclesiam
497 1969 619 1996 pugnare
632 1962 717 1990 ausis.

184 2004 229 2032 ιν.
247 2005 281 2032 Et
298 2008 372 2033 certe
384 2005 429 2032 vix
446 2005 597 2041 quidquam
623 2007 746 2035 sanctius
765 2008 941 2038 Theodoreto

149 2050 272 2085 reperire
296 2055 348 2083 est,
367 2051 426 2078 sive
441 2055 520 2079 ortus
536 2056 687 2087 spectetur,
704 2053 751 2088 qui
767 2055 940 2091 prodigiosus

150 2094 304 2128 miraculis;
321 2095 378 2122 sive
389 2095 528 2123 institutio
544 2096 616 2129 vitae,
628 2097 654 2124 in
662 2097 723 2125 sinu
736 2099 941 2136 thaumaturgo-

148 2147 227 2173 rum;
239 2140 296 2168 sive
312 2140 456 2175 professio,
471 2149 524 2177 qua
540 2142 635 2170 eﬁ'usis
647 2143 673 2170 in
688 2151 821 2180 pauperes
831 2146 938 2181 opibus,

147 2190 229 2218 egere
246 2185 352 2218 voluit;
384 2186 442 2213 sive
458 2186 581 2214 studium
596 2187 761 2222 litterarum,
776 2198 830 2225 quo
845 2199 940 2219 omnes

147 2230 367 2264 comprehendit,
391 2239 484 2259 sacras
511 2226 867 2270 admirabiliterintellexit;
882 2239 940 2266 sive

146 2273 212 2301 fidei
231 2275 317 2308 zelus,
343 2275 427 2304 etiam
445 2277 585 2311 sanguinis
598 2279 745 2314 prodigus;
757 2281 814 2309 sive
828 2283 939 2310 tandem

146 2319 302 2348 innocentia
309 2329 427 2355 morum,
434 2330 488 2357 qua
495 2322 596 2350 factum
604 2327 656 2356 est,
666 2329 697 2351 ut
704 2332 719 2351 a
728 2325 785 2353 suis
791 2325 938 2355 incredibi-

145 2365 210 2393 liter
220 2371 369 2400 amaretur,
385 2368 420 2395 ab
439 2369 614 2402 adversariis,
632 2374 876 2407 quantumcunque
894 2374 942 2401 in-

149 2411 236 2439 fensis
250 2416 280 2440 et
294 2413 421 2446 curiosis,
449 2414 518 2442 nihil
544 2415 745 2445 criminationis
770 2417 806 2445 sit
830 2426 936 2454 passus,

144 2457 219 2492 quod
233 2457 419 2493 integritatem
429 2459 492 2487 vita:
505 2460 645 2489 attineret.

180 2501 212 2529 V.
224 2502 274 2530 Vir
290 2508 381 2531 tamen
394 2508 486 2532 tantus
501 2505 565 2533 inde
585 2506 683 2535 illusus
697 2512 749 2541 est,
760 2509 832 2538 unde
846 2511 943 2546 magni-

142 2547 244 2580 solent,
259 2548 302 2576 sui
328 2556 386 2584 pm
407 2550 470 2577 aliis
483 2551 674 2585 aestimatione,
694 2553 814 2588 partium
833 2556 935 2590 studio;

142 2600 237 2621 amore
247 2594 350 2629 gloriae.
368 2594 414 2623 liis
424 2597 514 2624 causis
530 2597 669 2626 abductus
680 2606 696 2626 a
710 2604 796 2633 recto,
812 2601 935 2636 pertina-
951 2603 974 2631 D

142 2641 214 2667 citer
235 2640 365 2670 heretico
379 2641 457 2676 favit,
479 2644 668 2672 sanctissimos
688 2645 751 2674 fidei
775 2646 934 2678 defensores

992 1643 1066 1678 gotio
1076 1644 1209 1678 judicium
1224 1644 1304 1673 feret.

1192 1698 1269 1733 135
1293 1698 1406 1728 CAPUT
1433 1701 1576 1730 PRIMUM.

993 1742 1012 1769 Ι.
1031 1741 1088 1779 Quo
1103 1747 1217 1779 tempore
1238 1749 1316 1771 natus
1337 1745 1521 1774 Theodorclus.
1533 1747 1566 1774 ll.
1585 1747 1642 1779 Quo
1660 1748 1784 1776 Ecclesia

1026 1777 1163 1815 orientalis
1180 1781 1265 1815 διειιιἒ
1285 1779 1330 1806 Ill.
1348 1779 1408 1812 Qua
1431 1781 1459 1807 in
1482 1782 1554 1808 urbe.
1580 1777 1624 1809 IV.
1641 1782 1739 1815 Quibus
1753 1792 1786 1810 ea:

1027 1812 1234 1852 parentibus.
1248 1812 1366 1852 Quorum
1373 1820 1525 1852 sanctorum
1537 1812 1664 1852 precibus:
1677 1818 1720 1845 Vl.
1734 1817 1785 1845 Per

1027 1855 1085 1881 qua:
1094 1847 1235 1887 miracula:
1248 1849 1304 1876 VII.
1320 1849 1391 1887 Unde
1403 1858 1497 1878 nomen
1508 1847 1617 1887 accepit.
1630 1853 1698 1880 Vlll.
1711 1852 1783 1885 Quo-

1029 1889 1087 1908 rum
1103 1882 1130 1908 in
1143 1882 1281 1918 complexu
1296 1885 1386 1912 crevit.

1191 1928 1230 1953 Ab
1242 1936 1307 1954 anno
1319 1929 1410 1955 Christi
1421 1930 1468 1955 386
1479 1931 1508 1955 ad
1522 1931 1576 1956 393.

1028 1979 1048 2006 l.
1065 1979 1124 2013 Quo
1144 1985 1268 2016 tempore
1287 1986 1368 2009 natus
1383 1982 1629 2017 sitTheodoretus,
1650 1993 1702 2012 nec
1725 1986 1782 2020 ipse

993 2025 1076 2052 tradit
1089 2026 1195 2060 uspiam
1206 2035 1347 2062 expresse,
1364 2036 1416 2056 nec
1425 2029 1499 2056 ullus
1510 2029 1581 2057 alius
1593 2030 1758 2065 scriptorum
1773 2041 1779 2058 ε

991 2070 1077 2098 series
1094 2075 1186 2100 tamen
1196 2073 1269 2106 vitae,
1287 2081 1342 2101 non
1356 2082 1410 2101 una
1421 2074 1464 2102 sui
1476 2079 1563 2110 parte,
1582 2077 1715 2111 temporis
1729 2086 1780 2105 no-

991 2119 1033 2143 tas
1043 2115 1124 2144 habet
1141 2117 1160 2144 '.
1181 2117 1258 2145 Unde
1273 2118 1296 2145 si
1308 2119 1371 2154 quis
1384 2119 1475 2147 animo
1492 2121 1615 2148 remetiri
1632 2122 1698 2149 velit
1711 2131 1780 2157 prae—

991 2159 1100 2188 teritam
1119 2165 1238 2195 aetatem,
1257 2162 1337 2191 facile
1355 2164 1476 2192 inveniet
1508 2165 1674 2194 Theodoreti
1688 2172 1778 2195 ortum

991 2205 1120 2234 incidisse
1136 2208 1164 2235 in
1178 2209 1351 2236 consulatum
1363 2209 1477 2238 Honorii
1495 2211 1612 2239 Caesaris
1626 2217 1654 2239 et
1670 2213 1776 2247 Evodii,

989 2252 1037 2287 qui
1055 2260 1145 2280 annus
1167 2253 1219 2280 fuit
1235 2254 1338 2282 Christi
1364 2255 1576 2284 treeentcsimus
1593 2258 1778 2293 octogesimus

989 2300 1094 2329 sextus,
1107 2296 1197 2324 Siricii
1209 2299 1307 2326 summi
1322 2299 1460 2334 pontiﬁcis
1472 2301 1620 2335 secundus,
1631 2302 1777 2332 Theodosii

989 2340 1078 2376 Magni
1093 2341 1267 2377 imperatoris
1282 2348 1406 2372 octavus.

1024 2385 1056 2413 ll.
1078 2386 1115 2413 Ea
1136 2386 1194 2414 fere
1220 2391 1392 2422 tempestate,
1414 2398 1475 2425 qtne
1499 2397 1629 2426 quartum
1647 2392 1778 2421 saaculutn

988 2439 1051 2459 cuni
1060 2432 1157 2467 quinto
1169 2434 1307 2468 nectebat,
1315 2434 1438 2464 Orientis
1449 2437 1571 2466 Ecclesia
1585 2446 1618 2467 eo
1627 2444 1701 2475 statu
1714 2439 1777 2473 fuit,

988 2485 1044 2513 quo
1059 2486 1156 2514 magna
1177 2484 1284 2515 poterat
1297 2484 1326 2508 et
1338 2481 1435 2510 timere
1452 2487 1480 2510 et
1495 2491 1606 2519 sperare
1620 2494 1626 2512 :
1643 2493 1703 2513 nam
1715 2494 1778 2521 par—

989 2524 1164 2552 turiebantur
1176 2526 1296 2554 haereses
1307 2527 1360 2554 illa:
1376 2531 1432 2557 tres
1445 2529 1566 2564 famosae,
1577 2539 1638 2566 qua:
1650 2539 1664 2559 a
1678 2532 1777 2560 Nesto-

988 2569 1030 2596 rio
1043 2569 1208 2606 Pelagioque
1223 2579 1255 2599 ac
1269 2571 1393 2608 Eutyche
1408 2581 1509 2602 nomen
1520 2580 1688 2610 acceperunt
1704 2585 1712 2604 :
1727 2578 1776 2605 sed

987 2615 1068 2644 simul
1094 2616 1236 2652 fulgebant
1255 2618 1385 2647 Ecclesiae
1416 2623 1457 2647 tot
1484 2621 1638 2649 clarissima
1660 2623 1774 2657 lumina,

985 2664 1053 2695 quot
1065 2660 1148 2689 simul
1159 2661 1298 2690 exstitisse
1310 2663 1436 2699 prodigio
1450 2664 1539 2693 simile
1556 2669 1607 2693 est.

812 2733 968 2763 SCHULZII
983 2736 1096 2765 ΝΟΤΑΕ.

179 2771 435 2814 Ῥιθῃαμοηάψη,
453 2781 513 2804 eaet.
531 2776 703 2814 Compositas
723 2787 797 2807 nunc

821 2780 939 2824 dixerim
953 2782 1091 2824 funestas
1106 2784 1168 2814 illas
1181 2786 1254 2814 lites.
1270 2786 1508 2824 Ipngarnerins,
1523 2790 1568 2824 qui
1588 2790 1657 2818 hanc
1676 2791 1778 2818 tibiam

141 2808 654 2861 iteiqmggﬂﬁejisus—esthineEuo
668 2808 1060 2861 exciditﬁuspiciunthunc

140 2847 288 2893 ﬁt":me
301 2847 745 2893 1[Titiniiftutitflluot.spnt’dign’i
760 2847 860 2893 harum:
871 2860 964 2881 rerum
987 2847 1298 2891 aestimatoresrsivc'iu
1309 2847 1625 2893 diiéﬁié'iiia'ﬁif‘éiie'
1639 2847 1773 2889 in'béés-

143 2877 233 2906 dente.
273 2879 282 2895 ²
301 2880 389 2917 Temp.
408 2877 461 2910 noi,
482 2877 540 2910 halm
562 2883 621 2912 Vid.
641 2877 714 2913 diss?
729 2885 755 2919 Ξ,
774 2877 875 2920 (επιρίἰ,
