1969 3052
196 183 228 216 91
755 175 945 207 GARNERII
967 172 1217 203 DISSERTATIO
1238 171 1262 201 Ι.
1785 158 1818 188 92

231 239 327 266 Tantis
347 238 409 265 ﬁdei
436 237 574 272 magistris
598 235 770 270 providentia
790 232 916 260 Numinis
936 229 987 257 ad-
1003 230 1024 256 A
1037 228 1200 263 alloquens:
1217 227 1264 254 Dic
1285 225 1358 256 mihi,
1381 221 1479 257 inquit,
1497 219 1582 272 ﬁliu'l

196 286 286 322 junxit
311 285 386 311 velut
411 284 558 310 auxiliares
578 282 739 308 innumeros
760 279 908 306 monachos
927 278 983 304 vita

197 330 393 360 sanctissimos,
413 329 457 363 qui
470 327 630 354 doctoribus
638 326 821 354 conciliabant
834 325 925 356 ﬁdem,
944 327 983 350 tot

198 375 336 408 tantisque
359 372 473 406 patratis
494 371 642 401 miraculis,
664 374 694 396 ut
715 368 823 403 impleri
842 367 984 394 videretur

197 423 263 445 tunc
281 417 397 444 maxime
417 415 577 442 vaticinium:
592 414 694 441 Christi
713 414 747 440 de
767 412 898 447 operibus
915 411 979 438 ﬁde-

196 463 263 490 lium
278 470 327 488 sua
343 461 525 496 superaturis.

231 507 420 534 Coustitutum
439 506 528 532 fuerat
545 505 655 538 quidem
670 505 839 531 inconcussa:
852 502 913 529 ﬁdei
932 509 982 528 n0-

197 557 258 580 strze
269 552 486 581 furniatncntum,
499 550 618 576 Trinitas
630 549 784 576 divinarum
794 554 981 582 personarum.

195 598 263 624 Nam
279 596 395 624 concilia
408 596 462 622 duo
476 595 654 626 meumcnica,
665 595 803 621 Nicmnum
813 599 840 620 et
851 593 984 620 Constan-

197 642 419 676 tinopolitanum,
436 640 610 667 saueivcrant
629 639 801 666 divinitatem
818 638 898 665 Verbi
919 645 983 664 san-

197 689 289 722 ctique
314 687 455 721 Spiritus:
474 686 521 713 sed
549 686 643 720 plures
670 689 760 712 tamen
780 683 903 711 nondum
925 683 982 710 Arii

196 732 402 765 Macedoniique
423 731 539 758 haeresin
553 731 758 765 deposuerant;
777 730 831 756 imo
856 736 919 756 suas
932 727 982 755 ad-

196 778 252 805 huc
265 777 384 804 haeretici
399 777 426 804 in
443 777 593 812 majoribus
608 776 777 807 civitatibus,
792 775 904 810 ipsaque
917 773 983 800 urbe

196 823 270 858 regia
285 822 531 856 Constantinopoli,
548 830 663 857 synach
674 821 803 856 agebant.

230 869 301 902 Quin
318 870 402 896 etiam
423 869 557 896 catholica
572 869 694 896 Ecclesia
710 867 849 895 intestinis
861 867 983 894 dissidiis

196 916 348 943 laborabat.
364 917 430 943 Nam
450 920 479 943 ut
496 917 529 943 de
542 916 604 943 aliis
616 915 683 943 locis
698 919 816 946 taceam,
835 915 984 942 tumultua-

196 961 298 988 bantur
316 961 368 988 viri
383 969 494 996 quoque
516 960 683 988 sanctissimi
703 960 899 994 Hierosolymis
918 967 983 993 pro-

195 1009 257 1040 pter
281 1005 438 1040 Origenem,
462 1013 544 1040 quem
573 1005 618 1032 alii
643 1005 830 1039 suspiciebant
855 1008 983 1038 tanquam

195 1049 324 1076 Ecclesia:
338 1050 508 1084 magistrum,
520 1049 565 1077 alii
577 1049 792 1076 exsecrabantur
809 1048 884 1075 velut
896 1048 984 1074 hmre—

196 1101 256 1121 sum
272 1094 385 1129 hydram
400 1098 428 1121 et
445 1095 521 1122 orbis
533 1098 648 1128 pestem.

230 1138 347 1172 lpsamet
358 1138 503 1165 Antiochia
519 1137 639 1165 Orientis
648 1141 730 1172 caput
748 1137 818 1164 duos
833 1137 861 1164 in
875 1136 984 1171 episco~

195 1189 245 1217 pos
257 1183 436 1214 orthodoxos,
451 1182 590 1209 Meletium
604 1186 632 1209 et
644 1182 797 1214 Paulinum,
810 1181 983 1208 distraheba-

196 1232 252 1260 tur,
273 1233 301 1255 et
316 1232 392 1255 tanto
406 1228 517 1263 quidem
530 1228 570 1255 rei
582 1228 745 1255 Christiana:
760 1227 937 1260 detrimento,
954 1229 984 1253 ut

194 1273 407 1309 Chrysostomus
420 1273 599 1300 Antiochenae
609 1273 738 1300 Ecclesia:
747 1272 825 1299 sirius
840 1272 982 1304 eximium,

196 1326 259 1345 cum
281 1319 428 1353 utriusque
448 1318 529 1345 ﬁdem
553 1319 694 1353 probaret,
722 1318 870 1344 triennium
893 1317 919 1344 in
938 1325 981 1344 se-

196 1372 274 1392 cessu
293 1365 377 1391 latere
392 1365 520 1396 voluerit,
536 1369 628 1392 certus
646 1369 774 1391 neutrum
793 1365 881 1398 sequi,
896 1371 983 1398 quan—

196 1411 245 1438 diu
258 1411 363 1438 socium
386 1410 510 1438 haberet.
532 1411 624 1438 Vidcri
648 1411 738 1445 potuit
759 1411 849 1437 sreculi
869 1410 984 1445 hujusce

196 1456 292 1492 genius
305 1456 416 1483 licentia
434 1456 602 1491 dogmatum,
616 1462 644 1484 et
660 1457 808 1483 factionum
827 1464 912 1483 amor.

234 1500 277 1527 Ill.
290 1500 359 1527 Dum
371 1500 407 1526 ita
416 1501 591 1528 scinderetur
604 1501 630 1527 in
643 1505 736 1535 partes
744 1500 900 1532 Antiochia,
908 1501 984 1527 venit

197 1545 226 1572 in
238 1545 327 1572 lucem
344 1545 441 1573 eadem
460 1546 488 1572 in
512 1546 580 1573 urbe
602 1545 804 1576 Theodoretus,
834 1553 890 1579 quo
912 1552 984 1572 anno

196 1591 314 1619 celebris
335 1591 378 1619 ille
397 1591 525 1624 Joannes,
539 1592 594 1625 jam
609 1598 663 1617 non
686 1591 764 1625 136
776 1590 910 1617 insolente
925 1590 983 1624 pri-

197 1637 307 1673 vilegio,
321 1642 352 1665 ut
375 1643 465 1671 antea,
487 1638 620 1665 diaconus
642 1638 675 1664 ad
697 1637 830 1672 populum
853 1637 982 1671 diccbat,

197 1683 243 1710 sed
256 1692 305 1711 suo
321 1684 399 1718 quasi
414 1685 476 1719 jure
493 1688 601 1718 poterat
618 1684 763 1719 presbyter
774 1683 862 1710 factus
876 1684 985 1711 concio-

197 1729 279 1756 nibus
289 1730 437 1756 Ecclesiam
452 1729 560 1756 docere.
575 1729 660 1756 Tanta
672 1737 738 1756 vero
748 1729 789 1756 sui
803 1730 984 1757 admiratione

197 1775 352 1808 complebat
366 1775 530 1808 populorum
547 1775 652 1801 animos
664 1779 694 1801 ut
713 1775 777 1802 inde
794 1776 984 1810 Chrysostomi

197 1827 296 1846 nomen
322 1819 447 1853 adeptus,
473 1824 535 1854 post
556 1820 714 1847 octennium
732 1821 983 1857 Constantinopoli-

198 1868 268 1892 tanae
278 1864 406 1891 Ecclesia:
418 1864 612 1899 prmﬁceretur.

231 1910 275 1937 IV.
289 1910 427 1945 Urigincm
454 1910 531 1937 duxit
552 1918 586 1937 ex
606 1911 768 1945 parentibus
789 1912 930 1939 nobilibus
953 1920 985 1940 ac

197 1955 344 1990 opulentis,
361 1955 409 1982 sed
424 1955 525 1990 pietate
540 1956 620 1991 longe
635 1957 887 1990 prmstantioribus;
907 1962 934 1985 et
950 1957 985 1985 de

196 2005 283 2028 matre
299 2002 408 2036 quidem
421 2006 513 2028 narrat
528 2002 594 2036 ipse,
611 2010 664 2036 qua
682 2002 787 2029 ratione
805 2011 860 2030 uno
872 2003 984 2030 codem-

197 2055 250 2081 que
261 2047 332 2074 Petri
347 2052 443 2074 ascctre
456 2048 587 2074 miraculo
598 2068 604 2079 ,
619 2055 680 2074 cum
694 2048 854 2075 vicesimum
873 2049 985 2076 tertium

196 2100 298 2119 annum
311 2097 413 2127 ageret,
427 2097 454 2120 et
467 2101 481 2119 a
495 2093 589 2119 mundi
603 2101 707 2125 amore,
721 2101 776 2128 quo
791 2094 945 2127 tenebatur,
958 2099 985 2122 et

196 2138 230 2165 ab
245 2139 418 2174 :cgritudinc,
428 2147 480 2173 qua
499 2139 689 2174 torquebatur,
704 2143 797 2166 sanata
815 2144 866 2167 est.

236 2192 245 2208 c
257 2183 410 2210 Laborabat
431 2184 450 2215 ³,
466 2184 562 2218 inquit,
584 2183 623 2210 illi
637 2184 706 2211 alter
724 2184 868 2211 oculorum
886 2184 984 2211 morbo

1585 218 1643 252 ipsa
1662 214 1735 242 enim
1761 213 1820 247 ejus

1033 274 1116 301 verba
1137 273 1287 308 proferam,
1305 275 1333 297 et
1349 272 1449 296 sancta:
1470 267 1543 293 illius
1564 264 1663 297 lingua:
1678 258 1819 287 aiiocutio—

1034 327 1095 347 ncm
1107 327 1161 346 non
1174 315 1350 350 immutabo),
1365 315 1386 341 si
1400 313 1456 349 quis
1474 312 1556 346 pictor
1571 309 1636 335 artis
1648 314 1701 334 sua:
1717 304 1819 338 peritis-

1033 367 1113 392 simus
1137 363 1278 398 imaginem
1297 361 1415 396 aliquam
1438 366 1468 384 ea:
1490 356 1555 383 artis
1578 354 1674 388 legibus
1698 352 1820 377 accurate

1034 411 1168 445 depingat,
1185 396 1208 434 ct
1224 408 1292 434 hanc
1307 406 1392 432 videre
1408 401 1553 430 volantibus
1570 396 1741 434 spectandam
1757 401 1818 428 prov

1034 460 1125 491 ponat,
1137 455 1274 488 ceniatque
1291 451 1361 478 alius
1377 449 1507 484 quispiam
1520 447 1547 473 in
1563 448 1620 472 arte
1639 443 1722 471 rudis,
1739 440 1772 466 ad
1789 439 1820 465 li-

1034 485 1146 527 bidinem
1161 507 1191 525 ea
1206 485 1317 532 fingens,
1331 503 1389 530 quia
1404 494 1510 528 pingere
1525 489 1634 518 coluerit
1646 496 1655 519 ;
1667 485 1757 532 deinde
1775 491 1819 510 ar—

1035 544 1173 578 tiﬁciosam
1185 541 1260 568 illam
1273 541 1404 575 picturam
1420 533 1620 570 reprehendens,
1634 527 1780 565 superciliis
1795 530 1820 552 et

1034 590 1100 617 ciliis
1118 589 1199 615 lineas
1215 586 1295 613 addat
1314 584 1443 618 longiores
1457 602 1463 612 ,
1482 584 1506 607 et
1524 578 1703 605 candidiorcm
1717 573 1819 600 vultum

1035 634 1137 665 reddat,
1148 637 1172 659 et
1189 632 1297 659 rubrum
1306 630 1376 670 gallis
1393 626 1505 654 colorem
1518 623 1624 650 inducat
1637 629 1645 648 :
1656 629 1689 648 an
1707 619 1820 655 priorem

1034 680 1158 715 pictorem
1175 682 1250 712 putas
1265 684 1317 702 non
1328 665 1522 701 s'ucccnsurum,
1537 675 1663 702 tanquam
1676 665 1728 691 arti
1743 666 1751 673 '
1765 671 1820 690 sue

1032 712 1108 760 pravi
1122 724 1193 759 facta
1208 722 1319 757 injuria,
1335 723 1358 746 et
1374 715 1568 746 additamcnlis,
1584 712 1675 748 quibus
1691 718 1753 745 opus
1768 717 1820 735 non

1034 773 1101 802 erat,
1118 769 1149 796 ab
1164 767 1267 794 indocta
1284 773 1365 793 manu
1380 761 1528 798 impositis?
1543 760 1626 794 Ergo,
1642 756 1742 791 inquit,
1757 763 1819 781 con-

1034 816 1143 842 ditorem
1161 820 1262 849 quoque
1276 811 1406 841 omnium,
1430 811 1584 840 naturazque
1600 809 1694 831 nostra:
1709 801 1820 837 figulum

1034 865 1058 886 et
1072 860 1207 895 pictorem,
1223 857 1314 883 merita
1324 853 1458 888 indignari
1470 851 1574 882 credite,
1586 848 1654 884 quod
1665 849 1820 874 immensam

1035 894 1110 933 illam
1125 903 1282 939 sapientiam
1297 899 1435 935 imperitia:
1449 896 1569 932 arguitis.
1586 894 1674 929 Neque
1689 894 1757 920 enim
1774 900 1820 918 ru-

1034 953 1109 980 beam
1123 955 1167 977 aut
1182 949 1271 975 album
1285 951 1308 973 et
1324 947 1428 981 nigrum
1443 943 1555 970 colorem
1570 940 1753 976 infundcrctis,
1769 938 1821 964 nisi

1036 999 1082 1025 hac
1103 996 1283 1024 additamenta
1299 1000 1372 1027 egere
1387 999 1430 1018 vos
1446 988 1586 1024 putaretis.
1602 986 1750 1020 Imaginem
1772 983 1821 1010 Dei

1034 1051 1066 1070 ne
1081 1040 1267 1076 corrumpatis,
1278 1046 1360 1073 neque
1371 1037 1484 1071 adjicere
1500 1033 1627 1061 conemini
1643 1039 1701 1067 qua
1715 1030 1820 1065 sapien-

1035 1093 1072 1115 ter
1088 1095 1139 1114 non
1154 1074 1243 1118 dedit;
1255 1091 1338 1119 neque
1351 1081 1529 1109 adulterinum
1544 1077 1692 1112 excogitetis
1705 1074 1821 1110 pulchri-

1035 1134 1162 1165 tudinem,
1178 1139 1236 1167 quw
1250 1134 1274 1157 et
1290 1129 1397 1165 pudicas
1411 1126 1542 1162 labefacit,
1554 1122 1697 1151 videntibus
1713 1120 1820 1147 tendens

1033 1180 1154 1208 insidias.
1170 1176 1264 1205 Audiit
1279 1176 1337 1202 inec
1352 1173 1453 1200 femina
1467 1171 1548 1205 longe
1561 1168 1674 1203 optima,
1690 1166 1819 1200 Pctrique

1034 1226 1085 1254 reti
1096 1233 1158 1252 mox
1171 1227 1250 1259 capta
1262 1224 1315 1252 est,
1328 1218 1499 1254 pedibusque
1511 1215 1570 1250 ejus
1580 1213 1717 1242 advoluta,
1730 1215 1757 1238 et
1769 1210 1819 1236 ob-

1035 1277 1139 1299 testans
1152 1256 1295 1297 sanitatem
1311 1264 1392 1292 oculo
1406 1261 1514 1290 restitui
1527 1259 1650 1294 rogabat.
1668 1257 1703 1284 At
1715 1257 1760 1283 ille
1771 1256 1821 1282 ho-

1034 1317 1136 1345 minem
1150 1323 1178 1341 se
1192 1320 1253 1340 esse
1266 1311 1385 1341 dicebat,
1404 1313 1486 1342 atque
1500 1306 1596 1334 eadem
1606 1311 1668 1331 cum
1681 1303 1738 1338 ipsa
1752 1309 1821 1336 pra:-

1035 1362 1121 1389 ditum
1141 1364 1240 1386 natura
1260 1365 1266 1382 :
1287 1362 1368 1391 grave
1389 1358 1522 1388 praeterea
1554 1353 1728 1385 peccatorum
1750 1354 1821 1373 onus

1035 1408 1181 1438 sustinere,
1203 1409 1317 1436 eamque
1344 1400 1378 1427 ob
1407 1404 1518 1425 causam
1542 1396 1602 1422 sine
1627 1393 1725 1421 fiducia
1748 1391 1819 1427 apud

1034 1454 1120 1481 Deum
1136 1458 1206 1478 esse.
1225 1449 1349 1481 Cumque
1368 1446 1477 1480 lugeret
1496 1446 1583 1469 mater
1602 1440 1680 1475 137
1699 1443 1727 1467 et
1742 1438 1822 1465 obsc-

1035 1502 1135 1529 crarct,
1154 1503 1205 1523 nec
1217 1494 1375 1521 relicturam
1389 1499 1417 1518 se
1435 1489 1594 1518 afﬁrmaret,
1610 1486 1661 1513 nisi
1675 1485 1820 1512 sanitatem

1000 1558 1020 1586 ο
1037 1545 1186 1574 obtineret,
1205 1541 1291 1567 Deum
1303 1539 1402 1565 horum
1416 1540 1570 1563 curatorem
1583 1540 1643 1560 csse
1656 1530 1736 1563 dixit,
1748 1537 1820 1556 sem-

1553 1580 1559 1586 -
1601 1583 1606 1586 Α
1712 1585 1732 1586 η
1744 1577 1818 1586 ιη-.

1035 1598 1138 1629 perque
1165 1586 1358 1615 credentibus,
1385 1591 1444 1618 quae
1471 1580 1626 1617 postulant,
1653 1577 1820 1629 concedere;

1035 1620 1161 1671 proinde,
1177 1631 1253 1659 Dabit
1269 1638 1338 1657 nunc
1358 1628 1448 1657 etiam,
1461 1625 1560 1659 inquit,
1573 1631 1622 1649 non
1635 1622 1697 1648 mihi
1706 1620 1822 1655 gratiam

1036 1666 1150 1706 lribuens
1162 1699 1168 1711 ,
1184 1676 1229 1704 scd
1243 1675 1321 1709 [idem
1333 1678 1406 1699 luam
1423 1670 1590 1698 considerans
1602 1675 1610 1695 :
1621 1674 1704 1702 quare
1717 1666 1740 1692 si
1755 1666 1823 1692 hanc

1035 1726 1168 1760 integram
1181 1721 1259 1749 habes
1275 1723 1298 1746 et
1313 1719 1457 1747 sinceram,
1482 1719 1505 1742 et
1521 1714 1552 1741 ab
1575 1713 1645 1740 omni
1661 1710 1823 1738 dubitatione

1036 1756 1157 1802 liberam,
1173 1766 1319 1795 valedicens
1332 1768 1356 1790 et
1372 1762 1476 1790 medicis
1491 1765 1515 1787 et
1525 1759 1683 1795 plaarmacis,
1700 1756 1823 1783 divinitus

1035 1816 1127 1843 datum
1143 1815 1230 1848 accipe
1252 1813 1299 1838 hoc
1314 1809 1468 1836 remedium.
1491 1807 1540 1834 llis
1555 1805 1647 1836 dictis,
1668 1803 1748 1830 oculo
1763 1809 1823 1828 nta-

1035 1869 1102 1888 num
1123 1858 1264 1894 imposuit,
1283 1861 1311 1883 et
1330 1853 1458 1882 salutaris
1477 1852 1554 1887 signo
1569 1850 1660 1878 crucis
1680 1855 1823 1883 expresso,

1035 1893 1289 1938 morbumidepuiit.
1304 1900 1372 1928 inde
1388 1899 1501 1938 domum
1517 1904 1638 1926 reversa,
1652 1895 1727 1922 cluto
1738 1893 1821 1928 phar—

1036 1959 1125 1983 maco,
1147 1947 1323 1981 ascititioque
1341 1944 1415 1972 omni
1436 1935 1534 1970 ornatu
1551 1941 1668 1976 abjccto,
1688 1940 1770 1966 vitam
1788 1945 1822 1965 ex

1036 1995 1202 2032 praescriptis
1214 2002 1229 2020 a
1247 1992 1354 2020 medico
1371 1989 1478 2025 legibus
1500 1986 1630 2018 instituit,
1648 1993 1699 2012 nec
1718 1984 1821 2012 variam

1036 2043 1155 2069 induens
1171 2044 1286 2070 vestem,
1305 2044 1357 2064 nec
1371 2042 1438 2062 auro
1453 2042 1481 2061 se
1496 2035 1698 2060 convcnuslans
1714 2039 1721 2057 :
1739 2035 1821 2064 atque

1036 2089 1095 2115 lucc
1117 2094 1180 2115 cum
1197 2084 1307 2121 juvenis
1321 2082 1469 2110 admodum
1491 2084 1575 2111 esset,
1591 2085 1692 2106 annum
1717 2077 1822 2104 scilicet

1035 2133 1124 2161 aetatis
1145 2139 1228 2167 agens
1252 2129 1413 2157 vicesimum
1439 2126 1552 2156 tertium
1573 2133 1580 2151 :
1601 2123 1718 2151 necdum
1738 2123 1820 2149 etiam

1037 2183 1124 2206 mater
1136 2178 1216 2204 facta.
1229 2185 1238 2201 ι

195 2227 339 2262 ejusmodi,
364 2228 408 2255 cui
427 2228 523 2255 cedere
543 2236 586 2256 ars
608 2229 715 2256 medica
734 2229 889 2256 videbatur.
914 2229 982 2257 Cum
999 2225 1021 2252 D
1070 2225 1102 2252 ν·
1121 2223 1203 2250 Facta
1218 2225 1260 2248 εει
1270 2227 1337 2248 VCI‘O
1354 2222 1442 2246 mater
1455 2216 1549 2244 (“Vina
1560 2215 1673 2247 Virtute.
1690 2218 1718 2241 ει
1732 2213 1821 2240 Μίλω-

194 2273 262 2300 nibil
282 2273 346 2300 huic
359 2274 481 2301 curando
495 2273 634 2301 admotum
647 2283 701 2301 non
715 2275 810 2302 fuisset
822 2296 829 2308 ,
850 2275 983 2303 accedens

196 2317 295 2344 mulier
314 2318 437 2351 quaedam
452 2325 485 2344 ex
501 2318 670 2350 domesticis,
693 2318 755 2345 facti
771 2326 786 2344 a
801 2318 881 2345 Petro
898 2319 982 2345 mira-

195 2363 251 2391 culi
270 2363 436 2389 mentionem
458 2363 522 2390 fecit
537 2373 542 2390 :
561 2363 667 2390 audivit
682 2364 746 2390 hera
759 2384 765 2394 ,
781 2363 982 2398 confestimque

195 2407 229 2434 ad
246 2407 369 2435 divinum
391 2407 530 2435 hominem
553 2416 582 2435 se
604 2409 730 2436 contulit.
747 2408 872 2436 Habebat
889 2413 981 2436 autem

195 2452 242 2480 illa
258 2452 330 2480 circa
350 2460 379 2480 se
391 2457 418 2479 et
428 2453 549 2485 inaures,
561 2457 588 2479 et
601 2453 725 2484 monilia,
745 2456 772 2479 ct
786 2453 838 2479 alia
853 2461 887 2480 ex
900 2461 979 2486 auro,

195 2500 224 2523 et
245 2500 347 2523 vestem
370 2496 472 2523 variam
489 2504 522 2523 ex
537 2496 634 2523 sericis
651 2496 704 2523 iiiis
721 2501 874 2524 contextam
891 2506 898 2524 :
914 2505 983 2524 non-

195 2541 261 2568 dum
273 2542 346 2568 enim
361 2542 554 2577 perfectiorcm
565 2542 697 2569 virtutem
709 2543 877 2577 degustarat,
891 2547 919 2570 et
932 2544 981 2571 llos

196 2591 256 2614 erat
268 2587 367 2620 aetatis,
383 2588 590 2622 juventutisque
605 2593 704 2615 ornatu
716 2588 918 2615 delectabatur.
936 2589 982 2616 Di-

195 2630 289 2658 vinum
310 2639 376 2667 ergo
399 2637 482 2666 caput
502 2633 561 2659 haec
584 2633 705 2664 intuens,
727 2632 819 2659 nimia:
842 2632 983 2668 elegantia:

196 2677 314 2711 primum
325 2677 514 2712 aegritudinem
527 2678 642 2711 sanavit,
654 2678 682 2706 in
694 2678 768 2705 hunc
781 2678 854 2704 illam
870 2677 982 2706 modum

1036 2270 1110 2298 donii
1130 2272 1229 2296 ascetzc
1246 2265 1409 2294 sanctissimi
1429 2263 1570 2299 precibus,
1587 2261 1660 2296 quod
1677 2261 1714 2287 ita
1731 2259 1822 2287 Theo-

1036 2317 1149 2344 dorctus
1161 2314 1254 2346 refert,
1272 2316 1333 2348 post
1344 2318 1431 2339 annos
1442 2308 1574 2337 tredecim
1585 2305 1713 2341 conjugii.
1731 2314 1740 2329 ι
1755 2304 1823 2331 Nec-

1036 2363 1102 2390 dum
1115 2362 1216 2388 liberos
1228 2356 1414 2393 susceperat‘,
1432 2353 1641 2382 naturasciliect
1649 2350 1821 2386 prohibente,

1036 2416 1071 2436 ne
1083 2408 1202 2435 fructum
1215 2405 1315 2437 ferret;
1330 2411 1390 2438 quae
1402 2409 1447 2429 res
1462 2401 1548 2435 ipsam
1563 2398 1673 2433 quidem
1688 2396 1758 2423 male
1775 2395 1823 2422 ad-

1035 2453 1147 2481 modum
1166 2459 1220 2478 non
1235 2449 1366 2482 habebat,
1377 2448 1405 2474 in
1419 2446 1521 2474 divinis
1529 2445 1602 2472 enim
1614 2442 1722 2470 erudita
1735 2441 1762 2468 id
1773 2448 1821 2467 ex-

1036 2499 1130 2534 pedire
1143 2496 1273 2524 credebat
1287 2504 1293 2521 :
1309 2499 1417 2530 patrem
1433 2500 1499 2520 vero
1511 2498 1602 2518 meum
1618 2490 1724 2517 orbitas
1737 2488 1821 2515 vehe-

1035 2533 1143 2573 menter
1166 2542 1299 2578 angebat,
1323 2545 1352 2567 et
1374 2544 1598 2574 quoquoversum
1620 2535 1753 2563 oberrans
1773 2533 1822 2560 Dei

1034 2598 1131 2618 servos
1142 2588 1248 2620 orabat,
1260 2591 1290 2614 ut
1301 2585 1354 2613 sibi
1364 2585 1466 2612 liberos
1476 2591 1490 2610 a
1503 2583 1560 2610 Deo
1569 2580 1752 2616 postularent.
1767 2578 1821 2605 Alii

1034 2640 1100 2668 ergo
1115 2636 1143 2659 ct
1159 2635 1286 2658 oraturos
1299 2637 1328 2656 se
1346 2626 1554 2664 promittebant,
1566 2629 1594 2652 et
1608 2629 1638 2652 ut
1651 2624 1678 2651 in
1691 2623 1739 2650 Dei
1751 2627 1820 2650 nutu

1035 2667 1231 2712 acquiesceret,
1253 2674 1444 2702 hortabantur.
1468 2672 1503 2699 At
1522 2671 1565 2698 vir
1579 2670 1690 2698 divinus
1708 2672 1737 2696 et
1752 2667 1822 2702 peti-

856 2758 1011 2788 SCIlULZii
1031 2758 1145 2787 ΝΟΤᾸΞ.

234 2822 244 2838 ³
254 2821 414 2865 Hibfrabat.
433 2827 492 2851 can.
514 2823 666 2852 Pleniorcm
693 2827 876 2854 narrationem
902 2827 964 2856 vide

1034 2837 1083 2859 ira,
1103 2832 1121 2854 ι.
1139 2826 1183 2858 ill,
1201 2834 1226 2860 p.
1247 2825 1311 2852 “83
1329 2831 1385 2858 seq.
1424 2822 1433 2838 ⁸
1450 2821 1646 2852 Nrcdum,ca:t.
1662 2817 1728 2846 Vide
1745 2816 1762 2843 l.
1783 2822 1798 2841 ε
1813 2835 1820 2848 ,

197 2866 224 2894 p.
251 2856 319 2884 1213
345 2865 402 2891 seq.
