1969 3052
164 168 200 201 93
751 175 936 206 HISTORIA
954 176 1208 209 THEODORETI.
1753 178 1788 209 9L

162 225 231 253 tioni
243 225 346 260 liquido
357 226 464 260 annuit,
480 231 507 254 et
519 227 603 254 lilium
615 236 699 255 unum
712 229 746 256 ab
759 231 950 259 universorum
968 234 986 260 Δ
1038 231 1132 266 Neque
1141 233 1274 264 hactenus
1283 232 1406 260 constitit
1416 232 1550 267 singulare
1558 232 1606 259 Dei
1614 232 1786 260 benellcium.

161 276 275 299 auclore
290 276 467 307 accepturum
482 274 622 307 pollicitus
636 280 688 302 est.
702 277 764 303 Post
782 280 837 304 tres
852 285 948 310 annos,

160 325 225 346 eum
242 318 344 345 exitum
364 319 511 352 promissio
525 321 622 347 sortita
638 329 694 348 non
707 327 790 356 esset,
807 323 888 350 rediit
903 324 952 350 ite-

159 369 223 389 rum
241 367 318 396 pater
334 363 466 397 promissa
485 372 643 399 reposcens.
657 367 703 394 Ille
714 375 779 394 vero
792 368 861 394 mitti
876 369 908 395 ad
921 377 950 396 se

159 409 305 443 conjugem
315 409 405 443 jussit.
423 409 528 436 Etcum
546 411 654 438 adesset
666 417 763 444 mater,
781 413 851 440 dixit
863 414 887 440 ei
907 414 950 441 vir

159 453 282 486 divinus,
302 458 329 481 et
351 455 500 488 petiturum
522 463 561 488 se,
577 460 603 482 et
621 457 696 484 illam
720 458 806 485 lilium
822 464 951 494 acceptu-

158 506 220 526 ram
238 508 245 525 :
262 499 310 526 sed
330 500 404 526 hunc
419 500 546 527 donatori
569 502 646 529 reddi
670 507 809 537 oportere.
824 504 948 539 Cumque

157 551 243 570 unam
268 544 320 571 sibi
341 545 438 572 animae
468 546 584 573 salutem
604 547 789 583 gcbennmque
809 549 949 576 liberatio-

155 597 223 616 nem
240 590 267 616 in
289 590 361 617 votis
376 598 436 617 esse
450 597 539 618 mater
554 593 733 626 responderet
747 603 752 620 :
765 594 887 629 Insuper,
904 596 948 621 in-

156 635 230 669 quit,
248 640 272 662 et
293 635 380 669 ﬁlium
403 636 475 663 dabit
494 637 633 671 munificus
658 638 768 674 largitor
787 649 794 666 :
814 641 846 666 iis
867 642 946 672 enim,

155 681 203 716 qui
219 682 318 707 sincere
332 685 434 716 petunt,
457 683 485 709 in
503 683 613 717 duplum
629 689 721 719 erogat
739 685 872 718 beneﬁcia.
892 687 946 713 Rc-

155 734 238 753 versa
256 727 322 753 hinc
334 731 422 754 mater
436 729 627 762 promissionis
643 730 863 758 benedictionem
877 732 947 759 refe—

155 779 233 804 rens,
246 776 346 806 quarto
357 777 420 808 post
433 781 528 801 mense
543 783 624 809 quam
637 775 812 810 promiserat,
827 777 947 811 concipit

154 822 185 845 et
198 823 307 846 uterum
322 819 402 854 gerit,
417 820 542 855 reditque
557 821 590 848 ad
604 822 692 848 virum
706 822 765 855 Dei,
778 823 946 850 benedictio-

153 864 201 891 nis
210 865 346 892 seminum
361 866 516 900 manipulos
533 867 693 895 ostendens.
711 876 720 893 I

189 909 234 936 Vl.
255 909 425 945 Conceptum
446 912 579 939 miraculo
602 913 703 945 fetum,
725 922 759 941 ne
781 914 945 943 immaturus

155 954 357 987 effunderetur,
375 957 551 984 retinuerunt
573 958 624 984 viri
645 959 731 986 sancti
752 967 857 994 preces.
877 961 945 988 Nam

159 1011 168 1027 ι
187 1002 284 1036 quinto
297 1009 359 1036 post
373 1004 582 1037 conceptionem
597 1012 702 1036 mense,
715 1005 804 1040 inquit
818 1006 946 1034 Theodo-

155 1051 232 1074 retus
248 1048 269 1079 ⁸,
286 1052 374 1075 mater
388 1048 416 1075 in
427 1048 574 1076 discrimen
587 1049 740 1077 abortionis
751 1051 836 1083 venit,
854 1056 881 1078 et
895 1051 946 1079 ite-

154 1101 217 1120 rum
233 1093 317 1125 misit,
336 1094 400 1128 quia
417 1094 456 1121 ire
471 1095 558 1129 ipsam
576 1095 689 1122 morbus
701 1096 822 1127 vetabat,
842 1097 876 1123 ad
892 1105 943 1124 no-

154 1147 218 1166 vum
231 1147 311 1166 suum
322 1140 641 1175 Elisaeum,suggeritque
652 1149 680 1168 se
689 1146 803 1169 matrem
817 1142 875 1169 fieri
889 1150 943 1170 non

153 1189 273 1220 optasse,
290 1186 426 1220 simulque
438 1185 472 1212 ab
483 1193 515 1212 eo
528 1186 661 1220 promissa
675 1191 784 1214 revocat
800 1189 826 1214 in
838 1196 943 1215 memo-

153 1231 234 1258 riam.
255 1231 302 1258 Ille
317 1239 383 1258 vero
400 1231 554 1258 venientem
567 1233 661 1266 procul
684 1233 809 1266 intuitus,
827 1238 855 1261 et
869 1235 942 1261 illam

153 1277 274 1312 agnovit,
294 1281 321 1304 et
344 1277 423 1311 138
441 1284 551 1304 causam
571 1277 743 1312 signiﬁcavit.
759 1279 846 1306 Noctu
869 1280 943 1307 enim

153 1323 286 1349 Dominus
310 1321 348 1348 illi
368 1326 397 1349 et
413 1322 541 1349 morbum
555 1327 582 1349 et
599 1323 714 1350 salutem
730 1324 873 1351 indicarat.
890 1325 942 1352 As-

153 1372 263 1402 sumpto
278 1368 362 1403 igitur
382 1368 480 1395 baculo
495 1368 605 1395 innixus
620 1369 697 1399 abiit,
714 1369 881 1404 domumque
900 1370 943 1397 in-

152 1421 275 1448 gressus,
291 1418 320 1440 et
330 1413 413 1448 pacis,
427 1413 580 1446 utsolebat,
591 1414 755 1442 salutatione
766 1415 829 1442 data
843 1424 848 1442 :
858 1415 941 1448 Bono,

153 1457 255 1492 inquit,
269 1458 304 1484 si:
319 1459 419 1490 animo,
432 1466 477 1484 nec
489 1459 600 1485 timeas:
614 1460 770 1494 nequeenim
781 1459 880 1486 donum
892 1468 942 1486 an-

153 1502 229 1538 feret.
248 1503 293 1538 qui
311 1503 391 1535 dedit,
411 1504 462 1530 nisi
479 1508 507 1530 tu
523 1504 590 1530 inita
606 1508 684 1539 pacta
703 1504 820 1531 tviolaris.
840 1505 943 1532 Promi-

153 1549 212 1576 siin
237 1557 329 1583 nempe
351 1549 515 1576 reddituram
534 1553 558 1576 te
583 1549 653 1584 quod
672 1549 786 1581 dabitur,
806 1550 943 1586 divinaque

153 1594 274 1629 obsequia
302 1599 527 1621 consecraturam.
555 1594 600 1621 Sic
625 1599 653 1621 et
680 1602 748 1629 ego,
781 1595 819 1621 ait
845 1599 942 1628 mater,

152 1646 251 1672 parere
264 1639 327 1666 volo
338 1643 365 1665 et
379 1642 454 1673 opto.
474 1639 611 1666 Potiorem
628 1639 699 1665 enim
715 1639 868 1666 abortivum
882 1647 944 1674 par-

154 1690 212 1712 tum
229 1685 364 1717 duxerim,
382 1692 463 1719 quam
482 1684 597 1712 alienam
612 1684 657 1710 lilii
671 1684 869 1712 educationem.
882 1686 944 1712 Bibe

152 1730 246 1765 igitur,
259 1731 348 1765 inquit
364 1730 408 1756 vir
426 1730 546 1762 divinus,
560 1731 627 1756 hanc
638 1738 746 1765 aquam,
760 1734 784 1756 et
795 1732 890 1758 senties
903 1731 942 1758 di.

153 1777 244 1803 uinum
261 1775 402 1802 auxilium.
425 1775 496 1802 Bibit
516 1775 561 1801 illa
584 1779 614 1802 ut
632 1775 763 1810 iusserat,
783 1779 810 1802 et
829 1775 942 1803 abortus

153 1820 306 1855 periculum
323 1819 466 1847 abscessit.
487 1828 496 1845 ι

189 1865 348 1900 V‘ll.’Atque
359 1866 417 1892 hmc
430 1873 512 1892 causa
525 1865 587 1896 fuit,
602 1871 652 1891 cur
664 1865 829 1892 Theodoreti
842 1872 942 1892 nomen

153 1919 216 1940 eum
239 1915 412 1943 nasceretur,
433 1910 588 1945 acceperit,
614 1911 690 1944 quasi
709 1911 826 1938 donatus
850 1919 866 1938 a
885 1911 942 1939 Deo

153 1950 326 1992 parentibus,
344 1961 372 1984 et
390 1965 406 1984 a
423 1957 585 1991 parentibus
599 1957 719 1983 vicissim
738 1957 848 1984 oblatus
873 1957 940 1989 Deo,

153 2003 199 2030 cui
210 2003 327 2030 serviret
343 2003 371 2029 in
386 2002 564 2032 monasterio.
581 2002 627 2029 ubi
640 2002 757 2036 primum
771 2010 820 2037 per
833 2007 942 2030 (etatem

152 2048 250 2076 liceret
266 2057 272 2075 :
292 2049 344 2075 hoc
363 2048 437 2076 enim
459 2048 550 2075 fuerat
567 2052 711 2083 parentum
729 2048 941 2083 supplicantium

151 2097 259 2125 votum,
277 2093 334 2120 hmc
347 2097 501 2120 sanctorum
514 2092 718 2127 deprecantium
729 2092 782 2119 lex.

188 2138 257 2166 Vill.
284 2138 360 2165 Hanc
384 2138 516 2165 nascendi
544 2138 730 2165 conditionem
753 2137 939 2171 Theodoreto,

153 2189 298 2219 postquam
317 2184 460 2214 crevisset,
479 2183 625 2210 revocabat
645 2183 671 2210 in
687 2187 806 2211 mentem
818 2184 942 2212 Macedo-

1002 277 1068 304 Nam
1082 282 1169 305 mater
1187 285 1283 305 recens
1299 287 1314 305 a
1330 282 1412 312 partu
1428 279 1436 288 '
1452 278 1527 305 letali
1542 278 1638 305 morbo
1655 278 1788 306 exstincta

1001 328 1084 355 esset,
1096 323 1277 357 periissetque
1288 323 1461 350 Thcodoreto
1472 331 1600 357 magnum
1613 323 1646 350 ad
1659 323 1789 350 virtutem

1001 368 1207 395 incitamentum
1231 376 1263 395 ac
1290 369 1468 403 exemplum,
1495 369 1548 395 nisi
1575 368 1649 395 Petri
1680 368 1786 400 iisdem,

1000 415 1100 448 quibus
1118 415 1151 441 ad
1168 415 1252 441 Deum
1274 422 1406 441 conversa
1418 419 1486 446 erat,
1499 414 1627 448 precibus
1641 414 1787 441 sanitatem

1000 466 1199 494 recuperasset.
1214 460 1374 486 Miraculum
1387 460 1576 486 Theodoretus
1587 459 1623 486 ita
1635 459 1785 486 describit:

1003 515 1012 530 ‹
1030 505 1215 532 Deeumbebat
1231 506 1239 520 ⁷
1255 510 1342 532 mater
1357 513 1416 531 mea
1435 509 1495 539 post
1512 509 1620 539 partum
1633 524 1639 536 ,
1661 504 1785 535 medicis.

998 553 1029 576 ut
1044 549 1145 581 lerunt,
1161 549 1381 584 desperantibus,
1403 549 1559 583 lugentibus
1575 549 1742 580 domesticis,
1760 553 1787 575 et

998 595 1102 622 obitum
1124 595 1355 630 prmstolantibus,
1377 595 1477 621 clausis
1499 595 1585 621 oculis
1606 602 1701 629 magna
1723 597 1786 621 cum

997 640 1074 667 febre
1088 641 1257 672 conliictans,
1278 640 1453 667 familiarium
1471 640 1607 666 neminem
1624 647 1784 674 agnoscens.

997 686 1032 713 Ut
1043 691 1134 712 autem
1152 686 1262 713 advenit
1275 686 1329 718 ille,
1342 686 1387 720 qui
1402 685 1581 719 apostolicum
1593 692 1692 711 nomen
1707 692 1786 719 gere-

997 731 1044 758 bat
1059 735 1086 758 et
1099 731 1229 766 gratiam,
1244 735 1281 762 et,
1296 731 1354 757 Pax
1370 731 1423 762 tibi,
1445 730 1514 764 filia,
1535 730 1603 757 dixit
1621 730 1690 764 (haec
1710 730 1785 756 enim

997 777 1056 812 ejus
1073 781 1132 804 erat
1145 776 1298 810 salutatio),
1321 776 1465 803 confestim
1489 775 1633 810 palpebras
1648 782 1785 802 reserasse

997 821 1108 854 dicitur,
1121 826 1149 849 et
1161 822 1188 848 in
1200 822 1275 849 illum
1286 821 1346 849 ﬁxis
1356 821 1442 848 oculis
1455 821 1603 856 aspexisse,
1616 820 1786 848 benedictio-

997 866 1094 901 nisque
1104 867 1223 894 fructum
1238 867 1400 902 postulasse.
1416 867 1563 901 Postquam
1577 866 1694 893 ululavit
1707 866 1785 892 femi-

999 920 1095 939 narum
1112 913 1214 940 chorus
1229 913 1318 948 (mista
1334 913 1407 939 enim
1423 920 1484 939 eum
1502 912 1596 939 dolore
1614 911 1697 938 animi
1713 911 1783 938 laeti-

1000 959 1036 985 tia
1063 959 1211 986 clamorem
1242 959 1319 985 illum
1351 958 1552 993 expresserat),
1584 957 1715 992 praecepit
1741 957 1784 984 vir

997 1004 1117 1035 divinus,
1136 1008 1165 1031 ut
1186 1009 1297 1031 orarent
1319 1012 1379 1031 cum
1404 1005 1463 1039 ipso
1485 1005 1629 1031 univcrsxe.
1645 1003 1691 1030 Sic
1709 1003 1783 1030 enim

997 1051 1112 1077 salutem
1132 1050 1268 1084 recepisse
1287 1049 1396 1076 dicebat
1415 1049 1570 1080 Tabitham,
1586 1048 1677 1075 viduis
1694 1048 1783 1083 laery-

996 1095 1146 1127 montibus,
1169 1099 1196 1122 et
1217 1103 1315 1129 magno
1332 1095 1413 1122 Petro
1435 1095 1543 1122 illarum
1569 1095 1624 1121 Deo
1650 1094 1783 1128 lacrymas

999 1141 1078 1175 139
1089 1141 1232 1167 offerente.
1246 1140 1367 1168 Orarunt
1379 1141 1548 1175 utjusserat,
1561 1143 1588 1166 et
1600 1138 1704 1173 adeptae
1719 1143 1782 1165 sunt

996 1191 1026 1214 ut
1049 1186 1181 1221 prmdixit.
1205 1187 1293 1213 Finita
1315 1187 1388 1213 enim
1413 1187 1546 1218 oratione,
1569 1186 1650 1212 linem
1673 1193 1782 1220 quoque

995 1232 1108 1259 morbus
1127 1232 1247 1266 accepit,
1266 1232 1405 1267 sudorque
1424 1240 1488 1259 mox
1504 1232 1624 1266 undique
1643 1230 1782 1265 proﬂuens

995 1278 1121 1306 ardorem
1136 1278 1211 1304 illum
1226 1278 1364 1304 exstinxit.
1381 1287 1389 1302 ι

1029 1324 1158 1359 Ejusdem
1170 1323 1241 1351 Petri
1257 1331 1323 1350 zona
1336 1331 1390 1350 non
1404 1323 1488 1350 semel
1500 1331 1514 1350 a
1526 1323 1623 1350 morbo
1637 1331 1686 1358 per
1697 1323 1781 1349 mira-

995 1369 1086 1396 culum
1102 1369 1291 1396 Theodoretus
1312 1369 1369 1403 ipse
1389 1369 1495 1395 solutus
1509 1372 1560 1395 est.
1582 1377 1590 1393 ι
1608 1369 1694 1403 llujns
1711 1375 1781 1403 quoi

995 1422 1048 1449 que
1061 1413 1082 1446 ⁸,
1094 1414 1191 1448 inquit,
1204 1415 1274 1441 sicut
1284 1414 1435 1441 beatissimi
1449 1414 1525 1440 Pauli
1539 1415 1700 1441 vestimenta
1715 1421 1780 1448 ope-

995 1459 1136 1486 rabantur.
1149 1459 1216 1486 Nam
1228 1467 1296 1486 zona
1310 1467 1356 1486 sua
1369 1459 1495 1486 bifariam
1507 1459 1605 1492 divisa,
1614 1459 1667 1486 lata
1681 1460 1782 1494 quippe

995 1510 1022 1532 et
1037 1505 1117 1540 longa
1132 1509 1202 1537 erat,
1226 1512 1319 1532 crasso
1341 1513 1374 1531 ex
1400 1505 1456 1532 lino
1477 1508 1614 1535 contexta,
1634 1509 1711 1539 parte
1727 1513 1782 1531 una

958 1562 979 1591 ο
996 1559 1074 1578 renes
1093 1558 1158 1577 suos
1173 1550 1273 1582 cinxit,
1290 1550 1375 1577 altera
1392 1558 1477 1577 meos.
1497 1549 1573 1577 Hanc
1587 1554 1675 1577 mater
1694 1558 1781 1585 aegro-

997 1595 1062 1622 tanti
1076 1595 1143 1622 mibi
1161 1602 1230 1629 saepe
1248 1595 1401 1630 imponetis,
1418 1602 1487 1629 smpe
1502 1595 1584 1622 etiam
1602 1595 1684 1629 patri,
1706 1603 1781 1622 mor-

995 1641 1060 1668 bum
1068 1641 1183 1675 depulit,
1195 1640 1348 1674 eodemque
1360 1641 1394 1667 ad
1404 1641 1549 1667 sanitatem
1560 1640 1618 1674 ipsa
1628 1640 1709 1667 etiam
1721 1649 1783 1675 per-

994 1694 1066 1720 smpe
1081 1693 1129 1712 usa
1143 1689 1186 1712 est
1202 1685 1335 1712 remedio.
1355 1694 1363 1710 ›

1030 1731 1117 1766 Atque
1131 1731 1189 1758 haec
1202 1739 1283 1758 causa
1297 1731 1410 1763 exstitit,
1427 1738 1478 1758 cur
1491 1732 1536 1766 pia
1550 1736 1638 1759 mater
1651 1731 1781 1758 infantem

993 1776 1101 1803 deferre
1113 1776 1193 1803 solita
1206 1780 1279 1803 esset
1293 1775 1326 1802 ad
1338 1775 1508 1810 spiritualem
1519 1776 1638 1808 Patrem,
1656 1780 1685 1802 ut
1700 1784 1714 1802 a
1727 1783 1781 1810 quo

992 1822 1078 1850 vitam
1093 1822 1150 1856 ipsa
1167 1821 1249 1848 animi
1263 1821 1443 1856 corporisque
1462 1825 1617 1856 acceperat,
1633 1821 1667 1848 ab
1682 1829 1715 1848 eo
1735 1821 1781 1847 bc-

992 1867 1114 1895 nedictio
1129 1867 1198 1902 proli
1218 1867 1244 1893 in
1260 1866 1320 1893 dies
1333 1867 1468 1894 crescenti
1483 1867 1679 1901 impertiretur.
1696 1866 1780 1893 Habi-

993 1913 1070 1941 tabat
1088 1913 1131 1939 vir
1150 1912 1195 1939 ille
1212 1911 1383 1939 admirabilis
1398 1920 1454 1938 non
1473 1912 1570 1946 procul
1587 1912 1734 1939 Antiochia
1753 1911 1781 1938 in

993 1958 1130 1993 sepulcro,
1142 1957 1301 1991 solcliatque
1310 1965 1393 1984 senex
1404 1957 1523 1992 optimus
1534 1957 1698 1984 infantulum
1709 1965 1782 1984 com-

992 2003 1074 2039 plecti
1087 2004 1159 2034 sinu,
1173 2002 1306 2036 donisque
1321 2001 1428 2029 allicere
1437 2002 1510 2029 :etati
1525 2003 1664 2038 congruis,
1681 2003 1781 2036 quibus

993 2050 1082 2085 ipsum
1100 2049 1151 2077 sibi
1164 2053 1245 2083 atque
1263 2048 1357 2083 pietati
1371 2048 1540 2075 conciliaret.

1027 2095 1101 2122 Idem
1117 2094 1261 2129 praestabat
1283 2093 1426 2128 stupendze
1440 2093 1509 2120 alter
1521 2093 1672 2120 sanctitatis
1685 2101 1779 2119 mona-

992 2141 1061 2169 chus
1073 2140 1226 2175 Aphraates
1244 2139 1300 2171 ille,
1328 2139 1375 2174 qui
1395 2139 1462 2166 cella
1481 2138 1619 2173 quondam
1642 2145 1779 2172 egressus,

992 2185 1100 2214 Valenti
1119 2186 1129 2201 ’
1148 2185 1307 2219 imperatori
1337 2184 1426 2219 palam
1451 2183 1569 2210 hzeresin
1595 2187 1622 2210 et
1650 2183 1780 2209 Ecclesia!

152 2230 226 2261 nius,
243 2229 378 2264 simulque
392 2231 455 2257 vitm
468 2229 588 2256 sanctius
603 2229 777 2256 instituendas
790 2230 941 2257 necessita-
957 2226 979 2253 ι)
993 2231 1096 2259 Christi
1109 2230 1328 2265 persecutionem
1343 2228 1454 2262 objeeit.
1469 2228 1537 2254 Nam
1553 2227 1697 2262 parvulum
1714 2228 1735 2243 '°
1747 2228 1780 2254 ad

153 2280 218 2303 tem.
241 2285 250 2300 ι
266 2275 358 2302 Multis
372 2276 394 2307 ⁸,
411 2275 562 2310 inquiebat,
576 2282 638 2302 cum
656 2275 806 2307 laboribus,
826 2275 874 2308 fili,
891 2284 940 2303 na-

152 2326 199 2348 tus
209 2329 250 2352 es,
259 2322 361 2348 multas
370 2325 398 2348 et
409 2321 467 2356 ipse
475 2325 571 2348 noctes
581 2320 656 2351 duxi.
669 2320 721 2347 hoc
731 2329 815 2348 unum
826 2329 941 2356 poscens

152 2375 167 2394 a
181 2368 249 2399 Deo,
266 2372 297 2394 ut
306 2372 436 2402 parentes
451 2366 490 2393 tui
508 2367 561 2393 hoc
574 2366 681 2398 ﬁerent,
694 2366 767 2401 quod
781 2371 806 2394 te
816 2370 881 2394 nato
891 2375 941 2402 ap-

150 2413 246 2448 pellati
269 2418 343 2440 sunt.
366 2413 480 2447 Dignam
504 2412 588 2447 igitur
608 2412 750 2439 laboribus
773 2412 856 2439 vitam
880 2420 939 2447 age.

153 2460 224 2487 Ante
244 2463 353 2494 partum
374 2459 606 2493 promissionibus
629 2463 803 2486 consecratus
818 2466 858 2486 es.
885 2459 941 2486 Deo

151 2511 246 2532 autem
260 2512 321 2540 quB
341 2505 432 2531 oblata
448 2510 523 2536 sunt,
541 2504 697 2531 veneranda
714 2509 779 2531 sunt
802 2504 940 2537 omnibus,

152 2558 205 2578 nec
215 2558 230 2577 a
243 2551 324 2585 vulgo
338 2549 535 2577 eontrectanda
553 2558 560 2576 :
575 2557 660 2584 quare
677 2554 784 2584 oportet
801 2554 826 2577 te
842 2557 941 2585 pravos

151 2596 237 2623 animi
246 2599 336 2623 motus
345 2603 399 2622 non
407 2595 565 2629 admittere;
575 2595 622 2623 sed
635 2595 679 2622 illa
691 2600 794 2622 tantum
804 2595 938 2629 etfacere,

152 2645 181 2668 et
195 2641 282 2676 loqui,
308 2645 336 2669 et
360 2641 491 2676 cogitare,
509 2649 570 2676 qua:
587 2641 696 2668 virtutis
718 2640 868 2676 legislatori
883 2641 940 2669 Deo

151 2686 271 2720 placent.
283 2695 291 2711 ι

993 2285 1023 2304 se
1037 2277 1194 2304 venientem
1208 2275 1370 2302 admittebat
1385 2274 1411 2301 in
1430 2274 1537 2306 cellam,
1550 2280 1653 2308 suaque
1667 2273 1781 2300 benedi.

993 2322 1084 2350 ctione
1097 2321 1228 2348 donatum
1250 2319 1365 2346 docebat
1383 2318 1520 2353 exemplo,
1539 2322 1567 2345 et
1587 2325 1632 2345 res
1647 2317 1781 2344 humanas

993 2368 1146 2403 despicere,
1161 2371 1190 2394 et
1207 2366 1276 2393 nihil
1296 2370 1430 2396 metuere,
1447 2372 1482 2391 ne
1499 2371 1654 2399 supremam
1669 2364 1779 2398 quidem

992 2417 1166 2449 potestatem,
1180 2419 1243 2440 cum
1259 2419 1303 2438 res
1315 2410 1416 2437 Christi
1429 2409 1471 2444 agi
1487 2409 1628 2436 videretur
1641 2417 1648 2442 ;
1662 2408 1780 2435 aliorum

993 2460 1098 2494 pariter
1120 2461 1277 2485 sanctorum
1305 2454 1496 2486 admiratione,
1517 2458 1548 2481 ut
1568 2458 1634 2481 aetas
1660 2453 1778 2486 ferebat,

993 2504 1140 2538 verbisque
1152 2501 1351 2530 incendebatur
1362 2500 1396 2527 ad
1407 2499 1491 2527 vitam
1507 2507 1522 2526 a
1535 2499 1674 2526 communi
1689 2499 1780 2527 diver-

994 2557 1062 2582 sam,
1080 2549 1179 2584 spiritu
1192 2555 1247 2574 non
1258 2547 1338 2574 solito
1354 2545 1497 2581 agendam.

1030 2594 1083 2621 Tot
1097 2593 1238 2628 prodigiis,
1252 2596 1347 2627 totque
1363 2597 1519 2619 sanctorum
1535 2591 1667 2621 exemplis
1680 2592 1778 2626 prmiu-

994 2641 1059 2668 dere
1072 2639 1215 2667 videbatur
1224 2637 1394 2674 providentia
1409 2637 1501 2663 divina
1508 2636 1668 2663 adnurabile
1675 2635 1779 2670 aliquid

994 2687 1022 2714 in
1033 2686 1208 2713 Theodorcto
1225 2683 1437 2714 ostendendum,
1458 2683 1571 2717 ipsaque
1585 2683 1674 2717 prima
1690 2681 1779 2709 Theo-

804 2775 958 2805 SCHULZII
971 2775 1087 2804 NOT/E.

188 2845 200 2861 ³
215 2845 313 2880 ιηφιίι.
332 2845 551 2881 lbid..p.12jll_.
590 2845 712 2875 optumi.
729 2847 891 2874 Μεινίᾶώ
907 2847 991 2881 mp.
1007 2846 1084 2874 1215.
1121 2842 1628 2881 ’Decumbeltqt_,_eat.lhidﬂp.H94.
1665 2839 1779 2877 'Hujns

152 2877 263 2916 quoque,
285 2886 343 2908 eaet.
363 2877 436 2907 ibid;
471 2881 480 2896 '
498 2879 610 2913 Valenti,
629 2885 688 2907 met.
702 2881 785 2914 lbid.,
805 2881 888 2909 1181.
923 2883 944 2898 ¹⁰
956 2877 1024 2909 Nam
1041 2881 1192 2917 parvulum,
1211 2883 1269 2907 eaet.
1284 2877 1364 2911 lbid.,
1382 2885 1408 2912 p.
1432 2877 1508 2904 1185.
1788 2904 1790 2909 ,
