1969 3052
205 177 242 208 95
764 170 955 202 GARNERII
975 167 1224 199 DISSEETATIO
1243 167 1267 198 Ι-
1796 163 1832 194 96

205 229 295 259 doreti
305 230 390 257 Deum
404 227 546 264 sequentis
557 226 713 258 rudimenta
726 232 855 261 magnum
867 223 997 253 sanctita-
1012 226 1035 254 Α
1048 222 1154 250 animos
1172 221 1300 254 faciebat,
1317 229 1349 248 ac
1368 221 1488 249 vicissim
1500 222 1535 249 ab
1549 229 1581 249 ea
1593 219 1774 253 anlluabatur,
1795 220 1829 247 ad

206 277 242 304 tis
255 276 387 304 absolutae
396 273 550 309 exemplum
562 271 774 308 promittebant;
786 279 838 298 nec
849 270 924 298 illam
938 270 994 297 for-

207 327 278 349 tasse
289 321 403 349 effectus
417 319 567 346 frustratus
580 321 633 350 est,
646 324 735 352 neque
748 315 834 344 initiis
850 324 910 351 qua:
923 311 992 348 dix'i,

207 366 277 393 male
288 364 431 400 respondit
443 364 515 391 finis.
531 363 584 391 Sed
596 362 669 398 quod
683 361 849 396 stupendum
863 365 915 393 est,
928 368 994 395 per-

206 409 292 444 plexis
307 407 477 442 occultisque
490 407 579 434 modis
593 406 772 442 prevideutire
785 406 827 433 vis
841 413 899 433 sese
914 412 993 432 exse-

207 454 272 485 ruit,
283 458 311 480 et
322 453 513 480 Thcodoretus
529 459 562 479 eo
575 452 663 479 deviis
676 451 844 479 anfractibus
855 451 991 486 pervenit,

206 505 261 533 quo
273 498 485 533 pnedestinante
498 498 553 524 Deo
565 497 708 531 agebatur.

481 563 561 599 mo
583 563 658 591 CAP.
679 563 710 590 η.

207 630 226 656 l.
243 629 414 656 Theodoreti“
430 630 589 665 monasterio
612 629 729 656 traditur
749 631 846 665 pietate
861 635 885 656 et
900 630 992 665 litteris

240 665 433 699 informandus.
465 664 497 691 ll.
513 665 623 700 Animus
639 668 663 690 et
684 665 831 700 ingenium.
860 665 905 692 lll.
922 664 992 697 Quos

239 697 343 734 secutus
361 699 512 734 magistros.
543 697 588 727 ιν.
605 697 721 734 Societas
737 704 761 726 et
783 700 921 726 necessitas
934 708 992 726 cum

241 733 361 769 [Vestorio
386 733 414 760 et
428 733 542 769 Joanne.
579 734 610 761 V.
634 733 675 760 Fit
689 733 782 769 flector
801 743 817 760 a
833 734 991 769 Porphyrio.

240 768 284 795 Vl.
301 767 434 795 Diaconos
448 768 480 794 ab
495 768 658 795 Alexandro.
675 768 731 795 νη.
744 767 837 795 Odium
849 767 991 795 inﬁmi-eti-

241 811 282 829 εοε
293 803 477 838 δηγίέειηῃογὶβ.
490 803 559 830 VIII.
573 802 612 829 Fit
624 803 758 838 episcopus
767 802 887 838 Cyr-ensis
900 803 991 830 Eccle-

240 838 295 864 siw.
321 837 368 864 IX.
388 837 560 872 Deploranda
582 838 695 872 regionis
712 837 805 872 facies.
833 838 867 865 Χ.
889 838 991 865 Nobiles

240 877 327 908 tamen
347 873 374 898 in
390 880 420 908 ea
436 873 567 899 monachi.
585 872 630 899 X1.
647 871 698 904 Qui
712 871 773 899 tunc
791 873 934 908 majoribus
951 881 992 900 se—

241 906 316 934 dibus
330 907 484 934 insiderent.

409 974 447 999 Ab
458 980 523 999 anno
534 973 624 1000 Christi
635 974 680 999 395
693 974 721 999 ad
734 973 786 998 MO.

238 1038 258 1064 l.
277 1037 467 1064 Theodoretus
486 1037 598 1064 vixdum
622 1037 763 1071 septennis
779 1036 799 1051 ”
825 1035 990 1063 monasterio

205 1079 322 1107 traditus
337 1084 389 1112 est,
407 1087 462 1107 non
482 1080 544 1107 vita;
566 1083 671 1106 tantum
692 1080 825 1115 religiosa:
845 1079 990 1112 institutis,

204 1124 252 1152 sed
270 1124 368 1152 litteris
379 1132 489 1159 quoque
506 1124 704 1151 informandus.
721 1124 750 1151 in
763 1128 879 1159 utroque
892 1131 991 1159 genere

204 1170 242 1196 ita
256 1169 382 1205 profecit,
398 1175 429 1198 ut
441 1174 470 1198 et
485 1174 613 1205 paternas
624 1178 690 1205 opes
701 1170 868 1205 pauperibus
878 1170 991 1205 largitus

204 1216 251 1248 sit,
270 1223 331 1243 cum
348 1216 487 1244 defunctis
497 1215 659 1251 parentibus
673 1216 856 1250 amplissimas
868 1216 990 1250 accepis-

205 1266 258 1294 set,
278 1267 306 1289 et
323 1262 409 1290 sacris
428 1262 604 1297 profanisque
626 1262 760 1290 doctrinis
777 1269 846 1296 pene
863 1262 992 1288 omnibus

206 1310 325 1333 mentem
343 1306 541 1333 admirabiliter
553 1306 716 1333 excoluerit.
739 1306 804 1332 [nde
823 1305 922 1332 famam
936 1313 991 1333 non

205 1351 372 1378 mediocrem
395 1351 453 1378 sive
476 1351 646 1383 sanctitatis,
671 1351 727 1378 sive
751 1351 915 1378 eruditionis
934 1356 991 1379 toto

205 1395 315 1423 Oriente
331 1395 451 1431 collegit,
465 1400 493 1422 et
511 1396 563 1423 hoc
583 1396 661 1431 quasi
680 1396 806 1423 tirocinio
818 1396 939 1423 animum
956 1396 990 1424 ad

205 1442 322 1468 maxima
335 1449 461 1476 quaeque,
478 1441 659 1477 ingenitaque
672 1449 728 1470 suae
739 1441 890 1470 excelsitati
905 1443 989 1477 paria,

204 1487 360 1514 erudiebat.

241 1534 273 1561 ll.
293 1533 356 1561 Fuit
379 1533 453 1562 enim
476 1534 516 1562 illi
537 1534 646 1562 animus
669 1542 684 1561 a
708 1537 804 1561 natura
825 1541 939 1569 magnus
963 1537 991 1561 et

204 1580 303 1612 elatus,
325 1579 428 1607 idcirco
444 1579 598 1614 despiciens
623 1587 667 1607 res
688 1579 825 1614 quaslibet
845 1579 989 1612 humanas,

205 1630 303 1663 pneter
317 1625 435 1659 famam;
447 1625 535 1652 audax
548 1626 640 1652 omnia
655 1625 744 1652 moliri
761 1629 790 1652 et
799 1625 914 1660 perpeti,
928 1633 990 1652 cum

205 1670 315 1705 pietatis
331 1670 438 1705 species
453 1670 639 1706 objiceretur;
653 1669 784 1705 prodigus
800 1670 990 1705 pecuniarum,

205 1715 254 1743 sed
267 1716 294 1742 in
306 1723 451 1750 pauperes,
465 1720 494 1743 et
507 1715 633 1750 publicos
643 1720 786 1751 sumptus;
800 1715 992 1743 tenacissimus

205 1762 349 1796 propositi,
367 1767 396 1790 et
409 1769 494 1797 prope
509 1762 653 1796 pertinax;
673 1762 856 1790 amicitiarum
875 1762 992 1790 incredi-

205 1806 299 1833 biliter
312 1810 454 1841 appetens,
469 1809 497 1834 et.
513 1813 576 1835 cum
586 1806 731 1842 junxisset,
751 1810 908 1835 constanter
924 1807 991 1835 reti-

206 1857 285 1878 nens.

241 1894 284 1921 Ill.
301 1894 400 1922 Animo
415 1902 463 1930 par
479 1895 630 1931 ingenium,
644 1904 729 1931 capax
741 1904 840 1932 nempe
854 1904 886 1924 ac
900 1897 991 1924 omni-

207 1939 259 1966 bus
288 1939 422 1966 doctrinis
450 1943 555 1974 aptum,
580 1939 692 1967 avidum
715 1939 834 1972 sciendi,
863 1944 892 1968 et
917 1939 991 1967 felici

207 1985 346 2012 memoria:
359 1984 523 2020 dicendique
538 1984 662 2012 facultati
673 1992 743 2020 pene
755 1985 918 2020 prodigiosa
927 1992 992 2012 con-

204 2029 340 2063 junctum.

241 2074 282 2100 Ad
298 2074 356 2102 haec
372 2073 516 2109 magistros
525 2074 616 2110 elegit,
631 2082 702 2110 quos
719 2079 891 2111 sequeretur,
908 2076 992 2103 totius

207 2119 282 2147 orbis
292 2127 323 2147 ea
338 2123 498 2154 tempestate
509 2120 714 2154 celeberrimos,
729 2121 851 2149 scientiae
864 2121 991 2148 Theodo—

207 2172 278 2197 rum,
298 2164 461 2199 eloquentiae
483 2164 719 2200 Chrysostomum,
736 2169 882 2200 utrumque
898 2165 992 2193 Antio-

206 2209 335 2241 chenum,
346 2211 355 2221 “
365 2213 393 2237 et
402 2217 458 2237 sua:
470 2209 570 2242 aetatis,
593 2214 624 2237 ut
638 2214 702 2237 tunc
712 2214 771 2237 erat
782 2211 884 2245 opinio,
898 2210 990 2238 lumen

205 2255 347 2282 eximium.
361 2254 462 2282 Ambos
474 2263 541 2282 vero
553 2255 594 2282 sic
609 2255 638 2282 in
653 2263 682 2283 se
695 2255 842 2290 expressit,
857 2259 888 2282 ut
899 2255 989 2283 Theo-

205 2300 266 2327 dori
277 2307 385 2328 errores
396 2300 542 2328 infeliciter
552 2301 725 2335 postmodum
736 2300 922 2337 Chrysostomi
934 2301 991 2329 elo-

206 2345 318 2380 quentia
329 2349 403 2373 tanto
415 2346 607 2381 perniciosius,
618 2351 721 2382 quanto
728 2346 921 2374 admirabilius
932 2351 991 2374 tue-

206 2396 284 2419 retur
299 2393 331 2419 ".

240 2439 285 2466 IV.
297 2438 357 2466 Non
370 2438 444 2466 aliud
457 2439 553 2466 saltem
565 2437 645 2466 initio
657 2438 989 2472 monasteriumincoluit,

206 2491 288 2518 quam
300 2484 373 2519 quod
390 2485 477 2512 sancti
489 2483 620 2518 Euprepii
634 2483 786 2516 dicebatur,
800 2491 886 2519 prope
897 2483 992 2512 Antio-

207 2528 296 2556 chiam
315 2530 445 2564 positum.
469 2530 526 2557 Nec
541 2530 616 2557 enim
636 2529 761 2557 excreuit
782 2537 843 2558 sese
862 2530 958 2565 procul
975 2537 991 2557 a

208 2577 304 2606 matre,
318 2582 378 2610 qua:
394 2580 422 2604 et
441 2575 498 2610 ipsa
509 2575 687 2603 monasticam
702 2575 786 2602 vitam
801 2575 922 2610 professa
937 2580 990 2609 est,

207 2619 342 2655 siquidem
355 2626 415 2649 erat
434 2622 546 2649 unicum
562 2621 684 2656 parentis
700 2621 838 2653 solatium,
859 2625 888 2648 et
911 2621 991 2648 matri

1045 266 1240 301 capessendam
1252 266 1363 301 pietatis
1375 267 1584 301 perfectionem.

1078 312 1110 339 V.
1129 311 1181 339 Sed
1197 312 1296 339 accidit
1311 311 1382 339 forte
1399 316 1430 339 ut
1457 320 1489 340 ea
1508 315 1669 348 tempestate
1685 310 1714 337 in
1734 318 1830 338 mona-

1044 357 1127 384 sterio
1144 356 1275 391 degerent
1289 357 1431 385 Nestorius
1444 361 1472 384 et
1483 357 1616 389 Joannes,
1630 362 1748 390 quorum
1761 355 1830 382 alter

1043 402 1352 437 Constantinopolitanae
1367 407 1472 436 postea,
1500 402 1569 429 alter
1583 401 1762 429 Antiochense
1781 400 1832 427 Ec-

1044 447 1134 474 clesiae
1146 447 1264 482 praefuit.
1291 447 1367 482 14],
1380 447 1500 482 Uterque
1517 446 1628 474 studere
1640 446 1735 481 pietati
1751 444 1829 473 vide-

1043 493 1135 526 batur,
1158 497 1186 520 et
1208 493 1298 528 rcipsa
1310 493 1403 520 forsan
1424 492 1553 520 studebat
1573 501 1580 519 :
1597 492 1645 519 sed
1665 498 1830 527 magnopere

1044 542 1110 565 tunc
1126 538 1256 572 temporis
1272 537 1410 565 referebat
1429 538 1517 565 videri
1535 537 1610 572 pium
1622 557 1629 569 ,
1645 544 1707 564 cum
1722 536 1829 571 opinio-

1043 583 1087 609 nis
1100 590 1205 610 merces
1217 583 1297 615 t‘oret,
1309 583 1360 609 toti
1370 583 1473 618 ingenti
1486 582 1599 610 dioecesi
1611 589 1728 617 praeesse
1738 601 1744 613 ,
1758 585 1786 608 et
1797 589 1829 609 ex

1043 629 1185 656 monachis
1205 629 1375 663 patriarchas
1392 628 1462 655 fieri.
1481 628 1549 656 Cum
1563 628 1607 655 his
1627 628 1736 655 duobus
1754 632 1829 655 arcta

1042 673 1095 701 fuit
1109 673 1282 702 Theodoreto
1292 674 1451 706 necessitas,
1465 681 1525 708 qum
1535 682 1551 700 a
1562 673 1692 701 societate
1708 673 1770 700 vita:
1785 681 1828 700 re-

1028 729 1030 731 ν
1042 719 1145 754 ligiosa:
1160 723 1261 751 ortum,
1276 719 1475 748 incrementum
1487 727 1502 746 a
1516 719 1614 746 studiis
1625 718 1828 750 communibus,

1043 764 1069 791 id
1083 769 1136 797 est,
1146 765 1180 792 ab
1193 765 1355 793 arctissimis
1373 773 1532 800 magnarum
1548 765 1701 792 animarum
1713 764 1830 791 vinculis

1042 811 1148 846 accepit
1165 820 1172 838 :
1190 819 1252 839 eum
1266 819 1333 839 vero
1347 811 1522 845 postmodum
1539 810 1574 838 ab
1588 810 1650 838 aliis
1660 810 1751 837 causis
1762 817 1828 837 con-

1043 856 1148 884 firmata
1170 861 1252 889 esset,
1269 864 1399 892 magnum
1417 856 1523 884 Orienti
1546 857 1651 890 totique
1665 855 1726 883 orbi
1747 855 1829 882 Chri-

1006 898 1027 926 Β
1042 903 1131 930 stiano
1152 903 1252 930 malum
1277 902 1380 936 intulit,
1405 902 1487 930 unius
1509 901 1694 936 improbitate,
1716 901 1830 928 alterius

1041 947 1172 976 caecitate.

1076 993 1120 1020 Vl.
1134 993 1186 1020 Per
1203 993 1230 1020 id
1247 996 1354 1028 tempus
1370 993 1569 1020 Antiochenam
1584 993 1735 1021 Ecclesiam
1753 1002 1829 1029 rcge-

1041 1038 1088 1065 bat
1100 1037 1279 1073 Porphyrius,
1296 1038 1343 1072 qui
1360 1041 1422 1072 post
1438 1037 1558 1064 Flaviani
1576 1041 1691 1065 mortem
1709 1038 1829 1066 intruse-

1041 1087 1084 1111 rat
1095 1091 1155 1111 sese
1169 1084 1250 1111 malis
1265 1083 1372 1110 artibus
1387 1082 1415 1109 in
1430 1083 1517 1110 sancti
1533 1083 1636 1110 locum.
1652 1083 1792 1111 Laudatur
1808 1084 1829 1100 "

1041 1133 1132 1157 tamen
1144 1137 1161 1156 a
1181 1129 1354 1156 Theodoreto
1369 1133 1482 1164 propter
1500 1128 1699 1164 benignitatem
1717 1135 1744 1156 et
1758 1138 1828 1164 pru-

1041 1174 1172 1206 dentiam,
1192 1174 1297 1209 fuitque
1316 1182 1347 1202 ca
1362 1174 1422 1201 laus
1443 1175 1511 1209 grati
1533 1173 1618 1200 animi
1638 1174 1827 1202 testimonium

1041 1220 1177 1254 quoddam
1192 1229 1198 1246 :
1219 1228 1281 1247 nam
1297 1220 1331 1246 ab
1347 1219 1406 1254 ipso
1421 1224 1530 1247 creatus
1541 1224 1579 1247 est
1595 1220 1691 1252 lector,
1704 1227 1767 1248 cum
1780 1229 1828 1248 an-

1041 1273 1139 1292 norum
1155 1269 1228 1292 esset
1241 1265 1352 1292 circiter
1368 1265 1476 1300 viginti.

1076 1310 1132 1338 νη.
1145 1310 1283 1338 Successit
1295 1310 1401 1346 Porphy
1407 1311 1447 1337 rio
1457 1310 1500 1337 vir
1511 1310 1590 1346 longe
1601 1310 1699 1338 melior
1708 1308 1829 1338 Alexan-

1041 1356 1100 1389 der,
1119 1359 1149 1382 ut
1164 1355 1211 1391 qui
1231 1365 1241 1380 ι
1260 1363 1362 1383 severae
1380 1355 1401 1371 ¹⁵
1418 1356 1479 1383 vita:
1496 1356 1652 1390 disciplina,
1675 1355 1770 1383 studio
1785 1364 1830 1383 sa-

1041 1402 1164 1436 pientiae,
1192 1405 1311 1437 egestate
1335 1401 1499 1434 voluntaria,
1522 1402 1690 1436 eloquentia,
1715 1402 1830 1436 aliisque

1041 1446 1167 1482 pluribus
1176 1446 1295 1481 Spiritus
1303 1446 1389 1474 sancti
1399 1446 1478 1474 donis
1490 1447 1638 1474 admodum
1647 1447 1804 1476 excelleret.
1818 1457 1827 1473 ι

1041 1492 1090 1520 Hic
1100 1493 1302 1520 Theodorctum
1316 1497 1429 1527 propter
1438 1493 1547 1520 virtutis
1563 1493 1645 1521 simul
1660 1497 1687 1521 et
1698 1493 1830 1521 doctrinae

1041 1537 1199 1572 opinionem
1223 1537 1369 1565 diaconum
1394 1537 1505 1565 videtur
1525 1538 1678 1572 ordinasse,
1694 1546 1756 1566 cum
1774 1540 1830 1575 jam

1042 1583 1188 1618 legitimam
1205 1587 1312 1611 aetatem
1325 1583 1441 1618 adeptus
1454 1587 1537 1611 esset.

1077 1629 1145 1656 VIII.
1160 1628 1216 1656 Hac
1231 1629 1364 1663 dignitate
1383 1629 1514 1664 praeditus
1531 1629 1615 1664 coepit
1631 1637 1676 1657 res
1694 1629 1757 1656 fidei
1774 1634 1830 1657 tra-

1042 1678 1117 1702 ctare
1132 1674 1161 1701 in
1177 1673 1372 1709 congressibus
1389 1682 1486 1710 magna
1501 1674 1681 1709 eloquentiae,
1697 1675 1831 1702 eruditio-

1041 1720 1085 1748 nis
1102 1724 1131 1748 et
1149 1720 1304 1748 sanctitatis
1330 1719 1412 1752 fama,
1434 1728 1495 1755 qua:
1519 1720 1584 1747 inde
1614 1720 1766 1756 augebatur
1789 1721 1831 1749 vel

1041 1762 1170 1795 maxime,
1182 1763 1255 1797 quod
1267 1771 1330 1789 cum
1343 1763 1478 1798 ascriptus
1489 1769 1562 1792 esset
1573 1764 1600 1791 in
1612 1764 1726 1797 clerum,
1741 1764 1775 1792 de
1793 1765 1831 1792 ri-

1042 1815 1107 1843 gore
1120 1811 1210 1835 tamen
1226 1808 1349 1835 asceticm
1360 1808 1513 1844 disciplinae
1527 1809 1597 1836 nihil
1613 1810 1728 1843 remisit,
1741 1818 1832 1845 neque

1042 1853 1208 1880 monasterio
1231 1853 1308 1888 prius
1326 1854 1468 1886 discessit,
1484 1863 1565 1889 quam
1587 1855 1734 1890 episcopus
1756 1864 1834 1883 crea-

1042 1903 1119 1925 retur
1132 1899 1170 1932 ";
1185 1906 1341 1934 quanquam
1353 1907 1405 1926 nec
1414 1903 1472 1926 tum
1486 1900 1632 1928 asceticam
1644 1901 1729 1927 vitam
1740 1901 1833 1928 vivere

1042 1942 1134 1970 desiit.

1076 1987 1122 2015 1X.
1135 1988 1325 2023 Disputantem
1339 1989 1522 2016 formidabant
1535 1989 1666 2022 haeretici,
1677 1990 1724 2025 qui
1736 1990 1832 2018 Antio-

1042 2032 1111 2059 Chiae
1135 2036 1201 2060 tunc
1225 2033 1358 2067 temporis
1372 2033 1554 2061 versabantur
1576 2033 1681 2066 Ariani,
1708 2034 1833 2062 Macedo-

1042 2078 1127 2111 niani,
1143 2078 1190 2106 sed
1207 2079 1407 2114 Apollinaristae
1434 2087 1490 2115 prae
1512 2079 1584 2112 aliis,
1601 2084 1745 2114 propterea
1759 2082 1832 2116 quod

1041 2131 1090 2151 eos
1105 2128 1181 2151 tanto
1188 2124 1379 2152 vehementius
1387 2125 1583 2160 expugnandos
1591 2125 1714 2160 putabat,
1727 2130 1832 2160 quanto

1041 2169 1076 2196 ab
1095 2169 1161 2203 ipsis
1175 2169 1264 2204 majus
1289 2169 1352 2197 ﬁdei
1370 2169 1523 2204 periculum
1548 2169 1671 2197 timebat.
1691 2170 1751 2197 Non
1773 2174 1833 2198 erat

1007 2223 1028 2251 ι)
1043 2215 1204 2250 imprudens
1215 2215 1297 2242 timor
1314 2224 1320 2241 :
1335 2215 1470 2250 siquidem
1483 2223 1535 2242 nec
1550 2216 1629 2250 pauci
1650 2215 1833 2243 numeraban-

1043 2263 1098 2292 tur,
1112 2267 1164 2288 nec
1174 2267 1189 2288 e
1198 2260 1278 2295 plebe
1293 2260 1362 2292 sola,
1373 2260 1420 2288 sed
1438 2261 1530 2295 plures
1543 2269 1577 2288 ex
1590 2261 1769 2296 primoribus,
1785 2261 1831 2296 qui

1043 2311 1106 2332 cum
1126 2304 1225 2339 opibus
1244 2304 1395 2339 pollerent,
1414 2308 1442 2331 et
1459 2305 1531 2341 vulgi
1551 2306 1646 2333 oculos
1664 2305 1755 2340 specie
1772 2305 1831 2339 pie-

1044 2349 1108 2378 tatis
1128 2357 1161 2377 ac
1180 2349 1313 2378 doctrinae
1325 2350 1553 2386 perstringerent,
1574 2351 1690 2378 occultis
1709 2350 1832 2385 quidem,

1044 2395 1093 2422 sed
1114 2395 1270 2423 numerosis
1292 2395 1460 2423 coitionibus
1488 2395 1632 2422 tradebant
1655 2394 1772 2422 haeresin
1799 2395 1833 2422 de

1044 2441 1135 2469 Verbo
1165 2441 1273 2474 divino,
1294 2441 1368 2476 quod
1394 2441 1495 2468 mentis
1520 2441 1647 2468 humanae
1669 2440 1777 2467 vicibus
1805 2440 1833 2467 in

1044 2486 1156 2514 Christo
1177 2486 1345 2522 fungeretur.
1361 2487 1419 2519 Illa,
1431 2491 1461 2514 ut
1476 2486 1516 2519 fit,
1528 2487 1636 2514 novitas
1647 2486 1833 2520 accipiebatur

1044 2531 1154 2560 facilius
1181 2532 1215 2560 ab
1240 2533 1417 2565 hominibus,
1438 2540 1508 2568 quos
1528 2536 1556 2560 et
1581 2532 1741 2568 potentibus
1758 2539 1831 2566 spes,

1044 2581 1072 2604 et
1086 2578 1139 2613 piis
1150 2578 1256 2614 religio,
1271 2584 1299 2606 et
1311 2579 1398 2607 doctis
1416 2578 1561 2606 admiratio
1572 2578 1747 2606 conciliabat.
1764 2577 1832 2604 Alli-

1046 2622 1137 2649 cicbat
1150 2630 1259 2658 quoque
1279 2624 1400 2651 suaviter
1420 2623 1526 2652 animos
1538 2623 1619 2658 plena
1632 2622 1776 2650 luminosae
1786 2629 1833 2649 cu-

883 2711 1039 2740 SCHULZH
1057 2711 1171 2739 NOTAE.

237 2791 267 2829 "f
282 2791 542 2829 Vixdumpfptennis,
557 2796 615 2819 eaet.
630 2792 689 2829 Vid.
707 2793 789 2829 epist.
805 2793 848 2829 8].

210 2825 366 2862 νξιιηρςςσι,
391 2826 458 2862 Hist.
478 2826 526 2854 lib.
547 2834 574 2856 v.
593 2835 654 2862 cap.
677 2828 721 2856 55.

888 2794 909 2809 η
924 2794 1059 2821 Tueretnr.
1084 2794 1140 2821 Vid.
1161 2794 1274 2828 Nieeph.
1292 2793 1339 2820 lib.
1358 2801 1393 2825 Iv,
1413 2801 1472 2828 cap.
1489 2794 1532 2821 5t.
1573 2793 1752 2823 "Laudatur,
1770 2795 1830 2828 ert.

283 2827 366 2867 .lfccl:
391 2827 458 2867 Hist.
472 2827 526 2867 lib.
547 2834 578 2867 v._
593 2835 654 2862 cap.
677 2827 731 2867 55.
774 2828 794 2867 'f
810 2828 1127 2867 Sever¢,_caat._lbidem.
1166 2829 1187 2844 ¹¹⁵
1201 2827 1286 2862 Quam
1309 2830 1387 2864 epist.
1401 2827 1520 2862 Areruo
1543 2834 1665 2864 tempore
1694 2831 1721 2855 et
1751 2827 1829 2861 cujus

209 2860 343 2895 auspiciis
357 2860 408 2888 hoc
426 2861 527 2890 factum
547 2861 592 2895 sit,
615 2860 762 2898 exponitur
778 2863 848 2891 intra
869 2864 896 2892 in
920 2863 984 2891 diss.
997 2864 1023 2898 2,

1040 2872 1098 2899 cap.
1119 2864 1142 2890 l.
