1969 3052
175 147 209 178 9'.’
756 148 940 178 HISTORIA
959 149 1213 181 THEODORETI.
1760 158 1796 189 98

171 200 281 247 jusdam
294 200 435 228 charitatis
446 200 523 236 142
531 201 617 228 forma
629 202 962 237 quuendideChristo,et
979 207 999 234 Α
1045 204 1102 232 XII.
1128 207 1216 241 Atque
1230 207 1289 234 haec
1309 208 1360 235 fuit
1379 209 1461 237 facies
1476 210 1621 245 Cyresti'cze
1639 213 1795 247 prci'incim,

174 243 274 271 divina:
289 244 487 272 incarnationis
499 246 622 281 mysterii
641 246 797 281 explanatio
812 254 881 282 pene
894 247 962 274 sub~

170 290 242 324 jecta
261 291 398 318 sensibus.
418 291 609 319 Adhibebatur
629 292 703 319 enim
726 292 846 320 hominis
870 300 962 320 exem-

170 335 258 369 plum,
283 336 355 370 quod
382 336 434 363 sibi
458 336 574 371 quisque
589 336 677 369 daret,
695 338 773 372 quasi
789 338 908 365 Verbum
934 338 961 365 id

171 386 246 408 esset
262 381 288 407 in
303 380 423 413 Christo,
442 382 516 416 quod
541 382 566 409 in
585 382 665 410 nobis
685 383 808 410 animus:
822 391 856 410 ex
867 391 921 418 quo
934 388 962 411 et

172 425 230 460 ipsa
258 426 341 453 etiam
368 427 447 461 plebs
470 426 616 454 videbatur
638 428 691 455 sibi
722 429 874 464 intelligere
902 433 960 456 stu-

170 470 291 504 pendum
305 472 477 507 mysterium,
492 480 547 507 quo
564 473 673 500 Verbum
692 482 754 500 caro
770 474 869 508 fartim:
887 479 958 500 est".

207 516 271 543 Erat
298 525 380 551 porro
400 517 606 552 Apollinarium
630 519 742 546 hzeresis
760 519 869 547 Arianae
894 527 959 554 pro-

170 568 250 596 pago,
264 569 319 589 non
342 564 414 597 quod
432 564 551 590 Verbum
574 564 648 591 Patri
674 569 785 600 negaret
809 565 959 600 ὁμοοΰσιον,

169 607 218 633 sed
230 607 303 641 quod
320 608 410 642 ipsum
426 613 563 636 assereret
579 609 605 635 in
617 609 727 637 Christo
741 610 825 637 fuisse
840 618 889 645 pro
901 610 961 637 ani-

169 659 224 683 ma,
243 660 297 678 non
314 660 346 679 ea
363 653 473 687 quidem
489 662 550 687 quae
566 654 659 686 sentit,
679 658 709 680 ut
725 654 833 682 Arianis
847 654 960 682 videba-

169 701 225 728 tur,
243 697 290 724 sed
314 705 375 732 qum
392 698 529 733 intelligit,
548 703 576 724 et
593 707 670 726 mens
688 699 797 726 dicitur.
816 700 889 726 Nihil
909 700 960 727 hac

168 743 299 777 opinione
321 743 347 770 in
370 744 491 778 speciem
512 744 682 778 probabilius
707 745 842 779 imperitae
867 745 958 779 plebi,

168 787 239 814 nihii
249 789 432 823 opportunius
447 789 479 815 ad
494 789 697 824 exponendum,
718 789 791 824 quod
806 790 894 817 credit
907 791 956 817 Ec-

168 833 253 860 clesia
275 833 309 860 de
329 841 384 860 una
409 833 526 860 duarum
555 838 717 861 naturarum
746 834 902 870 hypostasi,
925 835 959 862 de

167 879 251 906 Maria
269 880 395 915 Dcipara,
412 885 439 907 et
451 881 484 907 de
501 881 557 907 Deo
574 881 599 908 in
611 888 691 907 carne
713 888 801 915 passo.

202 925 325 952 Pervidit
350 925 538 960 intelligentiae
556 925 581 952 vi
600 925 790 953 Thcodoretus
813 926 958 953 imminens

166 969 231 996 inde
247 969 310 997 ﬁdei
322 969 487 1005 periculum,
504 970 578 1005 quod
596 975 626 997 ut
644 971 807 998 amoliretur
833 978 957 1006 magnam

166 1019 288 1042 mentem
305 1014 406 1042 acriter
420 1015 457 1042 ita
476 1015 620 1042 contendit
635 1015 688 1042 hoc
704 1015 732 1042 in
751 1016 900 1050 obiectum,
921 1016 958 1043 ita

165 1060 287 1087 versavit
303 1060 395 1088 animo
416 1065 508 1096 partes
523 1068 620 1088 omnes
643 1061 818 1096 argutiasque
835 1061 957 1094 haeresis,

165 1113 248 1140 quam
266 1106 383 1140 pessime
396 1106 503 1143 oderat,
521 1110 551 1133 ut
566 1106 594 1133 id
608 1114 705 1141 passus
715 1107 762 1138 sit,
777 1107 851 1141 quod
868 1107 958 1135 solent

165 1151 239 1178 oculi
254 1151 435 1178 vehementer
450 1151 542 1179 aﬁ‘ccti
556 1160 564 1178 :
584 1151 660 1179 visus
672 1155 715 1178 est
734 1159 832 1187 nempe
850 1152 902 1179 sibi
917 1152 958 1179 vi-

164 1196 231 1223 dere
247 1200 332 1223 totam
350 1196 439 1231 reipsa
450 1197 588 1229 haeresim,
605 1197 763 1233 ubicunque
783 1197 826 1225 vel
844 1197 958 1225 minima

163 1242 274 1277 species
284 1242 437 1278 umbraque
455 1247 623 1270 occurreret.

200 1289 234 1315 Χ.
256 1287 364 1315 Interea
388 1288 505 1324 contigit
523 1288 672 1324 Cyrensem
693 1289 845 1317 Ecclesiam
864 1290 956 1319 orbari

163 1337 289 1367 pastore.
314 1334 474 1362 Theodotus
490 1333 612 1362 Orientis
631 1336 746 1363 antistes
768 1336 957 1372 (successerat

163 1379 211 1406 ille
235 1379 406 1415 Alexandro)
427 1384 457 1407 ut
476 1380 566 1408 viduae
594 1381 772 1416 provideret,
792 1390 847 1410 non
870 1383 956 1410 alium

163 1424 370 1459 praeﬁciendum
388 1425 495 1460 putavit
509 1433 592 1461 quam
608 1426 832 1460 Theodoretum,
854 1427 956 1464 quippe

164 1476 251 1495 unum
272 1469 329 1496 fere
351 1477 445 1504 parem
468 1470 645 1505 proﬁigandis
659 1471 806 1504 hwreticis,
824 1472 871 1507 qui
891 1480 956 1508 pro-

163 1518 226 1548 pter
245 1514 343 1542 Isidori
365 1515 491 1549 praesulis
503 1519 583 1543 :etate
604 1516 696 1551 gravis
711 1517 857 1549 incuriam,
874 1517 955 1545 multi

164 1559 290 1594 variique
312 1560 462 1587 Ecclesiam
487 1561 559 1588 hanc
584 1561 685 1589 misere
708 1562 853 1590 vexabant.
873 1563 956 1591 Reiu-

164 1608 285 1632 ctantem
303 1605 396 1640 igitur,
415 1611 443 1633 et
460 1606 516 1641 apti
529 1606 563 1634 ad
581 1607 670 1634 studia
688 1607 736 1634 otii
754 1613 891 1636 amantem
907 1617 956 1637 or-

164 1648 251 1680 dinat,
269 1649 409 1684 mittitque
431 1650 544 1686 Cyrum,
563 1655 594 1678 ut
611 1659 706 1686 agrum
723 1653 877 1685 excoleret.
893 1661 957 1682 sen-

164 1694 250 1727 tibus,
263 1695 272 1705 '
286 1695 361 1730 quod
380 1696 438 1731 ipse
451 1696 499 1728 ait,
516 1697 636 1732 lolioque
650 1697 844 1726 fmdissimum.

198 1739 245 1766 XI.
270 1739 362 1767 Posita
385 1744 428 1767 est
453 1740 540 1776 Cyrus
564 1741 593 1769 in
608 1749 640 1769 ea
660 1746 737 1776 parte
755 1742 884 1778 Augustae
900 1743 956 1771 Eu-

164 1784 322 1820 phratesia,
342 1793 405 1820 quae
425 1787 515 1821 vergit
538 1787 572 1814 ad
595 1787 778 1820 occidentem,
798 1793 826 1816 et
841 1789 954 1824 propius

163 1828 272 1856 accedit
295 1829 329 1856 ad
347 1837 435 1857 mare.
456 1830 566 1857 Nomini
585 1830 659 1865 quod
681 1839 697 1858 a
717 1830 788 1866 Cyro
810 1830 954 1859 fundatore

163 1875 304 1910 accepisse
321 1874 420 1908 fertur,
439 1883 490 1903 nec
511 1875 659 1903 celebritas
682 1876 775 1908 urbis,
788 1883 839 1903 nec
858 1875 956 1911 ampli-

163 1920 231 1948 tudo
243 1920 400 1956 respondet.
414 1920 465 1954 Qui
484 1921 559 1948 enim
579 1926 684 1956 posset,
699 1921 870 1956 importuosa
888 1928 954 1949 cum

163 1965 202 1993 sit
223 1970 361 2000 caputque
378 1966 500 2001 regionis
516 1974 588 2002 qum,
609 1970 792 2002 praeterquam
813 1967 886 2002 quod
908 1967 954 1995 vix

165 2009 336 2045 longitudine
358 2011 518 2039 milliarium
540 2012 738 2047 quadraginta,
758 2020 810 2040 nec
833 2013 953 2048 plurium

164 2056 308 2083 latitudine
316 2061 399 2091 patet,
411 2057 494 2084 habet
506 2067 515 2083 ι
526 2063 633 2085 montes
646 2058 747 2086 multos
756 2062 784 2085 et
797 2066 909 2093 magnos
920 2059 952 2092 ",

164 2101 263 2135 partim
273 2102 362 2129 nudos
370 2103 493 2135 omnino,
502 2103 604 2138 partim
615 2103 763 2131 arboribus
776 2103 954 2131 inlructuosis

163 2147 302 2174 consitos?
311 2157 320 2173 ›
335 2147 577 2182 Complectebatur
587 2153 677 2177 tamen
691 2149 840 2184 Cyrestica,
851 2149 953 2176 mirum

164 2190 251 2224 dictu,
268 2192 344 2220 vicos
363 2193 536 2228 octingentos
551 2204 557 2221 :
572 2194 640 2222 adeo
655 2194 763 2222 miseris
776 2202 824 2222 sua
844 2202 953 2230 quoque
970 2209 991 2236 ι)

164 2238 254 2271 patria
267 2237 400 2273 diligitur.
420 2239 472 2267 Tot
497 2244 572 2267 certe
587 2240 774 2268 Ecclesiarum
797 2240 954 2268 Theodore-

163 2286 208 2309 ως
235 2283 400 2318 pastoralem
423 2291 518 2311 curam
544 2284 598 2312 sibi
615 2285 762 2313 obvenisse
782 2285 868 2312 Leoni
896 2285 952 2312 Ma-

163 2335 217 2363 gno
228 2328 324 2356 scribit
339 2330 372 2357 ¹⁷.
392 2330 459 2365 Syra
480 2330 539 2358 fere
557 2330 651 2366 lingua
670 2331 819 2358 utebantur
838 2339 951 2364 omnes;

163 2373 243 2407 pauci
260 2375 302 2401 vel
322 2375 350 2402 in
363 2375 433 2403 urbe
448 2375 556 2403 Graecas
581 2375 695 2411 delicias
714 2380 858 2403 noverant.
873 2376 953 2404 Vicos

163 2418 257 2452 plures
273 2420 444 2455 occupabant
466 2421 543 2456 15.3
559 2421 680 2448 haeretici
698 2421 858 2456 multiplicis
871 2428 954 2456 gene-

163 2463 217 2495 ris,
242 2464 289 2491 sed
309 2465 479 2493 Marcionita
501 2466 648 2493 maximam
671 2471 787 2501 partem.
817 2466 850 2493 Hi
875 2473 954 2493 suam

164 2508 342 2542 impietatem,
360 2517 415 2544 qua
425 2515 580 2545 serpentem
594 2519 700 2538 aeneum
717 2511 854 2543 colebant,
866 2511 953 2538 deviis

163 2553 298 2581 montium
307 2554 420 2581 latebris
436 2555 576 2590 tegebant,
587 2556 646 2583 solo
659 2555 808 2584 Christiani
824 2556 947 2587 nomine,

164 2603 262 2626 caetera
281 2600 387 2628 similes
405 2601 560 2636 gentilibus.
583 2602 639 2629 Hos
663 2602 785 2638 regionis
807 2602 948 2636 asperitas,

165 2649 303 2679 pastorum
313 2647 489 2683 negligentia,
503 2652 643 2683 etegestas
655 2655 703 2676 sua
717 2648 870 2675 inaccessos
882 2647 948 2674 hac-

163 2694 244 2719 tenus
256 2692 368 2719 fecerat.

198 2743 212 2757 ο
225 2737 304 2765 Joan.
320 2746 340 2771 ι,
362 2738 394 2765 M

1013 258 1075 277 cum
1098 251 1287 280 Thcodoretus
1309 254 1419 282 advenit
1438 264 1444 281 :
1463 264 1618 291 quanquam
1638 258 1795 286 venientem

1012 296 1162 329 solabatur,
1176 298 1248 332 quod
1264 307 1295 326 ea
1314 303 1475 335 tempestate
1495 302 1522 328 in
1537 302 1654 330 desertis
1673 302 1796 332 Orientis

1011 340 1080 368 locis
1098 341 1228 376 frequens
1240 348 1313 371 esset
1332 345 1560 373 anachoretarum
1583 347 1662 381 plane
1677 348 1796 376 admira—

1011 386 1107 413 bilium
1121 395 1175 414 non
1200 389 1346 416 mediocris
1364 391 1521 418 multitudo.
1537 392 1684 428 Cyrensem
1708 394 1797 429 regio-

1011 440 1074 459 nem
1091 433 1284 467 nohilitabant,
1303 439 1333 462 ut
1358 443 1451 464 narrat
1467 437 1524 472 ipse
1543 438 1576 471 ¹⁸,
1600 439 1692 471 Maris,
1717 440 1797 468 Jaco-

1009 479 1078 511 bus,
1115 480 1277 515 Lymnalus,
1314 481 1448 515 Joannes,
1477 483 1597 519 Moyses,
1624 485 1794 518 Antiochus,

1009 525 1165 558 Antonius,
1204 527 1421 562 Polychronius,
1447 529 1609 562 Damianus,
1635 531 1794 566 Asclepius,

1009 574 1037 597 et
1069 570 1114 597 alii
1140 571 1232 605 plures
1257 573 1462 600 exercitationis
1494 574 1628 609 religiosae
1657 583 1711 602 non
1739 579 1794 602 tam

1009 617 1143 652 exempla,
1160 626 1241 652 quam
1258 622 1394 652 portenta.

1044 661 1099 689 Hos
1117 664 1246 690 mortales
1262 665 1372 699 angelos
1387 664 1522 692 inviscbat
1541 672 1624 700 saepe,
1647 670 1674 692 et
1690 665 1729 693 illi
1749 674 1795 693 ve-

1009 707 1130 735 nientem
1143 709 1317 743 excipiebant
1331 710 1475 745 praesulem
1495 710 1651 738 incredibili
1669 719 1795 738 reveren-

1009 753 1046 780 tia
1059 758 1200 781 ctamore.
1220 754 1261 781 Ab
1283 763 1315 782 eo
1337 763 1433 790 magna
1447 763 1508 782 cum
1527 755 1625 783 ﬁducia
1648 756 1793 791 petebant,

1009 806 1070 833 qua:
1093 799 1149 826 suis
1166 799 1297 833 precibus
1319 800 1361 826 vel
1387 805 1522 832 emerent,
1541 800 1581 828 vel
1601 801 1794 835 rependerent,

1011 844 1164 879 spiritualia
1184 845 1260 879 plura
1274 845 1416 872 beneﬁcia.
1431 845 1492 872 Haec
1510 846 1581 873 inter
1592 846 1696 873 eminet
1713 846 1795 873 Maris

1010 890 1172 924 postulatio,
1195 898 1275 924 quam
1293 894 1404 926 propter
1419 891 1482 918 facti
1500 891 1673 918 insolentiam
1692 891 1795 918 referre

1005 935 1100 969 juvat,
1122 939 1149 962 et
1166 936 1276 970 quidem
1296 937 1363 971 ipsis
1387 936 1552 964 Theodoreti
1571 937 1662 964 verbis
1680 945 1687 963 :
1712 946 1721 962 ι
1738 936 1794 964 Νο-

1008 983 1118 1016 naginta
1141 986 1221 1009 natus
1247 990 1334 1010 annos
1358 982 1476 1010 cilicinis
1502 983 1626 1011 vestibus
1647 982 1793 1014 utebatur,

1007 1033 1078 1060 pane
1093 1033 1124 1053 ac
1141 1027 1196 1054 sale
1221 1027 1329 1054 modico
1343 1027 1426 1054 vitam
1439 1031 1607 1054 sustentans.
1621 1027 1688 1054 Cum
1702 1031 1794 1054 autem

1007 1071 1161 1105 spiritualis
1180 1071 1344 1106 mysticique
1366 1071 1494 1099 sacriﬁcii
1520 1071 1632 1098 videndi
1656 1070 1795 1098 desiderio

1007 1115 1138 1143 diuturno
1160 1121 1311 1150 teneretur,
1337 1121 1480 1153 rogaverat
1497 1122 1527 1145 ut
1547 1117 1604 1144 illic
1627 1116 1712 1143 divini
1728 1116 1794 1143 doni

1007 1160 1085 1189 ﬁeret
1108 1162 1221 1189 oblatio.
1247 1163 1303 1198 Ego
1326 1171 1392 1190 vero
1408 1163 1526 1190 libenter
1549 1154 1749 1196 obtemperavi,
1765 1166 1794 1188 et

1007 1214 1085 1235 sacra
1105 1216 1169 1235 vasa
1188 1207 1282 1235 aﬂcrri
1304 1208 1395 1243 jussi:
1417 1215 1469 1235 nec
1491 1207 1564 1235 enim
1588 1207 1684 1242 procul
1698 1206 1794 1233 aberat

1006 1252 1101 1286 locus;
1128 1253 1362 1289 diaconorumque
1382 1254 1509 1281 manibus
1532 1258 1613 1280 utens
1632 1260 1682 1287 pro
1702 1251 1792 1283 altari,

1006 1299 1151 1334 mysticum
1172 1304 1200 1326 et
1221 1299 1345 1326 divinum
1372 1307 1403 1326 ac
1423 1299 1542 1326 salutare
1559 1297 1725 1325 sacriﬁcium
1742 1297 1791 1324 ob-

1007 1345 1067 1371 tuli.
1097 1345 1144 1372 Ille
1162 1349 1254 1372 autem
1274 1344 1411 1380 spirituali
1435 1344 1554 1372 refectus
1573 1344 1725 1379 voluptate,
1737 1350 1792 1371 cce-

1006 1390 1063 1418 Ium
1081 1391 1170 1426 ipsum
1181 1392 1276 1418 videre
1288 1399 1317 1418 se
1329 1390 1514 1418 existimabat.
1533 1399 1542 1416 ι

1043 1436 1111 1464 XIII.
1129 1436 1170 1464 Ad
1184 1437 1334 1464 Ecclesiam
1345 1444 1378 1464 eo
1396 1436 1423 1463 in
1443 1440 1514 1463 statu
1535 1435 1652 1471 positam
1665 1434 1792 1462 Theodo-

1006 1487 1083 1509 retus
1099 1482 1215 1510 accessit
1231 1490 1304 1510 anno
1323 1481 1425 1509 Christi
1439 1480 1708 1516 quadringentesimo
1720 1480 1793 1507 vice-

1006 1527 1091 1560 simo;
1115 1535 1170 1562 quo
1192 1530 1316 1563 tempore
1337 1527 1488 1554 Romanam
1516 1526 1667 1553 Ecclesium
1684 1525 1792 1552 Bonifa-

1005 1571 1065 1598 cius
1090 1571 1217 1606 rcgebat;
1242 1571 1454 1598 Alexandrinam
1484 1569 1617 1605 Cyrillus;
1643 1569 1791 1596 Antioche-

1004 1623 1068 1643 nam
1089 1615 1259 1648 Theodotus,
1278 1615 1442 1642 Theodoreti
1457 1614 1615 1647 ordinator;
1634 1613 1790 1641 Constanti-

1004 1662 1190 1697 nopolitanam
1206 1661 1323 1694 Atticus,
1337 1661 1381 1688 cui
1394 1660 1531 1688 Sisinnius
1542 1659 1683 1692 successit,
1694 1660 1791 1687 Nesto-

1005 1708 1038 1734 rii
1058 1716 1223 1742 praecessor;
1251 1707 1527 1743 Ilierosolymitanam
1553 1706 1689 1740 Praylius,
1707 1705 1790 1733 Joan-

1004 1753 1049 1780 nis
1069 1761 1222 1780 successor.
1248 1752 1394 1788 Nunquam
1416 1752 1473 1779 fere
1495 1756 1536 1779 tot
1559 1751 1640 1779 simul
1666 1750 1789 1778 illustres

1004 1798 1140 1826 antistites
1171 1798 1296 1826 maximis
1320 1798 1432 1826 sedibus
1461 1797 1638 1833 praefuerunt.
1669 1795 1788 1831 Cyrillus

1004 1849 1089 1876 certe,
1105 1849 1136 1870 ut
1156 1843 1190 1871 de
1206 1844 1296 1871 tribus
1307 1844 1368 1871 aliis
1382 1843 1477 1870 sileam
1495 1842 1522 1869 in
1535 1841 1656 1870 Ecclesia
1667 1841 1788 1869 celeber-

1004 1889 1091 1921 rimis,
1109 1889 1193 1916 totius
1203 1889 1344 1916 orientalis
1359 1889 1468 1924 imperii
1481 1888 1656 1916 doctissimus
1672 1895 1703 1915 ea
1717 1891 1786 1914 tem-

1004 1939 1110 1970 pestate
1136 1935 1275 1967 audiebat,
1301 1943 1411 1970 suaeque
1434 1934 1506 1962 sedis
1520 1953 1527 1967 ,
1554 1940 1637 1968 quam
1660 1936 1786 1960 octavum

1001 1982 1057 2017 jam
1071 1989 1172 2008 annum
1188 1981 1308 2012 tenebat,
1328 1980 1489 2016 dignitatem
1504 1987 1535 2007 ac
1549 1979 1700 2015 primatum
1717 1978 1788 2006 fama

1004 2026 1117 2061 propria
1130 2029 1158 2065 et
1172 2025 1278 2053 meritis
1290 2025 1472 2053 sustentabat.

1276 2090 1356 2127 ιω
1371 2090 1446 2118 CAP.
1469 2090 1515 2118 ιιι.

1004 2146 1024 2172 I.
1044 2145 1108 2172 Vita'
1136 2145 1463 2184 fo_r_r_na_in‘episcopqtu.
1490 2144 1522 2184 II:
1544 2144 1585 2184 A_n
1599 2145 1788 2184 ἱηειὶτιιδιοζςξ-

1039 2179 1140 2207 ηαιιιςξ
1158 2180 1203 2207 III.
1225 2179 1323 2215 Implet
1351 2179 1567 2215 ofﬁciarperfecti
1596 2179 1785 2215 episcopi._IV.

1040 2215 1147 2242 Eximia
1162 2213 1421 2250 ejusiter‘nperan'tia.
1434 2213 1466 2241 νζ
1488 2213 1627 2250 Oppugnat
1643 2213 1785 2245 hereticos,

1060 2248 1187 2277 rmertim
1203 2248 1494 2283 Marcibnitas,ingenti
1510 2248 1599 2283 labore
1614 2251 1639 2283 et
1650 2253 1785 2282 proventu.

1065 2285 1086 2311 I.
1110 2285 1260 2318 Adjuvatur
1278 2281 1433 2311 sanctorum
1450 2291 1499 2318 ope
1521 2282 1592 2318 apud
1621 2281 1714 2318 neunt.
1729 2282 1785 2310 VII.

1040 2316 1178 2346 Residui-di
1189 2319 1314 2346 studium.
1334 2318 1401 2346 VIII.
1416 2316 1503 2345 Etiam
1516 2316 1672 2353 temporalia
1687 2316 1786 2352 Cyren-

1036 2354 1108 2381 sibus
1123 2354 1250 2388 providet.
1272 2354 1317 2380 IX.
1334 2353 1391 2380 lmo
1413 2357 1436 2379 et
1454 2352 1578 2379 externis.
1595 2352 1628 2379 Χ.
1644 2352 1716 2379 Viros
1733 2360 1789 2378 επι-

1042 2389 1106 2416 mios
1121 2387 1192 2415 anu
1206 2392 1356 2423 prosecutus
1382 2392 1430 2417 est,
1455 2387 1500 2414 sed
1526 2387 1672 2423 prorutum
1696 2394 1787 2423 iuono—

1040 2424 1109 2450 chos.
1135 2422 1181 2449 XI.
1206 2420 1311 2450 'Amicos
1338 2422 1501 2448 consolatur.
1526 2420 1582 2448 XII.
1605 2420 1671 2448 Cum
1696 2421 1787 2447 vicini:

1036 2458 1162 2493 episcopis
1174 2465 1264 2492 pacem
1273 2461 1370 2484 servat.
1385 2456 1630 2485 XIII.Concionibus
1643 2459 1668 2482 et
1683 2455 1787 2490 scriptis

1038 2493 1171 2520 hwreticos
1191 2493 1346 2528 insequitur.

1200 2545 1238 2570 Ab
1249 2552 1312 2570 anno
1322 2544 1410 2571 Christi
1422 2545 1464 2569 ιιι
1494 2544 1524 2569 ad
1533 2543 1587 2568 427.

1036 2599 1057 2626 I.
1071 2598 1159 2631 Quam
1174 2598 1235 2625 vitae
1254 2596 1370 2625 formam
1390 2596 1489 2631 praasul
1505 2596 1636 2628 tenuerit,
1649 2601 1786 2630 quamque

1003 2645 1059 2672 suis
1081 2644 1189 2672 clericis
1204 2644 1366 2672 servandam
1383 2643 1537 2671 tradiderit.
1561 2646 1654 2670 narrat
1672 2642 1698 2668 in
1713 2641 1786 2668 litte-

1003 2691 1041 2718 ris
1057 2690 1091 2718 ad
1108 2691 1236 2718 Nonum.
1258 2699 1267 2716 ι
1288 2689 1356 2718 Cum
1368 2689 1480 2722 invitus,
1496 2688 1585 2724 inquit
1599 2689 1631 2721 ",
1644 2687 1786 2715 ordinatus

839 2772 993 2800 SCIIULZII
1013 2771 1125 2799 NOTIE.

198 2830 220 2846 ¹⁸
235 2830 344 2866 Montes,
365 2835 424 2858 emt.
452 2831 514 2858 Vid.
530 2831 612 2866 epist.
629 2831 672 2859 ΔΞ.
713 2832 733 2848 ¹⁷
749 2830 806 2859 Scr.
823 2830 881 2859 Vid.
895 2830 974 2866 epist.
988 2829 1048 2857 H3.

162 2865 230 2902 ιμίι.
246 2865 307 2893 via.
330 2866 410 2902 epist.
438 2865 481 2894 ει.

1094 2830 1114 2845 ιε
1129 2828 1199 2864 Ipse.
1218 2828 1278 2857 Vid.
1296 2827 1421 2861 Philoth.,
1436 2833 1496 2861 cap.
1512 2826 1547 2854 20
1558 2831 1587 2854 et
1607 2833 1662 2860 seq.
1702 2825 1723 2840 "
1738 2822 1786 2850 1η-
