1969 3052
222 144 255 174 99
777 141 966 172 GARNERII
985 140 1234 171 DISSERTATIO
1254 141 1278 171 ῐ.

1796 139 1847 172 100

223 205 322 229 essem,
338 205 424 224 annos
438 197 533 231 viginti
546 197 666 230 quinque
686 196 722 222 ita
744 195 809 228 vixi,
823 200 854 222 ut
878 203 967 230 neque
982 194 1010 221 in
1026 199 1046 225 Α
1061 195 1194 230 episcopi,
1222 202 1304 230 quam
1335 193 1481 228 Apostolus
1511 192 1655 220 Timotheo
1677 193 1690 213 δ
1714 197 1743 220 et
1757 193 1819 221 Tito
1834 199 1845 214 ι
1884 222 1890 227 _

224 243 266 278 ius
282 246 394 269 vocatus
408 241 458 269 sim
472 250 487 268 a
499 248 648 279 quoquam,
663 248 752 275 neque
771 240 827 275 ipse
844 248 1009 276 quemquam

223 287 386 314 accusarim.
417 281 519 313 Nullus
541 285 807 319 religiosissimorum
834 286 1008 317 clericorum,

223 332 271 367 qui
289 332 339 358 sub
355 339 397 358 me
413 331 533 363 fuerunt,
557 331 705 358 tribunalia
727 335 766 357 tot
787 331 866 357 antiis
882 331 1011 365 frequen-

225 377 302 404 tavit.
319 377 378 403 Non
394 376 517 407 obolum,
532 384 586 402 non
599 381 703 403 vestem
719 384 733 402 a
748 384 885 410 quoquam
898 376 1008 411 accepi;

224 430 322 457 panem
342 429 427 448 unum
444 422 486 448 vel
500 430 581 448 ovum
600 422 693 448 nullus
707 421 921 449 domesticorum
934 430 1010 448 meo-

224 476 285 495 rum
301 468 408 503 accepit
435 476 555 502 unquam
573 477 579 494 :
596 472 695 502 prteter
721 469 891 502 panniculos.
910 468 1011 502 quibus

224 515 341 541 amictus
355 522 426 547 sum,
440 515 508 540 nihil
525 515 598 540 volui
616 514 768 549 possidere.
788 524 797 540 ι

258 560 291 586 ll.
304 559 382 592 Quod
400 568 428 586 se
445 560 561 586 invitum
580 560 737 586 ordinatum
756 567 816 586 esse
830 559 935 591 scribit,
952 567 1012 587 cre-

224 606 342 632 diderim
356 614 406 640 ego
420 606 532 640 quidem
541 605 629 636 facile,
646 609 758 640 propter
770 606 818 632 viri
830 605 1009 632 modestiam:

227 651 275 678 sed
292 651 459 685 suspicacior
472 651 541 677 alter
555 650 648 677 forsan
665 651 729 677 inde
746 651 919 677 occasionem
939 650 1011 677 arri-

227 696 317 730 puerit
342 696 482 730 quatrcndi
510 696 576 730 quid
600 696 634 722 sit
660 696 726 722 illud
753 696 863 722 tandem
885 695 958 729 quod
983 695 1011 722 in

227 741 385 776 episcopatu
398 741 511 776 Cyrensi
521 741 870 775 'l‘heodoretusrefugerit?
885 741 924 767 An
938 740 1010 775 quod

225 787 371 821 episcopus
394 786 484 813 foret?
510 787 550 814 An
574 787 646 821 quod
673 786 819 821 Cyrcnsis?
842 786 1010 812 Dubitationi

225 833 297 860 favet
311 853 317 863 ,
342 833 415 867 quod
433 833 582 860 identidem
604 832 737 867 glorietur
755 841 784 859 se
804 832 916 866 majoris
938 832 1012 859 sedis

225 878 376 912 cupiditate
393 886 446 905 non
465 879 562 905 ardere
582 887 588 904 :
606 878 631 904 id
648 878 721 904 enim
741 878 911 912 gloriationis
925 885 1011 911 genus

225 925 300 952 credi
320 926 389 952 solet
405 926 516 952 latentis
536 926 595 953 vitii
612 930 659 952 aut
680 925 802 952 studiosa
817 924 1010 956 dissimulatio,

225 975 273 998 aut
298 975 393 1006 aperta
410 971 493 998 etiam
519 971 656 998 confessio
675 979 680 996 :
705 978 767 997 nam
785 974 815 996 ut
833 977 924 996 mores
948 974 1012 995 sunt

225 1016 381 1048 hominum,
400 1018 407 1026 '
426 1021 508 1051 prout
524 1016 640 1051 quisque
662 1017 765 1050 majore
784 1015 967 1042 mendacitate
985 1019 1012 1041 et

224 1061 376 1088 ambitione
397 1061 514 1094 laborat,
538 1069 599 1088 cum
618 1061 729 1088 minimc
752 1061 874 1087 omnium
901 1060 1009 1092 debeat,

225 1106 262 1133 ita
287 1114 315 1133 se
340 1108 428 1142 jactat
455 1107 640 1141 importunius
667 1106 791 1133 veritatis
819 1111 956 1132 amantem
984 1109 1012 1132 et

224 1156 440 1186 contemptorem
453 1152 553 1186 gloriae.
571 1151 642 1184 Quin
654 1151 736 1178 etiam
755 1150 930 1185 interpretari
947 1158 1010 1185 pos-

224 1201 267 1223 set
284 1197 385 1231 aliquis
403 1197 559 1231 sequiorem
576 1198 602 1223 in
628 1201 750 1231 portent,
782 1196 855 1230 quod
883 1196 1011 1224 docuisse

223 1249 253 1269 se
268 1247 360 1268 narrat
381 1241 535 1269 Antiochia:
553 1249 599 1268 sex
617 1249 704 1267 annos
720 1241 770 1268 sub
789 1241 941 1273 'l‘heodolo,
960 1237 1011 1267 Sub

224 1285 330 1314 Joanne
348 1286 492 1317 tredecim,
508 1289 613 1319 septem
625 1285 676 1311 sub
689 1285 803 1311 Domno.
827 1285 924 1311 Annon
937 1285 1010 1312 enim

224 1331 287 1358 inde
303 1335 395 1365 posset
407 1338 456 1357 sua
469 1330 641 1357 confessione
664 1329 752 1356 teneri
776 1337 849 1361 reus,
868 1335 914 1356 aut
933 1338 1010 1357 men-

224 1375 394 1406 daciunculi,
418 1374 491 1408 quod
505 1374 549 1400 vix
564 1373 732 1407 putandum;
757 1378 804 1400 aut
826 1374 1009 1407 ambitiosius,

224 1427 306 1455 quam
326 1420 485 1454 episcopum
503 1427 559 1446 sua:
581 1419 654 1446 sedis
676 1419 828 1446 studiosum
844 1419 949 1452 deceat,
965 1429 1012 1448 ex-

223 1465 315 1500 petiue
334 1464 570 1491 Antiochenorum
587 1464 753 1492 aurlicntim?
766 1464 795 1491 ld
819 1473 884 1492 vero
901 1470 1009 1500 postre-

1060 241 1224 276 przescribit,
1244 240 1318 267 omni
1334 240 1446 274 quidem
1459 247 1493 266 ex
1509 244 1586 274 parte
1603 239 1782 273 expressisse,
1798 239 1848 267 sed

1060 294 1091 313 ea
1101 294 1157 320 pra:
1168 285 1286 317 caateris,
1297 293 1350 319 qua
1363 283 1494 311 Ecclesia:
1502 284 1646 318 praesulem
1660 287 1733 311 \etat
1745 284 1848 312 Paulus

1059 339 1120 358 esse
1133 331 1293 366 litigiosum,
1313 331 1456 364 turpisque
1469 330 1538 357 lucri
1555 330 1696 364 cupidum,
1713 334 1740 356 et
1754 337 1848 356 aman-

1061 381 1114 403 tem
1127 377 1260 411 pecum'at,
1285 377 1334 403 sed
1350 376 1485 407 sobrium,
1503 375 1633 410 pudicum
1650 379 1678 402 et
1693 375 1846 406 doctorem,

1060 421 1204 449 veritatem
1234 421 1333 448 docere
1356 421 1474 457 populos
1497 420 1549 447 sibi
1573 420 1704 452 creditos,
1730 420 1848 454 benigno

1060 468 1212 495 errantium
1235 467 1380 500 misereri,
1405 474 1467 494 cum
1498 466 1629 493 omnibus
1656 473 1752 501 pacem
1787 473 1848 492 ser-

1061 521 1135 541 vare.

1095 559 1140 586 ιν.
1160 558 1298 592 Quantum
1322 558 1501 585 abhorruerit
1516 557 1652 589 alitibus,
1678 556 1804 591 lucrique
1819 561 1849 583 et

1061 613 1145 640 opum
1160 605 1321 640 cupiditate,
1347 605 1403 639 jam
1421 609 1562 631 ostensum
1583 607 1640 635 est;
1666 611 1720 637 qua
1744 602 1850 630 sobrie-

1062 655 1116 678 tate
1131 651 1240 683 vixerit,
1267 658 1376 685 quaque
1395 650 1532 682 castitate,
1547 657 1607 684 qua:
1623 648 1782 676 sobrietatis
1800 655 1848 675 co-

1062 705 1130 729 mes,
1146 697 1198 724 etsi
1211 701 1304 731 aperte
1320 696 1412 723 dicere
1426 695 1538 731 fugerit,
1561 702 1595 722 eo
1613 698 1703 722 tamen
1719 694 1786 721 satis
1804 694 1849 720 ἰη-

1061 744 1124 771 nuit
1152 744 1237 778 quod,
1253 751 1315 770 cum
1338 742 1502 770 Abraamem
1518 741 1682 775 scripsisset,
1704 744 1847 774 postquam

1061 795 1096 818 ex
1107 790 1274 816 anachoreta
1284 789 1374 816 factus
1385 792 1428 815 est
1438 787 1581 815 Carrensis
1596 786 1725 814 Ecclesiae
1737 785 1847 820 praesul,

1062 835 1131 862 nihil
1161 835 1194 862 de
1224 834 1315 869 rigore
1347 834 1473 861 ascetica:
1501 833 1654 867 disciplina:
1684 831 1847 858 remisisse:

1066 890 1075 906 ‹
1093 881 1160 915 Ego,
1186 880 1275 914 inquit
1297 880 1331 911 “,
1349 879 1376 905 id
1393 879 1556 910 admiratus,
1581 878 1655 912 quod
1670 882 1774 905 mutato
1789 877 1850 904 vita:

1062 927 1189 954 instituto
1203 926 1288 952 vitam
1300 933 1354 952 una
1370 932 1425 951 non
1446 925 1570 956 mutarit,
1585 931 1674 958 neque
1695 923 1849 950 molliorem

1061 973 1151 1000 victus
1162 972 1296 999 rationem
1311 972 1339 998 in
1351 971 1511 1006 episcopatu
1523 975 1636 998 secutus
1648 969 1693 1001 sit,
1707 969 1756 996 sed
1770 976 1848 996 asce-

1063 1021 1132 1047 ticos
1159 1019 1267 1046 labores
1296 1018 1464 1054 adjunxerit,
1492 1017 1520 1044 in
1546 1016 1743 1044 monachorum
1771 1015 1848 1042 illum

1062 1065 1176 1093 historia
1193 1064 1331 1096 recensui,
1354 1063 1433 1091 etab
1453 1062 1562 1095 ordine,
1589 1069 1671 1096 quem
1696 1061 1847 1092 adamarat,

1061 1119 1117 1138 non
1134 1110 1257 1146 sejunxi,
1279 1113 1308 1136 ut
1330 1109 1378 1144 qui
1399 1109 1470 1136 hanc
1494 1115 1604 1143 quoque
1628 1106 1847 1134 benedictionem

1061 1161 1198 1190 expetam.
1216 1165 1225 1181 ι
1241 1155 1348 1188 Quibus
1364 1154 1455 1182 verbis
1472 1153 1638 1181 imitatorem
1655 1160 1684 1180 se
1705 1151 1848 1179 Abraamis

1061 1202 1193 1237 prodidit.

1097 1249 1131 1275 Et
1153 1256 1220 1274 vero
1240 1255 1302 1274 eum
1325 1247 1473 1282 aliquando
1487 1246 1608 1274 venisset
1630 1245 1664 1272 ad
1687 1248 1847 1273 sanctorum

1061 1298 1214 1321 aseetarum
1234 1297 1345 1325 emtum,
1363 1293 1432 1320 nihil
1449 1293 1499 1327 ipsi
1512 1292 1667 1327 appositum
1688 1295 1739 1322 est,
1754 1298 1846 1325 quam,

1061 1348 1116 1375 quo
1129 1340 1168 1367 uti
1194 1340 1306 1367 solitum
1320 1341 1433 1371 scirent,
1446 1340 1505 1367 lens
1526 1346 1626 1373 nempe
1642 1337 1794 1365 madefacta
1812 1336 1847 1364 ad

1060 1387 1194 1418 edulium,
1219 1391 1247 1414 ct
1271 1394 1340 1420 aqua
1356 1385 1390 1412 ad
1410 1390 1517 1420 potum.
1536 1384 1613 1412 Adde
1632 1383 1704 1418 quod
1718 1386 1847 1417 paternas

1061 1442 1128 1469 opes
1139 1441 1204 1460 sane
1215 1432 1397 1466 amplissimas
1410 1430 1580 1466 pauperibus
1591 1429 1704 1464 largitus
1718 1428 1763 1460 sit,
1773 1427 1846 1462 quod

1061 1479 1214 1515 panniculis
1229 1478 1315 1513 magis
1328 1485 1410 1512 quam
1426 1476 1551 1504 vestibus
1574 1475 1732 1502 amiciretur
1742 1494 1749 1506 ,
1773 1473 1846 1508 quod

225 1517 299 1536 mum
322 1509 581 1560 qredibiliusnsive
607 1508 633 1535 id
657 1509 754 1560 fecerit
781 1511 877 1545 patriae
906 1511 1008 1543 studio,
1023 1531 1044 1560 α
1061 1508 1090 1552 in
1105 1525 1206 1552 sanctis
1219 1508 1427 1558 desgicie'miam
1444 1530 1537 1549 rerum
1553 1521 1587 1548 ad
1603 1528 1702 1556 corpus
1723 1524 1847 1554 ερροωη-

224 1563 306 1589 quam
328 1554 487 1589 frequenter
508 1554 640 1581 inviseret
655 1555 774 1582 duorum
792 1556 924 1582 duntaxat
948 1556 1008 1584 die-

223 1607 285 1626 rum
301 1599 400 1626 itinere
416 1600 562 1626 distantem
583 1599 654 1634 Cyro
669 1609 675 1626 :
690 1600 747 1627 sive
763 1600 912 1627 Ecelesiam
931 1609 1008 1629 suam

223 1652 278 1672 non
303 1644 501 1672 nobilissimam
521 1643 666 1676 fastidiret,
684 1644 711 1671 in
731 1653 784 1680 qua
798 1646 892 1680 paucis
908 1646 1009 1674 Graacw:

223 1691 328 1718 delicia:
349 1694 493 1725 saperent;
520 1689 578 1716 sive
602 1690 711 1717 tandem
731 1691 842 1726 plausus
857 1692 1008 1719 alienarum

223 1736 334 1762 urbium
347 1740 465 1770 optaret.
476 1734 543 1761 Nam
554 1734 616 1768 quis
627 1740 759 1769 praestans
769 1740 861 1762 orator
872 1744 925 1762 non
937 1741 1009 1764 amet

223 1781 339 1808 famam?
365 1785 411 1807 aut
434 1788 494 1814 qum
516 1780 692 1811 existimatio.
710 1780 732 1807 si
751 1781 909 1808 continetur
930 1781 1007 1817 145

224 1826 307 1857 domi,
325 1830 462 1852 mercatur
475 1826 552 1853 fanus
563 1826 683 1852 nomen?
694 1825 774 1852 Certe
790 1834 844 1853 non
858 1827 1008 1855 Antiochia:

225 1875 341 1904 tantum,
361 1871 408 1898 sed
432 1871 514 1898 etiam
537 1871 639 1898 Beroea:
664 1871 794 1906 frequens
817 1871 879 1904 fuit,
902 1880 1006 1899 sermo-

224 1925 327 1951 nesque
340 1917 446 1949 habuit,
459 1925 528 1951 quos
545 1921 572 1944 et
587 1924 685 1952 magna
701 1918 840 1952 voluptate
853 1918 946 1944 clerici
960 1926 1007 1945 au-

224 1963 326 1995 dirent,
340 1967 368 1990 et
381 1964 437 1998 ipse
451 1963 618 1998 perlibenter
633 1963 787 1990 effunderct
803 1972 808 1990 :
827 1963 863 1995 id,
880 1972 940 1999 qua:
957 1964 1007 1991 liu-

224 2017 309 2035 mana:
320 2009 419 2035 mentis
431 2009 552 2041 vanitas,
569 2009 602 2035 de
617 2008 809 2035 Bonnensibus
822 2014 948 2036 testatum
963 2018 1006 2037 re-

223 2055 312 2088 liquit.
340 2054 407 2081 Cum
431 2054 504 2081 enim
527 2059 647 2089 quatuor
670 2062 766 2081 causas
790 2047 939 2087 attulisset,
956 2063 1005 2083 cur

223 2105 336 2127 mutuus
360 2099 432 2126 inter
447 2108 476 2127 se
496 2104 525 2126 et
548 2100 709 2127 Beroeenses
738 2107 814 2126 amor
839 2101 1006 2129 exsisteret?

226 2155 235 2171 ι
251 2145 279 2173 Si
294 2146 386 2177 vultis,
409 2146 498 2180 inquit
521 2145 554 2177 '°,
571 2145 697 2179 quintum
713 2145 814 2177 dicam,
834 2153 894 2180 quae
908 2146 1006 2181 linguae

1063 1570 1131 1598 tium
1147 1568 1322 1596 continenter
1337 1572 1365 1594 et
1380 1574 1451 1602 pene
1466 1566 1623 1600 importune
1640 1565 1776 1596 laudaret,
1792 1571 1847 1598 quo

1062 1616 1132 1644 facto
1151 1615 1236 1643 videri
1259 1618 1361 1649 potest,
1383 1621 1417 1640 ex
1438 1613 1534 1644 animi,
1551 1617 1581 1639 ut
1597 1612 1636 1643 fit,
1651 1610 1795 1638 atl‘cctione
1809 1610 1847 1636 lo-

1061 1666 1152 1693 cutus,
1168 1665 1196 1688 et
1207 1669 1236 1688 se
1254 1660 1371 1688 aliorum
1383 1659 1462 1694 quasi
1477 1658 1616 1686 coloribus
1626 1656 1792 1691 depinxisse.

1096 1707 1127 1734 V.
1143 1706 1195 1734 Ubi
1209 1705 1329 1741 primum
1345 1704 1461 1732 accessit
1472 1703 1506 1730 ad
1522 1703 1626 1733 sedem,
1639 1701 1778 1728 indefesso
1789 1704 1848 1727 stu-

1061 1753 1107 1779 dio
1122 1751 1248 1779 incubuit
1270 1751 1297 1778 in
1315 1750 1394 1786 146
1409 1749 1568 1784 parochiam
1581 1748 1614 1775 ab
1631 1747 1768 1774 hzereticis
1783 1754 1845 1780 pur-

1061 1798 1194 1833 gaudam;
1211 1797 1312 1831 quibus
1326 1803 1391 1823 vero
1406 1795 1548 1822 laboribus
1563 1798 1592 1822 et
1604 1801 1659 1828 quo
1674 1793 1776 1823 fructu,
1790 1791 1845 1818 No-

1061 1851 1105 1870 mo
1116 1844 1137 1858 “
1154 1843 1267 1877 exponit
1282 1862 1288 1868 .
1307 1851 1316 1867 ‹
1335 1841 1426 1872 Vicos,
1445 1840 1536 1874 inquit
1558 1839 1592 1871 “,
1614 1843 1677 1865 octo
1701 1836 1846 1864 Marcionis

1060 1887 1157 1914 haeresi
1174 1890 1328 1921 corruptos,
1345 1893 1399 1912 una
1419 1892 1481 1911 cum
1506 1883 1605 1911 vicinis
1627 1882 1705 1914 locis,
1721 1881 1754 1908 ad
1770 1881 1843 1908 veri-

1060 1937 1144 1960 tatem
1167 1932 1293 1959 nolentes
1307 1930 1422 1966 perduxi
1435 1939 1441 1956 :
1454 1929 1545 1956 vicum
1563 1929 1646 1956 alium
1666 1927 1845 1954 Eunomianis

1060 1977 1203 2009 refertum,
1217 1980 1244 2003 et
1258 1976 1340 2003 alium
1352 1974 1471 2006 Arianis,
1485 1974 1584 2001 divinae
1601 1973 1765 2008 cognitionis
1784 1972 1844 1999 luce

1060 2023 1212 2055 illustravi;
1228 2022 1388 2055 nullumque
1401 2019 1473 2054 apud
1486 2027 1547 2051 nos,
1562 2018 1610 2045 Dei
1624 2017 1770 2048 beneﬁcio,
1785 2017 1843 2044 ha:-

1061 2068 1130 2094 resis
1144 2066 1238 2094 lolium
1256 2066 1382 2093 relictum
1401 2069 1454 2092 est.
1475 2065 1569 2099 Neque
1584 2071 1650 2090 vero
1662 2063 1712 2091 ista
1725 2063 1783 2090 sine
1797 2070 1845 2097 pe-

1060 2113 1155 2140 riculis
1167 2112 1296 2147 praestiti;
1319 2112 1367 2138 sed
1387 2111 1448 2138 fuso
1463 2111 1626 2145 plerumque
1645 2108 1787 2143 sanguine.
1802 2108 1843 2135 la-

1059 2159 1170 2193 pidatus
1187 2157 1221 2184 ab
1241 2157 1281 2184 eis
1300 2163 1432 2191 persaepe,
1457 2159 1485 2182 et
1505 2154 1540 2181 ad
1567 2154 1640 2188 ipsas
1665 2153 1723 2180 orci
1750 2157 1843 2187 portas

222 2191 257 2218 Μ
271 2199 354 2218 aures
368 2190 582 2237 εεῑνφηίυηειίο
596 2190 664 2237 illi“
678 2190 779 2225 ‘luil‘l’e
794 2191 876 2237 ἵστω
890 2192 1005 2226 profert,
1022 2206 1044 2232 υ
1060 2190 1203 2237 impulsus.
1231 2211 1239 2227 ι
1268 2201 1366 2228 Decem
1382 2199 1604 2229 Marcionitarum
1620 2198 1704 2225 millia
1723 2206 1737 2224 a
1754 2205 1783 2225 Se
1794 2197 1842 2224 ba-

222 2236 264 2264 bae
279 2244 345 2264 vero
367 2236 508 2271 excipiunt
522 2245 528 2262 :
542 2235 666 2262 eamdem
684 2240 712 2262 et
733 2244 783 2263 nos
804 2235 940 2264 habemus
956 2245 1005 2264 vo-

221 2283 342 2316 biscum;
355 2291 404 2310 vos
412 2282 514 2310 etenim
525 2290 589 2310 eum
599 2282 738 2317 voluptate
747 2290 887 2310 sermones
896 2289 1006 2311 nostros

220 2328 332 2359 auditis.
358 2331 386 2355 et
411 2335 462 2362 ego
483 2327 609 2362 exiguam
628 2327 700 2354 hanc
715 2327 814 2354 stillam
838 2328 1006 2362 perlibenter

221 2375 249 2404 ln
262 2382 310 2401 vos
326 2373 450 2401 ellundo.
467 2383 476 2399 ι

256 2419 299 2450 ΙΙΙ,
314 2419 414 2446 Verum
436 2419 494 2446 hac
508 2418 686 2446 humanitatis
705 2420 797 2454 potius
811 2428 891 2454 quam
906 2421 1005 2448 volun-

220 2465 285 2492 tatis
298 2468 420 2499 pcecata,
436 2469 466 2491 ut
479 2464 559 2491 facile
571 2465 639 2492 viris
652 2465 760 2492 eximiis
774 2466 923 2493 condonari
939 2475 1004 2501 pos-

219 2511 285 2541 sint,
305 2510 369 2545 quia
385 2510 463 2537 facile
484 2510 556 2537 inter
570 2510 682 2545 plausus
704 2511 873 2546 subrepunt;
895 2512 933 2540 ita
949 2521 1005 2540 non

223 2556 417 2587 obstiterunt,
441 2556 589 2590 quominus
627 2563 677 2590 pro
705 2556 836 2591 dignitate
860 2565 1003 2592 personam

223 2601 348 2637 praesulis
363 2602 535 2629 sustinuerit.
553 2602 668 2629 Videtur
690 2603 763 2629 enim
789 2603 816 2629 in
840 2611 870 2630 se
888 2604 1002 2632 formam

254 2689 268 2710 b
283 2688 290 2715 Ι
312 2690 382 2717 Tim.
403 2690 479 2722 “1,5.
519 2694 529 2708 ε
548 2689 602 2716 Tit.
616 2697 633 2720 I.
651 2689 707 2716 7-9.

1060 2248 1161 2282 ptismo
1175 2246 1259 2273 tincta
1275 2246 1329 2273 alio
1348 2245 1375 2272 in
1386 2246 1447 2273 loco
1461 2245 1544 2272 refert
1556 2245 1579 2260 ’⁸
1595 2253 1601 2270 :
1617 2248 1691 2271 tanta
1707 2243 1758 2270 fuit
1769 2243 1843 2270 labo-

1061 2294 1099 2321 ris
1115 2301 1239 2325 merees,
1265 2296 1339 2320 tanta
1357 2291 1505 2327 pugnantis
1526 2297 1612 2325 usque
1630 2289 1665 2316 ad
1682 2289 1840 2323 sanguinem

1059 2347 1258 2409 ωψῐῐῗθίῖθςυε
1275 2373 1375 2401 mirum
1396 2380 1430 2400 eo
1447 2375 1582 2407 proventu
1606 2369 1695 2404 colligi
1722 2368 1840 2396 fructum

1059 2420 1206 2455 potuissea
1223 2423 1335 2445 strenuo
1349 2417 1464 2449 cultore,
1478 2415 1523 2444 cui
1546 2415 1631 2442 sancti
1652 2413 1840 2448 prodigiorum

1056 2466 1210 2495 effectores,
1237 2463 1344 2498 ipsique
1363 2462 1479 2495 uelites,
1497 2466 1526 2488 et
1546 2460 1699 2496 prazsertim
1719 2459 1838 2493 Baptista

1055 2511 1175 2539 Joannes
1199 2509 1410 2537 eollaborarent.
1439 2508 1508 2535 Rem
1530 2507 1587 2541 ipse
1613 2509 1716 2537 narrat,
1743 2505 1790 2532 ubi
1806 2504 1838 2531 de

1054 2556 1157 2584 Jacobo
1175 2555 1378 2589 Thaumaturgo
1390 2553 1495 2581 scribit.
1511 2562 1520 2578 ‹
1533 2551 1672 2586 Rogabam
1685 2551 1785 2586 ipsum,
1796 2550 1838 2576 in-

1055 2602 1116 2638 quit
1128 2602 1162 2634 “,
1173 2601 1292 2632 enixius,
1305 2605 1335 2628 ut
1350 2601 1434 2628 Deum
1449 2599 1642 2626 universorum
1655 2601 1756 2627 oraret,
1771 2595 1837 2622 mihi

881 2737 1035 2767 SUllULle
1055 2739 1169 2768 NOTA'I.

251 2798 273 2833 ’ξ
289 2796 388 2833 linquit.
407 2795 471 2833 vid.
487 2795 574 2833 _epist._
592 2795 649 2833 75._
661 2796 692 2833 ’1'
704 2796 834 2833 Philam”
850 2806 910 2833 cap.
928 2799 970 2826 Π.

1008 2799 1132 2826 "Nonio.
1154 2798 1204 2826 Ed.
1227 2797 1303 2832 prior
1317 2795 1435 2825 habebat
1454 2796 1613 2825 Eutrechio.

1653 2798 1675 2813 "
1689 2796 1776 2832 Epist.
1788 2795 1834 2824 8|.

217 2829 399 2869 “EpistHS.
426 2829 513 2866 (Add.
532 2830 613 2865 epist.
638 2830 712 2867 “5.)
750 2833 772 2849 "
787 2832 854 2860 Hist.
875 2829 960 2869 relig"
985 2842 1044 2869 cap.
1060 2835 1104 2861 21.
