1969 3052
161 139 209 173 ῙΒΙ

741 139 923 168 HISTORIA
942 138 1198 170 THEODORETI.

1735 141 1787 173 102

161 200 192 222 ut
215 198 336 228 segetem
359 193 433 220 loliis
454 200 567 220 vacuam
589 191 726 224 redderet,
752 191 921 226 liberumque
935 199 950 218 a
965 193 986 220 Α
1002 197 1098 218 nactus
1119 199 1219 224 essem,
1245 190 1436 226 aqumductum
1461 193 1582 226 condidi,
1603 198 1630 221 et
1647 198 1786 221 carentem

161 239 316 266 seminibus
334 238 538 265 haereticorum.
562 237 687 272 Angebat
710 237 784 264 cuitu
806 245 849 263 me
865 237 949 263 velte-

160 290 270 312 menter
289 284 454 311 cxsccrandi
465 284 610 311 Marcionis
621 291 711 315 error,
728 283 772 317 qui
787 290 949 317 magnopere

161 330 323 357 invaluerat.
352 329 400 355 lile
424 334 515 355 autent
539 327 687 355 obtestanti
710 327 776 353 mihi
799 336 805 353 :
826 327 876 353 Ναί
899 335 947 359 me,

159 375 260 409 inquit,
281 383 327 400 nec
347 374 401 400 alio
417 374 488 409 apud
509 373 594 400 Deum
611 374 656 399 tibi
682 382 746 408 opus
773 377 810 399 est
825 374 886 399 intc'
900 381 950 399 crs-

158 429 236 452 aore;
255 428 390 446 summum
407 419 484 446 habes
499 419 643 450 Joannem,
673 419 749 446 Verbi
774 427 870 449 vacem,
899 418 948 444 ηο-

158 466 224 492 miui
252 472 454 500 prwrursorcm,
484 465 529 499 qui
544 465 590 490 ltoc
605 472 652 499 pro
668 467 692 490 te
706 464 863 498 deprecatur
885 464 947 490 ’(8δί-

158 515 220 537 duc.
237 520 246 536 ι

193 556 300 589 Quanta
321 555 363 582 vis
379 555 450 581 foret
464 554 597 589 ejusmodi
612 562 723 588 precum
739 555 773 583 ad
792 557 800 564 '
816 563 945 582 coercen-

156 601 223 628 dum
239 601 404 632 daemonem,
421 608 455 626 ne
472 608 527 634 pra:
548 599 661 631 invidia,
678 608 732 634 qua
755 600 944 634 rumpebatur,

157 645 295 672 laboranti
317 645 482 676 obsisteret,
507 649 617 671 ostento
643 645 717 671 Deus
741 644 944 671 'l'heodorctum

155 690 309 718 admonuit.
338 699 346 714 ‹
370 690 450 717 Venit
476 689 635 723 aliquando,
661 690 796 724 inquit“,
814 690 848 717 de
866 694 945 716 nocte

154 737 276 763 exitialis
296 736 407 770 quidam
437 735 555 765 dzrmon,
580 739 608 762 et
626 735 694 770 Syra
715 736 832 770 loquens
855 743 942 763 voce:

155 782 225 814 Quid
246 781 316 808 hens
331 785 358 807 tu
371 781 472 808 bellum
485 780 558 815 geris
572 788 634 807 cum
647 781 782 808 Mareione
793 781 804 807 ?
815 780 871 807 Cur
885 787 939 808 tan-

155 827 218 852 dem
245 834 308 853 eum
334 825 380 852 illo
401 825 471 852 hanc
493 832 610 858 pugnam
628 825 794 858 suscepisti?
810 824 879 857 Quid
899 825 943 852 ille

156 871 206 898 tibi
235 870 366 897 molestite
394 870 513 896 creavit?
530 869 633 896 Bellare
653 869 765 901 desine,
784 870 942 896 inimicitias

154 915 271 950 di-pone.
296 920 343 942 aut
370 915 540 949 experientia
560 914 659 946 disces,
682 920 814 949 quantum
839 915 941 942 bonum

153 960 189 986 sit
210 961 298 994 quies.
317 959 392 986 Scito
423 959 496 986 enim
521 959 594 993 quod
610 964 635 987 te
650 961 703 994 jam
725 960 831 994 pridem
846 961 940 988 confo-

154 1007 272 1039 dissem,
300 1007 351 1033 nisi
383 1012 532 1042 martyrum
562 1006 677 1033 chorum
699 1014 760 1033 cum
786 1007 889 1034 Jacobo
915 1012 941 1034 te

153 1052 356 1080 custodientem
371 1053 510 1080 vidissem.
532 1052 593 1080 llzcc
603 1061 653 1088 ego
670 1053 773 1085 audivi,
786 1057 813 1080 et
833 1053 941 1080 cuidam

152 1106 168 1125 ρ
194 1099 384 1130 familiaribus,
405 1099 451 1133 qui
469 1099 544 1133 juxta
572 1099 735 1130 dormiebat,
751 1099 876 1131 Audiam,
897 1108 941 1126 tn-

153 1150 246 1177 qnam,
271 1151 329 1177 qua:
356 1143 501 1169 dicuntur?
517 1143 550 1170 Et
567 1143 612 1170 ille
630 1153 635 1170 :
654 1143 759 1175 Omnia,
774 1144 872 1178 inquit,
891 1154 941 1171 uu-

153 1188 223 1218 diri;
250 1192 273 1213 ct
300 1196 359 1214 cum
385 1196 492 1222 surgere
515 1187 615 1219 liberet,
641 1193 669 1214 ut
685 1188 838 1223 dispicerem
854 1194 877 1215 et
897 1197 940 1216 co»-

152 1242 304 1268 guostrrem
328 1234 385 1268 quis
410 1233 571 1269 loqueretur,
594 1238 640 1261 tua
656 1243 737 1261 causa
758 1235 855 1267 destiti,
872 1236 942 1270 quod

153 1285 179 1305 te
203 1279 319 1305 dormire
348 1278 510 1306 arbitrabar.
534 1279 683 1314 Surgentes
700 1279 783 1314 igitur
807 1279 896 1312 ambo,
913 1284 942 1307 et

154 1324 419 1359 circumspicientes,
446 1332 497 1351 nec
522 1329 626 1351 motum
654 1325 746 1356 ullius,
771 1333 823 1352 nec
847 1333 940 1352 vocem

153 1369 320 1396 :ulivimus.
344 1369 434 1397 Verba
456 1378 539 1405 porro
558 1370 603 1396 illa
627 1370 773 1396 nobiscum
798 1370 942 1397 audierant

151 1415 199 1441 alii
227 1422 337 1449 quoque
363 1415 517 1441 domestici.
548 1415 673 1442 Intellexi
703 1422 768 1449 ergo
792 1419 940 1450 martyrum

152 1461 268 1488 chorum
286 1461 320 1488 ab
335 1469 367 1488 eo
384 1461 437 1488 dici
454 1462 593 1497 lecythum
614 1461 678 1494 olei,
697 1462 743 1496 qui
767 1462 908 1489 collectam
925 1469 940 1488 a

152 1506 248 1533 multis
272 1507 437 1542 martyribus
461 1507 680 1534 benedictionem
711 1507 873 1539 continens,
905 1507 938 1534 ad

153 1552 255 1579 lectum
274 1560 364 1579 meum
387 1560 536 1587 suspensus
563 1556 622 1580 erat
637 1561 643 1578 :
660 1552 711 1579 sub
735 1553 824 1587 capite
847 1556 938 1579 autem

153 1606 215 1625 meo
236 1598 325 1633 magni
340 1598 434 1626 Jacobi
451 1605 531 1626 vetus
555 1598 607 1625 fuit
628 1599 752 1633 pallium,
776 1598 850 1633 quod
872 1599 939 1626 mihi

151 1645 272 1675 validius
283 1649 343 1672 erat
355 1644 426 1671 vallo
438 1644 558 1679 quodam
575 1644 761 1671 adamantino.
786 1654 796 1669 ›

190 1700 268 1736 147
288 1700 343 1728 Vll.
364 1700 433 1728 Dum
446 1701 483 1728 ita
509 1701 582 1728 Deus
598 1700 696 1735 emptis
712 1700 825 1733 faveret,
849 1700 941 1728 Theo—

152 1744 266 1772 doretus
291 1744 413 1772 vicissim
440 1745 540 1772 divinat
572 1745 640 1779 legis
670 1753 776 1772 memor
799 1745 938 1772 assiduam

152 1790 326 1824 przrsentiam
349 1790 488 1825 parochia:
510 1791 668 1818 exhibebat.
690 1791 757 1818 Nam
777 1791 828 1818 etsi
842 1791 939 1817 Antio-

153 1835 222 1862 chia:
245 1835 363 1862 subinde
391 1835 507 1863 haberet
533 1836 692 1868 conciones,
712 1835 820 1870 quoties
842 1843 939 1870 nempe

153 1880 308 1913 adveniret,
321 1888 350 1908 se
367 1885 458 1908 tamen
474 1885 555 1916 negat
570 1889 691 1916 unquam
705 1881 860 1912 advenisse,
872 1881 939 1916 quin

155 1925 286 1952 tractoria
308 1930 456 1953 vocaretur
474 1926 507 1953 ad
523 1926 652 1961 synodos,
677 1934 691 1952 a
715 1926 816 1960 quibus
844 1926 940 1953 abesse
960 1946 962 1948 .

151 1971 230 1998 nefas
262 1976 345 1998 esset.
368 1980 377 1997 ι
407 1971 522 1999 Noverit
539 1971 699 2007 magnitudo
727 1976 773 1998 tua
810 1971 938 2007 (Nomina

151 2016 300 2051 alloquitur
321 2017 366 2052 "),
389 2024 433 2044 me
452 2024 502 2043 nec
518 2022 641 2051 tempore
658 2017 810 2044 beatissimi
836 2017 939 2044 sancti-

152 2069 205 2096 que
234 2061 383 2094 Theodoti,
412 2070 463 2089 nec
480 2062 531 2089 sub
550 2062 635 2090 beata:
655 2062 793 2089 memoria:
812 2055 916 2090 Joanne
930 2082 938 2095 ,

153 2115 202 2135 nec
237 2108 289 2135 sub
323 2108 497 2135 sanctissimo
529 2107 660 2142 episcopo
693 2107 805 2134 domino
834 2108 940 2134 Domno

151 2158 249 2187 sponte
276 2160 337 2180 mea
357 2153 476 2180 intrasse
500 2153 692 2184 Antiochiam,
717 2152 765 2180 sed
795 2152 940 2186 quinquies

151 2205 183 2225 ac
222 2198 312 2225 sexies
353 2203 479 2225 vocatum
530 2198 576 2225 vix

152 2246 260 2273 autem,
286 2246 317 2269 ut
351 2242 539 2271 ecclesiastico
567 2242 667 2270 canoui
688 2242 866 2277 obsequerer,
890 2243 937 2277 qui

152 2295 229 2316 reum
262 2288 357 2314 haberi
381 2288 460 2322 jubet
483 2295 565 2320 eum,
591 2287 638 2322 qui
665 2287 699 2314 ad
721 2287 854 2322 synodum
888 2295 936 2315 vo-

151 2337 229 2360 catus
250 2333 345 2361 adesse
367 2334 495 2361 noluerit.
520 2343 530 2360 ι
546 2333 647 2362 Verum
673 2334 722 2360 ista
740 2333 844 2365 videre,
867 2341 937 2368 quo-

151 2379 234 2405 modo
254 2386 317 2405 cum
336 2379 527 2414 superioribus
553 2383 634 2414 atque
656 2379 738 2406 etiam
760 2378 939 2412 sequentibus

151 2428 212 2458 apte
227 2424 393 2455 cohaereant,
406 2432 460 2451 non
484 2429 526 2452 est
540 2425 659 2452 hominis
671 2428 811 2459 utcunque
824 2425 936 2452 oculati.

187 2480 256 2507 Vill.
289 2480 352 2507 Suis
374 2480 542 2516 Cyrensibus
566 2481 638 2508 bona
666 2480 749 2508 etiam
775 2480 937 2515 temporalia

153 2524 284 2560 providit.
305 2534 314 2550 ι
336 2525 463 2553 Publicas
483 2526 615 2560 porticus,
634 2525 724 2560 inquit
741 2526 774 2557 “,
792 2533 825 2552 ex
840 2525 936 2552 rediti-

153 2570 205 2596 bus
221 2569 416 2598 ecclesiasticis
436 2571 522 2603 erexi,
536 2575 634 2605 pontes
654 2571 724 2597 duos
739 2571 870 2597 maximos
888 2578 936 2597 ex-

152 2615 250 2646 struxi,
274 2614 435 2643 balnearum
457 2615 632 2650 publicarum
658 2623 751 2643 curam
775 2616 857 2650 gessi,
873 2624 934 2642 cum

151 2667 185 2687 ex
207 2659 326 2687 alluente
346 2660 457 2688 ﬂumine
487 2669 570 2696 aquas
597 2661 768 2688 haurientem
796 2661 934 2688 civitatem

1001 235 1081 268 aquis
1096 234 1235 262 civitatem
1249 235 1328 270 aquis
1346 236 1460 270 replevi.
1483 246 1492 262 ι

1037 278 1108 311 Quin
1129 279 1212 306 etiam
1236 280 1269 306 de
1296 280 1420 307 levandis
1443 281 1575 308 oneribus
1592 289 1653 309 eum
1668 283 1783 310 Pulche-

999 323 1038 350 ria
1054 324 1174 359 Augusta
1188 325 1243 360 egit
1261 333 1309 360 per
1325 326 1442 358 litteras,
1466 327 1651 354 miserabilem
1667 329 1786 356 civitatis

999 373 1100 396 statum
1121 369 1250 396 ﬂebiliter
1270 378 1410 404 exponens
1435 371 1468 404 ’³,
1493 372 1537 399 cui
1563 379 1662 406 nempe
1693 383 1702 398 ι
1728 379 1782 400 tam

998 421 1083 448 grave
1098 422 1168 441 onus
1181 415 1368 447 incumbebat,
1387 421 1416 443 ut
1431 421 1459 443 ct
1470 417 1570 451 praedia
1583 419 1668 445 multa
1681 419 1786 446 colonis

998 460 1127 487 destituta
1142 465 1243 491 essent,
1258 461 1342 487 multa
1360 461 1442 487 etiam
1458 470 1472 488 a
1485 464 1693 496 possessoribus
1708 465 1785 498 pcni-

998 509 1042 532 tus
1062 505 1170 532 deserta
1189 514 1195 531 :
1218 510 1247 532 et
1272 513 1322 540 pro
1346 506 1389 533 his
1411 507 1588 534 nihilominus
1606 509 1784 543 exigerentur

997 550 1181 577 infelicissimi
1195 550 1370 584 decuriones,
1383 551 1441 586 qui,
1458 553 1629 579 exactionem
1646 554 1718 581 ferre
1727 563 1783 581 non

997 596 1128 628 valentes,
1144 596 1245 630 partim
1262 597 1464 629 mendicarent,
1479 598 1577 632 partim
1593 598 1656 633 fuga
1670 606 1699 626 se
1719 599 1783 626 sub-

997 641 1140 669 ducerent.
1159 651 1167 667 ι

1031 687 1101 720 Quid
1121 687 1193 721 quod
1214 687 1350 716 laboranti
1371 688 1475 715 civitati
1498 689 1647 721 medicum,
1667 698 1722 724 quo
1737 699 1782 718 ca-

996 733 1084 765 rebat,
1109 733 1218 767 aliaque
1247 734 1381 768 ejusmodi
1409 734 1504 768 plura,
1531 741 1593 769 quae
1613 735 1722 769 longum
1742 743 1784 762 re-

994 780 1076 812 ferre,
1106 781 1282 816 procuravit,
1308 782 1400 808 animo
1423 781 1625 810 admirabiliter
1655 783 1779 816 liberali,

994 831 1078 859 egens
1092 824 1160 858 ipse,
1179 829 1209 851 ut
1221 824 1267 851 alii
1283 825 1465 852 abundarent.

1027 869 1073 896 IX.
1101 870 1193 904 Neque
1223 878 1288 897 veto
1314 871 1481 898 Theodoreti
1509 872 1689 899 beneﬁcentia
1714 879 1782 900 ton-

993 918 1066 941 tenta
1078 914 1131 941 fuit
1153 914 1298 950 Cyrcslit-ze
1318 916 1428 948 ﬁnibus,
1452 921 1481 944 et
1496 910 1606 944 suarum
1622 917 1781 946 facultatum

991 960 1072 986 modo
1086 969 1092 986 :
1108 961 1155 987 sed
1167 961 1288 988 extendit
1300 969 1329 989 se
1343 962 1435 994 latius,
1456 963 1626 998 aliarumque
1639 965 1779 999 regionum

991 1010 1112 1040 egentes,
1131 1014 1201 1040 quos
1220 1007 1278 1034 suis
1299 1015 1353 1034 non
1374 1012 1491 1042 poterat,
1512 1009 1664 1037 amicorum
1680 1010 1780 1044 opibus

987 1051 1083 1085 juvit:
1109 1055 1193 1079 testes
1222 1052 1354 1086 epistolae.
1379 1053 1480 1087 quibus
1504 1054 1614 1082 divitias
1631 1055 1688 1082 sive
1711 1063 1780 1090 quas

991 1102 1134 1131 acceperat
1149 1105 1164 1124 a
1176 1098 1337 1132 parentibus
1360 1099 1551 1133 amplissimas.
1574 1100 1630 1126 sive
1647 1109 1715 1135 quas
1726 1101 1778 1136 Cy-

992 1142 1079 1169 rcnsis
1095 1143 1215 1170 Ecclesia
1238 1151 1293 1170 non
1317 1144 1469 1171 mediocres
1491 1145 1659 1178 possidebat.
1675 1154 1779 1180 paupe-

992 1189 1067 1215 ribus
1092 1197 1120 1216 se
1142 1189 1269 1223 largitum
1288 1189 1368 1216 fateri
1387 1190 1533 1224 aliquando
1547 1195 1659 1218 coactus
1673 1196 1731 1222 est,
1750 1196 1778 1218 et

991 1237 1102 1267 amicos,
1117 1241 1146 1263 ut
1159 1237 1230 1263 idem
1241 1237 1372 1266 facerent.
1383 1237 1482 1264 litteris
1495 1238 1672 1266 vehementer
1684 1238 1779 1266 incen-

991 1281 1045 1314 dit;
1059 1281 1132 1315 quod
1145 1289 1195 1308 suo
1209 1285 1330 1316 tempore
1346 1282 1530 1309 narrabimus.

1027 1325 1060 1352 Χ.
1078 1325 1259 1352 Fucruntista
1271 1326 1336 1352 boni
1351 1326 1402 1352 viri
1426 1326 1530 1358 ofﬁcia,
1552 1327 1610 1354 haec
1631 1327 1774 1362 prudentis

991 1370 1071 1397 simul
1085 1375 1113 1397 et
1123 1370 1285 1398 cbaritatem
1299 1371 1442 1398 sectantis.
1454 1372 1489 1399 Ut
1500 1380 1636 1407 quemque
1653 1378 1776 1406 noverat,

991 1414 1032 1441 vel
1043 1414 1194 1442 sanctitatis
1205 1415 1275 1441 fama
1286 1415 1434 1446 celebrem.
1453 1417 1494 1443 vel
1509 1416 1634 1444 doctrina
1647 1417 1776 1450 nobilem,

991 1460 1032 1486 vel
1046 1460 1208 1488 auctoritate
1224 1461 1370 1495 pollentem
1381 1481 1388 1492 ,
1404 1461 1440 1488 ita
1456 1462 1542 1496 ipsius
1566 1463 1715 1491 amicitiam
1733 1473 1778 1492 ca-

953 1522 974 1550 C
991 1504 1085 1539 ptabal
1104 1514 1110 1531 :
1130 1505 1195 1539 quid
1213 1505 1286 1532 enim
1303 1505 1398 1532 utilius
1410 1505 1435 1532 in
1449 1514 1557 1534 omnem
1576 1507 1638 1534 vita:
1653 1509 1777 1542 partem?

1025 1560 1117 1588 Coluit
1142 1561 1168 1588 in
1186 1561 1297 1596 primis,
1323 1566 1353 1588 ut
1366 1565 1489 1596 patrem.
1507 1563 1635 1590 Acacium
1651 1564 1778 1592 Beroeen-

990 1613 1059 1638 sem,
1076 1613 1195 1640 eumque
1210 1614 1265 1633 non
1286 1606 1408 1633 laudavit
1431 1611 1536 1633 tantum
1558 1607 1634 1634 velut
1648 1609 1778 1642 apostoli-

990 1659 1052 1678 cum
1064 1651 1162 1681 virum.
1181 1651 1228 1678 sed
1240 1651 1321 1678 etiam
1337 1651 1440 1686 pressis
1461 1651 1542 1686 148
1557 1653 1680 1687 vestigiis
1698 1661 1779 1681 secu-

991 1701 1035 1724 tus
1050 1700 1091 1723 est
1107 1701 1235 1730 tanquam
1254 1696 1317 1722 vita:
1335 1696 1444 1722 ducem.
1459 1696 1548 1723 Coluit
1568 1697 1673 1731 pariter
1690 1697 1775 1725 Joan-

991 1749 1053 1768 nem
1068 1741 1281 1773 Antiochenum,
1290 1745 1318 1767 et
1328 1745 1438 1776 propter
1446 1741 1591 1773 cathedra,
1599 1741 1642 1768 cui
1654 1742 1776 1774 suberat,

990 1786 1161 1820 dignitatem,
1181 1790 1208 1813 ct
1224 1789 1254 1813 ut
1270 1790 1405 1813 amantem
1420 1787 1584 1817 redamarct.
1599 1787 1778 1814 etimmeusis

990 1831 1033 1858 sui
1053 1830 1180 1858 laudibus
1207 1830 1311 1857 cultum
1339 1831 1513 1865 rependerct.
1538 1831 1630 1858 Coluit
1649 1832 1777 1859 similiter

985 1877 1122 1905 Andream
1144 1876 1363 1907 Samosatcnum,
1381 1877 1471 1903 virum
1496 1880 1553 1903 toto
1573 1876 1685 1904 Oriente
1709 1878 1777 1905 cele-

990 1923 1067 1950 brem
1084 1943 1090 1954 ,
1116 1922 1162 1956 qui
1189 1922 1320 1949 adversus
1345 1921 1462 1956 capitula
1482 1921 1575 1956 Cyrilli
1597 1922 1776 1950 Orientalium

989 1969 1100 1996 nomine
1126 1969 1294 2004 objectiones
1311 1970 1431 2004 scripsit.
1449 1970 1520 2003 Quin
1540 1975 1568 1997 et
1582 1970 1776 1998 Constantino-

989 2015 1043 2048 poli
1055 2015 1203 2042 multorum
1216 2015 1362 2042 amicitiam
1382 2016 1514 2050 appetiit,
1529 2016 1610 2043 etiam
1621 2021 1774 2051 potentum,

989 2060 1036 2086 sed
1051 2068 1145 2087 eorum
1167 2061 1293 2093 maxime,
1316 2062 1363 2096 qui
1383 2062 1508 2088 Nestorio
1530 2061 1664 2094 faverent,
1685 2063 1777 2097 cujus-

990 2104 1062 2131 modi
1100 2105 1252 2133 Antiochus
1283 2106 1426 2140 praefectus
1452 2107 1581 2141 przetorio
1607 2112 1635 2134 et
1661 2108 1775 2140 consul,

989 2148 1108 2176 Irenaeus
1118 2156 1220 2181 comes,
1232 2150 1333 2185 aliique
1349 2151 1450 2185 plures.

628 2198 764 2232 paruisse.
805 2198 937 2225 Parebam
954 2186 977 2215 ι)
1025 2194 1078 2221 Sed
1100 2195 1186 2222 voluit
1205 2196 1232 2222 in
1257 2196 1354 2230 primis
1373 2196 1461 2224 videri
1483 2196 1685 2224 necessitudine
1708 2204 1775 2224 con-

988 2240 1101 2275 junctus
1110 2247 1171 2267 cum
1181 2241 1360 2268 sanctissimis
1367 2241 1521 2276 quibusque
1533 2242 1683 2274 monachis,
1693 2250 1776 2276 quam

991 2289 1022 2311 ut
1035 2289 1203 2318 ostentaret,
1223 2293 1277 2312 non
1301 2286 1494 2314 defunctorum
1507 2287 1598 2317 modo.
1611 2287 1776 2322 quibuscum

991 2329 1162 2357 familiariter
1179 2331 1293 2366 egisset.
1312 2332 1360 2359 sed
1379 2332 1532 2359 viventium
1557 2340 1666 2368 quoque
1686 2333 1775 2360 admi—

992 2373 1093 2401 randos
1106 2382 1208 2409 agones
1223 2376 1361 2403 memoria:
1379 2376 1518 2404 mandavit
1534 2386 1541 2404 ς
1559 2382 1640 2412 atque
1657 2378 1714 2405 haec
1734 2383 1776 2407 est

992 2419 1124 2454 Religiosa
1152 2420 1274 2448 Historia
1290 2442 1297 2454 ,
1322 2422 1367 2449 cui
1394 2422 1532 2450 Philotimo
1563 2431 1663 2451 nomen
1687 2424 1776 2459 impo—

989 2465 1053 2492 suit.

1025 2523 1184 2551 Absentiam
1203 2526 1363 2558 amicorum,
1378 2534 1447 2562 quos
1462 2527 1614 2555 Antiochim
1632 2527 1776 2555 discedens

991 2569 1153 2604 reliquerat,
1170 2570 1309 2599 solabatur
1324 2573 1428 2600 crebris
1446 2581 1495 2608 per
1508 2574 1616 2601 litteras
1631 2574 1774 2601 salutatio-

990 2615 1083 2647 nibus,
1100 2614 1182 2651 idque
1194 2618 1344 2650 praesertim
1363 2625 1439 2646 more
1455 2619 1544 2653 gentis
1561 2623 1622 2654 post
1639 2619 1776 2646 solemnes

989 2661 1057 2693 dies,
1074 2661 1131 2688 sive
1145 2664 1151 2671 '
1162 2663 1309 2695 nascentis,
1324 2664 1381 2691 sive
1399 2664 1566 2700 resurgentis
1581 2663 1695 2692 Christi.
1705 2664 1774 2691 llinc

824 2735 922 2763 SCHUI
930 2735 980 2762 ΑΖΗ
1000 2735 1112 2763 ΝΟΤΛΞ.
1126 2732 1129 2738 ί

188 2813 211 2830 ¹⁶
225 2812 295 2840 Hist.
314 2813 403 2849 relig.,
421 2822 479 2848 cap.
491 2813 536 2840 ‘ZI.
573 2814 597 2829 ’⁸⁷
611 2813 695 2848 Epist.
711 2813 754 2840 Si.
793 2814 814 2829 ’⁸
828 2813 897 2840 ibid.

936 2813 957 2828 ’δ
972 2813 1061 2845 Epist.
1075 2813 1120 2841 45.
