1969 3052
239 154 290 186 103

765 153 953 184 GARNERII
973 153 1220 184 DISSERTATIO
1240 152 1264 182 ῐ.

1819 151 1868 184 Idl

239 215 279 238 tot
289 209 459 237 lieortasticte
475 208 597 244 cpistola:
613 208 764 235 etiamnum
787 208 942 241 habentur,
963 208 1027 244 qui-
1043 213 1065 241 Α
1079 215 1139 241 nos,
1158 208 1206 244 qui
1224 212 1252 235 et
1274 207 1398 234 Anomoei
1420 205 1601 240 dicebantur;
1615 206 1803 236 Macedoniam
1819 209 1868 235 tri-

239 256 300 287 bus.
319 255 372 282 etsi
391 254 561 282 brevissima:
589 253 654 285 sint,
679 257 710 279 ut
739 252 918 280 salutationes
938 253 1026 285 decet,

239 300 306 327 nihil
317 303 364 326 aut
379 298 513 326 urbanius
530 298 649 326 inveniri
665 302 768 333 potest,
788 302 836 325 aut
857 298 1026 334 elegantius,

238 345 381 373 autetiam
397 344 482 379 magis
498 344 583 379 pium.

272 391 317 418 Xl.
338 390 504 418 Eorumdem
534 389 685 416 amicorum
711 389 821 416 casibus
842 388 1027 420 afficiebatur,

237 436 351 471 perinde
363 443 394 463 ac
406 435 473 468 suis,
490 435 564 470 quod
576 435 696 462 hominis
706 435 806 462 eximie
824 434 936 470 benigni
950 443 956 461 :
969 435 1028 462 haec

238 490 319 509 causa
341 481 402 513 fuit,
415 489 465 509 cur
478 481 678 509 eonsolatorias
694 481 801 508 litteras
819 480 949 515 frequens
962 481 1030 508 scri-

239 527 326 558 beret,
338 527 469 562 episcopo
479 527 592 562 quidem
608 526 717 561 dignas,
742 526 790 554 sed
806 526 919 553 humani
937 530 1029 554 tamen

237 579 336 599 sensus
354 579 409 598 non
424 571 530 598 inanes.
547 570 617 603 Quid
636 571 786 598 humanius
802 571 845 598 his
864 570 898 597 ad
910 570 1028 598 Alexan-

237 617 659 644 dramnobilissimamfeminam
668 617 806 644 verbis"?
820 626 829 642 ε
843 616 871 644 Si
878 624 968 648 casus,
982 617 1029 651 qui

240 663 289 690 tibi
307 663 417 695 accidit,
436 663 520 690 solam
536 666 663 689 naturam
683 662 888 689 considerarem
899 681 906 693 ,
920 669 1029 696 egerem

238 712 267 735 et
289 715 340 744 ego
359 707 417 743 ipse
434 707 670 740 consolatoribus,
690 715 746 734 non
769 707 858 735 solum
874 707 948 742 quod
969 715 1029 735 mea

238 761 299 781 esse
317 753 428 786 ducam,
450 761 511 788 qua:
533 756 579 780 tua
604 757 684 785 sunt,
707 756 765 779 tum
785 752 865 784 laeta,
897 757 953 780 tum
976 753 1029 780 alia

239 807 425 834 quaecunque;
446 807 543 826 verum
559 799 642 826 etiam
654 799 727 834 quod
740 799 931 826 admirandum
952 799 1029 826 illum

239 853 272 874 ac
290 846 353 882 jure
373 845 539 872 laudandum
561 845 651 872 virum
675 845 756 872 unice
778 844 931 875 dilexerim,
946 849 999 872 etc.
1017 854 1026 870 ›

1080 253 1143 285 bus,
1156 253 1267 280 duobus
1280 251 1480 287 Apollinarium
1493 251 1603 279 refellit.

1111 298 1227 334 Scripsit
1239 298 1323 325 etiam
1339 297 1551 325 commentarios
1575 298 1603 325 in
1620 297 1732 326 Cantica
1747 298 1868 326 cantico—

1083 353 1156 377 rum,
1171 353 1227 372 non
1244 343 1292 379 qui
1312 343 1450 371 habentur
1467 343 1496 370 in
1509 343 1589 371 libris
1598 343 1701 371 editis:
1717 348 1781 372 sunt
1795 345 1868 372 enim

1080 389 1216 425 suppositi
1239 389 1261 405 "
1283 398 1288 415 :
1312 388 1359 416 sed
1379 387 1441 421 alii,
1459 395 1529 423 quos
1548 388 1686 416 interiisse
1708 388 1735 415 in
1753 396 1868 416 censura

1078 435 1268 463 ostendemus.
1291 434 1409 469 Scripsit
1430 434 1535 469 pariter
1563 433 1591 461 in
1619 434 1760 462 Danielem
1788 439 1869 469 atque

1078 479 1147 506 alios
1160 478 1318 514 prophetas,
1333 477 1392 506 sive
1406 478 1454 514 qui
1465 476 1582 512 majores
1598 477 1738 511 dicuntur,
1748 479 1806 506 sive
1821 479 1868 514 qui

1078 525 1211 553 minores.

1114 571 1203 606 Atque
1228 571 1295 599 illud
1322 570 1374 598 fuit
1397 570 1556 598 tirocinium
1579 570 1711 603 auctoris,
1724 578 1780 605 quo
1789 578 1870 598 nemo

1079 615 1158 650 plura
1184 615 1319 643 dicendus
1342 620 1385 643 est
1408 615 1528 643 edidisse
1543 615 1615 642 inter
1635 614 1754 644 Graecos.
1771 619 1871 649 prater

1078 661 1307 697 Chrysostomum
1326 665 1355 689 et
1370 661 1515 697 Cyrillum,
1541 661 1564 688 si
1583 660 1666 688 modo
1679 660 1815 696 judicium
1828 659 1869 688 fe-

1079 706 1196 734 rendum
1213 707 1251 734 sit
1266 715 1300 734 ex
1317 707 1459 742 operibus,
1479 714 1540 742 quae
1557 706 1592 734 ad
1606 714 1658 733 nos
1672 710 1868 741 pervenerunt.

1114 753 1218 780 Verum
1238 752 1443 780 laudatissimus
1468 752 1512 780 ille
1539 756 1622 787 atque
1645 751 1808 779 utilissimus
1823 751 1871 778 ad-

1079 806 1176 825 versus
1194 798 1342 826 haereticos
1370 798 1488 826 Arianos
1509 803 1538 826 et
1558 797 1767 833 Apollinaristas
1792 796 1870 824 labor

1080 843 1176 872 nocuit
1195 845 1318 877 auctori,
1344 844 1449 879 totique
1463 844 1603 876 Ecclesiae,
1615 851 1671 871 non
1683 850 1733 878 per
1745 850 1786 875 se,
1803 842 1869 877 quid

275 890 333 917 XII.
355 890 424 917 Cum
446 890 546 917 vicinis
558 890 687 918 omnibus
710 890 846 925 episcopis
865 898 921 917 non
933 890 1030 918 huma-
1046 897 1065 923 Β
1079 890 1153 918 enim
1181 890 1356 918 consultius?
1384 890 1431 917 scd
1452 889 1554 917 infelici
1575 889 1693 925 quadam
1715 889 1868 916 occasione.

240 944 302 963 nam
313 935 395 963 modo
410 936 558 963 amicitiam
577 936 673 968 coluit,
696 936 743 963 sed
761 936 948 964 Christianam
961 944 1029 971 quo-

239 989 293 1016 que
317 981 489 1009 eharitatem.
515 981 545 1008 ln
572 981 755 1016 Euphratesia
776 982 928 1017 provincia,
950 983 1029 1017 cujus

241 1035 304 1062 pars
318 1031 360 1055 est
375 1026 526 1063 Cyrestiea,
546 1026 659 1054 fuerunt
675 1035 707 1054 ea
723 1031 813 1059 aetate,
832 1028 905 1062 quod
917 1028 1029 1062 quidem

241 1073 336 1104 sciam,
352 1077 452 1107 prmter
467 1072 569 1107 Cyrum
587 1072 732 1099 duodecim
755 1073 898 1106 civitates;
921 1073 1030 1108 scripta:

241 1115 275 1142 ad
299 1116 420 1150 plurium
444 1111 591 1143 'antistites
621 1116 742 1151 epistolae
768 1125 843 1144 nunc
876 1117 1029 1150 habentur,

241 1162 335 1189 amica:
357 1169 452 1188 omnes
469 1166 497 1189 et
510 1162 652 1190 charitatis
669 1169 751 1190 sensu
769 1163 866 1197 plenae.
885 1163 1027 1190 Habentur

242 1215 308 1235 sane
327 1207 361 1235 ad
376 1207 560 1235 Alexandrum
570 1208 804 1243 Hierapolitanum
823 1209 978 1244 primatem,
996 1209 1029 1236 ad

242 1253 380 1281 Andream
392 1253 611 1286 Samosatenum,
625 1253 757 1281 Joannem
767 1254 1029 1287 Germaniciensem,

243 1298 447 1325 Theodoretum
464 1297 882 1332 Zeugmatensem,Sabinianum
892 1299 1030 1326 Perrhen-

243 1351 322 1376 sem;
353 1351 405 1370 nec
433 1341 547 1370 dubium
566 1343 633 1378 quin
653 1343 688 1370 ad
704 1343 782 1375 alios,
801 1343 877 1370 velut
903 1343 1029 1377 Dolichii,

245 1388 358 1422 Europi,
371 1387 541 1419 Urimorum,
552 1387 746 1420 Neocaesareaz,
759 1387 935 1423 Sergiopolis,
954 1388 1032 1417 Sura

244 1439 273 1461 et
291 1433 500 1468 Macrianopolis
517 1433 647 1468 praesides
665 1443 672 1460 :
689 1441 752 1461 nam
770 1434 862 1462 multae
883 1439 957 1468 sunt,
975 1443 1031 1463 non

245 1479 384 1514 inscriptae
404 1479 514 1506 nomine
544 1478 681 1512 civitatis,
708 1480 787 1516 cujus
810 1480 843 1507 ad
871 1480 1031 1516 episcopum

244 1525 433 1553 mittebantur.

1083 936 1151 963 Nam
1166 943 1228 964 cum
1245 935 1438 964 Theodoretus
1457 936 1610 972 praestigias
1633 935 1744 971 triginta
1765 935 1869 970 Apolli-

1081 982 1169 1014 narii,
1188 986 1372 1018 cognatasque
1398 982 1514 1009 aliorum
1537 981 1729 1010 hzereticorum
1751 981 1871 1016 argutias

1083 1029 1256 1060 dissolveret,
1285 1036 1384 1063 passus
1415 1032 1467 1060 est,
1494 1028 1567 1063 quod
1589 1028 1767 1056 vehementer
1780 1027 1869 1054 affecti

1082 1073 1172 1101 solent
1191 1081 1197 1099 :
1216 1073 1317 1100 formas
1330 1073 1446 1108 hujusce
1461 1073 1574 1100 haeresis
1586 1073 1674 1104 ﬁnxit,
1695 1080 1728 1099 eo
1750 1072 1872 1099 fallacio-

1083 1127 1138 1151 res,
1159 1126 1214 1154 quo
1232 1118 1392 1151 invidiores,
1416 1126 1527 1153 easque,
1552 1126 1645 1146 amore
1667 1118 1728 1145 fidei
1752 1117 1870 1152 odioque

1083 1164 1186 1191 erroris
1197 1164 1349 1196 annitente,
1363 1164 1416 1191 alte
1429 1165 1521 1192 animo
1545 1165 1586 1192 sic
1601 1163 1751 1200 impressit,
1768 1168 1798 1191 ut
1814 1164 1871 1191 ha:-

1083 1209 1157 1237 rcsin
1172 1213 1268 1245 postea
1284 1210 1337 1238 sibi
1363 1210 1519 1245 perspicere
1544 1210 1697 1242 videretur,
1715 1210 1742 1237 in
1755 1209 1869 1244 quibus-

1083 1263 1192 1290 cunque
1214 1255 1294 1283 libris
1319 1259 1496 1283 occurrerent
1524 1256 1608 1283 verba
1636 1255 1708 1283 ﬂecti
1735 1255 1824 1282 facilia
1843 1254 1869 1281 in

1084 1302 1292 1337 praejudicatum
1310 1309 1432 1329 sensum.
1449 1301 1511 1329 Haec
1524 1309 1539 1328 a
1554 1301 1636 1328 nobis
1649 1305 1679 1328 ut
1693 1301 1814 1333 brevius,
1833 1300 1871 1327 ita

1084 1346 1177 1374 forsan
1194 1347 1341 1374 obscurius
1355 1346 1439 1380 dicta,
1457 1354 1628 1382 consequens
1649 1355 1741 1374 rerum
1756 1351 1871 1374 eventus

1084 1391 1242 1419 declarabit.

1359 1449 1437 1485 150
1454 1449 1529 1477 CAP.
1553 1449 1599 1477 1v.

1084 1506 1105 1534 l.
1118 1505 1422 1542 iConslantinopolitanw
1431 1506 1718 1542 Ecclesitewprteﬁcitur
1726 1506 1869 1534 Nestorius.

1117 1541 1149 1568 ll.
1168 1542 1319 1569 Theodoreti
1331 1542 1441 1568 amicus.
1456 1541 1528 1569 HLA
1545 1541 1676 1568 Theodoro
1690 1541 1870 1575 Mopsuesteno

279 1569 373 1605 Neque
391 1577 457 1597 vero
482 1577 538 1598 suae
562 1570 711 1605 provinciae
734 1570 835 1599 ﬁnibus
852 1579 929 1599 suam
941 1571 1069 1601 amici-C
1119 1576 1248 1603 didicerat
1273 1577 1395 1605 hwrest'n.
1421 1577 1462 1603 cui
1490 1585 1586 1603 nomen
1611 1576 1691 1603 dedit.
1723 1569 1766 1603 I'V.
1797 1576 1872 1603 "anc

245 1614 310 1641 tiam
339 1614 486 1647 continuit,
507 1614 555 1642 sed
584 1614 618 1642 ad
645 1615 750 1642 vicinas
773 1623 883 1651 quoque
900 1616 1032 1644 extendit.

283 1660 363 1696 149
384 1660 593 1695 Euphratesiam
619 1660 769 1695 Augustam
798 1662 916 1689 attinent
943 1661 979 1689 ab
1001 1669 1035 1689 o-

245 1707 333 1734 riente
351 1705 510 1739 Osrhoena;
531 1714 546 1733 a
573 1706 689 1733 meridie
715 1706 855 1734 Phoenicia
880 1707 979 1734 Libani
1006 1711 1035 1734 et

246 1751 325 1786 Syria
337 1750 443 1785 prima;
458 1751 492 1778 ab
519 1751 660 1779 occidente
677 1751 772 1779 Cilicia
794 1753 913 1780 secunda
927 1761 934 1786 ;
959 1760 975 1780 a
991 1761 1035 1781 se-

245 1797 400 1832 ptentrione
418 1796 556 1824 Armenia.
574 1796 723 1824 Osrhoenae
740 1802 822 1833 caput
838 1798 891 1825 fuit
907 1798 1009 1826 Edessa
1024 1807 1031 1832 ;

247 1841 332 1877 Syriae
349 1842 443 1876 prima:
456 1842 594 1877 totiusque
606 1841 737 1875 Orientis,
750 1842 908 1877 Antiochia;
919 1844 1032 1877 Ciliciae,

246 1887 425 1920 Anazarbus;
441 1887 576 1915 Armenia:
588 1888 726 1921 secundae,
741 1889 882 1923 Melitene;
897 1889 1034 1917 Armeniae

246 1933 350 1968 primas,
364 1932 487 1961 Sebaste.
502 1933 544 1961 Ad
557 1933 725 1968 singularum
738 1935 882 1969 episcopos
896 1935 1034 1964 scribebat

246 1978 387 2013 frequens,
406 1982 567 2014 tantumque
584 1987 633 2014 per
649 1979 755 2007 litteras
773 1979 889 2007 faciebat
905 1980 1032 2008 omnibus

246 2023 290 2050 sui
315 2031 446 2056 amorem,
466 2028 496 2051 ut
512 2024 576 2051 inde
590 2025 763 2059 postmodum
775 2029 836 2052 orta
852 2025 888 2052 sit
903 2025 1032 2053 crimina-

247 2070 364 2102 tionum,
383 2077 452 2104 quas
468 2077 565 2104 passus
586 2074 639 2103 est,
660 2070 683 2098 si
698 2078 753 2097 non
768 2076 859 2103 causa,
877 2070 972 2098 saltem
984 2078 1032 2098 oc-

247 2115 331 2143 casio.

281 2160 352 2188 Xlll.
366 2160 425 2188 Jam
438 2160 502 2188 inde
516 2168 531 2187 a
544 2160 639 2195 primis
652 2160 914 2198 episcopatusannis
929 2158 1031 2196 aliquid

245 2206 388 2241 scripsisse
405 2205 520 2233 suadere
534 2209 627 2241 posset
643 2206 761 2233 hominis
776 2205 895 2233 eruditio
910 2206 1030 2241 singula-

1122 1619 1247 1646 spargere
1260 1612 1355 1644 ubique
1368 1612 1471 1638 nititur.
1494 1611 1527 1639 ν.
1547 1610 1652 1638 Obsistit
1667 1615 1773 1638 sanctus
1783 1610 1871 1646 Cyril-

1122 1646 1171 1673 lus.
1188 1647 1232 1673 Vl.
1249 1645 1277 1674 S.
1295 1646 1450 1674 Calatinus
1473 1654 1531 1673 eam
1550 1654 1608 1672 cum
1635 1651 1740 1672 auctore
1761 1645 1871 1673 dainnat

1122 1681 1213 1708 Roma:
1221 1682 1248 1708 in
1263 1681 1371 1708 concilia
1386 1680 1542 1708 Occidentis.
1552 1681 1608 1708 Vll.
1622 1680 1737 1715 Cyrillus
1747 1681 1773 1707 in
1784 1682 1872 1707 conci-

1113 1716 1157 1743 lio
1175 1716 1294 1752 ﬁgupti,
1315 1716 1384 1743 unde
1410 1717 1489 1742 mittit
1507 1716 1545 1752 rad
1561 1715 1712 1752 Nestorium
1736 1715 1872 1752 duodecim

1119 1750 1364 1783 anathentotismos,
1389 1759 1448 1778 cum
1470 1751 1524 1777 suis
1544 1754 1573 1786 et
1596 1750 1745 1786 apostolicis
1767 1750 1870 1777 litteris.

1123 1786 1190 1814 Vlll.
1222 1786 1395 1813 Theodoretus
1426 1790 1520 1820 rogatu
1548 1785 1662 1813 Nectarii
1694 1786 1873 1812 anathemati-

1121 1829 1193 1848 amos
1208 1822 1305 1855 arguit.
1327 1821 1371 1848 IX.
1386 1820 1496 1848 Labitur
1520 1821 1548 1848 in
1575 1821 1699 1855 hwrcsin.
1719 1820 1752 1847 Χ.
1771 1820 1872 1854 Lapsus

1119 1863 1215 1883 causa.
1240 1856 1286 1883 Xl.
1304 1855 1425 1890 Epistola
1443 1855 1478 1882 ad
1498 1856 1659 1882 monasteria
1684 1854 1783 1890 Cyrillo
1798 1855 1873 1890 inju-

1117 1891 1198 1952 riosg.
1217 1890 1275 1918 XII.
1290 1889 1440 1918 Gennadius
1453 1891 1514 1917 inde
1531 1891 1656 1917 adversus
1677 1889 1806 1925 Cyrillum
1829 1898 1873 1916 ar—

1121 1933 1167 1952 cen
1187 1930 1252 1952 ttur.

1121 1926 1252 1952 cenditur.

1274 1980 1283 1990 ‘
1295 1981 1332 2006 Ab
1342 1988 1407 2005 anno
1418 1980 1508 2006 Christi
1520 1981 1565 2005 428
1583 1982 1612 2006 ad
1630 1982 1683 2006 451.

1119 2031 1140 2059 1.
1152 2032 1246 2059 Annos
1254 2031 1311 2060 fere
1328 2037 1389 2059 octo
1402 2032 1428 2059 in
1446 2032 1604 2067 episcopatu
1615 2033 1803 2061 Theodoretus
1816 2035 1872 2069 jam

1084 2081 1197 2111 egerat,
1227 2084 1289 2103 cum
1311 2077 1441 2105 defuncto
1468 2077 1590 2106 Sisinnio
1610 2079 1692 2114 regis:
1714 2079 1790 2107 urbis
1812 2080 1872 2114 epi-

1085 2127 1178 2155 scopo,
1199 2120 1338 2155 cleroque,
1359 2121 1432 2149 inter
1450 2122 1586 2157 agendum
1603 2122 1637 2149 de
1656 2131 1826 2155 successore,
1845 2124 1872 2150 in

1085 2169 1176 2198 partes
1205 2164 1301 2197 diviso,
1331 2166 1479 2200 imperator
1507 2167 1687 2200 Theodosius,
1716 2176 1771 2204 quo
1797 2169 1872 2196 litem

1085 2214 1278 2244 componeret,
1311 2210 1458 2239 Antiochia
1491 2212 1650 2240 Nestorium
1677 2215 1872 2242 accersendum

245 2251 295 2280 ris.
316 2255 344 2278 et
363 2250 502 2286 ingenium
522 2255 687 2278 actuosum:
706 2251 754 2278 sed
778 2251 805 2278 id
830 2251 941 2286 opinari
958 2255 1032 2279 vetat
1048 2250 1070 2277 D
1084 2254 1220 2285 credidit.
1251 2256 1434 2292 Ecclesiaeque
1466 2257 1772 2294 Constantinopolitanae
1806 2268 1873 2295 prac-

246 2297 319 2323 ratio
345 2297 494 2328 temporis;
522 2303 585 2323 nam
612 2297 730 2331 primum
750 2304 820 2332 opus
841 2298 914 2325 circa
929 2306 1031 2327 annum

245 2340 299 2368 625
310 2340 406 2367 edidit.
422 2340 511 2374 Quare
527 2340 650 2376 quinque
661 2341 770 2376 priores
786 2350 873 2370 annos
892 2343 985 2378 posuit
1003 2344 1032 2371 in

245 2386 304 2414 suis
319 2385 487 2421 Cyrensibus
498 2386 533 2414 ad
549 2394 641 2414 veram
653 2386 784 2422 pietatem
801 2389 959 2416 excolendis
968 2397 1033 2424 pro-

245 2431 424 2467 fligandisque
448 2431 652 2468 haereticis,qui
674 2437 740 2461 tunc
754 2434 892 2464 visebant.
911 2434 1031 2468 Arianis,

246 2477 456 2510 Macedonianis,
468 2482 550 2513 atque
560 2479 771 2513 Apollinaristis.
784 2479 840 2508 llos
854 2482 1034 2510 concionibus

246 2523 364 2557 primum
382 2524 560 2559 oppugnavit,
578 2532 642 2552 mox
653 2525 743 2558 libris,
755 2533 835 2561 quos,
849 2530 880 2553 ut
892 2527 927 2554 ab
942 2528 1033 2555 omni-

249 2569 300 2596 bus
323 2568 429 2597 faeilins
454 2569 620 2605 legerentur,
634 2570 805 2606 dialogorum
823 2579 900 2599 more
922 2580 1034 2608 compo-

249 2613 302 2642 iuit
321 2622 328 2641 :
345 2614 453 2643 duobus
467 2615 549 2651 igitur
564 2615 689 2647 Arianos.
709 2624 757 2643 seu
774 2617 865 2651 potius
883 2618 1033 2646 Eunomia-

1087 2301 1245 2329 iiciendum.

1121 2348 1154 2376 ll.
1168 2349 1235 2376 Erat
1252 2349 1298 2377 ille
1315 2350 1472 2385 eloquentia
1487 2355 1515 2378 et
1533 2351 1594 2377 vitae
1607 2351 1731 2378 instituto
1744 2350 1870 2380 celebris.

1086 2393 1286 2429 videbaturque
1308 2395 1395 2430 ipsius
1414 2395 1496 2422 etiam
1509 2395 1706 2430 Chrysostomi,
1728 2395 1872 2422 Antiochia

1086 2439 1151 2466 olim
1180 2440 1296 2472 evocati,
1322 2448 1376 2468 non
1401 2440 1534 2469 absimilis
1554 2440 1683 2467 futurus:
1700 2448 1785 2475 quare
1811 2448 1872 2467 om-

1085 2484 1182 2517 nium,
1217 2490 1398 2520 pmterquam
1423 2486 1586 2514 clericorum
1622 2478 1872 2522 monachorumque

1087 2530 1158 2557 votis
1178 2535 1317 2565 expetitus
1334 2531 1597 2567 Constantinopolim
1614 2532 1700 2565 venit,
1714 2533 1871 2562 ordinatus-

1086 2583 1140 2610 que
1154 2580 1197 2603 rst
1214 2576 1258 2603 die
1274 2576 1379 2604 decima
1398 2577 1499 2612 Aprilis
1515 2577 1579 2604 anni
1597 2578 1659 2605 £28.

1124 2621 1169 2648 lll.
1188 2622 1302 2649 Vixerat
1322 2623 1416 2657 plures
1444 2630 1531 2650 annos
1559 2631 1621 2651 cum
1644 2624 1816 2653 Theodoreto
1843 2625 1869 2653 in

921 2706 1076 2736 SCHULZII
1096 2708 1210 2737 NOTIE.

285 2790 308 2806 ³⁸
321 2790 407 2825 Epist.
427 2791 470 2819 ﬂ.

246 2823 312 2852 diss.
324 2823 353 2859 2,
364 2833 384 2854 c.
401 2826 428 2860 5,
447 2826 504 2863 53;
522 2826 570 2855 sed
584 2835 681 2863 parum
700 2823 793 2858 vale'r'e
809 2831 865 2864 illa,
876 2823 985 2866 ipsein.

527 2791 713 2837 Δῗςτέηξρξίπι
727 2796 867 2837 suppositi.
878 2796 976 2837 .Multjs
993 2797 1288 2837 quidemargumentis
1304 2800 1374 2828 hanc
1387 2801 1551 2837 hypothesin
1565 2811 1697 2832 exornare
1716 2803 1821 2832 studuit
1841 2804 1869 2832 in

991 2805 1288 2860 guraemargumentis
1304 2805 1374 2828 hanc
1388 2805 1536 2843 hypothesi:

1011 2841 1045 2861 ne
1058 2839 1156 2870 captus
1169 2839 1242 2878 tertii
1257 2843 1355 2872 negare
1367 2844 1422 2865 non
1438 2842 1536 2874 petunt.
