1969 3052
155 149 204 182 105

756 145 938 177 HISTORIA
956 145 1211 181 THEODORETI.

1725 155 1774 188 106

153 204 265 231 mandra
285 204 377 232 Sancti
398 204 528 239 Euprepii
548 211 633 238 prope
651 202 836 233 Antiochiam,
858 201 939 234 eique
955 202 976 230 Α
992 205 1097 231 tantum
1111 205 1196 240 regia,
1209 213 1259 232 nec
1271 206 1298 233 in
1313 206 1425 235 Oriente
1447 208 1547 241 solum,
1574 209 1621 236 sed
1641 211 1722 238 etiam
1747 211 1773 238 in

151 255 211 276 eral
224 258 280 276 non
298 250 421 277 diuturni
437 254 540 276 tantum
558 248 743 280 contubernii,
766 247 813 274 sed
831 246 938 274 studio-

152 302 212 321 rum
236 295 317 321 etiam
334 302 365 322 ac
385 295 517 322 doctrina:
534 294 726 321 communione
746 291 938 328 coniunctissi-

152 342 396 369 muszhabuerant
407 343 480 369 enim
498 342 578 370 ambo
590 340 762 369 communem
779 340 938 375 magistrum

152 388 230 415 libris
243 393 270 414 et
287 389 468 415 concionibus
491 388 628 415 celebrem
655 387 840 418 Theodorum,
860 387 938 421 cujus

150 433 260 468 scriptis
284 442 412 468 semper,
438 434 558 469 alloquio
580 433 729 461 identidem
757 432 936 464 fruebantur,

148 484 232 514 prout
249 487 347 514 nempe
364 480 548 512 Antiochiam,
562 480 640 507 statis
651 479 818 515 synodorum
832 482 937 513 tempo—

149 524 238 556 ribus,
257 525 396 552 vcniebat.
423 525 518 559 Ibique
543 530 656 560 propter
671 524 860 552 incredibilem
877 531 937 550 om-

148 570 225 597 nium
237 571 395 606 opinionem
410 570 585 598 detinebatur
599 570 769 605 aliquandiu,
787 574 816 596 ut
828 569 938 596 audien-

148 616 216 642 tium
246 616 424 651 cupiditatem
453 616 584 651 expleret.
617 616 679 643 lmle
718 619 792 642 arcta
819 614 936 642 Nestorii

147 661 370 698 Theodoretiquc
386 661 637 689 necessitudo.Etsi
647 665 720 688 tanta
735 665 794 688 erat
809 659 936 687 Theodo-

147 711 236 733 retum
258 707 330 734 inter
345 712 372 734 et
384 707 540 734 Nestorium
554 706 681 734 amicitia
699 706 864 737 necessitas,
881 712 935 731 nou

147 752 201 779 fuit
220 757 311 780 tamen
325 761 379 780 una
398 753 542 787 utriusque
556 752 672 783 indoles,
687 751 839 786 eademque
852 749 935 777 animi

144 798 318 833 propensio:
343 798 517 826 Theodorcto
541 798 649 826 sincera
681 805 777 830 mens,
808 796 935 824 Nestorio

144 844 281 877 subdola;
301 853 357 871 rem
375 844 460 880 ipsam
476 845 585 879 pietatis
597 844 788 871 Theodoretus
809 842 933 870 sectaba-

144 892 200 919 tur,
218 889 363 916 Nestorius
376 873 494 924 speciem
509 898 514 916 :
529 889 625 917 amicis
639 888 685 915 ille
703 895 772 922 pene
787 888 934 920 serviebat,
952 873 972 901 Β

143 938 175 960 ut
204 933 342 967 dominis;
367 934 418 962 iste
447 934 578 962 utebatur
608 937 738 968 tanquam
780 933 934 968 mancipiis.

144 980 236 1006 Verbo
264 980 364 1013 dicam,
389 981 416 1008 id
441 988 501 1008 esse
527 980 615 1008 voluit
647 980 847 1013 Theodoretus,
862 980 935 1015 quod

142 1025 288 1053 Nestorins
304 1027 403 1054 videri.

179 1071 223 1098 IV.
248 1071 346 1098 Fertur
366 1072 388 1088 ³¹
413 1071 480 1099 falsa
499 1071 624 1106 quaedam
650 1072 684 1099 de
704 1071 831 1100 Nestorio
852 1071 934 1103 fama,

141 1117 228 1150 quod,
247 1125 309 1144 cum
329 1118 433 1145 accitus
454 1117 718 1152 Constantinopolim
746 1126 795 1152 per
812 1117 934 1144 Ciliciam

142 1162 283 1193 transiret,
297 1162 344 1189 ubi
363 1162 529 1197 Mopsuestia
546 1166 598 1194 est,
618 1162 793 1190 Theodorum
811 1162 936 1197 Mopsue—

141 1207 202 1235 stia:
227 1208 371 1242 praasulcm
395 1208 543 1235 admodum
566 1216 672 1241 senem,
693 1209 793 1244 quippe
819 1209 936 1244 expletis

142 1255 199 1280 fere
213 1261 260 1280 sex
282 1258 309 1280 ct
330 1254 441 1289 triginta
463 1253 639 1288 episcopatus
656 1254 746 1286 annis,
762 1254 933 1286 convenerit,

141 1299 281 1333 simulque
297 1299 442 1334 agitaverit
460 1299 574 1326 consilia
588 1299 621 1327 de
633 1299 745 1332 ililll‘CSi,
764 1308 845 1334 quam
861 1305 934 1327 uter-

141 1353 196 1379 que
214 1344 318 1371 duduin
342 1345 370 1372 in
398 1345 460 1372 sinu
483 1345 604 1377 fovebat,
618 1353 755 1380 quamque
773 1345 934 1373 Theodorus

140 1390 224 1417 etiam
243 1390 372 1425 scriptis,
405 1391 451 1418 sed
476 1391 611 1419 hactenus
632 1391 750 1427 pressis,
773 1391 932 1424 mandarat,

143 1436 220 1470 151
254 1444 303 1470 pro
330 1441 453 1472 tempore
484 1441 512 1464 et
543 1437 604 1465 loco
629 1437 778 1472 aperienda
799 1447 804 1464 :
823 1437 934 1473 quando

141 1489 240 1515 nempe
258 1481 401 1509 Nestorius
413 1486 514 1509 tantam
528 1484 676 1517 potentiam
687 1483 933 1518 auctoritatemque

140 1526 213 1562 apud
244 1527 399 1562 principum
431 1528 538 1555 animos
556 1528 671 1563 adeptus
690 1529 802 1561 fuisset,
831 1533 933 1564 quanta

140 1581 211 1609 opus
232 1577 292 1601 erat
317 1574 352 1601 ad
379 1578 434 1600 tam
456 1574 544 1601 audax
575 1574 683 1602 facinus
711 1574 882 1602 tentandum.
903 1575 933 1602 Id

140 1619 267 1654 quamvis
284 1619 319 1647 ab
339 1619 466 1655 Evagrio,
489 1624 600 1648 auctore
629 1620 796 1655 caeteroquin
826 1621 932 1654 nobili,

141 1664 277 1696 tradatur,
300 1669 405 1700 pugnat
431 1669 522 1692 tamen
541 1673 605 1692 cum
623 1666 729 1693 ratione
756 1670 931 1700 temporum:

140 1717 204 1736 nam
232 1710 305 1737 dicm
330 1714 484 1737 extremum
508 1710 615 1738 obierat
643 1711 816 1741 Theodorus.
844 1712 934 1746 prius-

138 1762 222 1789 quam
236 1755 269 1782 de
284 1755 460 1790 prieﬁciendo
476 1755 605 1782 Ecclesiae
623 1755 932 1790 Constantiuopolitaum

138 1800 267 1828 Nestorio
282 1800 459 1836 cogitaretur.
484 1801 544 1827 Non
572 1801 646 1827 enim
669 1800 745 1835 prius
771 1800 930 1836 cogitatum,

138 1853 242 1879 quam,
270 1845 401 1872 defuncto
426 1845 567 1876 Sisinnio,
597 1845 768 1872 divideretur
792 1845 819 1872 in
840 1851 932 1880 partes

139 1890 218 1917 urbis
235 1890 316 1925 regiae
327 1891 428 1922 clerus,
439 1891 500 1918 aliis
512 1891 595 1917 alium
609 1891 754 1926 praesulem
765 1891 929 1918 volentibus.

137 1936 220 1970 Atqui
242 1936 389 1963 defunctus
404 1941 447 1963 est
467 1935 605 1963 Sisinnius
630 1936 673 1963 die
695 1936 730 1963 2t
759 1936 929 1968 Decembris,

136 1989 204 2009 ann.
222 1982 284 2014 ω,
299 1990 355 2017 quo
371 1990 445 2010 anno
462 1983 601 2010 Theodori
616 1982 708 2010 obitus
724 1983 848 2018 contigit.
859 1983 932 2016 Quo—

137 2027 221 2054 modo
235 2027 318 2063 igitur
332 2028 485 2060 Ncstorius,
500 2029 558 2063 qui,
569 2036 624 2055 non
637 2033 700 2055 ante
712 2028 838 2055 Martium
852 2037 929 2056 mcu-

136 2081 196 2100 sem
216 2074 280 2100 anni
305 2073 368 2105 428,
386 2073 652 2109 Constantinopolim
670 2082 719 2108 per
741 2074 863 2101 Ciliciam
880 2082 929 2110 pe-

137 2119 192 2150 tiit,
209 2119 384 2146 Theodorum
400 2120 548 2147 convenire
564 2119 709 2154 potuerit?

173 2164 235 2191 Fuit
251 2172 334 2199 porro
352 2164 490 2191 Theodori
513 2164 688 2200 Ncstoriique
716 2165 830 2194 haeresis
856 2166 929 2202 inju-

137 2210 210 2237 riosa
222 2214 305 2244 supra
320 2209 432 2236 modum
453 2210 573 2242 Christo,
593 2210 684 2238 Mariae
700 2210 816 2246 Virgini,
836 2216 864 2238 et
880 2211 928 2238 toti

138 2256 281 2282 hominum
309 2255 424 2290 generi:
448 2255 560 2282 Christo
583 2256 656 2282 enim
673 2255 813 2283 invidebat
830 2256 929 2283 divini—

138 2306 232 2333 tatem,
252 2301 356 2337 Virgini
382 2309 483 2328 nomen
502 2301 636 2336 Deiparm,
667 2301 828 2329 hominibus
851 2309 928 2336 spetn

135 2347 243 2374 salutis.
265 2346 407 2374 Christum
425 2346 527 2381 quippe
541 2346 684 2373 asserebat
701 2353 757 2372 non
770 2353 830 2373 esse
841 2346 927 2373 Deum

137 2393 238 2427 reipsa,
251 2393 299 2420 sed
313 2401 413 2428 purum
427 2392 578 2424 hominem,
594 2393 650 2419 Deo
661 2391 753 2420 Verbo
765 2391 928 2420 habitudine

135 2439 193 2466 sola
204 2439 373 2473 copulatum.
393 2439 470 2466 Unde
488 2438 713 2472 ﬁtconsequens,
735 2441 766 2464 ut
780 2445 831 2465 nec
849 2438 926 2466 beata

134 2484 220 2520 Virgo
244 2485 385 2520 peperisse
411 2485 497 2513 Deum
520 2484 575 2512 dici
596 2489 703 2519 posset,
722 2492 773 2512 nec
798 2485 928 2513 homines

133 2531 252 2559 salutem
267 2539 387 2566 sperare,
404 2537 434 2558 ut
450 2539 511 2565 quae
527 2530 563 2558 ab
577 2530 689 2558 homine
709 2532 862 2566 exspectari
879 2540 929 2559 ne—

133 2582 229 2612 queat.
256 2577 370 2604 Tantam
398 2577 580 2612 impietatem,
606 2585 668 2604 cum
689 2577 808 2612 primum
824 2585 927 2613 oppor-

135 2627 202 2650 tune
218 2623 318 2658 potuit,
332 2631 386 2658 qua
406 2623 599 2655 concionibus,
620 2631 673 2658 qua
693 2623 850 2658 colloquiis,
874 2632 927 2658 qua

136 2671 264 2706 malignis
285 2670 390 2698 artibus
421 2670 522 2705 sparsit
545 2670 697 2702 Nestorius,
727 2678 782 2697 non
808 2671 836 2697 in
858 2672 927 2699 urbe

988 249 1113 285 Egypto,
1131 252 1185 278 imo
1200 254 1264 280 etin
1283 254 1349 282 urbe
1364 255 1460 288 Roma,
1479 264 1532 291 quo
1554 265 1694 285 sermones
1710 266 1775 286 suos

991 297 1150 324 transmisit.

1024 341 1056 368 V.
1073 342 1220 378 Postquam
1244 352 1308 372 vero
1327 345 1461 374 nefandus
1483 347 1585 374 Christi
1608 348 1694 376 hostis
1709 357 1774 384 pro-

988 386 1078 421 palata
1099 387 1197 415 haeresi
1215 393 1302 417 totum
1315 391 1409 418 orbem
1426 394 1584 425 commovit,
1598 395 1775 430 monitusque

988 433 1073 475 semel
1095 441 1127 460 ae
1144 434 1244 462 iterum
1268 443 1283 462 a
1302 441 1398 464 sancto
1419 437 1532 473 Cyrillo,
1555 447 1610 466 non
1627 440 1708 467 modo
1720 448 1774 468 non

988 477 1071 506 desiit
1098 479 1257 513 impietatis,
1288 482 1336 509 sed
1364 490 1423 510 eam
1450 484 1644 518 conﬁdentius,
1669 494 1723 520 qua
1747 487 1774 514 vi

989 524 1165 558 potentiaque
1187 525 1434 562 Constantinopoli,
1450 536 1502 563 qua
1514 529 1658 557 fraudibus
1672 531 1774 563 Roma},

989 568 1098 595 ﬁrmare
1122 578 1207 597 ausus
1227 575 1289 598 est:
1316 579 1361 599 res
1378 572 1412 599 ad
1428 573 1520 600 sedem
1534 575 1710 608 apostolicam
1725 576 1776 603 de-

988 613 1041 640 lata
1059 614 1081 629 "
1094 619 1136 642 cst
1153 624 1201 650 per
1214 617 1330 648 litteras,
1344 622 1400 645 tum
1415 618 1519 654 Cyrilli,
1533 620 1675 654 querentis
1693 621 1775 648 simul

987 663 1015 686 et
1034 661 1212 694 accusantis;
1234 666 1291 689 tum
1318 663 1447 696 Nestorii,
1474 664 1554 692 ﬁdem
1580 673 1668 698 suam,
1685 667 1776 694 missis

987 711 1036 738 per
1061 704 1226 732 Antiochum
1253 707 1342 734 virum
1365 708 1499 736 illustrem
1513 710 1697 744 sermonibus,
1712 719 1776 746 pro-

988 749 1052 777 bare
1071 751 1230 779 adltilt‘lllis.

1022 796 1065 823 Vl.
1082 796 1170 824 Causa
1183 798 1210 824 in
1227 799 1346 826 concilio
1360 799 1493 832 Romano,
1514 805 1610 828 sancto
1626 801 1776 830 Cwlestino

987 842 1162 876 praesidente,
1178 844 1278 878 agitata
1293 849 1346 877 est,
1368 845 1477 880 lataque
1491 847 1638 879 sententia,
1653 855 1706 882 qua
1720 848 1776 875 Ila!-

988 888 1090 915 reticus
1099 888 1253 923 juberctur,
1271 890 1324 917 nisi
1334 891 1426 918 mallet
1439 891 1538 926 deponi
1553 892 1623 919 intra
1638 893 1775 920 decimum

987 933 1060 960 diem
1078 942 1093 961 a
1113 935 1331 968 denuntiatione,
1361 945 1490 964 revocare
1515 946 1650 971 errorem,
1671 940 1778 975 capitu-

986 979 1066 1014 laque
1091 988 1106 1007 a
1135 979 1236 1016 Cyrillo
1259 982 1361 1016 scripta
1380 982 1557 1010 subscribere
1574 983 1613 1010 ":
1632 984 1776 1020 juberelur

986 1033 1096 1060 quoque
1122 1026 1250 1062 Cyrillus,
1272 1029 1370 1062 prima;
1387 1034 1448 1064 post
1464 1030 1615 1057 Romanam
1631 1031 1705 1058 sedis
1718 1032 1776 1066 epi-

986 1079 1096 1106 scopus,
1119 1072 1193 1100 vices
1212 1073 1355 1102 Coelestini
1384 1075 1436 1103 hoc
1461 1075 1489 1102 in
1513 1077 1624 1111 negotio
1650 1077 1775 1112 implere,

986 1117 1206 1151 sententiamque
1219 1119 1331 1153 exsequi
1346 1127 1379 1146 cx
1395 1127 1532 1147 canonum
1551 1122 1720 1156 praescripto.

1022 1161 1076 1188 Vll.
1102 1162 1130 1189 ld
1156 1167 1186 1190 ut
1213 1169 1355 1198 priestaret
1380 1165 1509 1200 Cyrillus,
1535 1175 1568 1194 ex
1591 1171 1646 1194 tota
1659 1167 1776 1203 [Egypto

985 1207 1094 1242 collegit
1119 1209 1265 1244 synodum,
1291 1210 1410 1246 indeque
1431 1216 1548 1246 quatuor
1573 1213 1717 1247 episcopos
1739 1214 1775 1240 ad

985 1253 1141 1281 Nestorium
1164 1254 1242 1290 152
1258 1256 1342 1288 misit,
1360 1264 1422 1284 cum
1440 1258 1540 1284 summi
1558 1259 1566 1268 '
1581 1258 1718 1293 pontiﬁcis
1731 1259 1776 1286 lit-

986 1298 1062 1332 teris,
1090 1300 1214 1334 suisque,
1240 1305 1322 1335 atque
1351 1302 1434 1328 etiam
1464 1302 1609 1330 duodecim
1635 1303 1773 1338 capitulis,

985 1344 1042 1371 sive
1068 1345 1317 1378 anathematismis,
1343 1347 1445 1381 quibus
1467 1356 1499 1375 ex
1524 1348 1653 1376 mandato
1675 1351 1774 1376 summi

985 1391 1123 1425 pontiﬁcis
1134 1391 1297 1418 catholicam
1310 1386 1453 1420 veritatem
1466 1394 1584 1420 Nestorii
1598 1394 1775 1429 blasphcmiis

985 1435 1139 1470 oppositam
1154 1437 1315 1472 complexus
1331 1442 1400 1470 erat,
1420 1438 1576 1473 quibusque
1599 1440 1700 1474 scripto
1723 1440 1776 1467 Ne-

985 1481 1087 1509 storius
1112 1482 1296 1514 consentiret,
1323 1483 1346 1510 si
1369 1484 1453 1512 vellet
1476 1485 1628 1512 catholicus
1646 1479 1731 1513 videri
1747 1491 1776 1513 et

986 1527 1013 1554 in
1034 1527 1098 1555 sede
1111 1528 1273 1556 consistere.

1021 1574 1122 1601 Verum
1143 1575 1279 1609 Cyrillus,
1305 1579 1452 1609 antequam
1485 1575 1618 1610 synodum
1649 1575 1773 1606 haberet.

986 1619 1104 1653 indeque
1128 1619 1395 1654 Constantinopolim
1408 1619 1553 1654 episcopos
1570 1620 1701 1653 mitteret,
1717 1621 1775 1656 jus-

985 1669 1057 1691 serat
1085 1663 1285 1696 Possidonium,
1310 1671 1366 1691 suae
1394 1664 1522 1691 Ecclesiae
1545 1664 1702 1696 diaconum,
1726 1667 1774 1700 qui

985 1711 1070 1736 Roma
1087 1709 1186 1737 summi
1205 1709 1343 1744 pontiﬁcis
1364 1709 1471 1737 litteras
1485 1711 1626 1742 attulerat,
1641 1711 1773 1737 Hieroso-

983 1756 1082 1790 lymam
1106 1760 1135 1782 et
1156 1755 1330 1782 Antiochiam
1348 1755 1497 1790 proﬁcisci,
1511 1756 1670 1791 litterasque
1683 1757 1773 1784 C(cle-

983 1801 1047 1827 stini
1065 1801 1099 1828 ad
1119 1800 1262 1835 utriusque
1282 1800 1403 1828 civitatis
1428 1801 1564 1828 antistites
1588 1801 1704 1828 deferre.
1725 1801 1773 1829 His

983 1853 997 1872 a
1014 1853 1136 1877 ,summo
1165 1845 1296 1880 pontiﬁce
1320 1845 1492 1872 docebantur
1514 1845 1549 1872 de
1580 1845 1716 1872 sententia
1744 1846 1773 1873 in

982 1893 1139 1920 Nestorium
1154 1893 1218 1923 lata,
1232 1892 1369 1927 simulque
1385 1897 1413 1920 et
1428 1892 1659 1920 abstrahebantur
1673 1901 1687 1919 a
1711 1901 1773 1927 par-

983 1938 1067 1969 tibus,
1095 1945 1163 1971 quas
1185 1937 1304 1964 amicitia
1330 1937 1445 1964 suadere
1469 1941 1593 1971 poterat:
1615 1937 1773 1972 obstringe-

982 1983 1083 2010 bantur
1095 1983 1177 2010 etiam
1193 1982 1227 2010 ad
1243 1982 1306 2010 ﬁdei
1322 1990 1433 2010 causam
1444 1981 1655 2015 defendendam,
1673 1983 1771 2018 partim

981 2032 1067 2059 metu,
1097 2035 1132 2054 nc
1158 2027 1225 2062 quid
1250 2027 1339 2054 simile
1368 2027 1435 2061 ipsis
1449 2026 1642 2062 contingeret;
1670 2028 1769 2062 partim

982 2073 1095 2101 honoris
1115 2080 1209 2104 sensu,
1237 2077 1267 2100 ut
1298 2072 1345 2107 qui
1367 2077 1533 2100 vocarentur
1556 2073 1584 2100 in
1611 2072 1770 2100 societatem

980 2119 1082 2154 negotii
1103 2119 1226 2145 omnium
1246 2126 1278 2145 ca
1292 2123 1453 2153 tempestate
1469 2119 1591 2146 maximi.

1018 2165 1078 2198 Quo
1090 2170 1213 2200 tempore
1231 2165 1325 2200 Cyrilli
1344 2165 1477 2192 diaconus
1495 2165 1666 2192 Antiochiam
1682 2166 1767 2196 venit,

949 2211 969 2239 ι)
982 2212 1071 2238 soluta
1097 2218 1193 2238 recens
1214 2217 1273 2238 erat
1296 2211 1418 2245 synodus
1437 2210 1613 2242 autumnalis,
1628 2218 1770 2238 remanse-

982 2262 1080 2292 ratque
1095 2257 1165 2284 forte
1180 2257 1252 2291 apud
1266 2257 1400 2284 Joannem
1416 2256 1606 2284 Theodoretus
1623 2264 1685 2284 cum
1707 2256 1770 2285 aliis

981 2303 1114 2338 quinque,
1138 2302 1272 2330 Archelao
1291 2302 1420 2330 Ctesareaa
1435 2301 1623 2337 Cappadociae,
1639 2302 1769 2338 Apringio

980 2349 1129 2380 Chalcidis,
1144 2347 1257 2375 Heliade
1278 2347 1442 2383 Zeugmatis,
1454 2347 1562 2375 Meletio
1574 2347 1767 2379 Neocaesarea.

982 2396 1010 2419 et
1026 2391 1144 2419 Macario
1159 2391 1301 2419 Laodiceae
1315 2391 1463 2427 episcopis,
1479 2391 1643 2426 quibuscum
1659 2400 1688 2419 re
1709 2399 1768 2419 ma-

982 2439 1074 2466 turius
1094 2437 1257 2470 deliberata,
1275 2437 1362 2465 visum
1378 2441 1430 2469 est,
1448 2437 1562 2465 Joannis
1575 2437 1685 2464 nomine
1697 2438 1768 2465 scri-

980 2484 1102 2512 bendum
1130 2483 1274 2515 Nestorio,
1304 2487 1335 2510 ut
1361 2483 1492 2509 Θεοτὸκου
1518 2482 1689 2510 confessione
1716 2483 1767 2510 im—

981 2529 1150 2565 pendentem
1167 2528 1250 2563 capiti
1271 2536 1321 2555 suo
1335 2532 1526 2563 tempestatem
1543 2532 1691 2555 averteret.
1708 2528 1768 2556 Non

979 2576 1033 2603 erit
1056 2582 1139 2610 porro
1162 2581 1250 2601 vanus
1268 2574 1417 2609 conjector,
1429 2573 1476 2608 qui
1492 2574 1634 2608 epistolam
1647 2582 1662 2601 a
1677 2574 1769 2601 Theo-

979 2623 1078 2651 doreto
1089 2622 1219 2656 scriptam
1231 2624 1308 2655 putet
1322 2621 1354 2646 *5.
1372 2620 1440 2646 Nam
1456 2624 1484 2647 et
1500 2620 1534 2646 de
1548 2620 1634 2655 ipsius
1653 2620 1769 2647 consilio

979 2672 1081 2699 dictata
1098 2669 1209 2701 dicitur,
1226 2671 1254 2694 et
1272 2666 1358 2701 ipsius
1375 2665 1474 2701 stylum
1485 2666 1578 2698 refert,
1590 2670 1617 2692 et
1628 2665 1715 2692 alﬁnis
1727 2670 1769 2692 est

809 2718 874 2747 SCH
880 2719 969 2747 ULle
989 2718 1104 2748 ΝΟΤΛΕ.

172 2762 340 2798 'fiEvagrius
357 2763 404 2790 lib.
425 2772 444 2794 ι.
460 2771 519 2798 cap.
551 2763 577 2790 2.

629 2764 656 2802 ”_
682 2764 842 2802 Delalqcst.
872 2766 934 2802 Vid.
959 2767 1052 2802 Epist.
1068 2764 1179 2802 Coalest.
1197 2762 1376 2802 Aad'Nestor.

1431 2761 1453 2777 ”
1465 2761 1531 2788 Acta
1547 2760 1654 2788 concilii
1667 2759 1767 2794 Eplres.

137 2795 373 2836 _”_Nou_putel.
394 2795 522 2836 Eamdejn
537 2799 702 2836 sententiam
714 2800 749 2836 riu
774 2800 852 2828 Notis
863 2801 897 2828 ad
913 2795 1028 2829 Joannis
1041 2798 1204 2836 Antiocheui
1221 2797 1364 2836 epistolam
1381 2796 1457 2836 (}?_fi_i}-
1471 2796 1570 2836 Primis,
1586 2803 1612 2830 Ρ·
1629 2795 1686 2836 ὕφη
1701 2802 1770 2836 (ἔψη

136 2832 206 2871 inira
223 2828 359 2864 dabimus,
375 2838 467 2860 tuetur
482 2833 651 2865 Garnerius;
672 2835 719 2861 sed
744 2835 769 2862 in
789 2836 854 2862 diss.
874 2828 1051 2871 terriﬁcam.
1069 2833 1170 2869 prioris
1190 2828 1248 2867 pagi
1270 2831 1322 2858 A69
1342 2835 1370 2858 et
1383 2831 1456 2864 im,
1471 2828 1511 2858 ‘de
1533 2831 1570 2858 rei
1586 2828 1705 2857 veritate
1717 2828 1769 2856 du-

162 2867 219 2893 itat.

162 2867 219 2893 itai.

141 2867 158 2893 Β
262 2913 400 2944 Parnm.
424 2915 483 2944 Gn.
507 2914 672 2944 LXXXIV.

1549 2910 1566 2940 4
