1969 3052
171 161 220 194 l0?

747 159 793 186 UA
799 157 848 187 RN
855 157 933 187 Elill
957 157 1204 189 DlSSERTATlO
1224 160 1247 189 I.

1743 157 1791 192 i03

171 217 256 247 alteri,
287 216 312 242 in
330 224 382 250 qua
405 215 475 241 idem
500 216 556 241 fere
581 220 771 249 argumentum
793 215 825 240 de
847 214 956 249 Virgine
972 219 991 244 Λ
1009 215 1090 240 modo
1112 216 1168 242 sola
1193 217 1261 242 ratio
1283 216 1429 243 haberetur
1449 216 1643 250 objectionunt,
1659 223 1727 249 quas
1743 223 1789 242 no—

169 262 282 297 Deipara
305 266 445 292 tractatur,
472 265 499 287 et
518 261 644 288 eumdem
663 260 771 288 videtur
789 260 889 287 habere
904 267 954 286 au-

169 314 282 339 ctorem,
309 315 389 341 quem
413 307 471 333 ali:e
499 307 554 333 fere
577 314 674 333 omnes
698 306 725 333 in
742 306 862 333 secunda
878 310 954 340 parte

169 354 277 381 concilii
303 352 431 388 Ephesini
457 356 602 383 contenL'e,
626 359 741 386 quarunt
765 356 855 378 tamen
883 359 955 377 tton-

169 400 249 426 nullae
258 407 271 426 a
285 399 458 425 Tlteodoreto
468 398 576 432 scriptae
588 398 723 424 sciuntur.

204 445 271 472 \'Ill.
288 444 440 476 Nestorius,
459 448 488 471 ut
502 447 562 470 eral.
582 451 636 478 pra:
657 443 785 479 superbia
810 443 956 477 impatiens

168 489 346 525 pmnitcutize,
358 494 439 523 atque
448 489 529 515 etiam
540 488 745 520 admonitionis,
758 488 955 523 sprevitamira

168 534 348 562 Orientalium
375 534 501 564 consilia.
526 534 630 568 sprevit
655 538 683 560 et
710 534 856 568 imperium
883 533 956 560 sedis

167 580 334 614 apostolicae,
360 579 432 613 quod
457 579 536 613 legati
561 571 954 614 AigyptiiConstantinopolim

168 626 275 660 appulsi
303 625 459 652 detulerant
476 633 483 650 :
509 629 665 651 contentam
683 624 756 651 enim
770 623 879 655 litteris,
897 627 954 650 tum

168 671 309 700 (imlestini
326 671 424 698 summi
439 670 586 705 pontificis,
606 675 662 697 tum
676 669 768 705 Cyrilli
780 669 955 697 Alexandrini

169 717 300 753 episcopi,
311 716 556 747 denuntiationem,
566 717 663 743 callide
674 716 779 743 irritam
788 715 954 743 reddiderat.

169 764 303 791 ElTecerat
322 763 396 789 enim
417 763 474 789 suis
496 763 611 792 artibus,
630 767 661 789 ut
679 762 852 789 Theodosius
867 762 955 796 impc-

170 813 245 836 rator
263 809 416 843 generalem
434 808 566 843 synodum
584 808 685 842 Ephesi
712 807 863 834 habendam
887 806 958 834 indi—

169 859 255 886 ceret,
270 858 296 880 et
313 854 467 881 evocatoria
483 854 623 880 sanctione
639 857 756 884 caveret,
778 861 811 879 ne
830 852 894 887 quid
916 852 957 879 in-

170 901 249 927 terim
265 901 292 926 in
305 900 466 927 alterutram
487 904 590 934 partem
615 903 787 931 tentaretur;
806 899 852 926 sed
875 905 956 925 causa
974 895 993 922 Β

169 946 274 980 integra
295 945 450 972 deferretur
474 944 509 971 ad
529 944 673 979 episcopos
695 945 746 970 rite.
767 948 954 978 congregatos.

206 991 284 1026 153
293 991 468 1018 Sanctionem
478 990 553 1016 vafer
566 989 719 1019 ltmrcticus,
732 989 890 1024 priusquam
903 995 955 1019 res,

170 1036 203 1063 de
225 1044 278 1070 qua
305 1036 402 1062 litteris
420 1043 435 1062 a
454 1035 558 1062 Joanne
583 1034 727 1067 didicerat,
747 1034 774 1060 in
797 1034 864 1060 urbe
884 1033 957 1068 regia

172 1082 365 1113 inuotesceret,
383 1082 535 1109 aulicorum
551 1089 602 1116 ope
618 1089 686 1108 auro
702 1088 752 1108 suo
764 1085 956 1115 corruptorum

172 1128 356 1162 subripuerat.
377 1135 464 1162 eaque
481 1131 538 1154 arte
563 1126 662 1153 summi
689 1126 828 1162 pontificis
849 1129 959 1153 senten-

173 1174 237 1200 tiam
261 1173 473 1208 synodicamque
496 1172 589 1208 Cyrilli
608 1180 670 1199 cum
685 1172 742 1199 suis
759 1171 903 1199 duodecim
915 1179 960 1198 ca-

173 1218 266 1253 pitulis
281 1218 479 1245 ludilicaverat.
497 1218 525 1245 ld
543 1226 626 1245 ausus
638 1223 689 1249 est,
706 1225 765 1252 quze
777 1217 827 1244 fuit
840 1217 959 1244 hominis

174 1263 351 1297 impudentia,
376 1263 446 1290 datis
464 1263 498 1290 ad
512 1267 636 1290 sanctum
653 1262 832 1289 Caelestinum
849 1261 958 1292 litteris,

172 1317 228 1336 non
245 1309 362 1335 obscure
383 1309 508 1335 innuero.
535 1318 544 1332 ι
562 1308 705 1338 ['iissimis,
727 1307 858 1341 inquit“,
873 1307 959 1341 impe-

173 1355 312 1382 ratoribus
333 1355 444 1389 placuit,
473 1355 587 1381 Domino
605 1354 760 1389 adjuvante,
780 1354 863 1381 etiam
878 1360 960 1389 syno-

173 1401 238 1427 dum
254 1400 480 1427 inexcusabiliter
492 1400 576 1426 totius
594 1400 668 1427 orbis
685 1404 819 1426 terrarum
839 1399 961 1427 indicere

175 1451 286 1480 propter
305 1445 510 1480 inquisitionem
533 1445 649 1472 aliarum
678 1452 768 1472 rerum
795 1445 963 1472 ecclesiasti-

176 1497 268 1517 carum
284 1498 290 1516 :
311 1497 374 1516 nam
393 1489 594 1516 dubitationem
619 1489 766 1516 verborum
788 1497 842 1515 non
856 1487 962 1515 :nstilno

176 1535 330 1561 habituram
360 1534 567 1568 inquisitionem
592 1533 742 1566 difﬁcilem,
768 1542 821 1561 nec
845 1533 961 1568 impedi-

177 1584 267 1607 mento
294 1587 355 1606 esse
379 1579 499 1606 futuram
517 1579 550 1606 ad
578 1583 722 1606 tractatum
738 1579 891 1606 divinitatis
908 1579 962 1606 Do-

177 1625 243 1651 mini
262 1625 334 1652 lesu.
350 1634 359 1650 ι

211 1670 265 1697 Sed
291 1678 354 1697 eum
377 1669 541 1705 intelligeret
569 1677 662 1704 sparsa
687 1677 736 1705 per
759 1670 855 1697 urbem
881 1670 964 1698 fuisse

177 1715 270 1752 Cyrilli
287 1716 418 1750 capitula,
431 1723 485 1742 una
503 1723 565 1742 cum
577 1715 677 1743 litteris
694 1716 823 1743 Romana:
841 1711 874 1742 et
885 1715 965 1752 Egy-

178 1762 241 1795 ptia:
263 1761 371 1796 synodi,
393 1768 558 1796 magnasque
577 1761 640 1788 inde
657 1761 811 1788 animorum
832 1761 914 1788 etiam
936 1763 963 1788 in

177 1806 239 1832 aula
265 1805 462 1832 conversiones
484 1804 564 1836 elIici,
592 1813 643 1832 nec
663 1805 722 1832 suis
740 1813 769 1832 se
785 1805 964 1832 concionibus

178 1851 284 1879 duabus
305 1851 333 1878 id
361 1851 509 1886 peregisse,
530 1851 603 1886 quod
628 1850 780 1883 moliretur,
807 1851 965 1878 anathema-

179 1897 275 1924 tismos
297 1896 390 1932 Cyrilli
414 1896 531 1931 primum
551 1896 580 1923 in
603 1897 661 1931 ipsa
681 1897 748 1924 urbe
769 1897 842 1931 regia
857 1901 966 1924 comra-

179 1942 227 1969 riis
252 1942 486 1969 anathematismis
506 1941 616 1969 refellit.
634 1941 748 1975 Deinde,
765 1941 857 1969 missis
869 1942 965 1969 Antio-

178 1988 268 2015 chiam
285 1987 476 2022 synodicarum
490 1987 636 2021 exemplis,
653 1986 787 2014 Joannem
812 1987 917 2022 rogavit
935 1991 964 2014 ut

177 2040 193 2058 a
221 2032 328 2059 duobus
354 2031 396 2059 sui
419 2031 530 2058 concilii
556 2031 633 2063 viris,
661 2031 834 2059 Theodoreto
852 2031 964 2067 Cyrensi

177 2082 205 2104 et
227 2077 334 2104 Audrca
359 2077 548 2109 Samosateno,
575 2077 663 2112 capita
677 2075 822 2104 duodecim
837 2085 852 2104 a
864 2077 965 2113 Cyrillo

176 2123 334 2157 praescripta
350 2127 461 2150 curaret
481 2123 569 2157 argui,
593 2123 671 2157 quasi
687 2123 853 2157 Apollinaris
867 2123 965 2158 impie-

177 2174 260 2197 tatem
269 2169 454 2196 continerent.
466 2169 579 2196 Joannis
590 2168 717 2195 mandato
730 2173 845 2203 uterque
856 2169 962 2203 paruit:

1010 260 1080 287 mine
1098 260 1277 288 Orientalium
1292 267 1384 288 contra
1396 262 1514 295 capitula
1527 261 1679 296 proposuit.
1693 261 1791 288 Verum

1009 305 1030 332 si
1044 306 1181 332 credimus
1194 306 1338 333 Anastasio
1352 306 1473 338 Sinaita',
1487 306 1660 340 postmodum
1670 305 1790 332 accendit

1009 352 1128 379 hominis
1147 352 1239 383 bilem,
1259 352 1373 387 negotii,
1390 360 1445 386 quo
1459 352 1539 379 amici
1555 351 1792 386 periclitabanttn',

1009 398 1177 425 diuturnitas
1190 407 1195 424 :
1217 406 1302 433 quare
1318 403 1346 425 et
1359 397 1563 426 Thcodorctum
1576 397 1792 439 ulturushquem

1008 453 1023 472 a
1039 445 1140 480 Cyrillo
1155 445 1247 472 larsnm
1259 448 1377 480 putaret,
1391 449 1418 471 et
1431 444 1537 479 priores
1550 451 1613 470 suas
1626 442 1794 477 obiectiones

1009 491 1184 522 defensurus,
1205 492 1214 500 ‘
1234 491 1383 518 virulentas
1411 489 1522 524 scripsit
1545 489 1677 515 adversus
1700 487 1795 522 (iyrilli

1010 538 1217 572 responsionem
1230 536 1469 571 reprehensiones,
1480 542 1596 570 quarum
1613 533 1794 569 fragmentum

1010 583 1128 610 refertur
1143 583 1170 610 in
1187 583 1259 610 libro
1274 582 1409 610 Anastasii
1429 581 1460 613 "',
1481 581 1527 615 qui
1545 580 1605 606 Dum
1623 580 1671 606 vim
1684 579 1793 607 dicitur.

1044 628 1089 656 IX.
1103 628 1190 663 Atque
1203 628 1247 654 hic
1257 628 1361 662 primus
1379 627 1429 653 fuit
1444 626 1609 653 Theodoreti
1623 633 1719 653 casus:
1733 627 1796 652 cum

1009 675 1082 701 enim
1094 674 1225 700 scriberet
1246 672 1298 708 pro’
1316 672 1395 699 amici
1415 679 1507 710 causa,
1528 679 1581 698 non
1605 670 1684 707 154
1703 678 1796 705 repre-

1011 720 1106 747 hendit
1122 724 1225 746 tantum
1242 718 1334 754 Cyrilli
1349 718 1449 753 capita,
1461 721 1574 752 propter
1585 717 1703 752 speciem
1715 716 1796 751 Apol-

1010 765 1135 792 linariani
1154 764 1267 795 erroris,
1282 763 1354 798 quod
1370 763 1432 790 aliis
1444 769 1553 797 quoque
1569 761 1649 788 hortis
1660 761 1794 795 contigit;

1010 811 1058 838 sed
1083 818 1156 837 caeco
1176 809 1279 844 impetu
1299 809 1325 835 in
1340 816 1450 835 errores
1462 811 1580 842 quatuor
1593 807 1650 841 ipse
1665 807 1796 840 abreptus

1010 860 1062 886 est,
1088 860 1199 890 propter
1220 862 1289 889 quos
1315 862 1330 881 a
1344 854 1439 888 quinta
1455 854 1560 889 synodo
1583 853 1727 880 damnatus
1742 857 1794 879 est.

1008 902 1074 928 Nam
1092 909 1153 927 cum
1167 900 1284 935 primum
1297 899 1556 926 anatltcmatismum
1570 897 1794 932 reprehenderet,

1007 947 1116 982 negavit
1137 947 1242 973 beatam
1257 945 1394 980 Virginem
1406 945 1543 979 peperisse
1556 943 1672 971 Verbum
1687 950 1795 970 carnem

1008 993 1130 1024 factum;
1149 1000 1210 1019 cum
1227 991 1390 1023 secundum,
1414 995 1528 1018 naturas
1551 990 1579 1016 in
1600 989 1709 1016 Chrimo
1735 988 1796 1015 xab‘

1008 1039 1156 1066 ὑπόστασιν
1180 1037 1249 1064 nniri
1263 1046 1270 1069 ;
1289 1045 1350 1064 cum
1366 1040 1504 1071 quartum,
1521 1035 1629 1062 unicam
1643 1042 1703 1062 esse
1717 1034 1797 1062 Chri-

1008 1084 1043 1111 sti
1070 1083 1239 1114 t'mdsmrtv;
1267 1089 1328 1108 cum
1355 1081 1502 1113 decimum,
1532 1081 1617 1107 Deum
1641 1080 1693 1107 dici
1718 1086 1797 1114 posse

1009 1133 1159 1156 mortuum.
1174 1128 1226 1154 ista
1239 1135 1304 1154 vero
1321 1131 1439 1161 quatuor
1457 1134 1536 1153 nemo
1553 1126 1706 1153 catholicus
1719 1124 1796 1152 fateri

1009 1175 1148 1207 abnuerit,
1175 1173 1225 1200 nisi
1253 1173 1295 1199 vel
1319 1173 1346 1199 in
1376 1172 1477 1199 crassis
1494 1171 1652 1206 ignorantite
1676 1171 1798 1198 tenebris

1010 1224 1147 1249 versetur,
1171 1218 1213 1244 vel
1243 1218 1278 1244 ob
1301 1224 1415 1252 pravum
1439 1216 1522 1243 animi
1542 1217 1671 1243 allectum
1689 1216 1797 1243 veritati

1011 1272 1162 1300 repugnare
1177 1264 1242 1291 velit
1257 1273 1261 1289 :
1275 1271 1392 1298 quorum
1408 1263 1524 1289 alterum
1539 1262 1601 1297 quis
1617 1262 1650 1288 de
1670 1262 1797 1288 Theodo-

1011 1316 1071 1338 τειο
1094 1310 1231 1338 senserit?
1249 1310 1364 1336 alterum
1381 1309 1444 1343 quis
1458 1307 1590 1336 Catholici
1607 1315 1667 1334 esse
1679 1307 1798 1334 dixerit?

1046 1357 1079 1384 Χ.
1097 1357 1160 1383 Fuit
1174 1364 1240 1382 vero
1257 1363 1369 1390 prorsus
1381 1353 1551 1385 admirabile,
1567 1353 1655 1380 virtnn
1668 1353 1797 1387 singulari

1011 1402 1137 1430 Numinis
1155 1401 1227 1428 dono
1253 1401 1365 1432 datum;
1387 1408 1468 1435 quem
1493 1399 1623 1426 miracula
1647 1399 1799 1426 cduxcrant

1013 1448 1040 1474 in
1068 1447 1176 1479 lucem;
1202 1447 1282 1481 cujus
1309 1453 1408 1480 parens
1435 1454 1490 1472 non
1518 1445 1594 1480 prius
1620 1445 1710 1479 potuit
1738 1452 1798 1472 esse

1013 1498 1110 1526 mater,
1140 1501 1222 1528 quam
1251 1497 1369 1524 sancta;
1401 1499 1481 1527 quem
1509 1491 1634 1518 homines
1658 1490 1799 1526 stupendae

1014 1541 1166 1567 sanctitatis
1181 1540 1307 1566 foverunt
1329 1539 1412 1570 sitm;
1431 1538 1477 1572 qui
1500 1537 1641 1572 soptennis
1663 1542 1798 1565 monaste-

1015 1586 1086 1613 riqu
1098 1585 1237 1619 ingressus
1249 1587 1308 1615 est;
1321 1582 1368 1617 qui
1383 1586 1456 1609 totus
1469 1581 1520 1608 fuit
1534 1581 1561 1608 in
1572 1580 1703 1608 imitando
1712 1580 1801 1616 Chry-

1015 1635 1153 1662 sostomo;
1169 1637 1250 1664 quem
1267 1628 1427 1655 Theodotus
1453 1627 1573 1655 Orientis
1595 1627 1687 1653 lumen
1712 1626 1802 1654 eccle-

1015 1675 1133 1703 siasticis
1149 1675 1273 1701 moribus
1286 1673 1406 1700 instituit
1419 1681 1426 1705 ;
1439 1673 1518 1707 cujus
1537 1672 1721 1706 eloquentiam
1747 1672 1802 1698 An-

1016 1722 1126 1749 tiochia.
1144 1721 1259 1747 alterum
1276 1719 1424 1746 Orientalis
1444 1718 1553 1753 imperii
1567 1722 1659 1753 caput,
1673 1725 1727 1745 non
1753 1716 1799 1745 mi-

1015 1772 1073 1794 rata
1092 1771 1196 1794 tautnm
1210 1770 1261 1797 est,
1276 1765 1323 1792 sed
1345 1765 1450 1799 stupuit
1465 1773 1472 1797 ;
1488 1764 1534 1799 qui
1547 1763 1711 1799 episcopalis
1721 1762 1802 1790 oﬂicii

1014 1815 1116 1842 nullam
1136 1821 1190 1840 non
1211 1812 1332 1846 implevit
1353 1815 1457 1846 partem
1471 1819 1478 1844 ;
1495 1811 1543 1845 qui
1558 1810 1653 1838 decem
1668 1809 1803 1845 myriadcs

1015 1860 1157 1887 hominum
1179 1866 1232 1885 una
1250 1858 1276 1884 in
1296 1857 1395 1884 vicinia
1411 1857 1491 1883 tinxit
1505 1856 1662 1891 baptismo;
1679 1855 1726 1890 qui
1744 1855 1804 1882 inli-

1015 1906 1088 1933 nitos
1109 1904 1252 1932 haereticos
1272 1904 1415 1931 veritatem
1438 1902 1542 1934 docuit,
1559 1909 1709 1936 agrumque
1723 1901 1774 1928 sibi
1788 1907 1803 1927 a

1014 1950 1123 1978 Christo
1140 1949 1274 1976 creditum
1297 1957 1353 1976 non
1373 1947 1473 1976 sudore
1491 1951 1595 1974 tantum
1613 1946 1744 1981 irrigavit,
1755 1945 1803 1973 sed

1015 1997 1096 2024 etiam
1118 1995 1270 2030 sanguine;
1290 2002 1371 2029 quem
1397 1994 1469 2020 Deus
1495 1993 1553 2028 ipse
1578 1992 1680 2020 Jacobo
1706 1995 1804 2018 ascette

1015 2041 1187 2069 sanctissimo
1208 2040 1328 2068 ostendit
1350 2039 1424 2066 velut
1453 2039 1565 2066 hzeresis
1584 2037 1804 2071 domitorem,'in

1016 2087 1132 2114 haeresin
1160 2087 1308 2114 infeliciter
1331 2085 1478 2116 decidisse,
1505 2085 1603 2116 amico,
1629 2084 1676 2119 qui
1707 2087 1804 2119 sponte

1016 2133 1124 2165 ruebat,
1148 2132 1277 2159 miserum
1297 2131 1462 2158 attrahente.
1482 2130 1535 2158 Sed
1550 2138 1604 2157 non
1621 2137 1674 2157 una
1694 2130 1751 2156 hzec
1765 2129 1806 2156 vi-

1016 2178 1097 2205 detur
1117 2178 1204 2205 ruinae
1221 2178 1330 2205 occasio
1344 2185 1351 2203 :
1377 2177 1515 2203 hominem
1540 2175 1566 2202 in
1582 2183 1703 2210 praeceps
1714 2175 1806 2210 rapuit

176 2215 255 2242 am"
284 2218 374 2241 “me”
402 2215 483 2246 aliust
509 2214 698 2241 Theodorei“
714 2222 812 2249 nempe
827 2215 962 2248 acerbi“:
980 2223 1180 2252 Dmiserabilis
1200 2223 1323 2258 qumdam
1346 2222 1489 2249 concursio
1510 2229 1664 2248 causarum.
1679 2221 1742 2248 Erat
1753 2221 1803 2255 ipsi

177 2261 317 2289 remissius
344 2261 467 2288 Andreas
485 2269 492 2287 :
519 2261 655 2296 siquidem
674 2261 719 2289 ille
733 2261 865 2289 conviciis
881 2266 963 2297 atque

176 2306 265 2336 etiam
273 2307 419 2333 calumniis
436 2314 490 2333 non
510 2307 655 2339 abstinuit,
673 2307 725 2334 iste
738 2307 839 2342 objecit
857 2312 963 2334 tantum

177 2359 268 2383 voces,
293 2359 361 2386 qttas
386 2355 494 2386 putaret
510 2351 710 2379 inconsiderate
725 2353 854 2387 prolatas.
872 2353 964 2380 Theo-

176 2399 289 2425 doretus
306 2398 436 2433 Cyrillum
460 2398 536 2425 velut
560 2398 719 2425 haereticum
737 2407 880 2434 aggressus
896 2405 938 2427 est
955 2409 963 2433 ;

177 2444 307 2475 Andreas,
324 2451 405 2478 quem
431 2444 596 2471 catholicum
623 2445 797 2479 agnoscebat,
821 2453 891 2480 pene
920 2446 964 2473 in-

176 2490 250 2515 vitus
275 2489 412 2516 vexabat:
434 2493 515 2524 atque
541 2489 605 2516 hinc
631 2490 745 2517 forsitan
760 2490 889 2518 effectum
919 2497 960 2523 ut,

175 2541 230 2568 quo
254 2537 376 2569 tempore
399 2535 541 2562 veniretur
563 2535 598 2565 ad
614 2537 773 2569 concilium,
788 2538 835 2572 qui
850 2545 964 2573 campus

176 2579 287 2613 quidam
310 2581 470 2608 certaminis
495 2581 604 2609 futurus
620 2588 690 2614 erat,
708 2583 836 2619 Cyrensis
851 2584 964 2611 advola-

176 2626 249 2652 verit
271 2633 367 2661 pugntc
393 2627 500 2659 avidus,
527 2627 722 2656 Samosatenus
738 2629 864 2656 morbum
880 2630 965 2656 simu-

176 2672 283 2703 laverit,
300 2679 334 2699 ne
349 2673 458 2700 veniret
476 2678 520 2705 eo,
533 2673 580 2701 ubi
592 2674 742 2702 necessitas
758 2674 829 2702 foret
840 2675 966 2702 veritatis

175 2714 377 2751 impugnanda.
403 2716 441 2743 lta
464 2717 496 2744 de
522 2717 631 2745 Andrca
653 2719 760 2753 opinari
783 2727 833 2754 par
842 2723 926 2753 esset,
942 2720 964 2748 si

1016 2278 1031 2297 a
1053 2275 1161 2302 natura,
1186 2274 1215 2296 ut
1235 2269 1339 2296 dictum
1358 2273 1409 2299 est,
1433 2269 1541 2295 artiums
1563 2268 1698 2298 excelsus,
1713 2267 1804 2294 animo

1016 2315 1157 2351 ingenium
1185 2323 1235 2350 par
1255 2319 1283 2342 et
1301 2315 1472 2350 przccellens,
1495 2313 1606 2348 utrique
1627 2312 1741 2346 arqualis
1765 2311 1805 2338 vis
1846 2318 1848 2321 ·

1015 2359 1190 2394 eloquentim.
1219 2358 1294 2386 Fecit
1324 2358 1468 2385 excelsitas
1498 2356 1598 2387 animi,
1633 2360 1661 2382 ut
1685 2355 1805 2382 humana

1017 2406 1114 2429 cuncta
1144 2401 1307 2436 despiceret,
1337 2406 1436 2436 praeter
1463 2400 1597 2435 gloriam:
1620 2400 1804 2434 pnecellenlia

1017 2446 1130 2481 ingenii,
1150 2450 1179 2472 ut
1198 2444 1320 2472 scientiis
1338 2448 1457 2472 mentem
1472 2449 1572 2478 prater
1584 2443 1695 2470 modum
1710 2443 1807 2478 imple-

1018 2496 1070 2524 ret,
1096 2496 1124 2518 et
1145 2491 1222 2526 quasi
1248 2491 1357 2518 inﬂaret
1376 2500 1381 2518 :
1398 2491 1439 2518 vis
1455 2489 1629 2524 eloquentiae.
1643 2494 1673 2517 ut
1686 2489 1807 2517 Orientis

1018 2538 1180 2565 miraculum
1196 2537 1315 2568 audiret,
1331 2541 1358 2564 et
1370 2537 1443 2572 quod
1464 2537 1615 2563 humanum
1633 2540 1685 2567 est,
1711 2535 1807 2563 dicen-

1019 2584 1092 2612 tibus
1103 2584 1239 2612 crederet.

1054 2629 1131 2657 Hanc
1159 2630 1279 2657 indolem
1307 2630 1383 2657 auxit
1415 2629 1607 2665 magistrorum
1635 2628 1808 2656 consuetudo

1018 2681 1101 2710 atque
1112 2675 1256 2703 admiratio
1271 2684 1277 2701 :
1290 2683 1322 2702 cu
1328 2683 1352 2702 ιη
1365 2675 1491 2702 doctrina
1501 2674 1574 2701 enim
1587 2673 1693 2701 imbibit
1706 2673 1808 2700 utrius-

1018 2728 1072 2756 que
1086 2728 1198 2749 mores:
1218 2728 1234 2748 a
1251 2720 1397 2748 Theodoro
1415 2720 1513 2748 didicit
1525 2727 1627 2756 paucos
1643 2719 1806 2755 suspicere;

849 2798 1011 2828 SCHULZII
1030 2799 1147 2827 NOTAE.

213 2856 233 2871 ³¹
249 2863 327 2892 Parte
340 2872 358 2892 n
375 2863 495 2899 Operum
513 2864 589 2892 Marii
609 2864 777 2893 Mcreatoris.
793 2866 832 2900 (Ρ.
849 2865 878 2892 8i
902 2866 968 2893 edit.
987 2864 1093 2900 Carm).
1134 2866 1154 2882 "
1168 2865 1197 2892 In
1213 2863 1333 2899 llodegn,
1359 2872 1418 2898 cap.
1443 2864 1489 2890 2‘2.
