1969 3052
162 135 212 168 1θ9

760 133 943 164 HISTORIA
960 131 1216 163 THEODORETI.

1739 131 1791 163 110

161 200 175 218 a
190 189 396 226 Chrysostomo,
412 189 550 217 neminem
564 189 654 216 vereri
669 198 676 222 ;
694 190 728 216 ab
743 193 871 224 utroque,
889 195 952 216 cum
967 191 990 218 Δ
1004 188 1080 216 misit
1098 189 1182 216 etiam
1202 188 1236 216 ad
1259 187 1424 215 monasteria
1438 187 1582 222 epistolam
1600 187 1633 219 ”,
1651 195 1704 223 qua
1721 189 1790 217 nihil

158 237 290 264 omnibus
305 236 392 263 libere
404 235 480 270 loqui
497 244 502 262 :
521 240 639 263 tractum
657 243 672 263 a
689 235 835 263 Theodoro
850 235 950 262 vitium

160 283 244 310 crevit
258 282 412 317 plausibus,
431 282 518 308 virtus
534 290 548 309 a
563 281 759 317 Chrysostomo
771 285 883 316 accepta
896 287 949 307 non

160 337 189 356 se
206 328 342 355 continuit
358 328 428 354 intra
446 327 567 354 modum.

196 374 346 401 [hereticos
368 374 557 408 cujuscunque
583 371 708 407 generis,
732 371 858 403 Arianos,
881 370 952 397 illar-

160 419 289 452 eionitas,
303 419 526 451 Macedonianos,
538 417 758 453 Apollinaristas,
776 416 951 451 reliquosque

163 464 242 500 155
253 464 390 491 continuis
402 464 503 498 puellis
515 463 641 498 fregerat.
655 462 748 497 Magna
759 461 822 488 inde
833 460 952 488 nominis

161 511 258 546 gloria,
280 517 432 545 magnaque
455 509 498 536 sui
520 509 674 536 securitas:
699 515 794 542 passus
808 512 860 538 est,
875 505 949 541 quod

160 556 288 592 perpetui
305 555 520 590 triumphaturas
541 555 641 586 solent,
660 554 746 580 voluit
759 561 821 580 cum
836 552 951 580 nobilis-

160 601 237 628 simis
262 601 418 636 quibusque
439 600 513 627 vires
530 608 593 627 suas
609 600 739 635 experiri.
755 599 888 627 Ardorem
902 606 952 633 pu-

158 647 260 682 gnandi
284 646 452 674 accendebat
473 651 559 674 :etas:
585 654 640 672 non
662 645 779 672 multum
796 644 870 672 enim
885 651 952 679 qua-

159 692 345 726 dragesimum
362 699 465 718 annum
481 695 648 723 excesserat,
671 698 726 725 quo
744 694 865 724 tempore
891 696 951 715 ma-

159 737 282 772 gnanimi
292 736 384 772 gloria!
395 744 487 763 amore
500 736 617 763 maxime
629 738 777 770 tanguntur
788 742 795 767 ;
810 733 951 768 ingerebat

160 791 222 810 sese
242 782 351 810 occasio
376 781 547 816 optatissima
573 778 750 808 cohserenda:
767 786 865 814 pugna:
887 786 951 806 cum

160 827 261 862 Cyrillo
272 828 420 855 multarum
435 827 587 862 palmarum
601 826 682 857 duce,
697 833 785 860 eoque
798 824 881 851 totius
893 823 951 851 fere

160 873 237 900 orbis
252 872 422 904 doctissimo,
441 876 468 899 ct
490 876 580 899 tamen
601 875 757 906 opportuno
777 869 949 902 vulneribus,
966 863 986 890 Β

160 923 191 945 ιιι
205 918 255 953 ipsi
270 918 380 953 quidem
401 917 556 944 videbatur.

195 964 320 991 Audendi
343 971 425 991 causa
441 971 494 990 non
515 967 621 990 tantum
637 961 761 994 honesta,
775 962 863 990 amico
875 962 951 989 labo-

159 1010 233 1037 ranti
257 1018 337 1044 opem
362 1009 445 1040 ferre,
479 1007 527 1035 sed
553 1008 636 1036 etiam
662 1008 800 1043 religiosa,
815 1009 950 1036 obsistere

161 1056 264 1083 homini
279 1060 371 1090 partes
382 1054 544 1089 Apollinarii
573 1054 601 1081 in
620 1054 741 1089 speciem
764 1055 861 1082 tuenti.
885 1054 951 1083 Pul—

161 1102 258 1129 chrqu
279 1105 336 1128 eral
350 1101 474 1128 auxiliari
487 1100 625 1132 Nestorio,
638 1100 715 1126 urbis
728 1100 808 1135 regite
823 1100 949 1132 antistiti,

160 1147 229 1174 aulze
254 1147 386 1181 gratioso,
406 1150 434 1172 et
447 1145 528 1172 simul
546 1152 705 1179 oppugnare
717 1144 860 1180 Cyrillum,
874 1145 952 1180 cujus

160 1193 294 1227 potentia,
309 1200 364 1226 quo
380 1191 465 1226 major
478 1190 511 1217 ab
525 1190 682 1218 Occidentis
704 1190 807 1221 favore,
828 1198 862 1217 eo
880 1190 950 1216 invi-

159 1238 265 1266 diosior
285 1237 400 1268 Orienti.
419 1242 501 1271 atque
516 1236 582 1272 ipsis
598 1236 812 1271 imperatoribus
823 1235 952 1264 formida-

161 1285 252 1312 bilior.
277 1285 397 1319 Urgebat
418 1283 542 1318 praesulis
565 1282 723 1310 mandatum
743 1291 750 1309 :
767 1283 811 1310 cui
844 1290 950 1317 parcre,

160 1332 254 1366 pium;
268 1330 413 1361 obsistere,
427 1330 555 1355 intutum.
565 1327 815 1355 Auathcmatismos
827 1336 951 1363 arguere,

159 1377 226 1412 quid
242 1376 314 1403 aliud
332 1375 435 1401 homini
454 1375 492 1401 sic
505 1374 604 1401 all‘ccto
628 1373 781 1405 videretur,
803 1382 885 1408 quam
914 1374 954 1401 la—

159 1430 268 1450 cessere
293 1429 420 1456 pugnam,
451 1428 512 1455 qum
536 1420 603 1447 orbe
626 1424 683 1446 toto
716 1424 856 1454 spectante
888 1428 953 1455 per-

159 1468 266 1504 agenda
281 1467 374 1495 esset?
389 1467 539 1493 Vocaverat
563 1465 636 1492 enim
655 1466 803 1500 imperator
818 1465 850 1492 ad
874 1474 954 1501 syno—

160 1515 226 1541 dum
253 1513 438 1547 undequaqu
463 1517 598 1539 terrarum
625 1511 793 1546 episcopos:
821 1511 951 1538 decorum
966 1529 986 1556 Ο

159 1565 219 1588 erat
247 1560 275 1586 in
303 1563 374 1586 caztu
405 1558 529 1584 ninnium
561 1556 742 1584 celeberrimo
766 1557 951 1591 eloquentiam

160 1610 310 1636 ostentare,
321 1604 406 1631 totius
419 1602 476 1630 fere
493 1602 620 1630 Ecclesia;
634 1601 822 1629 doctissimum
840 1601 954 1629 haeresis

161 1659 240 1679 reum
259 1650 358 1682 facere,
375 1649 469 1685 primae
491 1653 554 1684 post
574 1647 723 1675 Romanam
750 1648 824 1675 sedis
846 1648 953 1682 episco—

161 1706 227 1734 pum
248 1697 282 1725 de
300 1697 399 1725 throno
415 1695 546 1729 dejicere,
567 1695 668 1722 summi
685 1694 822 1729 pontificis
836 1695 952 1729 legatum

162 1745 189 1771 in
214 1744 339 1771 ordinem
366 1742 501 1777 redigere.
532 1740 603 1774 Quid
631 1740 736 1767 multa?
761 1740 952 1768 illecebrosum

161 1793 233 1821 erat,
246 1789 299 1816 dici
312 1788 415 1822 ubique
427 1793 575 1818 terrarum,
587 1786 661 1821 quod
674 1785 779 1813 solebat
789 1785 952 1818 Antiochia,

161 1835 326 1870 eloquentize
340 1833 514 1865 miraculum,
525 1836 553 1859 et
563 1832 695 1859 doctrinae
703 1831 870 1866 prodigium.
881 1832 952 1861 llaec.

162 1890 224 1917 qua:
242 1880 329 1908 divisa
352 1883 467 1915 possunt
489 1877 743 1906 constantissimum
760 1885 897 1913 quemque
913 1878 954 1905 la-

162 1927 312 1957 befactare,
337 1926 485 1960 conjuncta
512 1923 653 1951 hominem
687 1923 730 1950 sui
759 1923 954 1950 atstimatorem

161 1976 278 2008 egerunt
295 1971 464 2007 pratcipitem
481 1977 525 2001 eo,
546 1976 601 2003 quo
625 1967 756 2003 superbia
784 1967 853 1994 solet
881 1967 955 1995 viros

163 2018 205 2046 vel
220 2017 286 2052 ipsis
305 2016 409 2051 angelis
425 2023 514 2051 pares.

197 2064 257 2091 Non
283 2071 379 2090 vanam
404 2062 475 2089 hanc
501 2069 561 2089 esse
588 2069 677 2089 causa:
692 2061 890 2096 conjecturam,
907 2061 955 2088 de-

163 2114 299 2137 monstrat
318 2108 445 2144 pertinax
468 2107 610 2143 patefactaa
627 2107 753 2134 veritatis
773 2107 953 2142 impugnatio,

162 2155 237 2191 quod
255 2160 361 2183 certum
374 2154 457 2182 animi
471 2151 601 2188 Superbia
615 2154 623 2163 '
636 2152 756 2180 errantis
769 2152 901 2180 iudicium
916 2153 952 2179 ³⁸ε

163 2209 227 2228 nam
244 2199 447 2230 Theodoretus,
464 2198 515 2225 etsi
530 2197 612 2224 semel
628 2197 783 2231 iterumque
799 2205 831 2224 ac
843 2196 952 2223 tertium
971 2206 992 2233 ι)

163 2245 385 2275 anathematismi
399 2244 489 2271 forent
499 2251 514 2270 a
527 2242 630 2278 Cyrillo
648 2242 773 2277 expositi,
794 2246 953 2276 conceptam

164 2291 200 2317 de
221 2289 287 2324 ipsis
304 2288 462 2324 opinionem
478 2287 523 2314 vix
539 2287 633 2314 multis
647 2291 707 2321 post
724 2286 804 2313 annis
815 2285 952 2320 deposuit.

164 2336 188 2363 si
200 2341 291 2362 tamen
307 2341 428 2369 unquam
445 2333 590 2368 deposuit;
607 2332 680 2367 quod
693 2336 788 2367 postea
804 2331 952 2358 videbitur.

200 2379 246 2406 XI.
273 2379 470 2406 Demonstrant
496 2382 524 2404 et
549 2377 602 2404 alia
632 2377 688 2404 duo
713 2384 768 2404 non
795 2376 954 2403 obscuriora

164 2425 278 2457 indicia,
303 2424 374 2451 velle
399 2423 487 2450 videri
514 2422 644 2449 omnibus
657 2420 817 2449 doctissimo
832 2420 959 2456 superio-

166 2479 235 2503 rem,
259 2475 287 2498 et
310 2470 485 2498 contumeliis
506 2469 645 2496 incessere
662 2468 894 2503 despicacissimis
912 2475 957 2495 se-

165 2516 287 2544 cundum
313 2515 443 2543 Ecclesiae
468 2514 618 2542 antistitem
640 2522 647 2541 :
671 2521 736 2542 nam
753 2522 808 2550 quo
834 2518 956 2549 tempore

167 2563 243 2590 misit
261 2562 359 2590 Joanni
377 2561 550 2589 Antiocheno
567 2561 812 2596 reprehensionem
826 2560 956 2595 capitum,

199 2639 211 2659 ἀ
233 2640 336 2668 Jerem.
362 2647 398 2672 tv,
419 2640 443 2672 l,
460 2640 490 2667 2.

1005 233 1084 269 156
1107 234 1268 269 iniuriosius
1291 234 1405 270 Cyrillo,
1421 234 1491 261 nihil
1508 234 1664 269 superbius.
1687 234 1791 262 Scribit

1003 286 1090 308 totum
1113 282 1207 309 orbem
1236 282 1415 314 commoveri,
1441 281 1489 309 sed
1513 281 1580 309 alios
1603 289 1704 317 pugna,
1722 282 1791 309 alios

1004 328 1080 360 risu;
1098 335 1220 363 pugnare
1246 328 1317 355 inter
1337 336 1375 360 se,
1400 328 1448 363 qui
1465 328 1668 355 Catltolicorum
1690 335 1791 355 nomen

1003 373 1095 400 ferunt
1109 381 1115 405 ;
1136 373 1228 400 ridere
1245 373 1390 400 luereticos
1402 381 1519 408 pugnam
1534 373 1676 400 hominum
1688 375 1792 401 mutuis

1003 426 1032 446 se
1059 418 1181 446 dissidiis
1205 415 1434 451 absumentiumf
1459 419 1556 446 horum
1589 427 1698 446 causam
1732 427 1792 447 esse

1004 463 1080 498 impii
1090 464 1183 500 Cyrilli
1198 464 1315 498 capitula
1338 464 1365 490 in
1390 463 1486 491 urbem
1505 464 1605 499 regiam
1626 465 1790 500 importata;

1003 517 1034 536 ea
1056 518 1112 537 non
1139 511 1234 537 abesse
1257 509 1291 536 ab
1308 509 1479 544 Apollinarii,
1498 509 1565 540 Arii,
1581 509 1719 542 Ennomii,
1734 510 1792 537 Ma-

1003 555 1166 590 cedoniique
1183 556 1291 586 haeresi,
1305 556 1360 582 imo
1383 562 1434 582 nec
1455 554 1489 581 ab
1514 554 1619 581 insania
1643 555 1791 587 Valentini.

1003 601 1117 629 Manetis
1136 605 1164 628 et
1190 601 1353 632 Marcionis;
1375 601 1402 628 in
1416 601 1505 635 primo
1519 601 1614 632 asscri,
1627 601 1748 628 Verbum
1765 601 1794 629 in

1003 655 1114 676 carnem
1133 655 1308 679 conversum,
1332 647 1603 681 incarnationcmque
1621 647 1678 674 sola
1701 647 1793 682 specie

1003 695 1114 725 factam,
1135 693 1209 728 quod
1237 693 1383 724 Valentini,
1409 692 1589 726 Mauetisque,
1608 696 1636 719 et
1649 692 1794 720 Marcionis

1003 740 1145 772 delirium;
1167 739 1195 766 in
1219 739 1341 766 secundo
1361 743 1389 766 et
1404 739 1496 771 tertio,
1513 738 1644 765 unionem
1662 737 1794 773 hyposta-

1003 784 1085 811 ticam
1115 783 1309 819 physicamque
1336 782 1457 815 defendi,
1484 790 1545 818 quze
1565 782 1796 817 Apollinariihm-

1004 830 1089 862 resis;
1108 830 1134 856 iu
1155 833 1263 864 quarto,
1277 836 1358 856 voces
1375 833 1432 856 tum
1447 828 1589 859 sublimes,
1604 833 1662 856 tum
1676 829 1795 856 humiles

1002 873 1048 900 uni
1061 873 1207 908 eidemque
1222 873 1313 900 Verbo
1327 873 1453 905 attribui,
1470 881 1531 907 qua:
1544 873 1601 900 Arii
1619 879 1647 901 et
1666 873 1794 901 Eunomii

1001 919 1188 954 blasphemia;
1213 919 1240 946 in
1259 919 1376 952 decimo,
1393 919 1478 946 Deum
1489 919 1543 946 dici
1560 927 1669 954 passum
1683 925 1712 947 et
1723 927 1795 947 rnor-

1002 968 1090 997 tuum,
1103 973 1163 1000 qua:
1176 965 1281 992 insania
1295 965 1363 996 Arii,
1384 969 1409 991 et
1424 965 1551 993 Eunomii
1562 973 1640 993 error
1654 965 1794 993 detestan—

1002 1010 1070 1043 dus;
1083 1011 1109 1038 in
1121 1019 1205 1043 nono,
1222 1011 1424 1046 processionem
1442 1011 1562 1046 Spiritus
1577 1013 1663 1039 sancti
1678 1021 1694 1039 a
1710 1013 1790 1043 Filio,

1001 1060 1029 1083 et
1049 1064 1104 1083 non
1117 1064 1131 1083 a
1143 1057 1201 1083 solo
1213 1057 1293 1084 Patre
1308 1057 1389 1089 tradi,
1410 1065 1471 1092 quae
1486 1057 1648 1092 Apollinarii
1671 1058 1796 1086 Macedo-

1002 1101 1097 1136 niique
1122 1102 1208 1129 altera
1234 1102 1366 1135 haeresis;
1394 1103 1445 1130 bos
1469 1111 1529 1130 esse
1554 1107 1650 1138 partus
1665 1103 1793 1140 Egyptii,

1003 1147 1052 1175 has
1073 1147 1228 1175 animarum
1255 1152 1357 1183 pestes,
1381 1148 1439 1176 haec
1453 1153 1584 1182 monstra,
1599 1157 1660 1184 quae
1672 1158 1720 1185 par
1734 1155 1796 1177 erat

1003 1192 1037 1219 ab
1055 1193 1097 1225 iis,
1113 1193 1215 1227 quibus
1231 1193 1373 1228 religionis
1385 1201 1451 1220 cura
1465 1194 1611 1222 commissa
1627 1199 1679 1227 est,
1694 1195 1795 1230 praefo-

1003 1238 1059 1265 cari
1071 1239 1230 1273 priusquam
1249 1239 1419 1272 ederentur;
1433 1247 1464 1266 ea
1481 1244 1571 1267 tamen
1587 1239 1686 1273 foveri,
1701 1248 1715 1268 a
1730 1241 1795 1275 qui-

1003 1282 1055 1309 bus
1065 1282 1177 1310 minime
1190 1282 1331 1316 deberent,
1346 1288 1399 1310 etc.

1040 1328 1087 1355 liis
1104 1336 1186 1363 porro
1201 1329 1312 1363 scriptis
1332 1333 1435 1356 tentata
1455 1333 1497 1357 cst
1523 1329 1590 1357 fides
1613 1331 1796 1359 monasterio-

1005 1382 1077 1410 rum,
1103 1381 1157 1400 non
1187 1373 1263 1401 urbis
1290 1378 1396 1401 tantum
1413 1374 1503 1409 νεικείῃ,
1516 1374 1563 1401 sed
1578 1375 1661 1402 etiam
1674 1374 1796 1403 Orientis

1004 1424 1031 1447 et
1043 1419 1161 1456 Aigypti.
1175 1419 1291 1446 Volebat
1306 1420 1380 1446 enim
1398 1420 1590 1447 Theodoretus
1613 1421 1728 1456 paribus
1748 1429 1794 1449 ar-

1004 1466 1058 1492 mis
1080 1473 1142 1493 cum
1155 1465 1257 1500 Cyrillo
1273 1466 1324 1497 uti,
1337 1466 1505 1500 paribusque
1523 1467 1661 1501 pugnandi
1675 1467 1792 1494 artibus.

1006 1510 1159 1545 Scripserat
1169 1509 1286 1545 Cyrillus
1298 1510 1330 1536 ad
1346 1509 1452 1545 Egypti
1472 1510 1620 1538 monachos
1631 1510 1665 1538 de
1675 1510 1794 1538 Nestorii

1004 1564 1098 1583 errore
1113 1555 1274 1590 epistolam;
1293 1555 1362 1582 hanc
1383 1555 1626 1590 apocrisiariorum
1640 1556 1795 1584 ministerio

1006 1601 1033 1628 in
1048 1601 1114 1628 urbe
1131 1601 1205 1635 regia
1219 1608 1268 1635 per
1283 1600 1459 1632 monasteria.
1475 1605 1503 1627 et
1522 1600 1596 1632 inde,
1621 1605 1651 1628 ut
1676 1601 1716 1632 fit,
1747 1609 1798 1637 per

1005 1651 1090 1674 totam
1127 1647 1266 1673 civitatem
1303 1645 1393 1680 sparg'i
1415 1650 1582 1673 curaverat:
1608 1646 1797 1682 divulgaverat

1004 1691 1086 1718 etiam
1115 1691 1272 1726 synodicam
1296 1698 1372 1717 suam
1401 1698 1464 1717 cum
1486 1690 1614 1725 capitulis
1642 1691 1670 1718 in
1700 1691 1795 1719 eadem

1005 1737 1074 1763 urbe
1088 1745 1095 1768 ;
1117 1737 1180 1763 inde
1199 1744 1248 1771 per
1262 1735 1402 1763 Orientem
1415 1736 1516 1770 scripta
1532 1735 1590 1763 htrc
1601 1741 1733 1764 venerant
1744 1745 1796 1772 ope

1005 1781 1098 1808 Acacii
1127 1780 1257 1808 Meliteni.
1288 1781 1390 1808 Eadem
1413 1781 1579 1808 monasteria
1605 1782 1798 1811 'l’heodorelus.

1005 1827 1139 1854 adversus
1161 1827 1292 1862 Cyrillum
1321 1835 1493 1869 commovere
1513 1828 1611 1859 voluit,
1626 1832 1655 1855 et
1668 1836 1720 1863 qua
1737 1834 1798 1856 erat

1006 1871 1182 1903 auctoritate,
1206 1871 1300 1906 plures
1311 1871 1385 1898 viros
1400 1871 1588 1899 sanctissimos
1603 1872 1705 1907 ubique
1722 1873 1797 1900 loco-

1007 1925 1068 1944 rum
1086 1917 1112 1944 in
1126 1917 1293 1944 catholicum
1310 1916 1373 1944 lidci
1386 1917 1559 1944 defensorem
1574 1918 1749 1946 exacerbavit
1769 1925 1797 1947 et

1005 1971 1077 1998 pene
1089 1963 1201 1989 enmvit.

1043 2007 1101 2035 ΧΗ.
1117 2008 1154 2035 Ea
1169 2012 1331 2043 tempestate
1343 2008 1581 2043 Constantinopoli
1594 2009 1715 2037 sanctius
1727 2010 1797 2038 nihil

1006 2059 1066 2082 erat
1081 2054 1234 2086 Gennadio,
1250 2055 1297 2089 qui
1313 2059 1374 2089 post
1388 2055 1485 2090 viginti
1498 2060 1602 2090 septem
1618 2063 1705 2083 annos
1723 2057 1796 2083 Ana-

1006 2100 1072 2127 tolio
1091 2100 1223 2127 sull‘ectus
1239 2103 1281 2127 est
1298 2100 1325 2126 in
1348 2099 1440 2127 sedem
1464 2100 1657 2135 episcopalem.
1683 2101 1798 2129 Delusus

1007 2146 1053 2172 ille
1080 2145 1265 2180 capitulorum
1294 2145 1567 2179 reprehensionibus,
1591 2145 1676 2172 voluit
1693 2150 1721 2173 et
1739 2146 1796 2180 ipse.

1007 2193 1034 2219 in
1048 2192 1168 2226 capitula
1179 2191 1320 2218 scribere:
1339 2190 1386 2217 sed
1400 2198 1462 2224 quze
1480 2189 1588 2217 tandem
1607 2190 1634 2216 in
1653 2190 1797 2218 maledicta

1008 2246 1063 2265 non
1079 2237 1191 2272 erupit?
1212 2247 1220 2262 c
1240 2237 1295 2269 Vas,
1322 2236 1412 2271 inquit
1431 2236 1463 2268 ‘°,
1492 2235 1558 2262 mihi
1583 2243 1597 2262 a
1618 2236 1707 2263 malis.
1726 2235 1796 2270 Heu,

1008 2285 1078 2312 belli
1095 2283 1167 2311 unde
1192 2282 1267 2310 enim
1294 2282 1441 2317 quisquam
1471 2281 1499 2308 in
1528 2281 1655 2316 przcseuti
1686 2281 1797 2309 aliunde

1008 2335 1100 2357 sumat
1116 2327 1391 2360 exordiuul?—Qm's
1407 2328 1450 2354 det
1474 2328 1554 2363 capiti
1573 2336 1629 2354 meo
1645 2336 1755 2362 aquom,
1773 2333 1798 2354 et

1008 2376 1091 2402 oculis
1117 2375 1181 2402 meis
1208 2374 1306 2409 [autem
1334 2373 1515 2408 lacrymarum
1530 2373 1542 2399 ?
1558 2377 1582 2400 et
1604 2373 1713 2408 plorabo
1728 2374 1798 2400 istud

1008 2421 1049 2448 die
1073 2429 1104 2447 ac
1123 2424 1196 2447 nocte
1211 2427 1220 2447 .'
1237 2419 1362 2454 quoniam
1377 2418 1491 2445 extendit
1510 2416 1599 2454 lingua
1617 2419 1672 2454 ejus
1690 2420 1800 2447 mendu-

1008 2466 1088 2499 cium,
1108 2469 1133 2492 et
1156 2472 1209 2492 non
1223 2464 1302 2499 ﬁdem
1319 2472 1327 2491 :
1345 2464 1508 2499 confortatus
1534 2469 1572 2491 cst
1587 2473 1665 2499 super
1687 2469 1795 2491 ten-um.

1009 2512 1048 2539 Ex
1073 2516 1148 2539 certo
1168 2517 1220 2546 pax
1245 2509 1438 2545 peccatoribus
1464 2509 1601 2544 deceptio.
1627 2509 1738 2545 Propter
1751 2510 1799 2537 hoc

1011 2558 1089 2594 157
1116 2558 1186 2585 enim
1213 2556 1323 2584 obtinuit
1343 2563 1396 2588 eos,
1414 2555 1513 2590 inquit,
1529 2556 1651 2591 suprrlria
1666 2564 1756 2583 rarum
1770 2557 1800 2583 in

840 2710 998 2739 SCIIULle
1018 2710 1132 2738 NOTAE.

201 2773 322 2801 "Animi
332 2772 514 2799 -—indicium.
532 2770 622 2798 Animi
637 2769 728 2805 potius
739 2769 918 2805 constantiam
938 2768 1071 2805 probasse
1085 2767 1188 2805 dicitur
1203 2766 1237 2805 ab
1258 2765 1336 2793 initio
1345 2765 1444 2805 capitis
1454 2765 1578 2805 secundi.
1591 2765 1652 2797 V'id.
1666 2764 1796 2805 p_._lb0._‘et

165 2795 731 2846 5,iﬁlli;'_5i"ié;;§sta:ap}.;
745 2795 1009 2846 llirractl'sv'syriorll,
1024 2807 1076 2830 art.
1089 2810 1114 2828 γ.
1127 2801 1205 2837 (Vide
1222 2801 1353 2836 integram
1373 2795 1443 2827 hanc
1463 2800 1616 2835 epistolam,
1634 2795 1709 2827 't.'lV'
1728 2795 1798 2842 edit:

166 2839 278 2872 nn'str.o.
296 2839 435 2877 item.)
474 2842 495 2856 “
512 2839 644 2872 Facurid.,
661 2840 708 2866 lib.
728 2848 756 2871 ιι,
769 2847 828 2873 cap.
842 2839 868 2866 ἐ.
