  <div class='ocr_page' id='page_1' title='image "/cluster/home/n/w/nwhite01/storage/ocr_20150623/84/njp.32101010943783/061.png"; bbox 0 0 1969 3052; ppageno 0'>
   <div class='ocr_carea' id='block_1_1' title="bbox 188 158 1268 194">
    <p class='ocr_par' dir='ltr' id='par_1_1' title="bbox 188 158 1268 194">
     <span class='ocr_line' id='line_1_1' title="bbox 188 158 1268 194; baseline 0.006 -7"><span class='ocrx_word' id='word_1_1' title='bbox 188 158 239 187; x_wconf 68' lang='lat'><strong>1::</strong></span> <span class='ocrx_word' id='word_1_2' title='bbox 766 160 954 190; x_wconf 77' lang='lat' dir='ltr'><strong>GARNERII</strong></span> <span class='ocrx_word' id='word_1_3' title='bbox 976 160 1011 189; x_wconf 90' lang='lat' dir='ltr'><strong>DI</strong></span> <span class='ocrx_word' id='word_1_4' title='bbox 1018 161 1224 192; x_wconf 76' lang='lat' dir='ltr'><strong>SSERTATIO</strong></span> <span class='ocrx_word' id='word_1_5' title='bbox 1244 165 1268 194; x_wconf 89' lang='lat' dir='ltr'><strong>I.</strong></span> 
     </span>
    </p>
   </div>
   <div class='ocr_carea' id='block_1_2' title="bbox 1765 162 1810 195">
    <p class='ocr_par' dir='ltr' id='par_1_2' title="bbox 1765 162 1810 195">
     <span class='ocr_line' id='line_1_2' title="bbox 1765 162 1810 195; baseline -0.044 0"><span class='ocrx_word' id='word_1_6' title='bbox 1765 162 1810 195; x_wconf 64' lang='lat' dir='ltr'><strong>il!</strong></span> 
     </span>
    </p>
   </div>
   <div class='ocr_carea' id='block_1_3' title="bbox 190 215 1812 256">
    <p class='ocr_par' dir='ltr' id='par_1_3' title="bbox 190 215 1812 256">
     <span class='ocr_line' id='line_1_3' title="bbox 190 215 1812 256; baseline 0.003 -13"><span class='ocrx_word' id='word_1_7' title='bbox 190 217 265 251; x_wconf 71' lang='lat' dir='ltr'><strong>ﬁnem</strong></span> <span class='ocrx_word' id='word_1_8' title='bbox 282 224 289 241; x_wconf 91' lang='lat'><em>:</em></span> <span class='ocrx_word' id='word_1_9' title='bbox 306 215 497 250; x_wconf 61' lang='lat' dir='ltr'><strong>cogitaverunt,</strong></span> <span class='ocrx_word' id='word_1_10' title='bbox 516 221 539 242; x_wconf 76' lang='lat' dir='ltr'><strong>et</strong></span> <span class='ocrx_word' id='word_1_11' title='bbox 557 216 635 242; x_wconf 60' lang='lat' dir='ltr'><strong>locuti</strong></span> <span class='ocrx_word' id='word_1_12' title='bbox 652 221 712 243; x_wconf 82' lang='lat' dir='ltr'><strong>sunt</strong></span> <span class='ocrx_word' id='word_1_13' title='bbox 739 217 766 243; x_wconf 88' lang='lat' dir='ltr'><strong>in</strong></span> <span class='ocrx_word' id='word_1_14' title='bbox 795 217 971 253; x_wconf 71' lang='lat' dir='ltr'><strong>malignitate.</strong></span> <span class='ocrx_word' id='word_1_15' title='bbox 992 222 1009 248; x_wconf 63' lang='grc' dir='ltr'><strong>Α</strong></span> <span class='ocrx_word' id='word_1_16' title='bbox 1028 222 1116 247; x_wconf 83' lang='lat' dir='ltr'><strong>tamen</strong></span> <span class='ocrx_word' id='word_1_17' title='bbox 1143 221 1301 248; x_wconf 84' lang='lat' dir='ltr'><strong>festinatum</strong></span> <span class='ocrx_word' id='word_1_18' title='bbox 1327 227 1369 250; x_wconf 85' lang='lat' dir='ltr'><strong>est</strong></span> <span class='ocrx_word' id='word_1_19' title='bbox 1389 223 1470 253; x_wconf 77' lang='lat' dir='ltr'><strong>lente,</strong></span> <span class='ocrx_word' id='word_1_20' title='bbox 1483 229 1557 248; x_wconf 85' lang='lat' dir='ltr'><strong>mora</strong></span> <span class='ocrx_word' id='word_1_21' title='bbox 1577 221 1695 256; x_wconf 86' lang='lat' dir='ltr'><strong>plurium</strong></span> <span class='ocrx_word' id='word_1_22' title='bbox 1707 221 1812 248; x_wconf 75' lang='lat' dir='ltr'><strong>dierum</strong></span> 
     </span>
    </p>
   </div>
   <div class='ocr_carea' id='block_1_4' title="bbox 187 260 973 297">
    <p class='ocr_par' dir='ltr' id='par_1_4' title="bbox 187 260 973 297">
     <span class='ocr_line' id='line_1_4' title="bbox 187 260 973 297; baseline 0.008 -13"><span class='ocrx_word' id='word_1_23' title='bbox 187 261 352 294; x_wconf 66' lang='lat' dir='ltr'><strong>iniquitatem</strong></span> <span class='ocrx_word' id='word_1_24' title='bbox 365 260 391 286; x_wconf 88' lang='lat' dir='ltr'><strong>in</strong></span> <span class='ocrx_word' id='word_1_25' title='bbox 407 260 490 286; x_wconf 86' lang='lat' dir='ltr'><strong>ultum</strong></span> <span class='ocrx_word' id='word_1_26' title='bbox 509 260 586 287; x_wconf 70' lang='lat' dir='ltr'><strong>locuti</strong></span> <span class='ocrx_word' id='word_1_27' title='bbox 604 267 663 288; x_wconf 80' lang='lat' dir='ltr'><strong>sunt</strong></span> <span class='ocrx_word' id='word_1_28' title='bbox 679 271 687 289; x_wconf 96' lang='lat'><em>:</em></span> <span class='ocrx_word' id='word_1_29' title='bbox 703 269 845 297; x_wconf 80' lang='lat' dir='ltr'><strong>posuerunt</strong></span> <span class='ocrx_word' id='word_1_30' title='bbox 859 265 886 290; x_wconf 88' lang='lat' dir='ltr'><strong>in</strong></span> <span class='ocrx_word' id='word_1_31' title='bbox 909 263 973 290; x_wconf 69' lang='lat' dir='ltr'><strong>4:on</strong></span> 
     </span>
    </p>
   </div>
   <div class='ocr_carea' id='block_1_5' title="bbox 186 305 974 343">
    <p class='ocr_par' dir='ltr' id='par_1_5' title="bbox 186 305 974 343">
     <span class='ocr_line' id='line_1_5' title="bbox 186 305 974 343; baseline 0.006 -12"><span class='ocrx_word' id='word_1_32' title='bbox 186 314 213 331; x_wconf 86' lang='lat' dir='ltr'><strong>ns</strong></span> <span class='ocrx_word' id='word_1_33' title='bbox 221 314 308 335; x_wconf 84' lang='lat' dir='ltr'><strong>suum,</strong></span> <span class='ocrx_word' id='word_1_34' title='bbox 318 310 342 331; x_wconf 75' lang='lat' dir='ltr'><strong>et</strong></span> <span class='ocrx_word' id='word_1_35' title='bbox 351 305 439 340; x_wconf 81' lang='lat' dir='ltr'><strong>lingua</strong></span> <span class='ocrx_word' id='word_1_36' title='bbox 449 314 537 333; x_wconf 86' lang='lat' dir='ltr'><strong>eorum</strong></span> <span class='ocrx_word' id='word_1_37' title='bbox 549 308 668 334; x_wconf 76' lang='lat' dir='ltr'><strong>transivit</strong></span> <span class='ocrx_word' id='word_1_38' title='bbox 676 316 754 343; x_wconf 84' lang='lat' dir='ltr'><strong>super</strong></span> <span class='ocrx_word' id='word_1_39' title='bbox 761 312 860 335; x_wconf 86' lang='lat' dir='ltr'><strong>terram</strong></span> <span class='ocrx_word' id='word_1_40' title='bbox 868 314 890 335; x_wconf 77' lang='grc' dir='ltr'><strong>ε.</strong></span> <span class='ocrx_word' id='word_1_41' title='bbox 900 309 974 336; x_wconf 83' lang='lat' dir='ltr'><strong>Psal—</strong></span> 
     </span>
    </p>
   </div>
   <div class='ocr_carea' id='block_1_6' title="bbox 189 351 973 389">
    <p class='ocr_par' dir='ltr' id='par_1_6' title="bbox 189 351 973 389">
     <span class='ocr_line' id='line_1_6' title="bbox 189 351 973 389; baseline 0.006 -13"><span class='ocrx_word' id='word_1_42' title='bbox 189 351 274 378; x_wconf 76' lang='lat' dir='ltr'><strong>mista:</strong></span> <span class='ocrx_word' id='word_1_43' title='bbox 287 351 334 379; x_wconf 84' lang='lat' dir='ltr'><strong>ista</strong></span> <span class='ocrx_word' id='word_1_44' title='bbox 344 356 417 382; x_wconf 87' lang='lat' dir='ltr'><strong>sunt.</strong></span> <span class='ocrx_word' id='word_1_45' title='bbox 429 352 554 379; x_wconf 60' lang='lat' dir='ltr'><strong>Jeremiaa</strong></span> <span class='ocrx_word' id='word_1_46' title='bbox 563 358 654 381; x_wconf 85' lang='lat' dir='ltr'><strong>autem</strong></span> <span class='ocrx_word' id='word_1_47' title='bbox 666 354 806 389; x_wconf 70' lang='lat' dir='ltr'><strong>propheta:</strong></span> <span class='ocrx_word' id='word_1_48' title='bbox 818 355 862 381; x_wconf 86' lang='lat' dir='ltr'><strong>illa</strong></span> <span class='ocrx_word' id='word_1_49' title='bbox 876 355 973 389; x_wconf 88' lang='lat' dir='ltr'><strong>prima.</strong></span> 
     </span>
    </p>
   </div>
   <div class='ocr_carea' id='block_1_7' title="bbox 190 397 975 434">
    <p class='ocr_par' dir='ltr' id='par_1_7' title="bbox 190 397 975 434">
     <span class='ocr_line' id='line_1_7' title="bbox 190 397 975 434; baseline 0.005 -11"><span class='ocrx_word' id='word_1_50' title='bbox 190 397 272 430; x_wconf 70' lang='lat' dir='ltr'><strong>Euge,</strong></span> <span class='ocrx_word' id='word_1_51' title='bbox 290 405 305 423; x_wconf 89' lang='lat' dir='ltr'><strong>o</strong></span> <span class='ocrx_word' id='word_1_52' title='bbox 322 397 398 423; x_wconf 85' lang='lat' dir='ltr'><strong>beate</strong></span> <span class='ocrx_word' id='word_1_53' title='bbox 421 398 512 424; x_wconf 77' lang='lat' dir='ltr'><strong>Paule.</strong></span> <span class='ocrx_word' id='word_1_54' title='bbox 530 398 690 434; x_wconf 70' lang='lat' dir='ltr'><strong>Exsurgent,</strong></span> <span class='ocrx_word' id='word_1_55' title='bbox 711 399 810 434; x_wconf 91' lang='lat' dir='ltr'><strong>inquit,</strong></span> <span class='ocrx_word' id='word_1_56' title='bbox 830 405 896 426; x_wconf 65' lang='lat' dir='ltr'><strong>clem;</strong></span> <span class='ocrx_word' id='word_1_57' title='bbox 906 401 975 427; x_wconf 78' lang='lat' dir='ltr'><strong>vobis</strong></span> 
     </span>
    </p>
   </div>
   <div class='ocr_carea' id='block_1_8' title="bbox 188 442 974 481">
    <p class='ocr_par' dir='ltr' id='par_1_8' title="bbox 188 442 974 481">
     <span class='ocr_line' id='line_1_8' title="bbox 188 442 974 481; baseline 0.006 -14"><span class='ocrx_word' id='word_1_58' title='bbox 188 442 249 475; x_wconf 82' lang='lat' dir='ltr'><strong>ipsis</strong></span> <span class='ocrx_word' id='word_1_59' title='bbox 271 442 320 468; x_wconf 76' lang='lat' dir='ltr'><strong>viri</strong></span> <span class='ocrx_word' id='word_1_60' title='bbox 344 442 476 476; x_wconf 78' lang='lat' dir='ltr'><strong>loquentes</strong></span> <span class='ocrx_word' id='word_1_61' title='bbox 499 451 632 477; x_wconf 77' lang='lat' dir='ltr'><strong>perversa,</strong></span> <span class='ocrx_word' id='word_1_62' title='bbox 649 448 677 470; x_wconf 86' lang='lat' dir='ltr'><strong>ut</strong></span> <span class='ocrx_word' id='word_1_63' title='bbox 690 444 821 472; x_wconf 84' lang='lat' dir='ltr'><strong>abducant</strong></span> <span class='ocrx_word' id='word_1_64' title='bbox 835 445 974 481; x_wconf 80' lang='lat' dir='ltr'><strong>discipulos</strong></span> 
     </span>
    </p>
   </div>
   <div class='ocr_carea' id='block_1_9' title="bbox 188 485 976 524">
    <p class='ocr_par' dir='ltr' id='par_1_9' title="bbox 188 485 976 524">
     <span class='ocr_line' id='line_1_9' title="bbox 188 485 976 524; baseline 0.008 -13"><span class='ocrx_word' id='word_1_65' title='bbox 188 490 243 519; x_wconf 71' lang='lat' dir='ltr'><strong>post</strong></span> <span class='ocrx_word' id='word_1_66' title='bbox 262 494 288 512; x_wconf 86' lang='lat' dir='ltr'><strong>se</strong></span> <span class='ocrx_word' id='word_1_67' title='bbox 310 485 331 512; x_wconf 71' lang='grc' dir='ltr'><strong>τ.</strong></span> <span class='ocrx_word' id='word_1_68' title='bbox 348 487 393 512; x_wconf 68' lang='lat' dir='ltr'><strong>Vm</strong></span> <span class='ocrx_word' id='word_1_69' title='bbox 410 487 481 512; x_wconf 89' lang='lat' dir='ltr'><strong>man</strong></span> <span class='ocrx_word' id='word_1_70' title='bbox 503 487 674 515; x_wconf 74' lang='lat' dir='ltr'><strong>Alexandria:</strong></span> <span class='ocrx_word' id='word_1_71' title='bbox 700 488 828 515; x_wconf 81' lang='lat' dir='ltr'><strong>familiari</strong></span> <span class='ocrx_word' id='word_1_72' title='bbox 856 490 926 524; x_wconf 89' lang='lat' dir='ltr'><strong>ejus,</strong></span> <span class='ocrx_word' id='word_1_73' title='bbox 948 497 976 517; x_wconf 87' lang='lat' dir='ltr'><strong>et</strong></span> 
     </span>
    </p>
   </div>
   <div class='ocr_carea' id='block_1_10' title="bbox 184 532 974 569">
    <p class='ocr_par' dir='ltr' id='par_1_10' title="bbox 184 532 974 569">
     <span class='ocr_line' id='line_1_10' title="bbox 184 532 974 569; baseline 0.006 -12"><span class='ocrx_word' id='word_1_74' title='bbox 184 534 299 566; x_wconf 85' lang='lat' dir='ltr'><strong>proprio</strong></span> <span class='ocrx_word' id='word_1_75' title='bbox 313 532 368 566; x_wconf 89' lang='lat' dir='ltr'><strong>jam</strong></span> <span class='ocrx_word' id='word_1_76' title='bbox 387 532 430 559; x_wconf 91' lang='lat' dir='ltr'><strong>isti</strong></span> <span class='ocrx_word' id='word_1_77' title='bbox 446 532 568 559; x_wconf 70' lang='lat' dir='ltr'><strong>secundo</strong></span> <span class='ocrx_word' id='word_1_78' title='bbox 582 541 587 559; x_wconf 93' lang='lat'>:</span> <span class='ocrx_word' id='word_1_79' title='bbox 605 541 665 567; x_wconf 73' lang='lat' dir='ltr'><strong>qua:</strong></span> <span class='ocrx_word' id='word_1_80' title='bbox 685 538 813 568; x_wconf 84' lang='lat' dir='ltr'><strong>corrupta</strong></span> <span class='ocrx_word' id='word_1_81' title='bbox 825 534 974 569; x_wconf 84' lang='lat' dir='ltr'><strong>plorcmus.</strong></span> 
     </span>
    </p>
   </div>
   <div class='ocr_carea' id='block_1_11' title="bbox 187 578 976 616">
    <p class='ocr_par' dir='ltr' id='par_1_11' title="bbox 187 578 976 616">
     <span class='ocr_line' id='line_1_11' title="bbox 187 578 976 616; baseline 0.005 -13"><span class='ocrx_word' id='word_1_82' title='bbox 187 586 302 612; x_wconf 45' lang='lat' dir='ltr'><strong>quae-quc</strong></span> <span class='ocrx_word' id='word_1_83' title='bbox 324 578 500 612; x_wconf 86' lang='lat' dir='ltr'><strong>corrumpit?</strong></span> <span class='ocrx_word' id='word_1_84' title='bbox 521 578 560 605; x_wconf 76' lang='lat' dir='ltr'><strong>Ex</strong></span> <span class='ocrx_word' id='word_1_85' title='bbox 586 582 643 605; x_wconf 88' lang='lat' dir='ltr'><strong>toto</strong></span> <span class='ocrx_word' id='word_1_86' title='bbox 664 579 725 613; x_wconf 85' lang='lat' dir='ltr'><strong>jam</strong></span> <span class='ocrx_word' id='word_1_87' title='bbox 742 585 869 614; x_wconf 79' lang='lat' dir='ltr'><strong>operatur</strong></span> <span class='ocrx_word' id='word_1_88' title='bbox 881 585 976 616; x_wconf 83' lang='lat' dir='ltr'><strong>myste-</strong></span> 
     </span>
    </p>
   </div>
   <div class='ocr_carea' id='block_1_12' title="bbox 187 624 975 662">
    <p class='ocr_par' dir='ltr' id='par_1_12' title="bbox 187 624 975 662">
     <span class='ocr_line' id='line_1_12' title="bbox 187 624 975 662; baseline 0.005 -13"><span class='ocrx_word' id='word_1_89' title='bbox 187 625 254 650; x_wconf 79' lang='lat' dir='ltr'><strong>rium</strong></span> <span class='ocrx_word' id='word_1_90' title='bbox 274 624 421 658; x_wconf 78' lang='lat' dir='ltr'><strong>iniquitatis</strong></span> <span class='ocrx_word' id='word_1_91' title='bbox 442 625 463 650; x_wconf 77' lang='grc' dir='ltr'><strong>κ.</strong></span> <span class='ocrx_word' id='word_1_92' title='bbox 483 624 516 650; x_wconf 88' lang='lat' dir='ltr'><strong>Et</strong></span> <span class='ocrx_word' id='word_1_93' title='bbox 530 632 627 651; x_wconf 83' lang='lat' dir='ltr'><strong>vereor</strong></span> <span class='ocrx_word' id='word_1_94' title='bbox 639 632 674 652; x_wconf 90' lang='lat' dir='ltr'><strong>ne</strong></span> <span class='ocrx_word' id='word_1_95' title='bbox 690 625 762 652; x_wconf 85' lang='lat' dir='ltr'><strong>forte</strong></span> <span class='ocrx_word' id='word_1_96' title='bbox 779 633 918 660; x_wconf 85' lang='lat' dir='ltr'><strong>nunquam</strong></span> <span class='ocrx_word' id='word_1_97' title='bbox 932 628 975 662; x_wconf 77' lang='lat' dir='ltr'><strong>qui</strong></span> 
     </span>
    </p>
   </div>
   <div class='ocr_carea' id='block_1_13' title="bbox 187 670 974 708">
    <p class='ocr_par' dir='ltr' id='par_1_13' title="bbox 187 670 974 708">
     <span class='ocr_line' id='line_1_13' title="bbox 187 670 974 708; baseline 0.006 -13"><span class='ocrx_word' id='word_1_98' title='bbox 187 675 271 702; x_wconf 68' lang='lat' dir='ltr'><strong>leuet,</strong></span> <span class='ocrx_word' id='word_1_99' title='bbox 301 670 332 696; x_wconf 81' lang='lat' dir='ltr'><strong>de</strong></span> <span class='ocrx_word' id='word_1_100' title='bbox 363 670 446 697; x_wconf 81' lang='lat' dir='ltr'><strong>medio</strong></span> <span class='ocrx_word' id='word_1_101' title='bbox 474 670 532 704; x_wconf 79' lang='lat' dir='ltr'><strong>ﬁat.</strong></span> <span class='ocrx_word' id='word_1_102' title='bbox 564 671 654 706; x_wconf 83' lang='lat' dir='ltr'><strong>Euge,</strong></span> <span class='ocrx_word' id='word_1_103' title='bbox 684 672 802 700; x_wconf 83' lang='lat' dir='ltr'><strong>Jcremia</strong></span> <span class='ocrx_word' id='word_1_104' title='bbox 832 673 974 708; x_wconf 75' lang='lat' dir='ltr'><strong>propheta.</strong></span> 
     </span>
    </p>
   </div>
   <div class='ocr_carea' id='block_1_14' title="bbox 186 716 975 753">
    <p class='ocr_par' dir='ltr' id='par_1_14' title="bbox 186 716 975 753">
     <span class='ocr_line' id='line_1_14' title="bbox 186 716 975 753; baseline 0.006 -11"><span class='ocrx_word' id='word_1_105' title='bbox 186 716 334 751; x_wconf 62' lang='lat' dir='ltr'><strong>Prop/tela},</strong></span> <span class='ocrx_word' id='word_1_106' title='bbox 364 716 470 750; x_wconf 87' lang='lat' dir='ltr'><strong>inquit,</strong></span> <span class='ocrx_word' id='word_1_107' title='bbox 501 718 658 752; x_wconf 73' lang='lat' dir='ltr'><strong>prophetam</strong></span> <span class='ocrx_word' id='word_1_108' title='bbox 689 718 802 753; x_wconf 84' lang='lat' dir='ltr'><strong>iniqua;</strong></span> <span class='ocrx_word' id='word_1_109' title='bbox 827 719 975 747; x_wconf 73' lang='lat' dir='ltr'><strong>sacerdotes</strong></span> 
     </span>
    </p>
   </div>
   <div class='ocr_carea' id='block_1_15' title="bbox 185 761 976 798">
    <p class='ocr_par' dir='ltr' id='par_1_15' title="bbox 185 761 976 798">
     <span class='ocr_line' id='line_1_15' title="bbox 185 761 976 798; baseline 0.008 -12"><span class='ocrx_word' id='word_1_110' title='bbox 185 761 340 796; x_wconf 72' lang='lat' dir='ltr'><strong>plauserunt</strong></span> <span class='ocrx_word' id='word_1_111' title='bbox 366 762 485 788; x_wconf 82' lang='lat' dir='ltr'><strong>manibus</strong></span> <span class='ocrx_word' id='word_1_112' title='bbox 513 763 627 794; x_wconf 79' lang='lat' dir='ltr'><strong>suis,&#39;et</strong></span> <span class='ocrx_word' id='word_1_113' title='bbox 652 763 764 798; x_wconf 79' lang='lat' dir='ltr'><strong>populus</strong></span> <span class='ocrx_word' id='word_1_114' title='bbox 792 773 863 791; x_wconf 76' lang='lat' dir='ltr'><strong>meus</strong></span> <span class='ocrx_word' id='word_1_115' title='bbox 884 765 976 792; x_wconf 63' lang='lat' dir='ltr'><strong>dilexit</strong></span> 
     </span>
    </p>
   </div>
   <div class='ocr_carea' id='block_1_16' title="bbox 185 807 976 843">
    <p class='ocr_par' dir='ltr' id='par_1_16' title="bbox 185 807 976 843">
     <span class='ocr_line' id='line_1_16' title="bbox 185 807 976 843; baseline 0.006 -11"><span class='ocrx_word' id='word_1_116' title='bbox 185 807 222 833; x_wconf 81' lang='lat' dir='ltr'><strong>ita</strong></span> <span class='ocrx_word' id='word_1_117' title='bbox 245 808 267 833; x_wconf 65' lang='grc' dir='ltr'><strong>ιι.</strong></span> <span class='ocrx_word' id='word_1_118' title='bbox 283 807 353 839; x_wconf 73' lang='lat' dir='ltr'><strong>Quid</strong></span> <span class='ocrx_word' id='word_1_119' title='bbox 365 807 439 834; x_wconf 88' lang='lat' dir='ltr'><strong>cnim</strong></span> <span class='ocrx_word' id='word_1_120' title='bbox 453 807 608 840; x_wconf 90' lang='lat' dir='ltr'><strong>minimum,</strong></span> <span class='ocrx_word' id='word_1_121' title='bbox 630 809 697 843; x_wconf 92' lang='lat' dir='ltr'><strong>quid</strong></span> <span class='ocrx_word' id='word_1_122' title='bbox 715 810 853 837; x_wconf 81' lang='lat' dir='ltr'><strong>mediocre</strong></span> <span class='ocrx_word' id='word_1_123' title='bbox 869 810 895 837; x_wconf 91' lang='lat' dir='ltr'><strong>in</strong></span> <span class='ocrx_word' id='word_1_124' title='bbox 923 811 976 838; x_wconf 80' lang='lat' dir='ltr'><strong>illis</strong></span> 
     </span>
    </p>
   </div>
   <div class='ocr_carea' id='block_1_17' title="bbox 186 852 973 889">
    <p class='ocr_par' dir='ltr' id='par_1_17' title="bbox 186 852 973 889">
     <span class='ocr_line' id='line_1_17' title="bbox 186 852 973 889; baseline 0.006 -11"><span class='ocrx_word' id='word_1_125' title='bbox 186 853 456 887; x_wconf 60' lang='grc' dir='ltr'><strong>(ίιηαιΙιεηιαιίδηιὶδ)Ἰ</strong></span> <span class='ocrx_word' id='word_1_126' title='bbox 478 852 592 881; x_wconf 87' lang='lat' dir='ltr'><strong>Omnem</strong></span> <span class='ocrx_word' id='word_1_127' title='bbox 621 855 883 889; x_wconf 83' lang='lat' dir='ltr'><strong>supercminentiam</strong></span> <span class='ocrx_word' id='word_1_128' title='bbox 914 856 973 883; x_wconf 52' lang='lat' dir='ltr'><strong>blaa</strong></span> 
     </span>
    </p>
   </div>
   <div class='ocr_carea' id='block_1_18' title="bbox 185 887 1012 932">
    <p class='ocr_par' dir='ltr' id='par_1_18' title="bbox 185 887 1012 932">
     <span class='ocr_line' id='line_1_18' title="bbox 185 887 1012 932; baseline 0.006 -9"><span class='ocrx_word' id='word_1_129' title='bbox 185 897 315 931; x_wconf 70' lang='lat' dir='ltr'><strong>sphcmiae</strong></span> <span class='ocrx_word' id='word_1_130' title='bbox 331 898 470 932; x_wconf 83' lang='lat' dir='ltr'><strong>juculatus</strong></span> <span class='ocrx_word' id='word_1_131' title='bbox 484 902 526 925; x_wconf 86' lang='lat' dir='ltr'><strong>est</strong></span> <span class='ocrx_word' id='word_1_132' title='bbox 541 898 676 926; x_wconf 83' lang='lat' dir='ltr'><strong>adversus</strong></span> <span class='ocrx_word' id='word_1_133' title='bbox 687 906 797 927; x_wconf 77' lang='lat' dir='ltr'><strong>sanctos</strong></span> <span class='ocrx_word' id='word_1_134' title='bbox 813 901 918 932; x_wconf 83' lang='lat' dir='ltr'><strong>Patres,</strong></span> <span class='ocrx_word' id='word_1_135' title='bbox 928 901 975 927; x_wconf 89' lang='lat' dir='ltr'><strong>ad-</strong></span> <span class='ocrx_word' id='word_1_136' title='bbox 992 887 1012 916; x_wconf 66' lang='grc' dir='ltr'><strong>θ</strong></span> 
     </span>
    </p>
   </div>
   <div class='ocr_carea' id='block_1_19' title="bbox 184 944 975 978">
    <p class='ocr_par' dir='ltr' id='par_1_19' title="bbox 184 944 975 978">
     <span class='ocr_line' id='line_1_19' title="bbox 184 944 975 978; baseline 0.006 -9"><span class='ocrx_word' id='word_1_137' title='bbox 184 951 282 970; x_wconf 79' lang='lat' dir='ltr'><strong>versus</strong></span> <span class='ocrx_word' id='word_1_138' title='bbox 299 944 449 978; x_wconf 77' lang='lat' dir='ltr'><strong>apostolos,</strong></span> <span class='ocrx_word' id='word_1_139' title='bbox 466 944 599 973; x_wconf 83' lang='lat' dir='ltr'><strong>adversus</strong></span> <span class='ocrx_word' id='word_1_140' title='bbox 623 945 801 973; x_wconf 82' lang='lat' dir='ltr'><strong>Salvatorem.</strong></span> <span class='ocrx_word' id='word_1_141' title='bbox 828 947 857 974; x_wconf 91' lang='lat' dir='ltr'><strong>In</strong></span> <span class='ocrx_word' id='word_1_142' title='bbox 885 955 975 974; x_wconf 88' lang='lat' dir='ltr'><strong>resur-</strong></span> 
     </span>
    </p>
   </div>
   <div class='ocr_carea' id='block_1_20' title="bbox 185 989 975 1025">
    <p class='ocr_par' dir='ltr' id='par_1_20' title="bbox 185 989 975 1025">
     <span class='ocr_line' id='line_1_20' title="bbox 185 989 975 1025; baseline 0.005 -10"><span class='ocrx_word' id='word_1_143' title='bbox 185 989 333 1016; x_wconf 80' lang='lat' dir='ltr'><strong>rectionem</strong></span> <span class='ocrx_word' id='word_1_144' title='bbox 354 989 500 1016; x_wconf 74' lang='lat' dir='ltr'><strong>meditatzzs</strong></span> <span class='ocrx_word' id='word_1_145' title='bbox 517 993 569 1016; x_wconf 87' lang='lat' dir='ltr'><strong>est.</strong></span> <span class='ocrx_word' id='word_1_146' title='bbox 587 989 762 1025; x_wconf 80' lang='lat' dir='ltr'><strong>Assumptam</strong></span> <span class='ocrx_word' id='word_1_147' title='bbox 777 991 975 1019; x_wconf 81' lang='lat' dir='ltr'><strong>humanitatem</strong></span> 
     </span>
    </p>
   </div>
   <div class='ocr_carea' id='block_1_21' title="bbox 184 1035 974 1071">
    <p class='ocr_par' dir='ltr' id='par_1_21' title="bbox 184 1035 974 1071">
     <span class='ocr_line' id='line_1_21' title="bbox 184 1035 974 1071; baseline 0.003 -9"><span class='ocrx_word' id='word_1_148' title='bbox 184 1043 217 1062; x_wconf 77' lang='lat' dir='ltr'><strong>ex</strong></span> <span class='ocrx_word' id='word_1_149' title='bbox 233 1035 314 1061; x_wconf 82' lang='lat' dir='ltr'><strong>nobis</strong></span> <span class='ocrx_word' id='word_1_150' title='bbox 330 1039 358 1062; x_wconf 88' lang='lat' dir='ltr'><strong>et</strong></span> <span class='ocrx_word' id='word_1_151' title='bbox 376 1043 425 1070; x_wconf 89' lang='lat' dir='ltr'><strong>pro</strong></span> <span class='ocrx_word' id='word_1_152' title='bbox 445 1036 525 1062; x_wconf 86' lang='lat' dir='ltr'><strong>nobis</strong></span> <span class='ocrx_word' id='word_1_153' title='bbox 552 1035 663 1071; x_wconf 85' lang='lat' dir='ltr'><strong>injuriat</strong></span> <span class='ocrx_word' id='word_1_154' title='bbox 679 1045 685 1062; x_wconf 85' lang='lat'>:</span> <span class='ocrx_word' id='word_1_155' title='bbox 704 1036 824 1064; x_wconf 84' lang='lat' dir='ltr'><strong>divinant</strong></span> <span class='ocrx_word' id='word_1_156' title='bbox 849 1041 974 1064; x_wconf 84' lang='lat' dir='ltr'><strong>naturam</strong></span> 
     </span>
    </p>
   </div>
   <div class='ocr_carea' id='block_1_22' title="bbox 183 1081 972 1117">
    <p class='ocr_par' dir='ltr' id='par_1_22' title="bbox 183 1081 972 1117">
     <span class='ocr_line' id='line_1_22' title="bbox 183 1081 972 1117; baseline 0.004 -10"><span class='ocrx_word' id='word_1_157' title='bbox 183 1086 211 1108; x_wconf 80' lang='lat' dir='ltr'><strong>et</strong></span> <span class='ocrx_word' id='word_1_158' title='bbox 228 1081 424 1115; x_wconf 85' lang='lat' dir='ltr'><strong>impassibilem</strong></span> <span class='ocrx_word' id='word_1_159' title='bbox 452 1081 626 1116; x_wconf 84' lang='lat' dir='ltr'><strong>passionihus</strong></span> <span class='ocrx_word' id='word_1_160' title='bbox 654 1081 797 1117; x_wconf 84' lang='lat' dir='ltr'><strong>subjaccre</strong></span> <span class='ocrx_word' id='word_1_161' title='bbox 821 1083 972 1110; x_wconf 85' lang='lat' dir='ltr'><strong>contendit.</strong></span> 
     </span>
    </p>
   </div>
   <div class='ocr_carea' id='block_1_23' title="bbox 185 1126 974 1163">
    <p class='ocr_par' dir='ltr' id='par_1_23' title="bbox 185 1126 974 1163">
     <span class='ocr_line' id='line_1_23' title="bbox 185 1126 974 1163; baseline 0.005 -11"><span class='ocrx_word' id='word_1_162' title='bbox 185 1126 218 1152; x_wconf 86' lang='lat' dir='ltr'><strong>Et</strong></span> <span class='ocrx_word' id='word_1_163' title='bbox 235 1131 328 1160; x_wconf 85' lang='lat' dir='ltr'><strong>postea</strong></span> <span class='ocrx_word' id='word_1_164' title='bbox 343 1135 349 1152; x_wconf 89' lang='lat'>:</span> <span class='ocrx_word' id='word_1_165' title='bbox 368 1126 657 1154; x_wconf 81' lang='lat' dir='ltr'><strong>Anatltematizaturus</strong></span> <span class='ocrx_word' id='word_1_166' title='bbox 672 1132 715 1154; x_wconf 81' lang='lat' dir='ltr'><strong>est</strong></span> <span class='ocrx_word' id='word_1_167' title='bbox 729 1131 754 1155; x_wconf 89' lang='lat' dir='ltr'><strong>te</strong></span> <span class='ocrx_word' id='word_1_168' title='bbox 780 1128 863 1159; x_wconf 85' lang='lat' dir='ltr'><strong>Deus.</strong></span> <span class='ocrx_word' id='word_1_169' title='bbox 887 1130 974 1163; x_wconf 81' lang='lat' dir='ltr'><strong>paries</strong></span> 
     </span>
    </p>
   </div>
   <div class='ocr_carea' id='block_1_24' title="bbox 183 1171 975 1203">
    <p class='ocr_par' dir='ltr' id='par_1_24' title="bbox 183 1171 975 1203">
     <span class='ocr_line' id='line_1_24' title="bbox 183 1171 975 1203; baseline 0.005 -6"><span class='ocrx_word' id='word_1_170' title='bbox 183 1171 304 1198; x_wconf 84' lang='lat' dir='ltr'><strong>dealbate</strong></span> <span class='ocrx_word' id='word_1_171' title='bbox 324 1172 343 1198; x_wconf 76' lang='grc' dir='ltr'><strong>ί.</strong></span> <span class='ocrx_word' id='word_1_172' title='bbox 375 1171 563 1199; x_wconf 80' lang='lat' dir='ltr'><strong>Justissimum</strong></span> <span class='ocrx_word' id='word_1_173' title='bbox 591 1172 665 1199; x_wconf 88' lang='lat' dir='ltr'><strong>enim</strong></span> <span class='ocrx_word' id='word_1_174' title='bbox 700 1178 752 1203; x_wconf 79' lang='lat' dir='ltr'><strong>est,</strong></span> <span class='ocrx_word' id='word_1_175' title='bbox 782 1173 819 1201; x_wconf 88' lang='lat' dir='ltr'><strong>Te</strong></span> <span class='ocrx_word' id='word_1_176' title='bbox 847 1174 975 1202; x_wconf 86' lang='lat' dir='ltr'><strong>similiter</strong></span> 
     </span>
    </p>
   </div>
   <div class='ocr_carea' id='block_1_25' title="bbox 183 1216 974 1254">
    <p class='ocr_par' dir='ltr' id='par_1_25' title="bbox 183 1216 974 1254">
     <span class='ocr_line' id='line_1_25' title="bbox 183 1216 974 1254; baseline 0.004 -11"><span class='ocrx_word' id='word_1_177' title='bbox 183 1217 297 1244; x_wconf 56' lang='lat' dir='ltr'><strong>Ananiae</strong></span> <span class='ocrx_word' id='word_1_178' title='bbox 326 1216 484 1245; x_wconf 73' lang='lat' dir='ltr'><strong>Judzeorum</strong></span> <span class='ocrx_word' id='word_1_179' title='bbox 512 1218 632 1253; x_wconf 81' lang='lat' dir='ltr'><strong>principi</strong></span> <span class='ocrx_word' id='word_1_180' title='bbox 657 1219 831 1246; x_wconf 81' lang='lat' dir='ltr'><strong>sacerdotum</strong></span> <span class='ocrx_word' id='word_1_181' title='bbox 855 1219 974 1254; x_wconf 79' lang='lat' dir='ltr'><strong>linguam</strong></span> 
     </span>
    </p>
   </div>
   <div class='ocr_carea' id='block_1_26' title="bbox 183 1261 975 1296">
    <p class='ocr_par' dir='ltr' id='par_1_26' title="bbox 183 1261 975 1296">
     <span class='ocr_line' id='line_1_26' title="bbox 183 1261 975 1296; baseline 0.004 -8"><span class='ocrx_word' id='word_1_182' title='bbox 183 1262 317 1288; x_wconf 84' lang='lat' dir='ltr'><strong>adversus</strong></span> <span class='ocrx_word' id='word_1_183' title='bbox 337 1261 488 1296; x_wconf 87' lang='lat' dir='ltr'><strong>discipulos</strong></span> <span class='ocrx_word' id='word_1_184' title='bbox 506 1262 608 1289; x_wconf 81' lang='lat' dir='ltr'><strong>Christi</strong></span> <span class='ocrx_word' id='word_1_185' title='bbox 625 1267 791 1294; x_wconf 73' lang='lat' dir='ltr'><strong>moventem,</strong></span> <span class='ocrx_word' id='word_1_186' title='bbox 809 1264 928 1291; x_wconf 80' lang='lat' dir='ltr'><strong>similem</strong></span> <span class='ocrx_word' id='word_1_187' title='bbox 940 1264 975 1291; x_wconf 90' lang='lat' dir='ltr'><strong>ab</strong></span> 
     </span>
    </p>
   </div>
   <div class='ocr_carea' id='block_1_27' title="bbox 183 1306 700 1340">
    <p class='ocr_par' dir='ltr' id='par_1_27' title="bbox 183 1306 700 1340">
     <span class='ocr_line' id='line_1_27' title="bbox 183 1306 700 1340; baseline 0 -7"><span class='ocrx_word' id='word_1_188' title='bbox 183 1307 223 1333; x_wconf 83' lang='lat' dir='ltr'><strong>eis</strong></span> <span class='ocrx_word' id='word_1_189' title='bbox 240 1306 455 1340; x_wconf 79' lang='lat' dir='ltr'><strong>indignationem</strong></span> <span class='ocrx_word' id='word_1_190' title='bbox 473 1306 602 1340; x_wconf 80' lang='lat' dir='ltr'><strong>experiri,</strong></span> <span class='ocrx_word' id='word_1_191' title='bbox 619 1316 627 1331; x_wconf 73' lang='grc' dir='ltr'><strong><em>ι</em></strong></span> <span class='ocrx_word' id='word_1_192' title='bbox 648 1311 700 1333; x_wconf 89' lang='lat' dir='ltr'><strong>etc.</strong></span> 
     </span>
    </p>
   </div>
   <div class='ocr_carea' id='block_1_28' title="bbox 222 1350 976 1388">
    <p class='ocr_par' dir='ltr' id='par_1_28' title="bbox 222 1350 976 1388">
     <span class='ocr_line' id='line_1_28' title="bbox 222 1350 976 1388; baseline 0.004 -11"><span class='ocrx_word' id='word_1_193' title='bbox 222 1351 286 1378; x_wconf 77' lang='lat' dir='ltr'><strong>Ihcc</strong></span> <span class='ocrx_word' id='word_1_194' title='bbox 300 1351 458 1378; x_wconf 81' lang='lat' dir='ltr'><strong>Gennadius</strong></span> <span class='ocrx_word' id='word_1_195' title='bbox 472 1350 720 1386; x_wconf 78' lang='lat' dir='ltr'><strong>Constantinopoli.</strong></span> <span class='ocrx_word' id='word_1_196' title='bbox 747 1351 776 1378; x_wconf 91' lang='lat' dir='ltr'><strong>In</strong></span> <span class='ocrx_word' id='word_1_197' title='bbox 795 1352 911 1388; x_wconf 67' lang='lat' dir='ltr'><strong>Egyplo</strong></span> <span class='ocrx_word' id='word_1_198' title='bbox 927 1353 976 1380; x_wconf 86' lang='lat' dir='ltr'><strong>Isi-</strong></span> 
     </span>
    </p>
   </div>
   <div class='ocr_carea' id='block_1_29' title="bbox 184 1397 976 1432">
    <p class='ocr_par' dir='ltr' id='par_1_29' title="bbox 184 1397 976 1432">
     <span class='ocr_line' id='line_1_29' title="bbox 184 1397 976 1432; baseline 0.004 -9"><span class='ocrx_word' id='word_1_199' title='bbox 184 1399 277 1428; x_wconf 81' lang='lat' dir='ltr'><strong>dorus,</strong></span> <span class='ocrx_word' id='word_1_200' title='bbox 294 1397 616 1429; x_wconf 70' lang='lat' dir='ltr'><strong>cuiPelusiotzenomen,</strong></span> <span class='ocrx_word' id='word_1_201' title='bbox 644 1397 710 1424; x_wconf 81' lang='lat' dir='ltr'><strong>vicit</strong></span> <span class='ocrx_word' id='word_1_202' title='bbox 736 1398 846 1432; x_wconf 86' lang='lat' dir='ltr'><strong>quidem</strong></span> <span class='ocrx_word' id='word_1_203' title='bbox 867 1399 976 1426; x_wconf 86' lang='lat' dir='ltr'><strong>Genna-</strong></span> 
     </span>
    </p>
   </div>
   <div class='ocr_carea' id='block_1_30' title="bbox 184 1442 974 1474">
    <p class='ocr_par' dir='ltr' id='par_1_30' title="bbox 184 1442 974 1474">
     <span class='ocr_line' id='line_1_30' title="bbox 184 1442 974 1474; baseline 0.005 -6"><span class='ocrx_word' id='word_1_204' title='bbox 184 1443 260 1469; x_wconf 89' lang='lat' dir='ltr'><strong>dium</strong></span> <span class='ocrx_word' id='word_1_205' title='bbox 292 1442 426 1468; x_wconf 86' lang='lat' dir='ltr'><strong>modestia</strong></span> <span class='ocrx_word' id='word_1_206' title='bbox 448 1451 454 1468; x_wconf 87' lang='lat'><strong>:</strong></span> <span class='ocrx_word' id='word_1_207' title='bbox 480 1446 688 1474; x_wconf 82' lang='lat' dir='ltr'><strong>verumtamen,</strong></span> <span class='ocrx_word' id='word_1_208' title='bbox 716 1451 779 1471; x_wconf 90' lang='lat' dir='ltr'><strong>cum</strong></span> <span class='ocrx_word' id='word_1_209' title='bbox 810 1452 843 1470; x_wconf 79' lang='lat' dir='ltr'><strong>ex</strong></span> <span class='ocrx_word' id='word_1_210' title='bbox 862 1444 974 1472; x_wconf 79' lang='lat' dir='ltr'><strong>Oriente</strong></span> 
     </span>
    </p>
   </div>
   <div class='ocr_carea' id='block_1_31' title="bbox 183 1487 976 1524">
    <p class='ocr_par' dir='ltr' id='par_1_31' title="bbox 183 1487 976 1524">
     <span class='ocr_line' id='line_1_31' title="bbox 183 1487 976 1524; baseline 0.005 -10"><span class='ocrx_word' id='word_1_211' title='bbox 183 1488 336 1518; x_wconf 77' lang='lat' dir='ltr'><strong>didicisset,</strong></span> <span class='ocrx_word' id='word_1_212' title='bbox 352 1495 406 1522; x_wconf 91' lang='lat' dir='ltr'><strong>quo</strong></span> <span class='ocrx_word' id='word_1_213' title='bbox 422 1487 592 1514; x_wconf 78' lang='lat' dir='ltr'><strong>haberentur</strong></span> <span class='ocrx_word' id='word_1_214' title='bbox 605 1488 666 1515; x_wconf 88' lang='lat' dir='ltr'><strong>loco</strong></span> <span class='ocrx_word' id='word_1_215' title='bbox 681 1489 812 1523; x_wconf 81' lang='lat' dir='ltr'><strong>capitula,</strong></span> <span class='ocrx_word' id='word_1_216' title='bbox 829 1495 890 1524; x_wconf 86' lang='lat' dir='ltr'><strong>post</strong></span> <span class='ocrx_word' id='word_1_217' title='bbox 917 1490 976 1518; x_wconf 87' lang='lat' dir='ltr'><strong>ani—</strong></span> 
     </span>
    </p>
   </div>
   <div class='ocr_carea' id='block_1_32' title="bbox 184 1533 975 1569">
    <p class='ocr_par' dir='ltr' id='par_1_32' title="bbox 184 1533 975 1569">
     <span class='ocr_line' id='line_1_32' title="bbox 184 1533 975 1569; baseline 0.004 -9"><span class='ocrx_word' id='word_1_218' title='bbox 184 1543 243 1560; x_wconf 78' lang='lat' dir='ltr'><strong>mos</strong></span> <span class='ocrx_word' id='word_1_219' title='bbox 262 1542 277 1560; x_wconf 86' lang='lat' dir='ltr'><strong>a</strong></span> <span class='ocrx_word' id='word_1_220' title='bbox 301 1533 476 1560; x_wconf 82' lang='lat' dir='ltr'><strong>Thcodoreto</strong></span> <span class='ocrx_word' id='word_1_221' title='bbox 496 1538 648 1560; x_wconf 85' lang='lat' dir='ltr'><strong>commotos</strong></span> <span class='ocrx_word' id='word_1_222' title='bbox 675 1533 805 1569; x_wconf 76' lang='lat' dir='ltr'><strong>Cyrillum</strong></span> <span class='ocrx_word' id='word_1_223' title='bbox 833 1535 975 1563; x_wconf 81' lang='lat' dir='ltr'><strong>admonuit</strong></span> 
     </span>
    </p>
   </div>
   <div class='ocr_carea' id='block_1_33' title="bbox 183 1578 975 1616">
    <p class='ocr_par' dir='ltr' id='par_1_33' title="bbox 183 1578 975 1616">
     <span class='ocr_line' id='line_1_33' title="bbox 183 1578 975 1616; baseline 0.005 -10"><span class='ocrx_word' id='word_1_224' title='bbox 183 1583 217 1606; x_wconf 83' lang='lat' dir='ltr'><strong>de</strong></span> <span class='ocrx_word' id='word_1_225' title='bbox 244 1579 367 1606; x_wconf 83' lang='lat' dir='ltr'><strong>cavendo</strong></span> <span class='ocrx_word' id='word_1_226' title='bbox 393 1578 477 1606; x_wconf 89' lang='lat' dir='ltr'><strong>unius</strong></span> <span class='ocrx_word' id='word_1_227' title='bbox 506 1582 612 1606; x_wconf 67' lang='lat' dir='ltr'><strong>natura:</strong></span> <span class='ocrx_word' id='word_1_228' title='bbox 639 1587 750 1611; x_wconf 87' lang='lat' dir='ltr'><strong>errore,</strong></span> <span class='ocrx_word' id='word_1_229' title='bbox 775 1581 975 1616; x_wconf 73' lang='lat' dir='ltr'><strong>retinendoque</strong></span> 
     </span>
    </p>
   </div>
   <div class='ocr_carea' id='block_1_34' title="bbox 182 1624 973 1654">
    <p class='ocr_par' dir='ltr' id='par_1_34' title="bbox 182 1624 973 1654">
     <span class='ocr_line' id='line_1_34' title="bbox 182 1624 973 1654; baseline 0.003 -2"><span class='ocrx_word' id='word_1_230' title='bbox 182 1625 322 1652; x_wconf 75' lang='lat' dir='ltr'><strong>Athanasii</strong></span> <span class='ocrx_word' id='word_1_231' title='bbox 341 1624 375 1652; x_wconf 91' lang='lat' dir='ltr'><strong>de</strong></span> <span class='ocrx_word' id='word_1_232' title='bbox 395 1624 503 1652; x_wconf 87' lang='lat' dir='ltr'><strong>duabus</strong></span> <span class='ocrx_word' id='word_1_233' title='bbox 525 1625 631 1652; x_wconf 87' lang='lat' dir='ltr'><strong>naturis</strong></span> <span class='ocrx_word' id='word_1_234' title='bbox 654 1625 808 1653; x_wconf 75' lang='lat' dir='ltr'><strong>inconl‘usis</strong></span> <span class='ocrx_word' id='word_1_235' title='bbox 839 1626 973 1654; x_wconf 82' lang='lat' dir='ltr'><strong>doctrina.</strong></span> 
     </span>
    </p>
   </div>
   <div class='ocr_carea' id='block_1_35' title="bbox 182 1669 976 1704">
    <p class='ocr_par' dir='ltr' id='par_1_35' title="bbox 182 1669 976 1704">
     <span class='ocr_line' id='line_1_35' title="bbox 182 1669 976 1704; baseline 0.005 -8"><span class='ocrx_word' id='word_1_236' title='bbox 182 1670 341 1701; x_wconf 76' lang='lat' dir='ltr'><strong>Admonuit,</strong></span> <span class='ocrx_word' id='word_1_237' title='bbox 357 1670 480 1704; x_wconf 89' lang='lat' dir='ltr'><strong>inquam,</strong></span> <span class='ocrx_word' id='word_1_238' title='bbox 498 1669 600 1701; x_wconf 85' lang='lat' dir='ltr'><strong>verbis,</strong></span> <span class='ocrx_word' id='word_1_239' title='bbox 613 1677 683 1704; x_wconf 58' lang='lat' dir='ltr'><strong>quat,</strong></span> <span class='ocrx_word' id='word_1_240' title='bbox 703 1676 732 1697; x_wconf 89' lang='lat' dir='ltr'><strong>ut</strong></span> <span class='ocrx_word' id='word_1_241' title='bbox 746 1671 781 1697; x_wconf 87' lang='lat' dir='ltr'><strong>ah</strong></span> <span class='ocrx_word' id='word_1_242' title='bbox 800 1678 909 1699; x_wconf 84' lang='lat' dir='ltr'><strong>errante</strong></span> <span class='ocrx_word' id='word_1_243' title='bbox 932 1681 976 1700; x_wconf 86' lang='lat' dir='ltr'><strong>zc-</strong></span> 
     </span>
    </p>
   </div>
   <div class='ocr_carea' id='block_1_36' title="bbox 182 1715 973 1750">
    <p class='ocr_par' dir='ltr' id='par_1_36' title="bbox 182 1715 973 1750">
     <span class='ocr_line' id='line_1_36' title="bbox 182 1715 973 1750; baseline 0.004 -9"><span class='ocrx_word' id='word_1_244' title='bbox 182 1716 208 1742; x_wconf 86' lang='lat' dir='ltr'><strong>lo</strong></span> <span class='ocrx_word' id='word_1_245' title='bbox 226 1715 397 1746; x_wconf 76' lang='lat' dir='ltr'><strong>oriebantur,</strong></span> <span class='ocrx_word' id='word_1_246' title='bbox 426 1715 463 1742; x_wconf 85' lang='lat' dir='ltr'><strong>ita</strong></span> <span class='ocrx_word' id='word_1_247' title='bbox 491 1715 647 1742; x_wconf 70' lang='lat' dir='ltr'><strong>acrimonia:</strong></span> <span class='ocrx_word' id='word_1_248' title='bbox 674 1716 790 1742; x_wconf 86' lang='lat' dir='ltr'><strong>multum</strong></span> <span class='ocrx_word' id='word_1_249' title='bbox 817 1717 973 1750; x_wconf 81' lang='lat' dir='ltr'><strong>habebant,</strong></span> 
     </span>
    </p>
   </div>
   <div class='ocr_carea' id='block_1_37' title="bbox 181 1760 398 1794">
    <p class='ocr_par' dir='ltr' id='par_1_37' title="bbox 181 1760 398 1794">
     <span class='ocr_line' id='line_1_37' title="bbox 181 1760 398 1794; baseline 0 -8"><span class='ocrx_word' id='word_1_250' title='bbox 181 1769 278 1794; x_wconf 70' lang='lat' dir='ltr'><strong>parum</strong></span> <span class='ocrx_word' id='word_1_251' title='bbox 294 1760 398 1786; x_wconf 83' lang='lat' dir='ltr'><strong>decori.</strong></span> 
     </span>
    </p>
   </div>
   <div class='ocr_carea' id='block_1_38' title="bbox 483 1826 670 1854">
    <p class='ocr_par' dir='ltr' id='par_1_38' title="bbox 483 1826 670 1854">
     <span class='ocr_line' id='line_1_38' title="bbox 483 1826 670 1854; baseline -0.005 -1"><span class='ocrx_word' id='word_1_252' title='bbox 483 1828 490 1835; x_wconf 86' lang='lat'>&#39;</span> <span class='ocrx_word' id='word_1_253' title='bbox 509 1826 624 1854; x_wconf 81' lang='lat' dir='ltr'><strong>CAPUT</strong></span> <span class='ocrx_word' id='word_1_254' title='bbox 641 1827 670 1854; x_wconf 72' lang='grc' dir='ltr'><strong>γ.</strong></span> 
     </span>
    </p>
   </div>
   <div class='ocr_carea' id='block_1_39' title="bbox 189 1872 973 1902">
    <p class='ocr_par' dir='ltr' id='par_1_39' title="bbox 189 1872 973 1902">
     <span class='ocr_line' id='line_1_39' title="bbox 189 1872 973 1902; baseline 0.003 -2"><span class='ocrx_word' id='word_1_255' title='bbox 189 1873 209 1900; x_wconf 92' lang='grc'><strong>1.</strong></span> <span class='ocrx_word' id='word_1_256' title='bbox 226 1872 391 1900; x_wconf 81' lang='lat' dir='ltr'><strong>Conveniunt</strong></span> <span class='ocrx_word' id='word_1_257' title='bbox 415 1872 508 1899; x_wconf 79' lang='lat' dir='ltr'><strong>Patres</strong></span> <span class='ocrx_word' id='word_1_258' title='bbox 524 1874 665 1902; x_wconf 79' lang='lat' dir='ltr'><strong>Ephesum.</strong></span> <span class='ocrx_word' id='word_1_259' title='bbox 690 1873 722 1900; x_wconf 94' lang='lat' dir='ltr'><strong>Il.</strong></span> <span class='ocrx_word' id='word_1_260' title='bbox 741 1873 830 1900; x_wconf 85' lang='lat' dir='ltr'><strong>Maras</strong></span> <span class='ocrx_word' id='word_1_261' title='bbox 856 1875 973 1902; x_wconf 79' lang='lat' dir='ltr'><strong>consulto</strong></span> 
     </span>
    </p>
   </div>
   <div class='ocr_carea' id='block_1_40' title="bbox 226 1907 973 1943">
    <p class='ocr_par' dir='ltr' id='par_1_40' title="bbox 226 1907 973 1943">
     <span class='ocr_line' id='line_1_40' title="bbox 226 1907 973 1943; baseline 0.004 -9"><span class='ocrx_word' id='word_1_262' title='bbox 226 1912 332 1934; x_wconf 65' lang='lat' dir='ltr'><strong>nectunt</strong></span> <span class='ocrx_word' id='word_1_263' title='bbox 346 1907 501 1935; x_wconf 79' lang='lat' dir='ltr'><strong>Orientales.</strong></span> <span class='ocrx_word' id='word_1_264' title='bbox 520 1907 564 1943; x_wconf 62' lang='grc'><strong>1111</strong></span> <span class='ocrx_word' id='word_1_265' title='bbox 578 1907 723 1934; x_wconf 75' lang='lat' dir='ltr'><strong>Incitantur</strong></span> <span class='ocrx_word' id='word_1_266' title='bbox 743 1909 858 1943; x_wconf 81' lang='lat' dir='ltr'><strong>synodus</strong></span> <span class='ocrx_word' id='word_1_267' title='bbox 884 1919 900 1936; x_wconf 82' lang='grc' dir='ltr'><strong>ιι</strong></span> <span class='ocrx_word' id='word_1_268' title='bbox 921 1910 973 1937; x_wconf 87' lang='lat' dir='ltr'><strong>Ca—</strong></span> 
     </span>
    </p>
   </div>
   <div class='ocr_carea' id='block_1_41' title="bbox 224 1942 974 1977">
    <p class='ocr_par' dir='ltr' id='par_1_41' title="bbox 224 1942 974 1977">
     <span class='ocr_line' id='line_1_41' title="bbox 224 1942 974 1977; baseline 0.007 -10"><span class='ocrx_word' id='word_1_269' title='bbox 224 1943 336 1974; x_wconf 80' lang='lat' dir='ltr'><strong>tholicis,</strong></span> <span class='ocrx_word' id='word_1_270' title='bbox 348 1947 370 1969; x_wconf 83' lang='lat' dir='ltr'><strong>et</strong></span> <span class='ocrx_word' id='word_1_271' title='bbox 389 1943 528 1977; x_wconf 84' lang='lat' dir='ltr'><strong>deponitur</strong></span> <span class='ocrx_word' id='word_1_272' title='bbox 540 1942 687 1969; x_wconf 75' lang='lat' dir='ltr'><strong>Nestorius.</strong></span> <span class='ocrx_word' id='word_1_273' title='bbox 705 1943 749 1970; x_wconf 87' lang='lat' dir='ltr'><strong>IV.</strong></span> <span class='ocrx_word' id='word_1_274' title='bbox 760 1942 824 1970; x_wconf 68' lang='lat' dir='ltr'><strong>Mos;</strong></span> <span class='ocrx_word' id='word_1_275' title='bbox 847 1945 974 1972; x_wconf 81' lang='lat' dir='ltr'><strong>advolant</strong></span> 
     </span>
    </p>
   </div>
   <div class='ocr_carea' id='block_1_42' title="bbox 223 1977 971 2038">
    <p class='ocr_par' dir='ltr' id='par_1_42' title="bbox 223 1977 971 2038">
     <span class='ocr_line' id='line_1_42' title="bbox 223 1977 971 2038; baseline 0.004 -34"><span class='ocrx_word' id='word_1_276' title='bbox 223 1977 382 2009; x_wconf 80' lang='lat' dir='ltr'><strong>Orientales,</strong></span> <span class='ocrx_word' id='word_1_277' title='bbox 416 1981 440 2003; x_wconf 85' lang='lat' dir='ltr'><strong>et</strong></span> <span class='ocrx_word' id='word_1_278' title='bbox 457 1977 589 2012; x_wconf 87' lang='lat' dir='ltr'><strong>deponunt</strong></span> <span class='ocrx_word' id='word_1_279' title='bbox 604 1977 732 2038; x_wconf 58' lang='lat' dir='ltr'><strong>Ciurillum</strong></span> <span class='ocrx_word' id='word_1_280' title='bbox 748 1987 778 2005; x_wconf 85' lang='lat' dir='ltr'><strong>ac</strong></span> <span class='ocrx_word' id='word_1_281' title='bbox 797 1979 971 2007; x_wconf 83' lang='lat' dir='ltr'><strong>Memnonem.</strong></span> 
     </span>
     <span class='ocr_line' id='line_1_43' title="bbox 225 2012 971 2038; baseline 0 0"><span class='ocrx_word' id='word_1_282' title='bbox 225 2013 256 2038; x_wconf 87' lang='lat' dir='ltr'><strong>V.</strong></span> <span class='ocrx_word' id='word_1_283' title='bbox 274 2013 465 2038; x_wconf 78' lang='lat' dir='ltr'><strong>Imneratorem</strong></span> <span class='ocrx_word' id='word_1_284' title='bbox 480 2021 520 2038; x_wconf 84' lang='lat' dir='ltr'><strong>res</strong></span> <span class='ocrx_word' id='word_1_285' title='bbox 534 2012 616 2038; x_wconf 84' lang='lat' dir='ltr'><strong>Catho</strong></span> <span class='ocrx_word' id='word_1_286' title='bbox 631 2014 730 2038; x_wconf 75' lang='lat' dir='ltr'><strong>irarum</strong></span> <span class='ocrx_word' id='word_1_287' title='bbox 742 2013 836 2038; x_wconf 79' lang='lat' dir='ltr'><strong>latent.</strong></span> <span class='ocrx_word' id='word_1_288' title='bbox 849 2014 971 2038; x_wconf 76' lang='lat' dir='ltr'><strong>Orienta-</strong></span> 
     </span>
    </p>
   </div>
   <div class='ocr_carea' id='block_1_43' title="bbox 225 2012 974 2048">
    <p class='ocr_par' dir='ltr' id='par_1_43' title="bbox 225 2012 974 2048">
     <span class='ocr_line' id='line_1_44' title="bbox 225 2012 974 2048; baseline 0.004 -9"><span class='ocrx_word' id='word_1_289' title='bbox 225 2013 256 2039; x_wconf 86' lang='lat' dir='ltr'><strong>V.</strong></span> <span class='ocrx_word' id='word_1_290' title='bbox 274 2013 465 2048; x_wconf 74' lang='lat' dir='ltr'><strong>Imperatorem</strong></span> <span class='ocrx_word' id='word_1_291' title='bbox 480 2012 730 2048; x_wconf 69' lang='lat' dir='ltr'><strong>resCatholicoy-um</strong></span> <span class='ocrx_word' id='word_1_292' title='bbox 742 2013 836 2046; x_wconf 82' lang='lat' dir='ltr'><strong>latent,</strong></span> <span class='ocrx_word' id='word_1_293' title='bbox 849 2014 974 2042; x_wconf 85' lang='lat' dir='ltr'><strong>Orienta-</strong></span> 
     </span>
    </p>
   </div>
   <div class='ocr_carea' id='block_1_44' title="bbox 224 2047 972 2084">
    <p class='ocr_par' dir='ltr' id='par_1_44' title="bbox 224 2047 972 2084">
     <span class='ocr_line' id='line_1_45' title="bbox 224 2047 972 2084; baseline 0.004 -10"><span class='ocrx_word' id='word_1_294' title='bbox 224 2047 474 2084; x_wconf 17' lang='lat' dir='ltr'><strong>liumrinnotescunt.</strong></span> <span class='ocrx_word' id='word_1_295' title='bbox 500 2047 544 2084; x_wconf 67' lang='grc' dir='ltr'><strong>ῩΙ.</strong></span> <span class='ocrx_word' id='word_1_296' title='bbox 561 2047 718 2084; x_wconf 22' lang='grc' dir='ltr'><strong>Ινᾳγςτρηιέξηβ</strong></span> <span class='ocrx_word' id='word_1_297' title='bbox 742 2050 853 2083; x_wconf 84' lang='lat' dir='ltr'><strong>proinde</strong></span> <span class='ocrx_word' id='word_1_298' title='bbox 876 2051 930 2084; x_wconf 85' lang='lat' dir='ltr'><strong>agit</strong></span> <span class='ocrx_word' id='word_1_299' title='bbox 945 2051 972 2077; x_wconf 85' lang='lat' dir='ltr'><strong>in</strong></span> 
     </span>
    </p>
   </div>
   <div class='ocr_carea' id='block_1_45' title="bbox 223 2082 972 2118">
    <p class='ocr_par' dir='ltr' id='par_1_45' title="bbox 223 2082 972 2118">
     <span class='ocr_line' id='line_1_46' title="bbox 223 2082 972 2118; baseline 0.004 -9"><span class='ocrx_word' id='word_1_300' title='bbox 223 2082 353 2118; x_wconf 81' lang='lat' dir='ltr'><strong>Cyrillum</strong></span> <span class='ocrx_word' id='word_1_301' title='bbox 370 2087 393 2109; x_wconf 88' lang='lat' dir='ltr'><strong>et</strong></span> <span class='ocrx_word' id='word_1_302' title='bbox 412 2082 569 2110; x_wconf 85' lang='lat' dir='ltr'><strong>Catlwlicos.</strong></span> <span class='ocrx_word' id='word_1_303' title='bbox 593 2083 648 2109; x_wconf 84' lang='lat' dir='ltr'><strong>VII.</strong></span> <span class='ocrx_word' id='word_1_304' title='bbox 665 2082 782 2110; x_wconf 81' lang='lat' dir='ltr'><strong>Edoctus</strong></span> <span class='ocrx_word' id='word_1_305' title='bbox 807 2082 972 2112; x_wconf 49' lang='lat' dir='ltr'><strong>abab—natio</strong></span> 
     </span>
    </p>
   </div>
   <div class='ocr_carea' id='block_1_46' title="bbox 218 2117 973 2152">
    <p class='ocr_par' dir='ltr' id='par_1_46' title="bbox 218 2117 973 2152">
     <span class='ocr_line' id='line_1_47' title="bbox 218 2117 973 2152; baseline 0.003 -8"><span class='ocrx_word' id='word_1_306' title='bbox 218 2117 292 2152; x_wconf 77' lang='lat' dir='ltr'><strong>jubet</strong></span> <span class='ocrx_word' id='word_1_307' title='bbox 314 2118 349 2144; x_wconf 79' lang='lat' dir='ltr'><strong>ad</strong></span> <span class='ocrx_word' id='word_1_308' title='bbox 365 2126 392 2144; x_wconf 78' lang='lat' dir='ltr'><strong>se</strong></span> <span class='ocrx_word' id='word_1_309' title='bbox 417 2118 485 2144; x_wconf 87' lang='lat' dir='ltr'><strong>mitti</strong></span> <span class='ocrx_word' id='word_1_310' title='bbox 509 2118 633 2152; x_wconf 82' lang='lat' dir='ltr'><strong>utrinque</strong></span> <span class='ocrx_word' id='word_1_311' title='bbox 645 2117 754 2152; x_wconf 75' lang='lat' dir='ltr'><strong>legatos.</strong></span> <span class='ocrx_word' id='word_1_312' title='bbox 775 2119 841 2146; x_wconf 82' lang='lat' dir='ltr'><strong>VIII.</strong></span> <span class='ocrx_word' id='word_1_313' title='bbox 859 2119 973 2146; x_wconf 85' lang='lat' dir='ltr'><strong>Theodo-</strong></span> 
     </span>
    </p>
   </div>
   <div class='ocr_carea' id='block_1_47' title="bbox 223 2152 972 2188">
    <p class='ocr_par' dir='ltr' id='par_1_47' title="bbox 223 2152 972 2188">
     <span class='ocr_line' id='line_1_48' title="bbox 223 2152 972 2188; baseline 0.004 -10"><span class='ocrx_word' id='word_1_314' title='bbox 223 2159 293 2180; x_wconf 77' lang='lat' dir='ltr'><strong>retus</strong></span> <span class='ocrx_word' id='word_1_315' title='bbox 309 2154 357 2188; x_wconf 77' lang='lat' dir='ltr'><strong>fuit</strong></span> <span class='ocrx_word' id='word_1_316' title='bbox 371 2161 438 2179; x_wconf 78' lang='lat' dir='ltr'><strong>unus</strong></span> <span class='ocrx_word' id='word_1_317' title='bbox 457 2161 489 2179; x_wconf 65' lang='lat' dir='ltr'><strong>ex</strong></span> <span class='ocrx_word' id='word_1_318' title='bbox 505 2152 681 2188; x_wconf 64' lang='lat' dir='ltr'><strong>orientalibus</strong></span> <span class='ocrx_word' id='word_1_319' title='bbox 698 2152 800 2188; x_wconf 71' lang='lat' dir='ltr'><strong>legatis.</strong></span> <span class='ocrx_word' id='word_1_320' title='bbox 828 2153 873 2180; x_wconf 82' lang='lat' dir='ltr'><strong>IX.</strong></span> <span class='ocrx_word' id='word_1_321' title='bbox 890 2154 972 2181; x_wconf 81' lang='lat' dir='ltr'><strong>Audit</strong></span> 
     </span>
    </p>
   </div>
   <div class='ocr_carea' id='block_1_48' title="bbox 221 2187 971 2224">
    <p class='ocr_par' dir='ltr' id='par_1_48' title="bbox 221 2187 971 2224">
     <span class='ocr_line' id='line_1_49' title="bbox 221 2187 971 2224; baseline 0.001 -9"><span class='ocrx_word' id='word_1_322' title='bbox 221 2190 366 2223; x_wconf 85' lang='lat' dir='ltr'><strong>imperator</strong></span> <span class='ocrx_word' id='word_1_323' title='bbox 386 2189 506 2224; x_wconf 74' lang='lat' dir='ltr'><strong>quintum</strong></span> <span class='ocrx_word' id='word_1_324' title='bbox 521 2187 679 2224; x_wconf 81' lang='lat' dir='ltr'><strong>Orientales.</strong></span> <span class='ocrx_word' id='word_1_325' title='bbox 690 2187 728 2215; x_wconf 57' lang='grc' dir='ltr'><strong>Χ(</strong></span> <span class='ocrx_word' id='word_1_326' title='bbox 739 2188 809 2221; x_wconf 83' lang='lat' dir='ltr'><strong>Quos</strong></span> <span class='ocrx_word' id='word_1_327' title='bbox 827 2196 855 2215; x_wconf 82' lang='lat' dir='ltr'><strong>re</strong></span> <span class='ocrx_word' id='word_1_328' title='bbox 865 2190 971 2224; x_wconf 82' lang='lat' dir='ltr'><strong>cognita</strong></span> 
     </span>
    </p>
   </div>
   <div class='ocr_carea' id='block_1_49' title="bbox 221 2222 970 2255">
    <p class='ocr_par' dir='ltr' id='par_1_49' title="bbox 221 2222 970 2255">
     <span class='ocr_line' id='line_1_50' title="bbox 221 2222 970 2255; baseline -0.001 -4"><span class='ocrx_word' id='word_1_329' title='bbox 221 2222 339 2255; x_wconf 79' lang='lat' dir='ltr'><strong>dimittit,</strong></span> <span class='ocrx_word' id='word_1_330' title='bbox 364 2227 388 2250; x_wconf 85' lang='lat' dir='ltr'><strong>et</strong></span> <span class='ocrx_word' id='word_1_331' title='bbox 411 2222 557 2250; x_wconf 83' lang='lat' dir='ltr'><strong>Catholicos</strong></span> <span class='ocrx_word' id='word_1_332' title='bbox 585 2223 713 2250; x_wconf 77' lang='lat' dir='ltr'><strong>admissos</strong></span> <span class='ocrx_word' id='word_1_333' title='bbox 736 2225 764 2250; x_wconf 89' lang='lat' dir='ltr'><strong>in</strong></span> <span class='ocrx_word' id='word_1_334' title='bbox 784 2224 874 2250; x_wconf 85' lang='lat' dir='ltr'><strong>urbem</strong></span> <span class='ocrx_word' id='word_1_335' title='bbox 896 2222 970 2255; x_wconf 55' lang='lat' dir='ltr'><strong>iubet</strong></span> 
     </span>
    </p>
   </div>
   <div class='ocr_carea' id='block_1_50' title="bbox 221 2257 970 2293">
    <p class='ocr_par' dir='ltr' id='par_1_50' title="bbox 221 2257 970 2293">
     <span class='ocr_line' id='line_1_51' title="bbox 221 2257 970 2293; baseline 0.001 -8"><span class='ocrx_word' id='word_1_336' title='bbox 221 2259 345 2285; x_wconf 84' lang='lat' dir='ltr'><strong>ordinare</strong></span> <span class='ocrx_word' id='word_1_337' title='bbox 361 2259 508 2293; x_wconf 80' lang='lat' dir='ltr'><strong>episcopum</strong></span> <span class='ocrx_word' id='word_1_338' title='bbox 524 2258 552 2284; x_wconf 88' lang='lat' dir='ltr'><strong>in</strong></span> <span class='ocrx_word' id='word_1_339' title='bbox 570 2257 656 2285; x_wconf 84' lang='lat' dir='ltr'><strong>locum</strong></span> <span class='ocrx_word' id='word_1_340' title='bbox 683 2259 812 2293; x_wconf 71' lang='lat' dir='ltr'><strong>Nestorii.</strong></span> <span class='ocrx_word' id='word_1_341' title='bbox 825 2259 871 2285; x_wconf 76' lang='lat' dir='ltr'><strong>XI.</strong></span> <span class='ocrx_word' id='word_1_342' title='bbox 890 2257 970 2286; x_wconf 80' lang='lat' dir='ltr'><strong>Reee-</strong></span> 
     </span>
    </p>
   </div>
   <div class='ocr_carea' id='block_1_51' title="bbox 221 2291 969 2328">
    <p class='ocr_par' dir='ltr' id='par_1_51' title="bbox 221 2291 969 2328">
     <span class='ocr_line' id='line_1_52' title="bbox 221 2291 969 2328; baseline 0.003 -9"><span class='ocrx_word' id='word_1_343' title='bbox 221 2294 309 2320; x_wconf 83' lang='lat' dir='ltr'><strong>dentes</strong></span> <span class='ocrx_word' id='word_1_344' title='bbox 327 2291 474 2320; x_wconf 77' lang='lat' dir='ltr'><strong>Orientales</strong></span> <span class='ocrx_word' id='word_1_345' title='bbox 501 2294 652 2328; x_wconf 85' lang='lat' dir='ltr'><strong>conspirant</strong></span> <span class='ocrx_word' id='word_1_346' title='bbox 676 2295 705 2320; x_wconf 87' lang='lat' dir='ltr'><strong>in</strong></span> <span class='ocrx_word' id='word_1_347' title='bbox 735 2291 893 2321; x_wconf 80' lang='lat' dir='ltr'><strong>Catholicos.</strong></span> <span class='ocrx_word' id='word_1_348' title='bbox 910 2294 969 2321; x_wconf 83' lang='lat' dir='ltr'><strong>XII.</strong></span> 
     </span>
    </p>
   </div>
   <div class='ocr_carea' id='block_1_52' title="bbox 223 2327 970 2362">
    <p class='ocr_par' dir='ltr' id='par_1_52' title="bbox 223 2327 970 2362">
     <span class='ocr_line' id='line_1_53' title="bbox 223 2327 970 2362; baseline 0.001 -7"><span class='ocrx_word' id='word_1_349' title='bbox 223 2328 315 2355; x_wconf 79' lang='lat' dir='ltr'><strong>Scribit</strong></span> <span class='ocrx_word' id='word_1_350' title='bbox 332 2328 505 2355; x_wconf 76' lang='lat' dir='ltr'><strong>Theodoretus</strong></span> <span class='ocrx_word' id='word_1_351' title='bbox 531 2327 645 2362; x_wconf 79' lang='lat' dir='ltr'><strong>quinque</strong></span> <span class='ocrx_word' id='word_1_352' title='bbox 663 2327 742 2355; x_wconf 79' lang='lat' dir='ltr'><strong>libros</strong></span> <span class='ocrx_word' id='word_1_353' title='bbox 765 2329 890 2356; x_wconf 77' lang='lat' dir='ltr'><strong>adversus</strong></span> <span class='ocrx_word' id='word_1_354' title='bbox 905 2338 970 2356; x_wconf 83' lang='lat' dir='ltr'><strong>san-</strong></span> 
     </span>
    </p>
   </div>
   <div class='ocr_carea' id='block_1_53' title="bbox 221 2363 439 2398">
    <p class='ocr_par' dir='ltr' id='par_1_53' title="bbox 221 2363 439 2398">
     <span class='ocr_line' id='line_1_54' title="bbox 221 2363 439 2398; baseline 0 -9"><span class='ocrx_word' id='word_1_355' title='bbox 221 2369 290 2391; x_wconf 79' lang='lat' dir='ltr'><strong>ctam</strong></span> <span class='ocrx_word' id='word_1_356' title='bbox 302 2363 439 2398; x_wconf 79' lang='lat' dir='ltr'><strong>synodum.</strong></span> 
     </span>
    </p>
   </div>
   <div class='ocr_carea' id='block_1_54' title="bbox 301 2417 841 2448">
    <p class='ocr_par' dir='ltr' id='par_1_54' title="bbox 301 2417 841 2448">
     <span class='ocr_line' id='line_1_55' title="bbox 301 2417 841 2448; baseline -0.004 -4"><span class='ocrx_word' id='word_1_357' title='bbox 301 2419 335 2444; x_wconf 75' lang='lat' dir='ltr'><strong>Ah</strong></span> <span class='ocrx_word' id='word_1_358' title='bbox 348 2426 411 2443; x_wconf 81' lang='lat' dir='ltr'><strong>anno</strong></span> <span class='ocrx_word' id='word_1_359' title='bbox 423 2417 514 2444; x_wconf 79' lang='lat' dir='ltr'><strong>Christi</strong></span> <span class='ocrx_word' id='word_1_360' title='bbox 528 2418 567 2442; x_wconf 69' lang='grc'><strong>451</strong></span> <span class='ocrx_word' id='word_1_361' title='bbox 584 2419 614 2443; x_wconf 87' lang='lat' dir='ltr'><strong>ad</strong></span> <span class='ocrx_word' id='word_1_362' title='bbox 631 2418 685 2448; x_wconf 61' lang='grc'><strong>132,</strong></span> <span class='ocrx_word' id='word_1_363' title='bbox 697 2418 742 2443; x_wconf 85' lang='lat' dir='ltr'><strong>sub</strong></span> <span class='ocrx_word' id='word_1_364' title='bbox 759 2420 841 2444; x_wconf 81' lang='lat' dir='ltr'><strong>finem.</strong></span> 
     </span>
    </p>
   </div>
   <div class='ocr_carea' id='block_1_55' title="bbox 209 2482 967 2517">
    <p class='ocr_par' dir='ltr' id='par_1_55' title="bbox 209 2482 967 2517">
     <span class='ocr_line' id='line_1_56' title="bbox 209 2482 967 2517; baseline -0.001 -7"><span class='ocrx_word' id='word_1_365' title='bbox 209 2483 407 2510; x_wconf 78' lang='lat' dir='ltr'><strong>LCondixerat</strong></span> <span class='ocrx_word' id='word_1_366' title='bbox 439 2483 589 2517; x_wconf 81' lang='lat' dir='ltr'><strong>imperator</strong></span> <span class='ocrx_word' id='word_1_367' title='bbox 611 2482 740 2510; x_wconf 87' lang='lat' dir='ltr'><strong>Palribus</strong></span> <span class='ocrx_word' id='word_1_368' title='bbox 763 2482 902 2517; x_wconf 85' lang='lat' dir='ltr'><strong>Ephesum</strong></span> <span class='ocrx_word' id='word_1_369' title='bbox 932 2482 967 2510; x_wconf 86' lang='lat' dir='ltr'><strong>ad</strong></span> 
     </span>
    </p>
   </div>
   <div class='ocr_carea' id='block_1_56' title="bbox 177 2526 970 2562">
    <p class='ocr_par' dir='ltr' id='par_1_56' title="bbox 177 2526 970 2562">
     <span class='ocr_line' id='line_1_57' title="bbox 177 2526 970 2562; baseline 0.001 -9"><span class='ocrx_word' id='word_1_370' title='bbox 177 2529 247 2555; x_wconf 82' lang='lat' dir='ltr'><strong>diem</strong></span> <span class='ocrx_word' id='word_1_371' title='bbox 263 2535 372 2554; x_wconf 80' lang='lat' dir='ltr'><strong>sacrum</strong></span> <span class='ocrx_word' id='word_1_372' title='bbox 389 2528 577 2559; x_wconf 82' lang='lat' dir='ltr'><strong>Pentecostes,</strong></span> <span class='ocrx_word' id='word_1_373' title='bbox 591 2526 638 2561; x_wconf 89' lang='lat' dir='ltr'><strong>qui</strong></span> <span class='ocrx_word' id='word_1_374' title='bbox 654 2527 790 2562; x_wconf 84' lang='lat' dir='ltr'><strong>septimus</strong></span> <span class='ocrx_word' id='word_1_375' title='bbox 808 2532 868 2555; x_wconf 87' lang='lat' dir='ltr'><strong>erat</strong></span> <span class='ocrx_word' id='word_1_376' title='bbox 892 2535 970 2555; x_wconf 81' lang='lat' dir='ltr'><strong>men-</strong></span> 
     </span>
    </p>
   </div>
   <div class='ocr_carea' id='block_1_57' title="bbox 176 2572 965 2608">
    <p class='ocr_par' dir='ltr' id='par_1_57' title="bbox 176 2572 965 2608">
     <span class='ocr_line' id='line_1_58' title="bbox 176 2572 965 2608; baseline 0.001 -9"><span class='ocrx_word' id='word_1_377' title='bbox 176 2582 214 2600; x_wconf 66' lang='lat' dir='ltr'><strong>sis</strong></span> <span class='ocrx_word' id='word_1_378' title='bbox 231 2573 316 2601; x_wconf 82' lang='lat' dir='ltr'><strong>Junii.</strong></span> <span class='ocrx_word' id='word_1_379' title='bbox 332 2573 453 2600; x_wconf 82' lang='lat' dir='ltr'><strong>Peractis</strong></span> <span class='ocrx_word' id='word_1_380' title='bbox 477 2572 560 2607; x_wconf 71' lang='lat' dir='ltr'><strong>igitur</strong></span> <span class='ocrx_word' id='word_1_381' title='bbox 584 2573 664 2608; x_wconf 77' lang='lat'><strong>158</strong></span> <span class='ocrx_word' id='word_1_382' title='bbox 683 2572 760 2601; x_wconf 84' lang='lat' dir='ltr'><strong>festis</strong></span> <span class='ocrx_word' id='word_1_383' title='bbox 787 2573 965 2601; x_wconf 82' lang='lat' dir='ltr'><strong>Paschalibus</strong></span> 
     </span>
    </p>
   </div>
   <div class='ocr_carea' id='block_1_58' title="bbox 176 2618 966 2653">
    <p class='ocr_par' dir='ltr' id='par_1_58' title="bbox 176 2618 966 2653">
     <span class='ocr_line' id='line_1_59' title="bbox 176 2618 966 2653; baseline -0.001 -7"><span class='ocrx_word' id='word_1_384' title='bbox 176 2619 305 2653; x_wconf 67' lang='lat' dir='ltr'><strong>praesules</strong></span> <span class='ocrx_word' id='word_1_385' title='bbox 319 2618 499 2645; x_wconf 81' lang='lat' dir='ltr'><strong>accirixerunt</strong></span> <span class='ocrx_word' id='word_1_386' title='bbox 513 2625 542 2645; x_wconf 80' lang='lat' dir='ltr'><strong>se</strong></span> <span class='ocrx_word' id='word_1_387' title='bbox 557 2618 591 2645; x_wconf 86' lang='lat' dir='ltr'><strong>ad</strong></span> <span class='ocrx_word' id='word_1_388' title='bbox 608 2618 671 2650; x_wconf 86' lang='lat' dir='ltr'><strong>iter,</strong></span> <span class='ocrx_word' id='word_1_389' title='bbox 687 2622 718 2645; x_wconf 90' lang='lat' dir='ltr'><strong>ut</strong></span> <span class='ocrx_word' id='word_1_390' title='bbox 733 2618 767 2645; x_wconf 88' lang='lat' dir='ltr'><strong>ad</strong></span> <span class='ocrx_word' id='word_1_391' title='bbox 798 2623 907 2653; x_wconf 86' lang='lat' dir='ltr'><strong>tempus</strong></span> <span class='ocrx_word' id='word_1_392' title='bbox 920 2625 966 2644; x_wconf 87' lang='lat' dir='ltr'><strong>ve—</strong></span> 
     </span>
    </p>
   </div>
   <div class='ocr_carea' id='block_1_59' title="bbox 176 2665 277 2694">
    <p class='ocr_par' dir='ltr' id='par_1_59' title="bbox 176 2665 277 2694">
     <span class='ocr_line' id='line_1_60' title="bbox 176 2665 277 2694; baseline -0.01 -2"><span class='ocrx_word' id='word_1_393' title='bbox 176 2665 277 2694; x_wconf 87' lang='lat' dir='ltr'><strong>nirent.</strong></span> 
     </span>
    </p>
   </div>
   <div class='ocr_carea' id='block_1_60' title="bbox 211 2709 967 2746">
    <p class='ocr_par' dir='ltr' id='par_1_60' title="bbox 211 2709 967 2746">
     <span class='ocr_line' id='line_1_61' title="bbox 211 2709 967 2746; baseline 0 -8"><span class='ocrx_word' id='word_1_394' title='bbox 211 2711 242 2738; x_wconf 93' lang='lat' dir='ltr'><strong>II.</strong></span> <span class='ocrx_word' id='word_1_395' title='bbox 269 2711 308 2738; x_wconf 80' lang='lat' dir='ltr'><strong>Ex</strong></span> <span class='ocrx_word' id='word_1_396' title='bbox 327 2709 438 2737; x_wconf 84' lang='lat' dir='ltr'><strong>Oriente</strong></span> <span class='ocrx_word' id='word_1_397' title='bbox 461 2710 630 2746; x_wconf 67' lang='lat' dir='ltr'><strong>praevolabat</strong></span> <span class='ocrx_word' id='word_1_398' title='bbox 656 2710 749 2737; x_wconf 86' lang='lat' dir='ltr'><strong>animo</strong></span> <span class='ocrx_word' id='word_1_399' title='bbox 776 2711 967 2739; x_wconf 88' lang='lat' dir='ltr'><strong>Theodoretus</strong></span> 
     </span>
    </p>
   </div>
   <div class='ocr_carea' id='block_1_61' title="bbox 176 2756 968 2791">
    <p class='ocr_par' dir='ltr' id='par_1_61' title="bbox 176 2756 968 2791">
     <span class='ocr_line' id='line_1_62' title="bbox 176 2756 968 2791; baseline 0 -6"><span class='ocrx_word' id='word_1_400' title='bbox 176 2759 251 2785; x_wconf 85' lang='lat' dir='ltr'><strong>velut</strong></span> <span class='ocrx_word' id='word_1_401' title='bbox 264 2757 297 2785; x_wconf 85' lang='lat' dir='ltr'><strong>ad</strong></span> <span class='ocrx_word' id='word_1_402' title='bbox 304 2764 430 2791; x_wconf 85' lang='lat' dir='ltr'><strong>campum</strong></span> <span class='ocrx_word' id='word_1_403' title='bbox 440 2764 537 2791; x_wconf 66' lang='lat' dir='ltr'><strong>pugnat</strong></span> <span class='ocrx_word' id='word_1_404' title='bbox 551 2756 714 2790; x_wconf 84' lang='lat' dir='ltr'><strong>impatiens;</strong></span> <span class='ocrx_word' id='word_1_405' title='bbox 731 2756 765 2783; x_wconf 87' lang='lat' dir='ltr'><strong>ab</strong></span> <span class='ocrx_word' id='word_1_406' title='bbox 775 2756 968 2785; x_wconf 82' lang='lat' dir='ltr'><strong>Orientalibus</strong></span> 
     </span>
    </p>
   </div>
   <div class='ocr_carea' id='block_1_62' title="bbox 213 2812 981 2846">
    <p class='ocr_par' dir='ltr' id='par_1_62' title="bbox 213 2812 981 2846">
     <span class='ocr_line' id='line_1_63' title="bbox 213 2812 981 2846; baseline -0.001 -3"><span class='ocrx_word' id='word_1_407' title='bbox 213 2815 306 2843; x_wconf 64' lang='lat' dir='ltr'><strong>ePsal.</strong></span> <span class='ocrx_word' id='word_1_408' title='bbox 321 2821 390 2841; x_wconf 65' lang='lat' dir='ltr'><strong>metu</strong></span> <span class='ocrx_word' id='word_1_409' title='bbox 405 2812 463 2840; x_wconf 80' lang='lat'><strong>0—9.</strong></span> <span class='ocrx_word' id='word_1_410' title='bbox 503 2815 512 2834; x_wconf 82' lang='grc' dir='ltr'>ῐ</span> <span class='ocrx_word' id='word_1_411' title='bbox 526 2813 585 2840; x_wconf 78' lang='lat' dir='ltr'><strong>Act.</strong></span> <span class='ocrx_word' id='word_1_412' title='bbox 601 2820 644 2844; x_wconf 75' lang='lat' dir='ltr'><strong>xx,</strong></span> <span class='ocrx_word' id='word_1_413' title='bbox 663 2812 706 2841; x_wconf 79' lang='grc'><strong>50.</strong></span> <span class='ocrx_word' id='word_1_414' title='bbox 730 2813 776 2840; x_wconf 82' lang='grc'><strong>⁸11</strong></span> <span class='ocrx_word' id='word_1_415' title='bbox 794 2813 889 2842; x_wconf 82' lang='lat' dir='ltr'><strong>Thess.</strong></span> <span class='ocrx_word' id='word_1_416' title='bbox 911 2821 940 2846; x_wconf 90' lang='lat' dir='ltr'><strong>n,</strong></span> <span class='ocrx_word' id='word_1_417' title='bbox 954 2815 981 2842; x_wconf 91' lang='lat'><strong>7.</strong></span> 
     </span>
    </p>
   </div>
   <div class='ocr_carea' id='block_1_63' title="bbox 1025 267 1817 303">
    <p class='ocr_par' dir='ltr' id='par_1_63' title="bbox 1025 267 1817 303">
     <span class='ocr_line' id='line_1_64' title="bbox 1025 267 1817 303; baseline 0.003 -11"><span class='ocrx_word' id='word_1_418' title='bbox 1025 267 1152 294; x_wconf 84' lang='lat' dir='ltr'><strong>consulto</strong></span> <span class='ocrx_word' id='word_1_419' title='bbox 1175 267 1254 294; x_wconf 83' lang='lat' dir='ltr'><strong>facta.</strong></span> <span class='ocrx_word' id='word_1_420' title='bbox 1280 267 1308 294; x_wconf 87' lang='lat' dir='ltr'><strong>Id</strong></span> <span class='ocrx_word' id='word_1_421' title='bbox 1332 268 1430 303; x_wconf 77' lang='lat' dir='ltr'><strong>agebat</strong></span> <span class='ocrx_word' id='word_1_422' title='bbox 1445 267 1634 295; x_wconf 77' lang='lat' dir='ltr'><strong>Antiochenus</strong></span> <span class='ocrx_word' id='word_1_423' title='bbox 1644 267 1817 301; x_wconf 61' lang='lat' dir='ltr'><strong>praesul,quo</strong></span> 
     </span>
    </p>
   </div>
   <div class='ocr_carea' id='block_1_64' title="bbox 1028 311 1816 347">
    <p class='ocr_par' dir='ltr' id='par_1_64' title="bbox 1028 311 1816 347">
     <span class='ocr_line' id='line_1_65' title="bbox 1028 311 1816 347; baseline 0 -9"><span class='ocrx_word' id='word_1_424' title='bbox 1028 311 1157 339; x_wconf 82' lang='lat' dir='ltr'><strong>Patribus</strong></span> <span class='ocrx_word' id='word_1_425' title='bbox 1170 313 1332 347; x_wconf 84' lang='lat' dir='ltr'><strong>jamdudum</strong></span> <span class='ocrx_word' id='word_1_426' title='bbox 1347 313 1517 347; x_wconf 78' lang='lat' dir='ltr'><strong>congregatis</strong></span> <span class='ocrx_word' id='word_1_427' title='bbox 1533 311 1816 347; x_wconf 75' lang='lat' dir='ltr'><strong>(efﬂuxeratdecimns</strong></span> 
     </span>
    </p>
   </div>
   <div class='ocr_carea' id='block_1_65' title="bbox 1026 358 1817 393">
    <p class='ocr_par' dir='ltr' id='par_1_65' title="bbox 1026 358 1817 393">
     <span class='ocr_line' id='line_1_66' title="bbox 1026 358 1817 393; baseline 0.001 -9"><span class='ocrx_word' id='word_1_428' title='bbox 1026 358 1138 392; x_wconf 89' lang='lat' dir='ltr'><strong>quintus</strong></span> <span class='ocrx_word' id='word_1_429' title='bbox 1154 366 1168 384; x_wconf 85' lang='lat' dir='ltr'><strong>a</strong></span> <span class='ocrx_word' id='word_1_430' title='bbox 1182 359 1308 385; x_wconf 88' lang='lat' dir='ltr'><strong>condicto</strong></span> <span class='ocrx_word' id='word_1_431' title='bbox 1325 358 1407 393; x_wconf 85' lang='lat' dir='ltr'><strong>dies),</strong></span> <span class='ocrx_word' id='word_1_432' title='bbox 1419 366 1555 393; x_wconf 68' lang='lat' dir='ltr'><strong>motaeque</strong></span> <span class='ocrx_word' id='word_1_433' title='bbox 1567 358 1698 393; x_wconf 68' lang='lat' dir='ltr'><strong>portantis,</strong></span> <span class='ocrx_word' id='word_1_434' title='bbox 1708 360 1817 392; x_wconf 86' lang='lat' dir='ltr'><strong>tempus</strong></span> 
     </span>
    </p>
   </div>
   <div class='ocr_carea' id='block_1_66' title="bbox 1026 403 1816 439">
    <p class='ocr_par' dir='ltr' id='par_1_66' title="bbox 1026 403 1816 439">
     <span class='ocr_line' id='line_1_67' title="bbox 1026 403 1816 439; baseline 0 -9"><span class='ocrx_word' id='word_1_435' title='bbox 1026 403 1103 430; x_wconf 85' lang='lat' dir='ltr'><strong>daret</strong></span> <span class='ocrx_word' id='word_1_436' title='bbox 1117 403 1270 439; x_wconf 72' lang='lat' dir='ltr'><strong>deponendi</strong></span> <span class='ocrx_word' id='word_1_437' title='bbox 1290 404 1419 435; x_wconf 74' lang='lat' dir='ltr'><strong>Nestonii,</strong></span> <span class='ocrx_word' id='word_1_438' title='bbox 1444 404 1478 430; x_wconf 88' lang='lat' dir='ltr'><strong>ad</strong></span> <span class='ocrx_word' id='word_1_439' title='bbox 1495 403 1567 438; x_wconf 92' lang='lat' dir='ltr'><strong>quod</strong></span> <span class='ocrx_word' id='word_1_440' title='bbox 1579 408 1606 430; x_wconf 87' lang='lat' dir='ltr'><strong>et</strong></span> <span class='ocrx_word' id='word_1_441' title='bbox 1626 403 1700 437; x_wconf 87' lang='lat' dir='ltr'><strong>ipsos</strong></span> <span class='ocrx_word' id='word_1_442' title='bbox 1716 403 1816 430; x_wconf 80' lang='lat' dir='ltr'><strong>callide</strong></span> 
     </span>
    </p>
   </div>
   <div class='ocr_carea' id='block_1_67' title="bbox 1026 449 1816 485">
    <p class='ocr_par' dir='ltr' id='par_1_67' title="bbox 1026 449 1816 485">
     <span class='ocr_line' id='line_1_68' title="bbox 1026 449 1816 485; baseline -0.003 -9"><span class='ocrx_word' id='word_1_443' title='bbox 1026 450 1193 485; x_wconf 80' lang='lat' dir='ltr'><strong>impellebat,</strong></span> <span class='ocrx_word' id='word_1_444' title='bbox 1210 449 1393 485; x_wconf 87' lang='lat' dir='ltr'><strong>metropolitis</strong></span> <span class='ocrx_word' id='word_1_445' title='bbox 1408 449 1527 481; x_wconf 87' lang='lat' dir='ltr'><strong>duobus,</strong></span> <span class='ocrx_word' id='word_1_446' title='bbox 1543 457 1606 477; x_wconf 88' lang='lat' dir='ltr'><strong>cum</strong></span> <span class='ocrx_word' id='word_1_447' title='bbox 1620 453 1694 476; x_wconf 88' lang='lat' dir='ltr'><strong>esset</strong></span> <span class='ocrx_word' id='word_1_448' title='bbox 1707 449 1735 475; x_wconf 92' lang='lat' dir='ltr'><strong>in</strong></span> <span class='ocrx_word' id='word_1_449' title='bbox 1749 455 1816 483; x_wconf 86' lang='lat' dir='ltr'><strong>pro-</strong></span> 
     </span>
    </p>
   </div>
   <div class='ocr_carea' id='block_1_68' title="bbox 1028 494 1817 531">
    <p class='ocr_par' dir='ltr' id='par_1_68' title="bbox 1028 494 1817 531">
     <span class='ocr_line' id='line_1_69' title="bbox 1028 494 1817 531; baseline 0 -9"><span class='ocrx_word' id='word_1_450' title='bbox 1028 496 1110 527; x_wconf 77' lang='lat' dir='ltr'><strong>ximo,</strong></span> <span class='ocrx_word' id='word_1_451' title='bbox 1131 496 1289 531; x_wconf 68' lang='lat' dir='ltr'><strong>praemissis,</strong></span> <span class='ocrx_word' id='word_1_452' title='bbox 1307 496 1352 531; x_wconf 88' lang='lat' dir='ltr'><strong>qui</strong></span> <span class='ocrx_word' id='word_1_453' title='bbox 1383 499 1528 523; x_wconf 85' lang='lat' dir='ltr'><strong>monerent</strong></span> <span class='ocrx_word' id='word_1_454' title='bbox 1555 495 1581 522; x_wconf 91' lang='lat' dir='ltr'><strong>id</strong></span> <span class='ocrx_word' id='word_1_455' title='bbox 1610 503 1702 530; x_wconf 79' lang='lat' dir='ltr'><strong>agere,</strong></span> <span class='ocrx_word' id='word_1_456' title='bbox 1727 494 1817 522; x_wconf 87' lang='lat' dir='ltr'><strong>donec</strong></span> 
     </span>
    </p>
   </div>
   <div class='ocr_carea' id='block_1_69' title="bbox 1026 538 1575 576">
    <p class='ocr_par' dir='ltr' id='par_1_69' title="bbox 1026 538 1575 576">
     <span class='ocr_line' id='line_1_70' title="bbox 1026 538 1575 576; baseline -0.002 -9"><span class='ocrx_word' id='word_1_457' title='bbox 1026 538 1179 571; x_wconf 82' lang='lat' dir='ltr'><strong>adveniret.</strong></span> <span class='ocrx_word' id='word_1_458' title='bbox 1191 542 1262 575; x_wconf 91' lang='lat' dir='ltr'><strong>quod</strong></span> <span class='ocrx_word' id='word_1_459' title='bbox 1275 541 1411 576; x_wconf 78' lang='lat' dir='ltr'><strong>agendum</strong></span> <span class='ocrx_word' id='word_1_460' title='bbox 1424 541 1575 567; x_wconf 82' lang='lat' dir='ltr'><strong>videretur.</strong></span> 
     </span>
    </p>
   </div>
   <div class='ocr_carea' id='block_1_70' title="bbox 1062 583 1815 620">
    <p class='ocr_par' dir='ltr' id='par_1_70' title="bbox 1062 583 1815 620">
     <span class='ocr_line' id='line_1_71' title="bbox 1062 583 1815 620; baseline -0.004 -7"><span class='ocrx_word' id='word_1_461' title='bbox 1062 587 1100 613; x_wconf 85' lang='lat' dir='ltr'><strong>Ea</strong></span> <span class='ocrx_word' id='word_1_462' title='bbox 1119 587 1224 613; x_wconf 88' lang='lat' dir='ltr'><strong>ratione</strong></span> <span class='ocrx_word' id='word_1_463' title='bbox 1237 587 1279 613; x_wconf 87' lang='lat' dir='ltr'><strong>vir</strong></span> <span class='ocrx_word' id='word_1_464' title='bbox 1289 586 1452 613; x_wconf 88' lang='lat' dir='ltr'><strong>ambitiosus</strong></span> <span class='ocrx_word' id='word_1_465' title='bbox 1464 586 1591 620; x_wconf 85' lang='lat' dir='ltr'><strong>sperabat</strong></span> <span class='ocrx_word' id='word_1_466' title='bbox 1607 585 1665 612; x_wconf 86' lang='lat' dir='ltr'><strong>fore</strong></span> <span class='ocrx_word' id='word_1_467' title='bbox 1682 589 1723 616; x_wconf 89' lang='lat' dir='ltr'><strong>ut,</strong></span> <span class='ocrx_word' id='word_1_468' title='bbox 1742 583 1815 619; x_wconf 84' lang='lat' dir='ltr'><strong>quod</strong></span> 
     </span>
    </p>
   </div>
   <div class='ocr_carea' id='block_1_71' title="bbox 1027 629 1814 664">
    <p class='ocr_par' dir='ltr' id='par_1_71' title="bbox 1027 629 1814 664">
     <span class='ocr_line' id='line_1_72' title="bbox 1027 629 1814 664; baseline -0.003 -6"><span class='ocrx_word' id='word_1_469' title='bbox 1027 631 1145 658; x_wconf 87' lang='lat' dir='ltr'><strong>habebat</strong></span> <span class='ocrx_word' id='word_1_470' title='bbox 1161 631 1188 658; x_wconf 93' lang='lat' dir='ltr'><strong>in</strong></span> <span class='ocrx_word' id='word_1_471' title='bbox 1205 631 1285 663; x_wconf 81' lang='lat' dir='ltr'><strong>votis,</strong></span> <span class='ocrx_word' id='word_1_472' title='bbox 1305 630 1422 658; x_wconf 84' lang='lat' dir='ltr'><strong>concilio</strong></span> <span class='ocrx_word' id='word_1_473' title='bbox 1443 631 1527 658; x_wconf 87' lang='lat' dir='ltr'><strong>totius</strong></span> <span class='ocrx_word' id='word_1_474' title='bbox 1548 629 1624 657; x_wconf 85' lang='lat' dir='ltr'><strong>orbis</strong></span> <span class='ocrx_word' id='word_1_475' title='bbox 1645 629 1814 664; x_wconf 64' lang='lat' dir='ltr'><strong>praesideret.</strong></span> 
     </span>
    </p>
   </div>
   <div class='ocr_carea' id='block_1_72' title="bbox 1026 673 1816 711">
    <p class='ocr_par' dir='ltr' id='par_1_72' title="bbox 1026 673 1816 711">
     <span class='ocr_line' id='line_1_73' title="bbox 1026 673 1816 711; baseline -0.005 -7"><span class='ocrx_word' id='word_1_476' title='bbox 1026 677 1124 704; x_wconf 85' lang='lat' dir='ltr'><strong>Certus</strong></span> <span class='ocrx_word' id='word_1_477' title='bbox 1141 677 1213 704; x_wconf 86' lang='lat' dir='ltr'><strong>cnim</strong></span> <span class='ocrx_word' id='word_1_478' title='bbox 1229 681 1297 708; x_wconf 85' lang='lat' dir='ltr'><strong>erat,</strong></span> <span class='ocrx_word' id='word_1_479' title='bbox 1312 677 1357 703; x_wconf 92' lang='lat' dir='ltr'><strong>ubi</strong></span> <span class='ocrx_word' id='word_1_480' title='bbox 1372 677 1492 711; x_wconf 91' lang='lat' dir='ltr'><strong>primum</strong></span> <span class='ocrx_word' id='word_1_481' title='bbox 1505 675 1670 706; x_wconf 86' lang='lat' dir='ltr'><strong>advenisset,</strong></span> <span class='ocrx_word' id='word_1_482' title='bbox 1692 673 1816 709; x_wconf 84' lang='lat' dir='ltr'><strong>repenti-</strong></span> 
     </span>
    </p>
   </div>
   <div class='ocr_carea' id='block_1_73' title="bbox 1027 721 1815 758">
    <p class='ocr_par' dir='ltr' id='par_1_73' title="bbox 1027 721 1815 758">
     <span class='ocr_line' id='line_1_74' title="bbox 1027 721 1815 758; baseline -0.005 -8"><span class='ocrx_word' id='word_1_483' title='bbox 1027 731 1092 750; x_wconf 90' lang='lat' dir='ltr'><strong>mnn</strong></span> <span class='ocrx_word' id='word_1_484' title='bbox 1102 723 1236 758; x_wconf 81' lang='lat' dir='ltr'><strong>judicium</strong></span> <span class='ocrx_word' id='word_1_485' title='bbox 1249 730 1390 754; x_wconf 81' lang='lat' dir='ltr'><strong>exercere,</strong></span> <span class='ocrx_word' id='word_1_486' title='bbox 1402 730 1467 758; x_wconf 89' lang='lat' dir='ltr'><strong>quo,</strong></span> <span class='ocrx_word' id='word_1_487' title='bbox 1482 722 1641 756; x_wconf 84' lang='lat' dir='ltr'><strong>priusquam</strong></span> <span class='ocrx_word' id='word_1_488' title='bbox 1666 721 1748 756; x_wconf 80' lang='lat' dir='ltr'><strong>legati</strong></span> <span class='ocrx_word' id='word_1_489' title='bbox 1771 728 1815 747; x_wconf 86' lang='lat' dir='ltr'><strong>se—</strong></span> 
     </span>
    </p>
   </div>
   <div class='ocr_carea' id='block_1_74' title="bbox 1027 761 1815 803">
    <p class='ocr_par' dir='ltr' id='par_1_74' title="bbox 1027 761 1815 803">
     <span class='ocr_line' id='line_1_75' title="bbox 1027 761 1815 803; baseline -0.003 -8"><span class='ocrx_word' id='word_1_490' title='bbox 1027 769 1069 795; x_wconf 91' lang='lat' dir='ltr'><strong>dis</strong></span> <span class='ocrx_word' id='word_1_491' title='bbox 1083 769 1237 803; x_wconf 67' lang='lat' dir='ltr'><strong>apostoliczn</strong></span> <span class='ocrx_word' id='word_1_492' title='bbox 1251 773 1437 802; x_wconf 82' lang='lat' dir='ltr'><strong>tempostnoso</strong></span> <span class='ocrx_word' id='word_1_493' title='bbox 1451 767 1518 794; x_wconf 83' lang='lat' dir='ltr'><strong>mari</strong></span> <span class='ocrx_word' id='word_1_494' title='bbox 1539 761 1651 802; x_wconf 67' lang='lat' dir='ltr'><strong>possent</strong></span> <span class='ocrx_word' id='word_1_495' title='bbox 1666 766 1815 801; x_wconf 84' lang='lat' dir='ltr'><strong>appellere,</strong></span> 
     </span>
    </p>
   </div>
   <div class='ocr_carea' id='block_1_75' title="bbox 1026 813 1815 851">
    <p class='ocr_par' dir='ltr' id='par_1_75' title="bbox 1026 813 1815 851">
     <span class='ocr_line' id='line_1_76' title="bbox 1026 813 1815 851; baseline -0.004 -8"><span class='ocrx_word' id='word_1_496' title='bbox 1026 815 1157 851; x_wconf 85' lang='lat' dir='ltr'><strong>Cyrillum</strong></span> <span class='ocrx_word' id='word_1_497' title='bbox 1177 815 1389 842; x_wconf 80' lang='lat' dir='ltr'><strong>Alexandrinum</strong></span> <span class='ocrx_word' id='word_1_498' title='bbox 1400 815 1567 849; x_wconf 75' lang='lat' dir='ltr'><strong>deponeret,</strong></span> <span class='ocrx_word' id='word_1_499' title='bbox 1587 820 1638 840; x_wconf 87' lang='lat' dir='ltr'><strong>nec</strong></span> <span class='ocrx_word' id='word_1_500' title='bbox 1659 818 1749 840; x_wconf 87' lang='lat' dir='ltr'><strong>tamen</strong></span> <span class='ocrx_word' id='word_1_501' title='bbox 1761 813 1815 840; x_wconf 86' lang='lat' dir='ltr'><strong>Nc-</strong></span> 
     </span>
    </p>
   </div>
   <div class='ocr_carea' id='block_1_76' title="bbox 1027 859 1817 895">
    <p class='ocr_par' dir='ltr' id='par_1_76' title="bbox 1027 859 1817 895">
     <span class='ocr_line' id='line_1_77' title="bbox 1027 859 1817 895; baseline -0.004 -7"><span class='ocrx_word' id='word_1_502' title='bbox 1027 862 1141 889; x_wconf 87' lang='lat' dir='ltr'><strong>storium</strong></span> <span class='ocrx_word' id='word_1_503' title='bbox 1164 861 1331 891; x_wconf 82' lang='lat' dir='ltr'><strong>restitueret,</strong></span> <span class='ocrx_word' id='word_1_504' title='bbox 1356 865 1437 895; x_wconf 87' lang='lat' dir='ltr'><strong>atque</strong></span> <span class='ocrx_word' id='word_1_505' title='bbox 1461 860 1497 887; x_wconf 88' lang='lat' dir='ltr'><strong>ita</strong></span> <span class='ocrx_word' id='word_1_506' title='bbox 1525 860 1599 887; x_wconf 85' lang='lat' dir='ltr'><strong>solus</strong></span> <span class='ocrx_word' id='word_1_507' title='bbox 1625 859 1683 894; x_wconf 86' lang='lat' dir='ltr'><strong>ipse</strong></span> <span class='ocrx_word' id='word_1_508' title='bbox 1702 859 1817 893; x_wconf 84' lang='lat' dir='ltr'><strong>patriar-</strong></span> 
     </span>
    </p>
   </div>
   <div class='ocr_carea' id='block_1_77' title="bbox 1027 905 1816 940">
    <p class='ocr_par' dir='ltr' id='par_1_77' title="bbox 1027 905 1816 940">
     <span class='ocr_line' id='line_1_78' title="bbox 1027 905 1816 940; baseline -0.006 -5"><span class='ocrx_word' id='word_1_509' title='bbox 1027 907 1139 935; x_wconf 83' lang='lat' dir='ltr'><strong>charum</strong></span> <span class='ocrx_word' id='word_1_510' title='bbox 1167 905 1326 932; x_wconf 86' lang='lat' dir='ltr'><strong>moderandi</strong></span> <span class='ocrx_word' id='word_1_511' title='bbox 1347 905 1457 933; x_wconf 86' lang='lat' dir='ltr'><strong>concilii</strong></span> <span class='ocrx_word' id='word_1_512' title='bbox 1480 909 1577 940; x_wconf 87' lang='lat' dir='ltr'><strong>potens</strong></span> <span class='ocrx_word' id='word_1_513' title='bbox 1607 909 1736 932; x_wconf 80' lang='lat' dir='ltr'><strong>restaret:</strong></span> <span class='ocrx_word' id='word_1_514' title='bbox 1752 912 1816 931; x_wconf 89' lang='lat' dir='ltr'><strong>nam</strong></span> 
     </span>
    </p>
   </div>
   <div class='ocr_carea' id='block_1_78' title="bbox 1026 951 1814 988">
    <p class='ocr_par' dir='ltr' id='par_1_78' title="bbox 1026 951 1814 988">
     <span class='ocr_line' id='line_1_79' title="bbox 1026 951 1814 988; baseline -0.005 -7"><span class='ocrx_word' id='word_1_515' title='bbox 1026 953 1289 988; x_wconf 81' lang='lat' dir='ltr'><strong>Ilierosolymitanus</strong></span> <span class='ocrx_word' id='word_1_516' title='bbox 1307 960 1361 986; x_wconf 71' lang='lat' dir='ltr'><strong>pra:</strong></span> <span class='ocrx_word' id='word_1_517' title='bbox 1379 951 1552 978; x_wconf 87' lang='lat' dir='ltr'><strong>Antiocheno</strong></span> <span class='ocrx_word' id='word_1_518' title='bbox 1576 951 1680 978; x_wconf 87' lang='lat' dir='ltr'><strong>nullius</strong></span> <span class='ocrx_word' id='word_1_519' title='bbox 1692 955 1752 977; x_wconf 88' lang='lat' dir='ltr'><strong>erat</strong></span> <span class='ocrx_word' id='word_1_520' title='bbox 1764 958 1814 977; x_wconf 88' lang='lat' dir='ltr'><strong>au-</strong></span> 
     </span>
    </p>
   </div>
   <div class='ocr_carea' id='block_1_79' title="bbox 1025 996 1817 1028">
    <p class='ocr_par' dir='ltr' id='par_1_79' title="bbox 1025 996 1817 1028">
     <span class='ocr_line' id='line_1_80' title="bbox 1025 996 1817 1028; baseline -0.005 -1"><span class='ocrx_word' id='word_1_521' title='bbox 1025 999 1168 1027; x_wconf 86' lang='lat' dir='ltr'><strong>ctoritatis.</strong></span> <span class='ocrx_word' id='word_1_522' title='bbox 1187 998 1281 1025; x_wconf 82' lang='lat' dir='ltr'><strong>Audax</strong></span> <span class='ocrx_word' id='word_1_523' title='bbox 1296 997 1401 1024; x_wconf 80' lang='lat' dir='ltr'><strong>facinus</strong></span> <span class='ocrx_word' id='word_1_524' title='bbox 1417 1002 1445 1024; x_wconf 87' lang='lat' dir='ltr'><strong>et</strong></span> <span class='ocrx_word' id='word_1_525' title='bbox 1475 997 1637 1028; x_wconf 91' lang='lat' dir='ltr'><strong>violentum,</strong></span> <span class='ocrx_word' id='word_1_526' title='bbox 1653 996 1701 1024; x_wconf 81' lang='lat' dir='ltr'><strong>sed</strong></span> <span class='ocrx_word' id='word_1_527' title='bbox 1715 1000 1817 1023; x_wconf 87' lang='lat' dir='ltr'><strong>eventu</strong></span> 
     </span>
    </p>
   </div>
   <div class='ocr_carea' id='block_1_80' title="bbox 1026 1041 1817 1074">
    <p class='ocr_par' dir='ltr' id='par_1_80' title="bbox 1026 1041 1817 1074">
     <span class='ocr_line' id='line_1_81' title="bbox 1026 1041 1817 1074; baseline -0.005 -2"><span class='ocrx_word' id='word_1_528' title='bbox 1026 1053 1079 1072; x_wconf 91' lang='lat' dir='ltr'><strong>non</strong></span> <span class='ocrx_word' id='word_1_529' title='bbox 1104 1045 1266 1074; x_wconf 85' lang='lat' dir='ltr'><strong>cariturum.</strong></span> <span class='ocrx_word' id='word_1_530' title='bbox 1294 1043 1427 1070; x_wconf 86' lang='lat' dir='ltr'><strong>suadebat</strong></span> <span class='ocrx_word' id='word_1_531' title='bbox 1457 1043 1589 1070; x_wconf 86' lang='lat' dir='ltr'><strong>comitum</strong></span> <span class='ocrx_word' id='word_1_532' title='bbox 1608 1041 1771 1070; x_wconf 87' lang='lat' dir='ltr'><strong>Candidiani</strong></span> <span class='ocrx_word' id='word_1_533' title='bbox 1788 1046 1817 1069; x_wconf 88' lang='lat' dir='ltr'><strong>et</strong></span> 
     </span>
    </p>
   </div>
   <div class='ocr_carea' id='block_1_81' title="bbox 1025 1087 1817 1123">
    <p class='ocr_par' dir='ltr' id='par_1_81' title="bbox 1025 1087 1817 1123">
     <span class='ocr_line' id='line_1_82' title="bbox 1025 1087 1817 1123; baseline -0.006 -4"><span class='ocrx_word' id='word_1_534' title='bbox 1025 1092 1135 1123; x_wconf 78' lang='lat' dir='ltr'><strong>Iremci,</strong></span> <span class='ocrx_word' id='word_1_535' title='bbox 1163 1089 1290 1118; x_wconf 88' lang='lat' dir='ltr'><strong>Nestorio</strong></span> <span class='ocrx_word' id='word_1_536' title='bbox 1323 1089 1507 1120; x_wconf 85' lang='lat' dir='ltr'><strong>addictorum,</strong></span> <span class='ocrx_word' id='word_1_537' title='bbox 1539 1097 1602 1116; x_wconf 90' lang='lat' dir='ltr'><strong>cum</strong></span> <span class='ocrx_word' id='word_1_538' title='bbox 1629 1087 1817 1115; x_wconf 84' lang='lat' dir='ltr'><strong>Orientalibus</strong></span> 
     </span>
    </p>
   </div>
   <div class='ocr_carea' id='block_1_82' title="bbox 1025 1136 1190 1172">
    <p class='ocr_par' dir='ltr' id='par_1_82' title="bbox 1025 1136 1190 1172">
     <span class='ocr_line' id='line_1_83' title="bbox 1025 1136 1190 1172; baseline -0.024 -6"><span class='ocrx_word' id='word_1_539' title='bbox 1025 1136 1190 1172; x_wconf 86' lang='lat' dir='ltr'><strong>conjuratio.</strong></span> 
     </span>
    </p>
   </div>
   <div class='ocr_carea' id='block_1_83' title="bbox 1060 1178 1818 1216">
    <p class='ocr_par' dir='ltr' id='par_1_83' title="bbox 1060 1178 1818 1216">
     <span class='ocr_line' id='line_1_84' title="bbox 1060 1178 1818 1216; baseline -0.007 -6"><span class='ocrx_word' id='word_1_540' title='bbox 1060 1184 1104 1211; x_wconf 92' lang='lat' dir='ltr'><strong>III.</strong></span> <span class='ocrx_word' id='word_1_541' title='bbox 1133 1183 1245 1210; x_wconf 86' lang='lat' dir='ltr'><strong>Litteris</strong></span> <span class='ocrx_word' id='word_1_542' title='bbox 1268 1181 1431 1209; x_wconf 85' lang='lat' dir='ltr'><strong>Antiocheni</strong></span> <span class='ocrx_word' id='word_1_543' title='bbox 1453 1188 1502 1216; x_wconf 85' lang='lat' dir='ltr'><strong>per</strong></span> <span class='ocrx_word' id='word_1_544' title='bbox 1528 1179 1717 1214; x_wconf 85' lang='lat' dir='ltr'><strong>metropolitas</strong></span> <span class='ocrx_word' id='word_1_545' title='bbox 1747 1178 1818 1206; x_wconf 90' lang='lat' dir='ltr'><strong>duos</strong></span> 
     </span>
    </p>
   </div>
   <div class='ocr_carea' id='block_1_84' title="bbox 1025 1223 1818 1263">
    <p class='ocr_par' dir='ltr' id='par_1_84' title="bbox 1025 1223 1818 1263">
     <span class='ocr_line' id='line_1_85' title="bbox 1025 1223 1818 1263; baseline -0.009 -7"><span class='ocrx_word' id='word_1_546' title='bbox 1025 1229 1124 1259; x_wconf 86' lang='lat' dir='ltr'><strong>allatis,</strong></span> <span class='ocrx_word' id='word_1_547' title='bbox 1142 1227 1260 1263; x_wconf 76' lang='lat' dir='ltr'><strong>Cyrillus</strong></span> <span class='ocrx_word' id='word_1_548' title='bbox 1280 1234 1356 1253; x_wconf 89' lang='lat' dir='ltr'><strong>more</strong></span> <span class='ocrx_word' id='word_1_549' title='bbox 1384 1226 1517 1261; x_wconf 86' lang='lat' dir='ltr'><strong>majorum</strong></span> <span class='ocrx_word' id='word_1_550' title='bbox 1536 1225 1602 1251; x_wconf 81' lang='lat' dir='ltr'><strong>feria</strong></span> <span class='ocrx_word' id='word_1_551' title='bbox 1623 1223 1742 1251; x_wconf 86' lang='lat' dir='ltr'><strong>secunda</strong></span> <span class='ocrx_word' id='word_1_552' title='bbox 1755 1231 1818 1259; x_wconf 84' lang='lat' dir='ltr'><strong>syn-</strong></span> 
     </span>
    </p>
   </div>
   <div class='ocr_carea' id='block_1_85' title="bbox 1025 1270 1816 1302">
    <p class='ocr_par' dir='ltr' id='par_1_85' title="bbox 1025 1270 1816 1302">
     <span class='ocr_line' id='line_1_86' title="bbox 1025 1270 1816 1302; baseline -0.005 0"><span class='ocrx_word' id='word_1_553' title='bbox 1025 1274 1078 1302; x_wconf 91' lang='lat' dir='ltr'><strong>odo</strong></span> <span class='ocrx_word' id='word_1_554' title='bbox 1096 1274 1160 1301; x_wconf 83' lang='lat' dir='ltr'><strong>fecit</strong></span> <span class='ocrx_word' id='word_1_555' title='bbox 1175 1273 1294 1300; x_wconf 86' lang='lat' dir='ltr'><strong>initium.</strong></span> <span class='ocrx_word' id='word_1_556' title='bbox 1313 1271 1453 1299; x_wconf 83' lang='lat' dir='ltr'><strong>Incidebat</strong></span> <span class='ocrx_word' id='word_1_557' title='bbox 1465 1271 1510 1297; x_wconf 88' lang='lat' dir='ltr'><strong>illa</strong></span> <span class='ocrx_word' id='word_1_558' title='bbox 1538 1271 1564 1297; x_wconf 89' lang='lat' dir='ltr'><strong>in</strong></span> <span class='ocrx_word' id='word_1_559' title='bbox 1582 1279 1597 1297; x_wconf 88' lang='lat' dir='ltr'><strong>x</strong></span> <span class='ocrx_word' id='word_1_560' title='bbox 1616 1270 1728 1298; x_wconf 79' lang='lat' dir='ltr'><strong>Kalend.</strong></span> <span class='ocrx_word' id='word_1_561' title='bbox 1740 1270 1816 1302; x_wconf 80' lang='lat' dir='ltr'><strong>Julii.</strong></span> 
     </span>
    </p>
   </div>
   <div class='ocr_carea' id='block_1_86' title="bbox 1025 1317 1818 1356">
    <p class='ocr_par' dir='ltr' id='par_1_86' title="bbox 1025 1317 1818 1356">
     <span class='ocr_line' id='line_1_87' title="bbox 1025 1317 1818 1356; baseline -0.005 -9"><span class='ocrx_word' id='word_1_562' title='bbox 1025 1329 1079 1356; x_wconf 90' lang='lat' dir='ltr'><strong>quo</strong></span> <span class='ocrx_word' id='word_1_563' title='bbox 1099 1321 1143 1347; x_wconf 88' lang='lat' dir='ltr'><strong>die</strong></span> <span class='ocrx_word' id='word_1_564' title='bbox 1169 1319 1298 1347; x_wconf 86' lang='lat' dir='ltr'><strong>omnibus</strong></span> <span class='ocrx_word' id='word_1_565' title='bbox 1323 1317 1375 1345; x_wconf 72' lang='lat' dir='ltr'><strong>rite</strong></span> <span class='ocrx_word' id='word_1_566' title='bbox 1401 1317 1519 1352; x_wconf 86' lang='lat' dir='ltr'><strong>peractis</strong></span> <span class='ocrx_word' id='word_1_567' title='bbox 1531 1325 1565 1344; x_wconf 80' lang='lat' dir='ltr'><strong>ex</strong></span> <span class='ocrx_word' id='word_1_568' title='bbox 1592 1317 1751 1352; x_wconf 65' lang='lat' dir='ltr'><strong>praescripto</strong></span> <span class='ocrx_word' id='word_1_569' title='bbox 1773 1324 1818 1343; x_wconf 90' lang='lat' dir='ltr'><strong>ca-</strong></span> 
     </span>
    </p>
   </div>
   <div class='ocr_carea' id='block_1_87' title="bbox 1025 1361 1818 1397">
    <p class='ocr_par' dir='ltr' id='par_1_87' title="bbox 1025 1361 1818 1397">
     <span class='ocr_line' id='line_1_88' title="bbox 1025 1361 1818 1397; baseline -0.006 -4"><span class='ocrx_word' id='word_1_570' title='bbox 1025 1374 1127 1393; x_wconf 89' lang='lat' dir='ltr'><strong>nonum</strong></span> <span class='ocrx_word' id='word_1_571' title='bbox 1147 1367 1340 1392; x_wconf 78' lang='lat' dir='ltr'><strong>exauctoratus</strong></span> <span class='ocrx_word' id='word_1_572' title='bbox 1355 1366 1397 1389; x_wconf 88' lang='lat' dir='ltr'><strong>est</strong></span> <span class='ocrx_word' id='word_1_573' title='bbox 1409 1362 1562 1394; x_wconf 82' lang='lat' dir='ltr'><strong>Nestorius,</strong></span> <span class='ocrx_word' id='word_1_574' title='bbox 1578 1367 1690 1397; x_wconf 88' lang='lat' dir='ltr'><strong>propter</strong></span> <span class='ocrx_word' id='word_1_575' title='bbox 1702 1361 1818 1389; x_wconf 64' lang='lat' dir='ltr'><strong>hacrcsin</strong></span> 
     </span>
    </p>
   </div>
   <div class='ocr_carea' id='block_1_88' title="bbox 1024 1409 1332 1445">
    <p class='ocr_par' dir='ltr' id='par_1_88' title="bbox 1024 1409 1332 1445">
     <span class='ocr_line' id='line_1_89' title="bbox 1024 1409 1332 1445; baseline -0.003 -7"><span class='ocrx_word' id='word_1_576' title='bbox 1024 1415 1106 1445; x_wconf 86' lang='lat' dir='ltr'><strong>atque</strong></span> <span class='ocrx_word' id='word_1_577' title='bbox 1119 1409 1332 1438; x_wconf 87' lang='lat' dir='ltr'><strong>contumaciam.</strong></span> 
     </span>
    </p>
   </div>
   <div class='ocr_carea' id='block_1_89' title="bbox 1061 1453 1817 1496">
    <p class='ocr_par' dir='ltr' id='par_1_89' title="bbox 1061 1453 1817 1496">
     <span class='ocr_line' id='line_1_90' title="bbox 1061 1453 1817 1496; baseline -0.005 -12"><span class='ocrx_word' id='word_1_578' title='bbox 1061 1457 1105 1485; x_wconf 84' lang='lat' dir='ltr'><strong>IV.</strong></span> <span class='ocrx_word' id='word_1_579' title='bbox 1122 1458 1161 1484; x_wconf 80' lang='lat' dir='ltr'><strong>[Ic</strong></span> <span class='ocrx_word' id='word_1_580' title='bbox 1173 1457 1278 1488; x_wconf 83' lang='lat' dir='ltr'><strong>audita,</strong></span> <span class='ocrx_word' id='word_1_581' title='bbox 1300 1464 1393 1496; x_wconf 70' lang='lat' dir='ltr'><strong>comes</strong></span> <span class='ocrx_word' id='word_1_582' title='bbox 1421 1456 1542 1483; x_wconf 75' lang='lat' dir='ltr'><strong>Irenzeus</strong></span> <span class='ocrx_word' id='word_1_583' title='bbox 1572 1453 1605 1481; x_wconf 87' lang='lat' dir='ltr'><strong>ad</strong></span> <span class='ocrx_word' id='word_1_584' title='bbox 1622 1453 1817 1482; x_wconf 85' lang='lat' dir='ltr'><strong>Orientalesin</strong></span> 
     </span>
    </p>
   </div>
   <div class='ocr_carea' id='block_1_90' title="bbox 1025 1499 1819 1537">
    <p class='ocr_par' dir='ltr' id='par_1_90' title="bbox 1025 1499 1819 1537">
     <span class='ocr_line' id='line_1_91' title="bbox 1025 1499 1819 1537; baseline -0.005 -7"><span class='ocrx_word' id='word_1_585' title='bbox 1025 1503 1068 1530; x_wconf 85' lang='lat' dir='ltr'><strong>via</strong></span> <span class='ocrx_word' id='word_1_586' title='bbox 1084 1503 1188 1537; x_wconf 84' lang='lat' dir='ltr'><strong>positos</strong></span> <span class='ocrx_word' id='word_1_587' title='bbox 1203 1502 1318 1530; x_wconf 88' lang='lat' dir='ltr'><strong>nuntius</strong></span> <span class='ocrx_word' id='word_1_588' title='bbox 1340 1506 1489 1537; x_wconf 85' lang='lat' dir='ltr'><strong>properat:</strong></span> <span class='ocrx_word' id='word_1_589' title='bbox 1523 1500 1653 1527; x_wconf 88' lang='lat' dir='ltr'><strong>advolant</strong></span> <span class='ocrx_word' id='word_1_590' title='bbox 1676 1499 1715 1527; x_wconf 90' lang='lat' dir='ltr'><strong>illi</strong></span> <span class='ocrx_word' id='word_1_591' title='bbox 1742 1506 1819 1527; x_wconf 86' lang='lat' dir='ltr'><strong>more</strong></span> 
     </span>
    </p>
   </div>
   <div class='ocr_carea' id='block_1_91' title="bbox 989 1545 1818 1586">
    <p class='ocr_par' dir='ltr' id='par_1_91' title="bbox 989 1545 1818 1586">
     <span class='ocr_line' id='line_1_92' title="bbox 989 1545 1818 1586; baseline -0.004 -12"><span class='ocrx_word' id='word_1_592' title='bbox 989 1559 1009 1586; x_wconf 73' lang='grc' dir='ltr'>ο</span> <span class='ocrx_word' id='word_1_593' title='bbox 1026 1549 1121 1575; x_wconf 85' lang='lat' dir='ltr'><strong>alitum</strong></span> <span class='ocrx_word' id='word_1_594' title='bbox 1134 1547 1254 1575; x_wconf 85' lang='lat' dir='ltr'><strong>Sabhato</strong></span> <span class='ocrx_word' id='word_1_595' title='bbox 1271 1551 1468 1582; x_wconf 85' lang='lat' dir='ltr'><strong>consequente,</strong></span> <span class='ocrx_word' id='word_1_596' title='bbox 1490 1554 1553 1573; x_wconf 90' lang='lat' dir='ltr'><strong>cum</strong></span> <span class='ocrx_word' id='word_1_597' title='bbox 1580 1551 1660 1573; x_wconf 85' lang='lat' dir='ltr'><strong>antea</strong></span> <span class='ocrx_word' id='word_1_598' title='bbox 1682 1545 1759 1573; x_wconf 86' lang='lat' dir='ltr'><strong>tarde</strong></span> <span class='ocrx_word' id='word_1_599' title='bbox 1776 1546 1818 1572; x_wconf 93' lang='lat' dir='ltr'><strong>in-</strong></span> 
     </span>
    </p>
   </div>
   <div class='ocr_carea' id='block_1_92' title="bbox 1030 1591 1820 1628">
    <p class='ocr_par' dir='ltr' id='par_1_92' title="bbox 1030 1591 1820 1628">
     <span class='ocr_line' id='line_1_93' title="bbox 1030 1591 1820 1628; baseline -0.005 -8"><span class='ocrx_word' id='word_1_600' title='bbox 1030 1594 1161 1621; x_wconf 85' lang='lat' dir='ltr'><strong>cederent</strong></span> <span class='ocrx_word' id='word_1_601' title='bbox 1177 1602 1183 1619; x_wconf 87' lang='lat'><strong>:</strong></span> <span class='ocrx_word' id='word_1_602' title='bbox 1200 1601 1296 1628; x_wconf 72' lang='lat' dir='ltr'><strong>agmen</strong></span> <span class='ocrx_word' id='word_1_603' title='bbox 1317 1600 1397 1628; x_wconf 79' lang='lat' dir='ltr'><strong>agerc</strong></span> <span class='ocrx_word' id='word_1_604' title='bbox 1418 1591 1565 1619; x_wconf 85' lang='lat' dir='ltr'><strong>videbatur</strong></span> <span class='ocrx_word' id='word_1_605' title='bbox 1576 1591 1694 1618; x_wconf 77' lang='lat' dir='ltr'><strong>Joannes</strong></span> <span class='ocrx_word' id='word_1_606' title='bbox 1707 1595 1820 1626; x_wconf 88' lang='lat' dir='ltr'><strong>propter</strong></span> 
     </span>
    </p>
   </div>
   <div class='ocr_carea' id='block_1_93' title="bbox 1030 1637 1820 1673">
    <p class='ocr_par' dir='ltr' id='par_1_93' title="bbox 1030 1637 1820 1673">
     <span class='ocr_line' id='line_1_94' title="bbox 1030 1637 1820 1673; baseline -0.003 -8"><span class='ocrx_word' id='word_1_607' title='bbox 1030 1639 1103 1667; x_wconf 81' lang='lat' dir='ltr'><strong>sedis</strong></span> <span class='ocrx_word' id='word_1_608' title='bbox 1111 1639 1301 1666; x_wconf 71' lang='lat' dir='ltr'><strong>auctoritatem</strong></span> <span class='ocrx_word' id='word_1_609' title='bbox 1314 1647 1320 1670; x_wconf 87' lang='lat'><strong>;</strong></span> <span class='ocrx_word' id='word_1_610' title='bbox 1336 1639 1372 1666; x_wconf 85' lang='lat' dir='ltr'><strong>rei</strong></span> <span class='ocrx_word' id='word_1_611' title='bbox 1377 1646 1424 1673; x_wconf 86' lang='lat' dir='ltr'><strong>psa</strong></span> <span class='ocrx_word' id='word_1_612' title='bbox 1433 1643 1522 1664; x_wconf 84' lang='lat' dir='ltr'><strong>tamen</strong></span> <span class='ocrx_word' id='word_1_613' title='bbox 1533 1637 1650 1664; x_wconf 84' lang='lat' dir='ltr'><strong>ducebat</strong></span> <span class='ocrx_word' id='word_1_614' title='bbox 1660 1637 1820 1664; x_wconf 87' lang='lat' dir='ltr'><strong>Theodore—</strong></span> 
     </span>
    </p>
   </div>
   <div class='ocr_carea' id='block_1_94' title="bbox 1030 1681 1817 1718">
    <p class='ocr_par' dir='ltr' id='par_1_94' title="bbox 1030 1681 1817 1718">
     <span class='ocr_line' id='line_1_95' title="bbox 1030 1681 1817 1718; baseline -0.005 -7"><span class='ocrx_word' id='word_1_615' title='bbox 1030 1689 1084 1716; x_wconf 86' lang='lat' dir='ltr'><strong>tus,</strong></span> <span class='ocrx_word' id='word_1_616' title='bbox 1104 1684 1188 1711; x_wconf 83' lang='lat' dir='ltr'><strong>totius</strong></span> <span class='ocrx_word' id='word_1_617' title='bbox 1202 1684 1327 1711; x_wconf 81' lang='lat' dir='ltr'><strong>factionis</strong></span> <span class='ocrx_word' id='word_1_618' title='bbox 1348 1683 1427 1718; x_wconf 84' lang='lat' dir='ltr'><strong>quasi</strong></span> <span class='ocrx_word' id='word_1_619' title='bbox 1449 1684 1540 1710; x_wconf 89' lang='lat' dir='ltr'><strong>anima</strong></span> <span class='ocrx_word' id='word_1_620' title='bbox 1557 1690 1564 1709; x_wconf 89' lang='lat'>:</span> <span class='ocrx_word' id='word_1_621' title='bbox 1582 1682 1640 1709; x_wconf 85' lang='lat' dir='ltr'><strong>suis</strong></span> <span class='ocrx_word' id='word_1_622' title='bbox 1652 1682 1725 1709; x_wconf 87' lang='lat' dir='ltr'><strong>enim</strong></span> <span class='ocrx_word' id='word_1_623' title='bbox 1744 1681 1817 1708; x_wconf 85' lang='lat' dir='ltr'><strong>nuti—</strong></span> 
     </span>
    </p>
   </div>
   <div class='ocr_carea' id='block_1_95' title="bbox 1029 1727 1820 1763">
    <p class='ocr_par' dir='ltr' id='par_1_95' title="bbox 1029 1727 1820 1763">
     <span class='ocr_line' id='line_1_96' title="bbox 1029 1727 1820 1763; baseline -0.005 -6"><span class='ocrx_word' id='word_1_624' title='bbox 1029 1730 1082 1757; x_wconf 86' lang='lat' dir='ltr'><strong>bus</strong></span> <span class='ocrx_word' id='word_1_625' title='bbox 1095 1730 1221 1757; x_wconf 87' lang='lat' dir='ltr'><strong>movebat</strong></span> <span class='ocrx_word' id='word_1_626' title='bbox 1233 1729 1354 1757; x_wconf 86' lang='lat' dir='ltr'><strong>Orientis</strong></span> <span class='ocrx_word' id='word_1_627' title='bbox 1370 1729 1533 1760; x_wconf 87' lang='lat' dir='ltr'><strong>antistitem,</strong></span> <span class='ocrx_word' id='word_1_628' title='bbox 1545 1736 1626 1763; x_wconf 86' lang='lat' dir='ltr'><strong>quem</strong></span> <span class='ocrx_word' id='word_1_629' title='bbox 1637 1727 1683 1755; x_wconf 88' lang='lat' dir='ltr'><strong>alii</strong></span> <span class='ocrx_word' id='word_1_630' title='bbox 1697 1727 1730 1754; x_wconf 85' lang='lat' dir='ltr'><strong>de</strong></span> <span class='ocrx_word' id='word_1_631' title='bbox 1743 1733 1820 1753; x_wconf 84' lang='lat' dir='ltr'><strong>more</strong></span> 
     </span>
    </p>
   </div>
   <div class='ocr_carea' id='block_1_96' title="bbox 1028 1773 1819 1810">
    <p class='ocr_par' dir='ltr' id='par_1_96' title="bbox 1028 1773 1819 1810">
     <span class='ocr_line' id='line_1_97' title="bbox 1028 1773 1819 1810; baseline -0.004 -8"><span class='ocrx_word' id='word_1_632' title='bbox 1028 1776 1225 1810; x_wconf 85' lang='lat' dir='ltr'><strong>sequebantur,</strong></span> <span class='ocrx_word' id='word_1_633' title='bbox 1245 1775 1293 1802; x_wconf 85' lang='lat' dir='ltr'><strong>sed</strong></span> <span class='ocrx_word' id='word_1_634' title='bbox 1318 1775 1375 1802; x_wconf 85' lang='lat' dir='ltr'><strong>suis</strong></span> <span class='ocrx_word' id='word_1_635' title='bbox 1395 1774 1453 1809; x_wconf 85' lang='lat' dir='ltr'><strong>ipse</strong></span> <span class='ocrx_word' id='word_1_636' title='bbox 1481 1774 1581 1802; x_wconf 85' lang='lat' dir='ltr'><strong>studiis</strong></span> <span class='ocrx_word' id='word_1_637' title='bbox 1603 1773 1732 1801; x_wconf 85' lang='lat' dir='ltr'><strong>incensus</strong></span> <span class='ocrx_word' id='word_1_638' title='bbox 1754 1780 1819 1807; x_wconf 83' lang='lat' dir='ltr'><strong>age-</strong></span> 
     </span>
    </p>
   </div>
   <div class='ocr_carea' id='block_1_97' title="bbox 1028 1821 1117 1848">
    <p class='ocr_par' dir='ltr' id='par_1_97' title="bbox 1028 1821 1117 1848">
     <span class='ocr_line' id='line_1_98' title="bbox 1028 1821 1117 1848; baseline 0.011 -1"><span class='ocrx_word' id='word_1_639' title='bbox 1028 1821 1117 1848; x_wconf 84' lang='lat' dir='ltr'><strong>batur.</strong></span> 
     </span>
    </p>
   </div>
   <div class='ocr_carea' id='block_1_98' title="bbox 1065 1874 1815 1908">
    <p class='ocr_par' dir='ltr' id='par_1_98' title="bbox 1065 1874 1815 1908">
     <span class='ocr_line' id='line_1_99' title="bbox 1065 1874 1815 1908; baseline -0.005 -4"><span class='ocrx_word' id='word_1_640' title='bbox 1065 1877 1144 1908; x_wconf 83' lang='lat' dir='ltr'><strong>Nam,</strong></span> <span class='ocrx_word' id='word_1_641' title='bbox 1163 1880 1192 1903; x_wconf 89' lang='lat' dir='ltr'><strong>u&#39;t</strong></span> <span class='ocrx_word' id='word_1_642' title='bbox 1212 1881 1315 1903; x_wconf 86' lang='lat' dir='ltr'><strong>taceam</strong></span> <span class='ocrx_word' id='word_1_643' title='bbox 1326 1876 1439 1903; x_wconf 84' lang='lat' dir='ltr'><strong>Joannis</strong></span> <span class='ocrx_word' id='word_1_644' title='bbox 1458 1876 1484 1902; x_wconf 92' lang='lat' dir='ltr'><strong>in</strong></span> <span class='ocrx_word' id='word_1_645' title='bbox 1497 1875 1703 1902; x_wconf 88' lang='lat' dir='ltr'><strong>Theodoretum</strong></span> <span class='ocrx_word' id='word_1_646' title='bbox 1719 1874 1815 1901; x_wconf 74' lang='lat' dir='ltr'><strong>immo-</strong></span> 
     </span>
    </p>
   </div>
   <div class='ocr_carea' id='block_1_99' title="bbox 1027 1918 1815 1956">
    <p class='ocr_par' dir='ltr' id='par_1_99' title="bbox 1027 1918 1815 1956">
     <span class='ocr_line' id='line_1_100' title="bbox 1027 1918 1815 1956; baseline -0.005 -6"><span class='ocrx_word' id='word_1_647' title='bbox 1027 1923 1118 1950; x_wconf 91' lang='lat' dir='ltr'><strong>dicum</strong></span> <span class='ocrx_word' id='word_1_648' title='bbox 1134 1929 1267 1953; x_wconf 83' lang='lat' dir='ltr'><strong>amorem,</strong></span> <span class='ocrx_word' id='word_1_649' title='bbox 1281 1920 1448 1947; x_wconf 86' lang='lat' dir='ltr'><strong>Theodoreti</strong></span> <span class='ocrx_word' id='word_1_650' title='bbox 1460 1920 1531 1956; x_wconf 89' lang='lat' dir='ltr'><strong>apud</strong></span> <span class='ocrx_word' id='word_1_651' title='bbox 1544 1920 1677 1948; x_wconf 79' lang='lat' dir='ltr'><strong>Joannem</strong></span> <span class='ocrx_word' id='word_1_652' title='bbox 1698 1918 1815 1946; x_wconf 88' lang='lat' dir='ltr'><strong>auctori-</strong></span> 
     </span>
    </p>
   </div>
   <div class='ocr_carea' id='block_1_100' title="bbox 1029 1965 1818 2002">
    <p class='ocr_par' dir='ltr' id='par_1_100' title="bbox 1029 1965 1818 2002">
     <span class='ocr_line' id='line_1_101' title="bbox 1029 1965 1818 2002; baseline -0.005 -7"><span class='ocrx_word' id='word_1_653' title='bbox 1029 1973 1109 1995; x_wconf 85' lang='lat' dir='ltr'><strong>tatem</strong></span> <span class='ocrx_word' id='word_1_654' title='bbox 1128 1976 1160 1994; x_wconf 81' lang='lat' dir='ltr'><strong>ex</strong></span> <span class='ocrx_word' id='word_1_655' title='bbox 1173 1967 1303 2002; x_wconf 87' lang='lat' dir='ltr'><strong>opinione</strong></span> <span class='ocrx_word' id='word_1_656' title='bbox 1320 1967 1452 1994; x_wconf 70' lang='lat' dir='ltr'><strong>doctrina:</strong></span> <span class='ocrx_word' id='word_1_657' title='bbox 1464 1970 1562 1998; x_wconf 88' lang='lat' dir='ltr'><strong>ortam,</strong></span> <span class='ocrx_word' id='word_1_658' title='bbox 1581 1970 1701 1992; x_wconf 84' lang='lat' dir='ltr'><strong>veterem</strong></span> <span class='ocrx_word' id='word_1_659' title='bbox 1714 1965 1818 1991; x_wconf 87' lang='lat' dir='ltr'><strong>utrius-</strong></span> 
     </span>
    </p>
   </div>
   <div class='ocr_carea' id='block_1_101' title="bbox 1026 2011 1818 2050">
    <p class='ocr_par' dir='ltr' id='par_1_101' title="bbox 1026 2011 1818 2050">
     <span class='ocr_line' id='line_1_102' title="bbox 1026 2011 1818 2050; baseline -0.006 -9"><span class='ocrx_word' id='word_1_660' title='bbox 1026 2023 1079 2050; x_wconf 86' lang='lat' dir='ltr'><strong>que</strong></span> <span class='ocrx_word' id='word_1_661' title='bbox 1096 2021 1157 2041; x_wconf 89' lang='lat' dir='ltr'><strong>cum</strong></span> <span class='ocrx_word' id='word_1_662' title='bbox 1177 2013 1303 2048; x_wconf 77' lang='lat' dir='ltr'><strong>Nestorio</strong></span> <span class='ocrx_word' id='word_1_663' title='bbox 1320 2012 1522 2044; x_wconf 85' lang='lat' dir='ltr'><strong>necessitatem,</strong></span> <span class='ocrx_word' id='word_1_664' title='bbox 1538 2015 1663 2039; x_wconf 82' lang='lat' dir='ltr'><strong>recentes</strong></span> <span class='ocrx_word' id='word_1_665' title='bbox 1674 2011 1818 2037; x_wconf 87' lang='lat' dir='ltr'><strong>amborum</strong></span> 
     </span>
    </p>
   </div>
   <div class='ocr_carea' id='block_1_102' title="bbox 1026 2056 1818 2095">
    <p class='ocr_par' dir='ltr' id='par_1_102' title="bbox 1026 2056 1818 2095">
     <span class='ocr_line' id='line_1_103' title="bbox 1026 2056 1818 2095; baseline -0.006 -8"><span class='ocrx_word' id='word_1_666' title='bbox 1026 2068 1088 2087; x_wconf 89' lang='lat' dir='ltr'><strong>cum</strong></span> <span class='ocrx_word' id='word_1_667' title='bbox 1105 2059 1207 2095; x_wconf 85' lang='lat' dir='ltr'><strong>Cyrillo</strong></span> <span class='ocrx_word' id='word_1_668' title='bbox 1219 2058 1387 2090; x_wconf 87' lang='lat' dir='ltr'><strong>inimicitias,</strong></span> <span class='ocrx_word' id='word_1_669' title='bbox 1403 2057 1526 2084; x_wconf 82' lang='lat' dir='ltr'><strong>occultas</strong></span> <span class='ocrx_word' id='word_1_670' title='bbox 1553 2064 1616 2083; x_wconf 90' lang='lat' dir='ltr'><strong>cum</strong></span> <span class='ocrx_word' id='word_1_671' title='bbox 1649 2056 1751 2083; x_wconf 79' lang='lat' dir='ltr'><strong>[remeo</strong></span> <span class='ocrx_word' id='word_1_672' title='bbox 1771 2063 1818 2083; x_wconf 90' lang='lat' dir='ltr'><strong>co—</strong></span> 
     </span>
    </p>
   </div>
   <div class='ocr_carea' id='block_1_103' title="bbox 1027 2101 1819 2138">
    <p class='ocr_par' dir='ltr' id='par_1_103' title="bbox 1027 2101 1819 2138">
     <span class='ocr_line' id='line_1_104' title="bbox 1027 2101 1819 2138; baseline -0.008 -6"><span class='ocrx_word' id='word_1_673' title='bbox 1027 2106 1091 2132; x_wconf 88' lang='lat' dir='ltr'><strong>mite</strong></span> <span class='ocrx_word' id='word_1_674' title='bbox 1103 2105 1247 2136; x_wconf 85' lang='lat' dir='ltr'><strong>coitiones,</strong></span> <span class='ocrx_word' id='word_1_675' title='bbox 1266 2111 1297 2131; x_wconf 86' lang='lat' dir='ltr'><strong>ac</strong></span> <span class='ocrx_word' id='word_1_676' title='bbox 1314 2103 1365 2131; x_wconf 87' lang='lat' dir='ltr'><strong>alia</strong></span> <span class='ocrx_word' id='word_1_677' title='bbox 1381 2102 1515 2138; x_wconf 78' lang='lat' dir='ltr'><strong>ejusmodi</strong></span> <span class='ocrx_word' id='word_1_678' title='bbox 1531 2101 1619 2137; x_wconf 88' lang='lat' dir='ltr'><strong>plura,</strong></span> <span class='ocrx_word' id='word_1_679' title='bbox 1637 2105 1749 2136; x_wconf 90' lang='lat' dir='ltr'><strong>propter</strong></span> <span class='ocrx_word' id='word_1_680' title='bbox 1758 2107 1819 2134; x_wconf 67' lang='lat' dir='ltr'><strong>quae</strong></span> 
     </span>
    </p>
   </div>
   <div class='ocr_carea' id='block_1_104' title="bbox 1026 2146 1819 2178">
    <p class='ocr_par' dir='ltr' id='par_1_104' title="bbox 1026 2146 1819 2178">
     <span class='ocr_line' id='line_1_105' title="bbox 1026 2146 1819 2178; baseline -0.008 0"><span class='ocrx_word' id='word_1_681' title='bbox 1026 2151 1217 2178; x_wconf 87' lang='lat' dir='ltr'><strong>Theodoretus</strong></span> <span class='ocrx_word' id='word_1_682' title='bbox 1235 2150 1358 2176; x_wconf 91' lang='lat' dir='ltr'><strong>omnium</strong></span> <span class='ocrx_word' id='word_1_683' title='bbox 1375 2149 1503 2176; x_wconf 83' lang='lat' dir='ltr'><strong>factionis</strong></span> <span class='ocrx_word' id='word_1_684' title='bbox 1522 2147 1700 2175; x_wconf 80' lang='lat' dir='ltr'><strong>consiliorum</strong></span> <span class='ocrx_word' id='word_1_685' title='bbox 1720 2146 1819 2173; x_wconf 77' lang='lat' dir='ltr'><strong>merito</strong></span> 
     </span>
    </p>
   </div>
   <div class='ocr_carea' id='block_1_105' title="bbox 1025 2192 1822 2233">
    <p class='ocr_par' dir='ltr' id='par_1_105' title="bbox 1025 2192 1822 2233">
     <span class='ocr_line' id='line_1_106' title="bbox 1025 2192 1822 2233; baseline -0.006 -9"><span class='ocrx_word' id='word_1_686' title='bbox 1025 2202 1116 2233; x_wconf 87' lang='lat' dir='ltr'><strong>potest</strong></span> <span class='ocrx_word' id='word_1_687' title='bbox 1126 2196 1233 2224; x_wconf 84' lang='lat' dir='ltr'><strong>censeri</strong></span> <span class='ocrx_word' id='word_1_688' title='bbox 1242 2200 1354 2228; x_wconf 79' lang='lat' dir='ltr'><strong>auctor;</strong></span> <span class='ocrx_word' id='word_1_689' title='bbox 1379 2195 1516 2230; x_wconf 84' lang='lat' dir='ltr'><strong>ingenium</strong></span> <span class='ocrx_word' id='word_1_690' title='bbox 1529 2199 1603 2221; x_wconf 84' lang='lat' dir='ltr'><strong>certe</strong></span> <span class='ocrx_word' id='word_1_691' title='bbox 1613 2193 1710 2229; x_wconf 87' lang='lat' dir='ltr'><strong>ipsius,</strong></span> <span class='ocrx_word' id='word_1_692' title='bbox 1719 2192 1822 2228; x_wconf 72' lang='lat' dir='ltr'><strong>stylus-</strong></span> 
     </span>
    </p>
   </div>
   <div class='ocr_carea' id='block_1_106' title="bbox 1024 2238 1819 2277">
    <p class='ocr_par' dir='ltr' id='par_1_106' title="bbox 1024 2238 1819 2277">
     <span class='ocr_line' id='line_1_107' title="bbox 1024 2238 1819 2277; baseline -0.006 -8"><span class='ocrx_word' id='word_1_693' title='bbox 1024 2250 1088 2277; x_wconf 88' lang='lat' dir='ltr'><strong>que,</strong></span> <span class='ocrx_word' id='word_1_694' title='bbox 1103 2247 1132 2269; x_wconf 87' lang='lat' dir='ltr'><strong>et</strong></span> <span class='ocrx_word' id='word_1_695' title='bbox 1148 2241 1295 2276; x_wconf 80' lang='lat' dir='ltr'><strong>singularis</strong></span> <span class='ocrx_word' id='word_1_696' title='bbox 1307 2240 1418 2275; x_wconf 87' lang='lat' dir='ltr'><strong>quidam</strong></span> <span class='ocrx_word' id='word_1_697' title='bbox 1433 2247 1529 2267; x_wconf 79' lang='lat' dir='ltr'><strong>vocum</strong></span> <span class='ocrx_word' id='word_1_698' title='bbox 1557 2247 1622 2266; x_wconf 84' lang='lat' dir='ltr'><strong>usus</strong></span> <span class='ocrx_word' id='word_1_699' title='bbox 1650 2238 1677 2265; x_wconf 89' lang='lat' dir='ltr'><strong>in</strong></span> <span class='ocrx_word' id='word_1_700' title='bbox 1695 2238 1819 2265; x_wconf 85' lang='lat' dir='ltr'><strong>Orienta-</strong></span> 
     </span>
    </p>
   </div>
   <div class='ocr_carea' id='block_1_107' title="bbox 1023 2282 1818 2321">
    <p class='ocr_par' dir='ltr' id='par_1_107' title="bbox 1023 2282 1818 2321">
     <span class='ocr_line' id='line_1_108' title="bbox 1023 2282 1818 2321; baseline -0.008 -7"><span class='ocrx_word' id='word_1_701' title='bbox 1023 2288 1091 2315; x_wconf 87' lang='lat' dir='ltr'><strong>lium</strong></span> <span class='ocrx_word' id='word_1_702' title='bbox 1103 2286 1214 2321; x_wconf 85' lang='lat' dir='ltr'><strong>scriptis</strong></span> <span class='ocrx_word' id='word_1_703' title='bbox 1229 2286 1269 2313; x_wconf 88' lang='lat' dir='ltr'><strong>sic</strong></span> <span class='ocrx_word' id='word_1_704' title='bbox 1286 2286 1388 2318; x_wconf 83' lang='lat' dir='ltr'><strong>elucet,</strong></span> <span class='ocrx_word' id='word_1_705' title='bbox 1406 2290 1436 2312; x_wconf 87' lang='lat' dir='ltr'><strong>ut</strong></span> <span class='ocrx_word' id='word_1_706' title='bbox 1449 2284 1577 2320; x_wconf 80' lang='lat' dir='ltr'><strong>opiﬁcem</strong></span> <span class='ocrx_word' id='word_1_707' title='bbox 1599 2291 1655 2310; x_wconf 90' lang='lat' dir='ltr'><strong>non</strong></span> <span class='ocrx_word' id='word_1_708' title='bbox 1671 2282 1818 2310; x_wconf 88' lang='lat' dir='ltr'><strong>admodum</strong></span> 
     </span>
    </p>
   </div>
   <div class='ocr_carea' id='block_1_108' title="bbox 1024 2330 1455 2367">
    <p class='ocr_par' dir='ltr' id='par_1_108' title="bbox 1024 2330 1455 2367">
     <span class='ocr_line' id='line_1_109' title="bbox 1024 2330 1455 2367; baseline -0.009 -7"><span class='ocrx_word' id='word_1_709' title='bbox 1024 2332 1129 2360; x_wconf 83' lang='lat' dir='ltr'><strong>latendi</strong></span> <span class='ocrx_word' id='word_1_710' title='bbox 1150 2331 1281 2367; x_wconf 88' lang='lat' dir='ltr'><strong>cupidum</strong></span> <span class='ocrx_word' id='word_1_711' title='bbox 1298 2330 1455 2366; x_wconf 67' lang='lat' dir='ltr'><strong>patefaciet.</strong></span> 
     </span>
    </p>
   </div>
   <div class='ocr_carea' id='block_1_109' title="bbox 1062 2381 1820 2424">
    <p class='ocr_par' dir='ltr' id='par_1_109' title="bbox 1062 2381 1820 2424">
     <span class='ocr_line' id='line_1_110' title="bbox 1062 2381 1820 2424; baseline -0.012 -8"><span class='ocrx_word' id='word_1_712' title='bbox 1062 2389 1115 2417; x_wconf 89' lang='lat' dir='ltr'><strong>Ubi</strong></span> <span class='ocrx_word' id='word_1_713' title='bbox 1135 2388 1256 2424; x_wconf 88' lang='lat' dir='ltr'><strong>primum</strong></span> <span class='ocrx_word' id='word_1_714' title='bbox 1284 2386 1424 2421; x_wconf 85' lang='lat' dir='ltr'><strong>Ephesum</strong></span> <span class='ocrx_word' id='word_1_715' title='bbox 1446 2386 1564 2413; x_wconf 82' lang='lat' dir='ltr'><strong>Joannes</strong></span> <span class='ocrx_word' id='word_1_716' title='bbox 1585 2383 1684 2418; x_wconf 76' lang='lat' dir='ltr'><strong>attigit,</strong></span> <span class='ocrx_word' id='word_1_717' title='bbox 1697 2381 1820 2410; x_wconf 89' lang='lat' dir='ltr'><strong>nondum</strong></span> 
     </span>
    </p>
   </div>
   <div class='ocr_carea' id='block_1_110' title="bbox 1025 2428 1821 2470">
    <p class='ocr_par' dir='ltr' id='par_1_110' title="bbox 1025 2428 1821 2470">
     <span class='ocr_line' id='line_1_111' title="bbox 1025 2428 1821 2470; baseline -0.013 -6"><span class='ocrx_word' id='word_1_718' title='bbox 1025 2436 1135 2464; x_wconf 84' lang='lat' dir='ltr'><strong>deterso</strong></span> <span class='ocrx_word' id='word_1_719' title='bbox 1162 2435 1293 2470; x_wconf 78' lang='lat' dir='ltr'><strong>pulvere,</strong></span> <span class='ocrx_word' id='word_1_720' title='bbox 1320 2434 1348 2461; x_wconf 87' lang='lat' dir='ltr'><strong>in</strong></span> <span class='ocrx_word' id='word_1_721' title='bbox 1376 2434 1437 2468; x_wconf 87' lang='lat' dir='ltr'><strong>ipso</strong></span> <span class='ocrx_word' id='word_1_722' title='bbox 1463 2431 1601 2467; x_wconf 90' lang='lat' dir='ltr'><strong>hospitio,</strong></span> <span class='ocrx_word' id='word_1_723' title='bbox 1630 2428 1821 2464; x_wconf 81' lang='lat' dir='ltr'><strong>intempestiva</strong></span> 
     </span>
    </p>
   </div>
   <div class='ocr_carea' id='block_1_111' title="bbox 1024 2474 1818 2514">
    <p class='ocr_par' dir='ltr' id='par_1_111' title="bbox 1024 2474 1818 2514">
     <span class='ocr_line' id='line_1_112' title="bbox 1024 2474 1818 2514; baseline -0.01 -5"><span class='ocrx_word' id='word_1_724' title='bbox 1024 2482 1102 2514; x_wconf 84' lang='lat' dir='ltr'><strong>hora,</strong></span> <span class='ocrx_word' id='word_1_725' title='bbox 1115 2480 1287 2508; x_wconf 80' lang='lat' dir='ltr'><strong>clandestina</strong></span> <span class='ocrx_word' id='word_1_726' title='bbox 1305 2480 1437 2511; x_wconf 87' lang='lat' dir='ltr'><strong>coitione,</strong></span> <span class='ocrx_word' id='word_1_727' title='bbox 1449 2477 1623 2506; x_wconf 83' lang='lat' dir='ltr'><strong>Nestorianis</strong></span> <span class='ocrx_word' id='word_1_728' title='bbox 1641 2475 1674 2503; x_wconf 83' lang='lat' dir='ltr'><strong>ad</strong></span> <span class='ocrx_word' id='word_1_729' title='bbox 1694 2483 1757 2503; x_wconf 87' lang='lat' dir='ltr'><strong>suos</strong></span> <span class='ocrx_word' id='word_1_730' title='bbox 1770 2474 1818 2502; x_wconf 86' lang='lat' dir='ltr'><strong>ad-</strong></span> 
     </span>
    </p>
   </div>
   <div class='ocr_carea' id='block_1_112' title="bbox 1023 2521 1817 2564">
    <p class='ocr_par' dir='ltr' id='par_1_112' title="bbox 1023 2521 1817 2564">
     <span class='ocr_line' id='line_1_113' title="bbox 1023 2521 1817 2564; baseline -0.009 -9"><span class='ocrx_word' id='word_1_731' title='bbox 1023 2527 1135 2564; x_wconf 71' lang='lat' dir='ltr'><strong>iunctis,</strong></span> <span class='ocrx_word' id='word_1_732' title='bbox 1153 2526 1328 2561; x_wconf 85' lang='lat' dir='ltr'><strong>conspirante</strong></span> <span class='ocrx_word' id='word_1_733' title='bbox 1345 2524 1424 2560; x_wconf 80' lang='lat'><strong>159</strong></span> <span class='ocrx_word' id='word_1_734' title='bbox 1435 2524 1605 2552; x_wconf 78' lang='lat' dir='ltr'><strong>Candidiano</strong></span> <span class='ocrx_word' id='word_1_735' title='bbox 1622 2522 1732 2554; x_wconf 90' lang='lat' dir='ltr'><strong>comite,</strong></span> <span class='ocrx_word' id='word_1_736' title='bbox 1743 2521 1817 2556; x_wconf 87' lang='lat' dir='ltr'><strong>judi-</strong></span> 
     </span>
    </p>
   </div>
   <div class='ocr_carea' id='block_1_113' title="bbox 1024 2567 1818 2606">
    <p class='ocr_par' dir='ltr' id='par_1_113' title="bbox 1024 2567 1818 2606">
     <span class='ocr_line' id='line_1_114' title="bbox 1024 2567 1818 2606; baseline -0.009 -5"><span class='ocrx_word' id='word_1_737' title='bbox 1024 2574 1097 2601; x_wconf 90' lang='lat' dir='ltr'><strong>cium</strong></span> <span class='ocrx_word' id='word_1_738' title='bbox 1113 2571 1325 2600; x_wconf 81' lang='lat' dir='ltr'><strong>tumultuarium</strong></span> <span class='ocrx_word' id='word_1_739' title='bbox 1339 2571 1373 2598; x_wconf 87' lang='lat' dir='ltr'><strong>de</strong></span> <span class='ocrx_word' id='word_1_740' title='bbox 1385 2571 1497 2606; x_wconf 83' lang='lat' dir='ltr'><strong>Cyrillo,</strong></span> <span class='ocrx_word' id='word_1_741' title='bbox 1512 2574 1541 2597; x_wconf 86' lang='lat' dir='ltr'><strong>et</strong></span> <span class='ocrx_word' id='word_1_742' title='bbox 1561 2570 1705 2597; x_wconf 81' lang='lat' dir='ltr'><strong>Memnone</strong></span> <span class='ocrx_word' id='word_1_743' title='bbox 1718 2567 1818 2602; x_wconf 77' lang='lat' dir='ltr'><strong>Ephesi</strong></span> 
     </span>
    </p>
   </div>
   <div class='ocr_carea' id='block_1_114' title="bbox 1023 2615 1816 2654">
    <p class='ocr_par' dir='ltr' id='par_1_114' title="bbox 1023 2615 1816 2654">
     <span class='ocr_line' id='line_1_115' title="bbox 1023 2615 1816 2654; baseline -0.008 -8"><span class='ocrx_word' id='word_1_744' title='bbox 1023 2619 1154 2654; x_wconf 90' lang='lat' dir='ltr'><strong>episcopo</strong></span> <span class='ocrx_word' id='word_1_745' title='bbox 1166 2639 1173 2650; x_wconf 97' lang='lat'><strong>,</strong></span> <span class='ocrx_word' id='word_1_746' title='bbox 1187 2617 1350 2652; x_wconf 63' lang='lat' dir='ltr'><strong>ceterisque</strong></span> <span class='ocrx_word' id='word_1_747' title='bbox 1362 2616 1457 2652; x_wconf 87' lang='lat' dir='ltr'><strong>synodi</strong></span> <span class='ocrx_word' id='word_1_748' title='bbox 1476 2622 1578 2644; x_wconf 64' lang='lat' dir='ltr'><strong>sanctae</strong></span> <span class='ocrx_word' id='word_1_749' title='bbox 1598 2615 1727 2643; x_wconf 84' lang='lat' dir='ltr'><strong>Patribus</strong></span> <span class='ocrx_word' id='word_1_750' title='bbox 1739 2621 1816 2641; x_wconf 77' lang='lat' dir='ltr'><strong>excr-</strong></span> 
     </span>
    </p>
   </div>
   <div class='ocr_carea' id='block_1_115' title="bbox 1023 2661 1818 2700">
    <p class='ocr_par' dir='ltr' id='par_1_115' title="bbox 1023 2661 1818 2700">
     <span class='ocr_line' id='line_1_116' title="bbox 1023 2661 1818 2700; baseline -0.008 -8"><span class='ocrx_word' id='word_1_751' title='bbox 1023 2669 1077 2692; x_wconf 91' lang='lat' dir='ltr'><strong>cet.</strong></span> <span class='ocrx_word' id='word_1_752' title='bbox 1088 2664 1216 2700; x_wconf 82' lang='lat' dir='ltr'><strong>Cyrillus,</strong></span> <span class='ocrx_word' id='word_1_753' title='bbox 1227 2667 1373 2691; x_wconf 85' lang='lat' dir='ltr'><strong>aecusante</strong></span> <span class='ocrx_word' id='word_1_754' title='bbox 1379 2661 1554 2689; x_wconf 72' lang='lat' dir='ltr'><strong>Theodoram</strong></span> <span class='ocrx_word' id='word_1_755' title='bbox 1565 2670 1572 2694; x_wconf 92' lang='lat'><strong>;</strong></span> <span class='ocrx_word' id='word_1_756' title='bbox 1590 2661 1818 2694; x_wconf 71' lang='lat' dir='ltr'><strong>Memnon,ugen-</strong></span> 
     </span>
    </p>
   </div>
   <div class='ocr_carea' id='block_1_116' title="bbox 1024 2705 1816 2742">
    <p class='ocr_par' dir='ltr' id='par_1_116' title="bbox 1024 2705 1816 2742">
     <span class='ocr_line' id='line_1_117' title="bbox 1024 2705 1816 2742; baseline -0.01 -3"><span class='ocrx_word' id='word_1_757' title='bbox 1024 2711 1097 2739; x_wconf 87' lang='lat' dir='ltr'><strong>tibus</strong></span> <span class='ocrx_word' id='word_1_758' title='bbox 1121 2709 1307 2742; x_wconf 83' lang='lat' dir='ltr'><strong>Nestoriauis;</strong></span> <span class='ocrx_word' id='word_1_759' title='bbox 1337 2707 1602 2741; x_wconf 75' lang='lat' dir='ltr'><strong>Patres,referente</strong></span> <span class='ocrx_word' id='word_1_760' title='bbox 1627 2705 1816 2736; x_wconf 83' lang='lat' dir='ltr'><strong>Candidiano.</strong></span> 
     </span>
    </p>
   </div>
   <div class='ocr_carea' id='block_1_117' title="bbox 1022 2749 1815 2790">
    <p class='ocr_par' dir='ltr' id='par_1_117' title="bbox 1022 2749 1815 2790">
     <span class='ocr_line' id='line_1_118' title="bbox 1022 2749 1815 2790; baseline -0.006 -8"><span class='ocrx_word' id='word_1_761' title='bbox 1022 2755 1188 2783; x_wconf 86' lang='lat' dir='ltr'><strong>damnantur</strong></span> <span class='ocrx_word' id='word_1_762' title='bbox 1201 2764 1206 2781; x_wconf 96' lang='lat'><strong>:</strong></span> <span class='ocrx_word' id='word_1_763' title='bbox 1221 2754 1341 2790; x_wconf 87' lang='lat' dir='ltr'><strong>Cyrillus</strong></span> <span class='ocrx_word' id='word_1_764' title='bbox 1355 2754 1388 2786; x_wconf 80' lang='lat'><strong>&quot;,</strong></span> <span class='ocrx_word' id='word_1_765' title='bbox 1411 2753 1485 2789; x_wconf 87' lang='lat' dir='ltr'><strong>quod</strong></span> <span class='ocrx_word' id='word_1_766' title='bbox 1500 2752 1619 2780; x_wconf 77' lang='lat' dir='ltr'><strong>haeresin</strong></span> <span class='ocrx_word' id='word_1_767' title='bbox 1639 2749 1815 2787; x_wconf 78' lang='lat' dir='ltr'><strong>Apollinaris,</strong></span> 
     </span>
    </p>
   </div>
   <div class='ocr_carea' id='block_1_118' title="bbox 1019 2811 1557 2845">
    <p class='ocr_par' dir='ltr' id='par_1_118' title="bbox 1019 2811 1557 2845">
     <span class='ocr_line' id='line_1_119' title="bbox 1019 2811 1557 2845; baseline -0.007 -4"><span class='ocrx_word' id='word_1_768' title='bbox 1019 2815 1033 2835; x_wconf 74' lang='grc' dir='ltr'>ὶι</span> <span class='ocrx_word' id='word_1_769' title='bbox 1047 2813 1150 2841; x_wconf 87' lang='lat' dir='ltr'><strong>Thren.</strong></span> <span class='ocrx_word' id='word_1_770' title='bbox 1164 2812 1240 2845; x_wconf 72' lang='lat' dir='ltr'><strong>mu,</strong></span> <span class='ocrx_word' id='word_1_771' title='bbox 1256 2813 1300 2840; x_wconf 82' lang='lat' dir='ltr'><strong>l5.</strong></span> <span class='ocrx_word' id='word_1_772' title='bbox 1341 2813 1349 2833; x_wconf 81' lang='grc' dir='ltr'><strong>ὶ</strong></span> <span class='ocrx_word' id='word_1_773' title='bbox 1366 2812 1428 2840; x_wconf 80' lang='lat' dir='ltr'><strong>Act.</strong></span> <span class='ocrx_word' id='word_1_774' title='bbox 1442 2811 1557 2844; x_wconf 68' lang='lat'><strong>“111,5.</strong></span> 
     </span>
    </p>
   </div>
   <div class='ocr_carea' id='block_1_119' title="bbox 849 2870 1143 2900">
    <p class='ocr_par' dir='ltr' id='par_1_119' title="bbox 849 2870 1143 2900">
     <span class='ocr_line' id='line_1_120' title="bbox 849 2870 1143 2900; baseline -0.003 -1"><span class='ocrx_word' id='word_1_775' title='bbox 849 2870 1008 2900; x_wconf 84' lang='lat' dir='ltr'><strong>SCHULZII</strong></span> <span class='ocrx_word' id='word_1_776' title='bbox 1026 2871 1143 2899; x_wconf 67' lang='lat' dir='ltr'><strong>NOTAE.</strong></span> 
     </span>
    </p>
   </div>
   <div class='ocr_carea' id='block_1_120' title="bbox 211 2917 973 2956">
    <p class='ocr_par' dir='ltr' id='par_1_120' title="bbox 211 2917 957 2956">
     <span class='ocr_line' id='line_1_121' title="bbox 211 2917 957 2956; baseline 0.001 -10"><span class='ocrx_word' id='word_1_777' title='bbox 211 2921 234 2940; x_wconf 68' lang='grc' dir='ltr'><strong>ιι</strong></span> <span class='ocrx_word' id='word_1_778' title='bbox 249 2919 376 2956; x_wconf 73' lang='lat' dir='ltr'><strong>Cyrillus,</strong></span> <span class='ocrx_word' id='word_1_779' title='bbox 389 2923 440 2947; x_wconf 81' lang='lat' dir='ltr'><strong>etc.</strong></span> <span class='ocrx_word' id='word_1_780' title='bbox 456 2919 518 2947; x_wconf 87' lang='lat' dir='ltr'><strong>Vid.</strong></span> <span class='ocrx_word' id='word_1_781' title='bbox 539 2917 689 2954; x_wconf 81' lang='lat' dir='ltr'><strong>Epistolam</strong></span> <span class='ocrx_word' id='word_1_782' title='bbox 704 2917 737 2945; x_wconf 85' lang='lat' dir='ltr'><strong>ad</strong></span> <span class='ocrx_word' id='word_1_783' title='bbox 749 2917 862 2953; x_wconf 80' lang='lat' dir='ltr'><strong>Rufum,</strong></span> <span class='ocrx_word' id='word_1_784' title='bbox 879 2924 898 2946; x_wconf 88' lang='lat' dir='ltr'><strong>t.</strong></span> <span class='ocrx_word' id='word_1_785' title='bbox 914 2919 957 2953; x_wconf 78' lang='lat' dir='ltr'><strong>IV,</strong></span> 
     </span>
    </p>
   </div>
   <div class='ocr_carea' id='block_1_121' title="bbox 1029 2917 1177 2956">
    <p class='ocr_par' dir='ltr' id='par_1_121' title="bbox 1034 2920 1177 2954">
     <span class='ocr_line' id='line_1_122' title="bbox 1034 2920 1177 2954; baseline -0.007 -7"><span class='ocrx_word' id='word_1_786' title='bbox 1034 2920 1085 2947; x_wconf 64' lang='lat' dir='ltr'><strong>3L7</strong></span> <span class='ocrx_word' id='word_1_787' title='bbox 1100 2926 1177 2954; x_wconf 85' lang='lat' dir='ltr'><strong>seqq.</strong></span> 
     </span>
    </p>
   </div>
  </div>
