1969 3052
129 119 178 175 ll3

725 143 908 173 HISTORIA
929 142 1183 174 TlIEODORETI.

1705 141 1758 172 ltl

127 198 286 233 Ariique,et
294 197 423 225 Eunomii
437 197 464 224 in
479 197 625 225 duodecim
643 198 781 232 capitibus
792 198 920 225 innovas-
933 199 957 225 Δ
970 201 1056 224 ceret.
1075 197 1221 225 Perierunt
1231 197 1340 229 littera,
1352 205 1413 232 quae
1427 197 1462 225 ad
1486 197 1595 232 priores
1607 203 1670 225 tres.
1687 197 1757 225 data:

128 248 183 275 set;
213 243 351 274 Memnon,
380 243 454 277 quod
480 243 654 279 tyrannidem
680 243 708 270 in
733 243 802 271 urbe
814 242 915 279 Cyrillo

129 289 221 315 favens
255 288 443 320 exercuisset;
480 288 683 323 Patres,quod
717 289 912 323 inexspectatis

128 333 314 362 Orientalibus
337 334 501 360 sententiam
527 334 671 366 tulissent,
699 334 917 369 probassentque

129 377 219 413 Cyrilli
235 378 352 410 litteras,
361 383 388 405 et
402 378 554 406 Memnonis
567 383 658 413 partes
670 382 863 413 sequerentur.

164 424 314 451 Abdicatus
324 428 366 451 est
383 424 466 459 igitur
478 423 596 459 Cyrillus
610 432 672 452 cum
697 424 851 456 Memnone,
866 424 917 451 Pa-

131 474 186 496 tres
213 469 504 497 excommunicationis
530 470 665 497 sententia
690 470 812 505 obligati,
831 470 919 498 donec

131 515 247 542 desertis
272 515 366 550 Cyrilli
385 515 509 550 partibus
526 515 558 542 ad
582 515 737 543 Orientales
756 516 916 543 transirent:

130 566 211 595 atque
221 561 280 588 haec
292 560 378 587 forma
404 561 455 587 l'uit
477 561 584 596 judicii,
608 561 686 596 cujus
696 560 860 596 principium
877 561 920 587 in-

131 606 202 633 vidia
216 611 243 633 et
256 606 387 640 ambitio;
412 611 518 639 auctor,
532 606 660 643 Cyrensis
674 606 711 640 “;
727 610 851 639 eventus,
871 607 921 634 Ec-

130 651 221 678 clesiae
234 651 343 679 divisio.

166 696 198 723 Ἴ.
217 695 258 723 Ad
276 695 471 731 imperatorem
486 696 667 724 Orientalium
680 697 790 724 nomine
806 697 921 725 relatum

130 747 183 775 est,
199 742 335 776 simulque
346 747 476 769 excusata
487 742 537 769 vite
554 742 676 775 tarditas,
693 742 761 769 nihil
777 751 831 770 non
844 751 922 770 men-

131 790 216 817 tiente
232 789 374 816 relationis
403 790 548 824 scriptore,
565 797 621 824 quo
637 785 795 824 imperator,
819 795 846 817 et
869 790 922 817 Ne-

132 835 210 861 storii
224 842 329 866 amans,
345 839 373 862 et
388 833 490 870 Cyrillo
519 834 654 866 infensus,
672 834 825 862 falleretur:
843 835 868 861 id
890 842 924 861 eo

969 247 1047 274 sunt;
1061 247 1160 275 exstat,
1177 251 1238 278 quae
1253 243 1287 269 ad
1295 243 1408 270 Rufum.
1421 243 1549 270 Sarciunt
1565 251 1631 270 vero
1641 244 1756 270 aliarum

968 287 1114 322 jaeturam,
1125 288 1148 314 si
1174 292 1263 315 tamen
1283 288 1342 315 alue
1359 288 1470 318 fuerint.
1483 292 1510 315 et
1534 297 1589 315 non
1604 289 1706 316 ert-dem
1723 289 1761 315 arl‘

971 333 1093 368 singulos
1113 341 1129 360 a
1140 333 1210 368 pari,
1225 338 1254 360 ut
1269 333 1429 368 loquuntur,
1448 334 1546 361 missa.
1732 339 1735 342 ‘

1008 379 1109 407 Habuit
1120 380 1203 406 etiam
1216 379 1362 407 conciones
1379 379 1411 406 ad
1428 380 1559 414 populum
1573 380 1649 407 urbis
1666 381 1757 415 regite,

972 426 1006 453 de
1022 426 1124 461 quibus
1136 426 1173 453 ita
1187 426 1245 461 ipse
1265 426 1299 453 ad
1315 426 1514 460 metropolitam
1529 434 1610 454 suum
1623 426 1646 442 “
1658 427 1758 461 Ephesi

973 477 1099 508 agentem
1116 481 1122 498 :
1146 472 1289 506 «Populus
1299 472 1388 500 omnis
1402 472 1489 507 gratia
1504 472 1551 500 Dei
1571 473 1642 500 bene
1666 473 1759 503 habet,

974 522 1001 545 et
1014 518 1116 554 jugiter
1125 518 1161 545 ad
1183 525 1234 546 nos
1255 518 1406 554 egreditur.
1420 518 1574 552 lncepimus
1588 524 1678 545 autem
1695 518 1761 552 ipsis

973 564 1057 591 etiam
1085 563 1233 596 disserere,
1265 567 1294 590 et
1322 562 1524 590 celebravimus
1556 562 1760 589 communione-:4

974 609 1117 640 maximas,
1140 612 1167 636 et
1193 612 1293 643 quarto
1317 608 1373 636 illis
1387 612 1543 635 enarratum
1556 612 1608 639 est,
1633 607 1761 642 precibus

975 659 1030 682 tuae
1046 655 1169 689 pietatis,
1183 654 1218 682 de
1233 654 1296 687 ﬁde,
1310 660 1338 682 et
1352 658 1425 681 tanta
1438 654 1602 681 audiverunt
1614 653 1763 688 voluptate,

976 706 1006 728 ut
1019 708 1104 735 usque
1120 700 1152 727 ad
1168 700 1263 727 horam
1276 700 1420 736 septimam
1440 708 1496 727 non
1520 699 1703 729 discederent,
1716 699 1762 725 sed

976 746 1190 780 pcrduraverint
1199 753 1286 781 usque
1305 746 1338 773 ad
1362 751 1458 774 aestum
1477 745 1558 772 solis:
1573 745 1599 772 in
1613 745 1674 772 aula
1691 743 1763 770 enim

977 793 1105 824 maxima,
1131 797 1159 820 et
1187 797 1305 826 quatuor
1324 792 1442 820 habente
1469 791 1600 826 porticus,
1617 790 1766 817 multitudo

979 843 1143 874 congregata
1163 839 1224 869 fuit,
1237 843 1266 866 et
1294 846 1344 865 nos
1364 846 1483 873 superne
1507 837 1766 865 concionabamure

131 881 239 908 facilius
261 880 323 912 fuit,
353 880 426 915 quod
452 880 650 913 Candidianus,
674 881 823 916 cognitoris
835 880 923 907 olIicio
940 876 959 902 Β
975 886 1105 917 suggestu
1123 889 1207 916 prope
1221 886 1332 908 tectum.
1351 891 1359 906 ι

132 926 248 961 turpiter
260 926 382 958 deserto,
393 933 456 954 cum
467 927 473 935 '
484 925 669 953 Orientalibus
684 926 759 960 paria
775 926 922 958 scribebat,

132 977 159 999 et
175 971 379 1000 Catholicorum
395 971 510 1003 nuntiis,
538 979 573 998 ne
599 972 625 998 in
651 972 748 999 urbem
770 973 923 1004 tenderent,

133 1016 332 1044 intereludebal
343 1016 425 1043 viam.

168 1062 212 1089 Vl.
242 1062 313 1095 Quid
342 1062 441 1089 illusus
477 1061 649 1089 Theodosius
674 1061 925 1097 contraCyrillum

133 1108 373 1143 Constantinopoli
399 1108 540 1140 statuerit;
570 1108 636 1142 quid
674 1108 758 1135 misso
787 1108 926 1143 Ephesum

134 1154 256 1181 Palladio
270 1154 416 1189 imperiose
441 1154 628 1187 mandaverit;
655 1154 792 1189 quomodo
817 1162 866 1189 per
883 1162 928 1181 co-

135 1200 230 1227 mitem
241 1207 381 1227 sacrarmn
408 1200 582 1235 largitionum
603 1199 735 1227 Joannem
768 1199 865 1227 tentari
878 1208 928 1227 vo-

136 1245 281 1275 luerit,ut,
295 1248 520 1279 quotquoterant
543 1245 642 1278 Ephesi
661 1245 802 1279 praesules.
824 1245 928 1273 Joanne

136 1290 263 1325 pneside,
276 1290 472 1323 convenirent;
490 1298 543 1324 qua
558 1290 676 1326 Cyrillus
688 1291 816 1318 violentia
835 1291 928 1326 conje-

136 1341 198 1362 ctus
214 1336 249 1362 sit
266 1335 292 1362 in
306 1343 465 1366 carcerem;
482 1336 548 1370 quid
576 1335 664 1362 moliti
679 1335 834 1363 Orientales
860 1336 930 1363 inte-

138 1382 202 1412 rim.
213 1381 402 1408 utCatholicis
416 1381 458 1408 vel
474 1381 604 1408 invidiam
627 1381 784 1408 rebellionis
809 1381 930 1409 lacerent

137 1426 210 1461 apud
221 1427 428 1462 imperatorem,
448 1428 491 1454 vel
508 1435 522 1454 a
547 1429 648 1462 populo
661 1429 844 1455 tunmltuante
857 1428 930 1462 peri-

139 1473 232 1499 culum
246 1477 382 1504 crearent,
400 1481 433 1500 ex
449 1473 517 1500 actis
542 1473 638 1508 synodi
668 1474 812 1508 Ephesium
829 1474 930 1500 intelli-

138 1526 203 1552 gere
221 1523 272 1545 est.
289 1518 497 1546 Observandum
516 1523 606 1545 tamen
622 1518 680 1546 haec
693 1519 762 1553 ipsa,
777 1527 838 1554 qua:
854 1526 928 1545 nunc

140 1563 289 1595 habentur,
306 1567 406 1598 praeter
429 1564 576 1591 relationes
601 1568 629 1591 et
644 1564 784 1598 epistolas.
809 1563 930 1591 breviata

139 1608 226 1635 fuisse
243 1608 278 1635 ab
291 1608 408 1643 ipsumet
425 1607 536 1644 Cyrillo.

175 1654 232 1680 γη.
260 1653 339 1680 Hunc
366 1654 423 1682 [ere
450 1654 478 1680 in
502 1654 613 1681 modum
627 1654 697 1682 duos
712 1655 766 1690 jam
790 1655 934 1682 continuos

141 1712 253 1732 menses
264 1705 298 1731 ab
313 1704 499 1732 Orientalibus
511 1705 623 1739 Ephesi,
643 1713 697 1739 qua
721 1705 759 1736 vi,
778 1712 832 1738 qua
857 1703 933 1730 lrau~

142 1751 236 1783 dibus,
261 1758 313 1785 qua
344 1750 494 1786 tyrannicis
521 1750 652 1778 comitum
675 1749 780 1777 artibus
795 1750 933 1777 turbatmn

141 1801 214 1828 erat,
229 1804 292 1824 cum
303 1796 411 1823 tandem
422 1804 436 1824 a
450 1795 596 1828 Dalmatio,
614 1795 788 1823 sanctissimo
810 1795 838 1822 in
865 1795 934 1822 urbe

143 1843 218 1878 regia
246 1843 442 1870 monachorum
470 1843 562 1873 Patre,
583 1841 755 1869 Theodosius
777 1841 811 1868 de
829 1849 858 1868 re
879 1844 934 1867 tota

144 1887 248 1915 certior
275 1887 374 1918 factus,
395 1886 584 1921 comitumque
602 1885 743 1921 perﬁdiam
765 1885 875 1921 indigne
897 1884 936 1911 ἴεν

145 1940 221 1964 rens,
236 1932 320 1968 jussit
340 1932 373 1959 ad
393 1939 422 1959 se
445 1931 516 1958 mitti
544 1935 649 1965 septem
666 1930 700 1957 ab
722 1935 837 1965 utraque
859 1934 935 1964 parte

144 1977 300 2011 episcopos,
313 1984 383 2012 quos
398 1976 432 2003 de
450 1975 535 2011 gestis
547 1975 648 2010 Ephesi
665 1982 785 2009 praisens
798 1974 916 2001 audiret.

187 2022 252 2050 Vlll.
266 2022 459 2050 Theodoretus
471 2022 522 2048 fuit
540 2029 611 2048 unus
622 2021 655 2048 de
669 2024 774 2056 septem
790 2020 936 2048 Orientali-

146 2070 215 2096 bus:
229 2070 277 2097 sed
294 2077 356 2096 cum
376 2074 503 2104 pergeret
520 2067 797 2102 Constantinopolim.
822 2075 869 2102 spe
885 2067 936 2094 du-

146 2121 210 2143 ctus
235 2115 292 2142 lore
311 2119 341 2142 ut
360 2115 385 2142 in
404 2115 471 2142 urbe
497 2115 570 2150 regia
586 2121 620 2141 eo
638 2113 739 2149 plausu‘
753 2113 867 2145 diceret,
883 2121 938 2148 quo

148 2163 246 2190 solitus
258 2166 317 2189 erat
347 2161 508 2192 Antiochiae,
528 2165 610 2195 atque
627 2160 663 2187 ita
689 2160 730 2186 vel
755 2159 797 2186 sui
815 2159 935 2187 Nestorii

1012 927 1090 961 Quod
1103 929 1129 954 in
1148 927 1210 954 aula
1227 927 1418 954 concionatum
1435 933 1464 953 se
1478 930 1580 958 narrat,
1601 925 1627 951 id
1649 932 1682 952 eo
1703 932 1767 951 con-

977 973 1046 1009 tigit,
1064 973 1128 1008 quia
1140 973 1374 1001 Chalcedonensis
1385 972 1514 999 Ecclesiae
1523 971 1631 1006 praesul,
1644 971 1768 1005 quamvis

976 1020 1285 1054 Constantinopolitanae
1303 1019 1361 1046 sedi
1388 1019 1540 1050 obnoxius,
1563 1017 1653 1044 studio
1678 1022 1768 1043 tamen

979 1065 1042 1094 ﬁdei
1058 1066 1146 1093 vetuit
1158 1065 1184 1092 in
1205 1066 1322 1092 ecclesia
1339 1072 1455 1100 synaxes
1473 1064 1516 1098 agi
1533 1063 1567 1090 ab
1580 1062 1739 1089 hominibus
1754 1070 1768 1086 κ

979 1116 1072 1139 sancta
1103 1111 1208 1147 synodo
1231 1110 1380 1138 abstentis:
1403 1108 1477 1144 quod
1501 1111 1616 1142 questus
1630 1111 1674 1134 est
1697 1105 1768 1139 apud

980 1158 1175 1192 imperatorem
1189 1155 1392 1185 Theodoretus,
1419 1154 1544 1189 quamvis
1561 1153 1618 1180 haec
1644 1160 1698 1179 non
1716 1156 1768 1178 tam

979 1203 1091 1238 querela
1107 1203 1168 1234 fuit,
1186 1210 1267 1237 quatit
1283 1200 1468 1228 inverecunda
1483 1199 1641 1234 impotentis
1657 1198 1703 1224 irae
1725 1206 1770 1223 vo-

980 1247 1116 1280 ciferatio,
1134 1246 1334 1281 seditionisque
1346 1245 1452 1272 molitio
1470 1244 1512 1271 vel
1533 1242 1729 1274 comminatio;
1745 1242 1769 1268 id

980 1302 1045 1322 vero
1058 1294 1098 1321 sic
1108 1293 1224 1320 accidit:

1017 1339 1160 1367 Admissus
1173 1337 1319 1374 aliquando
1335 1337 1369 1365 ab
1382 1337 1546 1371 imperatore
1556 1335 1589 1363 ad
1605 1334 1770 1369 colloquium

983 1387 1010 1413 in
1026 1385 1170 1412 lluiiniana
1187 1384 1261 1415 villa,
1274 1391 1336 1411 cum
1351 1382 1429 1410 orbis
1440 1382 1553 1408 domino
1568 1377 1773 1407 altercatus‘cst

982 1431 1124 1463 audacius,
1136 1437 1218 1465 quam
1238 1428 1379 1457 modestiae
1399 1428 1442 1455 lex
1472 1427 1563 1454 sinat:
1589 1425 1772 1461 iactabundus

984 1482 1073 1504 tamen
1085 1484 1142 1503 rem
1155 1481 1258 1511 gestam
1276 1475 1312 1502 ita
1328 1478 1421 1501 narrat
1431 1474 1452 1489 "
1465 1483 1470 1499 :
1486 1483 1494 1497 ι
1506 1472 1633 1500 Dicebam
1649 1471 1689 1498 ei:
1705 1470 1772 1503 Quia

984 1522 1084 1550 dedisti
1109 1521 1236 1548 ﬁduciam
1265 1519 1407 1554 loquendi,
1437 1526 1499 1546 cum
1522 1518 1600 1544 venia
1631 1516 1705 1543 audi.
1725 1516 1773 1542 .lu—

985 1573 1095 1596 stumne
1110 1573 1152 1595 est
1176 1567 1321 1594 lnereticos
1344 1565 1457 1600 quidem
1476 1563 1730 1591 excommunieatos
1748 1562 1774 1588 in

985 1611 1108 1638 ecclesiis
1128 1610 1228 1645 agere?
1255 1617 1304 1636 nos
1325 1617 1401 1640 vero,
1418 1609 1465 1643 qui
1484 1615 1532 1642 pro
1554 1607 1606 1634 lidc
1625 1611 1774 1636 certamus,

985 1660 1138 1691 etpropter
1153 1656 1206 1683 hoc
1228 1655 1330 1682 abillis
1351 1653 1554 1682 communionis
1578 1656 1702 1680 exsortes
1731 1660 1776 1678 su-

987 1710 1058 1734 mus,
1073 1709 1129 1728 non
1147 1701 1249 1728 intrare
1261 1700 1288 1727 in
1304 1699 1468 1727 ecclesiam?
1483 1697 1636 1733 Respondit
1655 1697 1701 1724 ille
1717 1705 1722 1723 :
1742 1697 1775 1723 Et

986 1756 1032 1784 ego
1044 1747 1106 1783 quid
1120 1747 1216 1782 faciant
1228 1746 1239 1772 ?
1254 1761 1287 1765 —
1301 1745 1377 1777 Quod
1399 1745 1468 1779 fecit,
1479 1743 1640 1779 inquiebam,
1653 1743 1777 1777 magister

988 1799 1058 1826 tuus,
1074 1801 1158 1820 comes
1175 1792 1360 1828 largitionum.
1381 1792 1408 1818 in
1430 1791 1494 1817 urbe
1508 1790 1622 1825 Epheso.
1636 1788 1685 1815 Ille
1707 1790 1777 1815 enim

988 1841 1124 1867 utiutvenit
1150 1838 1291 1866 nonnullos
1310 1836 1476 1872 congregari.
1494 1836 1650 1872 compescuit
1673 1843 1715 1862 eos
1736 1835 1777 1860 di-

987 1894 1065 1914 cens:
1082 1885 1129 1912 «Si
1147 1893 1199 1912 non
1226 1884 1327 1919 fueritis
1351 1882 1464 1918 paciﬁci,
1492 1890 1544 1909 non
1567 1881 1705 1908 concedant
1733 1881 1778 1906 uni

989 1933 1060 1968 parti
1076 1932 1247 1967 congregari;
1260 1940 1268 1956 ι
1282 1934 1305 1956 et
1322 1929 1457 1965 oportebat
1471 1928 1551 1954 etiam
1568 1932 1641 1954 tuam
1655 1927 1779 1961 inclutum

988 1978 1129 2014 praecipere
1152 1976 1193 2003 hic
1209 1976 1337 2011 episcopo,
1355 1983 1386 2001 ne
1415 1975 1588 2009 permitteret,
1609 1980 1692 2007 neque
1710 1971 1777 2001 illis.

989 2032 1071 2059 neque
1089 2023 1160 2050 nobis
1182 2021 1347 2057 congregari,
1365 2020 1445 2047 donec
1456 2019 1652 2050 convcniamus,
1666 2021 1694 2044 ut
1705 2017 1779 2052 justo

990 2073 1035 2096 tua
1051 2069 1182 2095 sent-entia
1197 2067 1316 2094 euntibus
1344 2070 1407 2092 nota
1435 2065 1495 2099 ﬁat.
1512 2064 1552 2091 Ad
1578 2064 1635 2090 haec
1653 2062 1778 2089 dicebat:

992 2115 1119 2151 Equidem
1133 2114 1251 2149 episcopo
1276 2112 1352 2147 161
1369 2113 1500 2146 imperare
1524 2117 1573 2136 non
1591 2116 1704 2143 possunt.
1731 2108 1781 2133 ltu-

990 2170 1043 2196 que
1059 2160 1188 2195 respondi
1203 2167 1270 2195 ego:
1283 2159 1372 2194 Neque
1387 2156 1458 2184 nobis
1485 2156 1606 2190 imperes,
1622 2157 1645 2180 et
1669 2153 1779 2186 accipie—

149 2215 195 2235 rcs
208 2206 356 2234 admodum
369 2206 484 2233 ainictas
507 2206 675 2237 restitueret,
695 2205 736 2232 vel
754 2205 860 2231 animos
882 2205 928 2232 sal-

991 2215 1048 2234 mus
1065 2206 1213 2238 ecclesiam,
1240 2203 1517 2240 congregabimurque,
1539 2209 1571 2227 ac
1586 2203 1720 2234 cognoscrt
1735 2202 1779 2223 tua

148 2258 205 2280 tem
229 2253 323 2288 populi
344 2257 551 2285 commoveret;
576 2252 669 2288 jussus
696 2254 740 2278 est
764 2251 936 2278 Chalcedone

150 2299 231 2335 ιω
246 2307 309 2326 cum
327 2299 385 2326 suis
409 2299 557 2334 praestolari
582 2298 728 2325 adventum
754 2297 936 2332 imperatoris,

149 2346 213 2372 illac
230 2344 257 2371 in
276 2344 452 2372 Ruﬁnianum
467 2344 619 2372 transituri.

185 2391 255 2417 Dum
283 2391 457 2425 praestentur
483 2390 637 2417 adventuro
664 2389 795 2424 principi,
828 2388 939 2424 scripsit

150 2437 258 2463 litteras
270 2436 381 2463 nomine
408 2435 570 2471 legatorum,
584 2435 619 2462 ad
634 2434 778 2470 episcopos
795 2439 852 2461 tres
868 2434 940 2461 Itali-

149 2489 246 2508 carum
260 2481 452 2512 Ecclesiarum,
465 2481 658 2508 Martinianum
685 2480 894 2508 Mediolanensis
906 2480 940 2511 ⁵³,

149 2527 285 2554 Joannem
295 2527 481 2554 Ravennensis
495 2530 522 2554 et
532 2525 733 2561 Aquileiensis:
749 2525 860 2560 scripsit
872 2530 899 2553 et
908 2526 941 2553 ad

151 2571 254 2598 Italum
276 2571 560 2604 Thessalonicensem,
577 2575 617 2603 ut,
644 2571 666 2598 si
683 2579 736 2606 qua
760 2575 862 2606 posset,
883 2575 943 2599 tan—

157 2622 247 2644 tarum
268 2617 374 2645 sedium
388 2617 526 2645 antistites
544 2617 571 2644 in
581 2623 677 2652 partes
690 2617 847 2645 schismatis
859 2617 944 2645 addu-

993 2254 1087 2289 pietas,
1099 2251 1182 2280 multo
1200 2251 1289 2286 plures
1305 2250 1438 2277 nobiscum
1453 2255 1518 2279 esse,
1531 2255 1611 2282 quant
1626 2253 1684 2272 cum
1699 2244 1777 2270 illis.»

1027 2299 1073 2326 IX.
1088 2298 1241 2326 Orientales
1257 2297 1384 2332 quintum
1400 2294 1485 2321 auditi
1506 2297 1571 2320 sunt
1583 2300 1598 2319 a
1614 2291 1779 2319 Theodosio.

994 2353 1055 2380 quae
1067 2344 1118 2371 fuit
1133 2341 1253 2377 religiosi
1279 2340 1414 2376 principis
1431 2338 1573 2374 patientia.
1591 2336 1714 2370 Quatuor
1739 2335 1781 2360 in-

994 2398 1077 2426 super
1090 2390 1117 2417 ei
1138 2388 1352 2424 protestationes
1372 2386 1516 2415 miserunt,
1538 2387 1594 2409 tres
1610 2380 1781 2409 Chalcedone

992 2437 1145 2472 legatorum
1165 2433 1286 2465 nomine,
1300 2436 1426 2466 quartam
1439 2439 1455 2457 a
1470 2429 1528 2458 suis
1550 2427 1706 2463 Ephesinis,
1725 2434 1783 2454 om—

991 2489 1040 2509 nes
1054 2479 1201 2517 jactantiae,
1214 2486 1294 2514 quam
1307 2476 1446 2504 modestia:
1458 2475 1606 2511 pleniores.

1028 2526 1062 2553 Χ.
1079 2526 1179 2553 Verum
1192 2524 1297 2551 nullum
1317 2522 1382 2549 inde
1395 2521 1468 2548 aliud
1483 2527 1573 2555 operae
1591 2525 1646 2546 sua:
1664 2516 1783 2552 pretium

993 2571 1127 2603 tulerunt,
1136 2577 1217 2605 quam
1228 2567 1302 2604 quod
1317 2566 1453 2603 patefacta
1467 2565 1583 2592 veritate
1596 2562 1678 2598 legati
1688 2561 1783 2590 catho-

994 2617 1040 2645 Iiei
1055 2616 1083 2644 in
1094 2615 1190 2644 urbem
1203 2613 1292 2642 vocati
1303 2616 1377 2644 sunt,
1390 2611 1423 2639 ad
1436 2609 1627 2639 suﬂiciendum
1657 2606 1784 2635 Nestorio

828 2694 985 2723 SLHULZII
1005 2693 1119 2722 NOTAE.

187 2774 211 2788 "
230 2773 363 2807 Curensis.
380 2773 511 2801 Joannem
529 2772 729 2800 Antiochenum
748 2772 857 2799 mallem
876 2772 967 2799 dicere
994 2775 1144 2798 auctorem.

1184 2770 1205 2785 "
1229 2768 1337 2795 Martio.
1361 2767 1494 2794 Martinus
1513 2763 1651 2792 diciturin
1665 2760 1783 2796 Epistula

151 2809 185 2834 ad
202 2798 558 2836 nitidi?iaEJEéiiiiiiuiii
569 2798 742 2843 janirn‘otavit
752 2798 893 2843 Duronius.
921 2798 941 2823 i"
954 2807 993 2834 Ad
1006 2808 1116 2840 .llrtrop.
1130 2813 1216 2832 suum.
1229 2803 1413 2832 Alexandrum
1424 2802 1527 2829 scilicet
1540 2798 1782 2833 Hierapolitanum-

153 2844 216 2871 Yid.
229 2848 250 2871 t.
262 2843 306 2876 IV,
322 2843 442 2879 p.1545.
478 2843 499 2859 ⁸⁸
514 2843 555 2871 Ita
574 2847 678 2870 narrat.
696 2846 767 2870 Loco
779 2842 871 2869 citato.
