1969 3052
175 175 225 209 ΗΞ)

175 264 209 304 ad
221 274 372 303 Ecelesiam
391 272 502 305 redire;
519 269 593 305 quod
609 274 637 296 et
657 267 719 295 aliis
732 264 833 300 Ephesi
855 268 970 296 congre-

177 324 246 360 gatis
263 320 447 357 signiﬁcatum
463 324 515 348 est.
528 318 604 346 istud
617 323 684 343 vero
702 321 783 349 quam
796 310 972 346 impatienter

177 355 370 398 :fheodoretus
391 366 503 397 tulerit,
532 363 627 399 prodit
650 362 709 389 suis
736 359 769 387 ad
796 356 950 392 Ephesinos
965 355 971 364 ’

179 413 318 443 communi
336 412 449 440 nomine
475 410 579 438 litteris
602 409 636 435 “.
658 407 784 435 «Placuit
801 402 974 439 picntissimo

181 462 238 498 regi
249 464 311 497 post
323 459 425 488 multas
448 456 668 486 adhortationes,
689 457 720 481 ut
738 451 838 487 singuli
858 449 892 477 ad
910 455 974 484 pro-

181 494 241 542 pria
250 494 416 533 redeamus:
437 508 467 530 ut
492 507 521 530 et
534 500 677 536 Egyptius
693 503 720 526 et
743 498 870 524 Memnon
884 494 976 528 Ephe-

182 552 240 579 sius
258 551 286 578 in
315 550 374 577 suis
385 548 454 576 locis
468 550 606 575 maneant.
634 544 680 572 Sic
697 543 772 571 enim
789 541 880 577 potuit
897 539 978 574 Egy-

184 597 259 633 ptius
276 603 373 623 omnes
392 600 531 621 exctecare
547 590 710 618 muneribus
727 588 796 619 suis,
817 590 847 614 ut
859 585 904 612 ille
919 584 980 620 qui-

184 644 258 675 dem,
287 649 349 670 cum
379 641 524 667 innumera
557 637 655 665 fecerit
683 635 764 666 mala,
792 633 826 660 ad
850 633 980 659 thronum

186 697 267 717 suum
291 687 407 719 redeat;
426 686 479 713 iste
495 684 538 711 vir
554 684 689 711 innocens
704 679 873 717 (Nestorium
899 676 981 704 intel-

187 735 259 771 ligit)
277 734 322 761 vix
337 733 371 760 ad
392 739 471 760 suam
496 729 668 757 mansionem
687 727 853 755 dimittatur.
868 734 877 751 ι
894 723 983 752 Verba

188 785 247 808 tunc
271 778 449 810 Theodoreti,
472 777 590 804 aliorum
614 782 661 802 sex
677 773 799 801 Orientis
832 772 984 806 legatorum

189 827 302 853 nomine
325 824 490 855 scribentis,
515 821 667 849 manifestas
683 819 706 835 ⁸⁷
721 816 919 853 suppositionis
940 823 985 842 ar-

190 876 279 908 guunt
305 871 408 899 editam
424 877 514 904 nuper
532 866 682 895 Theodosii
701 866 813 893 Sacram
838 863 871 891 ad
890 863 987 890 Patres

191 907 355 946 orthodoxa:
379 915 477 953 synodi
504 913 668 950 Ephesinte:
685 916 792 940 tantum
817 910 891 938 enim
913 907 986 935 favet

191 964 392 995 Orientalibus,
404 970 557 997 eorumque
574 961 610 988 ita
628 967 725 995 preces
740 957 774 985 de
796 954 986 991 disputatione

194 1009 313 1037 ineunda
325 1012 352 1036 et
380 1008 508 1043 querelas
537 1007 570 1034 de
592 1005 742 1034 Catholicis
768 1000 988 1030 detrectantibus

194 1055 304 1091 probat,
333 1059 363 1082 ut
383 1062 459 1082 suam
487 1053 644 1081 deseruisse
669 1057 779 1079 causam
796 1047 989 1076 Theodoretus

195 1102 345 1134 videretur,
356 1101 379 1128 si
400 1108 456 1127 non
475 1098 657 1129 meminisset,
675 1101 757 1131 atque
773 1095 856 1122 etiam
875 1092 938 1120 inde
951 1091 988 1119 si-

198 1147 224 1175 bi
243 1146 414 1181 triumphum
438 1145 559 1173 fecisset.
584 1143 683 1177 Quanti
711 1141 784 1170 enim
800 1139 901 1168 favoris
916 1138 990 1166 istud

198 1196 239 1220 est
253 1200 318 1228 erga
337 1191 501 1224 Orientales,
517 1193 628 1225 quantae
651 1186 874 1224 exprobrationis
889 1186 917 1213 in
941 1184 992 1211 Ca-

199 1238 334 1266 tholicos?
354 1237 507 1270 iQuoniam
530 1235 589 1262 fieri
607 1242 662 1262 non
692 1233 782 1268 potuit
809 1235 839 1258 ut
860 1229 992 1258 conveni--

200 1284 276 1316 retis,
290 1288 318 1310 et
335 1286 427 1325 v‘estra
440 1282 528 1316 pietas
541 1281 575 1308 de
589 1278 791 1315 quaestionibus
806 1276 887 1304 motis
902 1275 930 1302 in
953 1274 994 1302 di—

201 1321 385 1366 sputationém
408 1327 502 1355 venire
525 1326 622 1357 uoluit,
639 1324 813 1352 decrevimus
839 1327 870 1350 ut
897 1321 995 1348 Orien-

202 1377 271 1404 tales
288 1375 321 1403 ad
335 1383 399 1402 suas
411 1374 539 1410 regiones
554 1372 749 1406 Ecclesiasque
771 1369 896 1400 redeant,
912 1375 994 1403 syno-

203 1423 255 1450 dus
273 1420 375 1456 Ephesi
388 1420 502 1447 collecta
520 1419 654 1450 solvatur,
675 1419 782 1451 repetat
803 1413 995 1441 Alexandriam

202 1467 332 1504 Cyrillus,
352 1466 480 1493 Memnon
494 1463 596 1499 Ephesi
608 1466 729 1490 tnaneat.
760 1461 837 1488 Scire
855 1467 922 1486 vero
940 1458 997 1493 pie-

205 1518 290 1541 tatem
309 1516 429 1540 vestram
447 1511 586 1542 volumus,
606 1517 657 1536 nos
683 1507 804 1543 quandiu
824 1504 926 1532 victuri
950 1511 996 1529 su-

740 161 929 195 GARNERII
948 155 1199 189 DISSERTATIO
1222 157 1246 186 1.

174 231 350 265 episcopum;
367 226 554 254 Orientalibus
563 222 733 252 mandatum,
745 226 822 247 suam
833 221 969 252 quemque
986 215 1008 241 A

1760 141 1811 173 116

1024 213 1182 239 tundilatem
1206 210 1290 237 onmis
1317 213 1394 235 terrm
1408 210 1430 233 et
1448 205 1595 233 habitantes
1619 203 1643 228 in
1667 199 1714 226 illa
1736 199 1813 233 φημί

1024 261 1137 287 locustas
1147 259 1160 277 ¹ί
1171 267 1177 285 :
1189 257 1298 285 ethunc
1310 255 1355 290 qui
1365 251 1547 281 otnniaverho
1556 248 1631 279 fecit,
1645 245 1754 274 etdedit
1770 244 1812 270 his

1023 314 1084 341 qua:
1095 313 1150 332 non
1174 307 1264 334 erant.
1294 306 1323 328 ut
1349 303 1450 331 essent,
1476 297 1534 325 sola
1547 295 1711 323 voluntate:
1736 291 1812 326 quasi

1024 352 1125 379 oblitus
1137 351 1234 377 horum
1244 347 1378 378 omnium,
1389 343 1563 380 passionibus
1576 339 1725 368 obnoxium
1736 337 1814 369 facis,

1024 403 1053 426 et
1071 399 1159 432 legem
1171 395 1261 431 ponis,
1279 398 1308 421 ut
1323 393 1454 419 adoretur
1467 390 1541 417 Deus
1556 385 1705 423 passibilis,
1721 394 1730 410 ›
1742 387 1796 411 etc.

1060 444 1181 472 Joannes
1210 448 1286 468 more
1302 437 1448 474 praesidum
1470 434 1577 468 excepit
1593 430 1759 459 Theodoreti
1778 430 1817 456 lo-

1027 489 1139 526 quentis
1155 493 1311 516 sermonem
1327 483 1360 515 δ’,
1374 482 1497 516 dixitque
1521 478 1651 506 seditiose
1671 476 1775 512 pariter
1789 479 1818 502 et

1028 522 1198 565 adulatorie:
1227 532 1358 560 laudibus
1383 529 1456 556 enim
1472 526 1563 554 affecit
1578 523 1697 552 Nestorii
1724 522 1817 553 fidem,

1029 590 1111 618 quam
1140 585 1168 609 et
1189 578 1327 614 exposuit,
1351 579 1379 603 et
1404 582 1419 601 a
1438 572 1558 608 populis,
1582 577 1652 605 quos
1676 571 1738 594 ante
1753 565 1820 593 lide—

1030 629 1081 660 les,
1094 634 1168 655 nunc
1186 625 1357 653 confessorcs
1367 621 1452 648 fuisse
1472 619 1520 650 ait,
1541 616 1727 646 retinendam,
1745 613 1821 639 velut

1032 674 1189 710 depositum
1200 676 1346 707 paternum
1365 677 1380 695 a
1393 667 1468 699 filiis,
1483 663 1633 692 mandavit.
1652 661 1756 688 iNemo
1775 659 1822 686 de-

1033 720 1184 756 praedetur,
1203 717 1356 752 inquiebat,
1391 713 1548 749 depositum
1564 714 1695 740 vestrum,
1723 714 1822 741 nempe

1034 767 1192 802 dogmatum
1211 762 1407 791 certitudinem
1423 769 1430 786 :
1454 766 1535 786 nemo
1552 755 1715 792 persuadeat
1738 753 1824 780 Deum

1035 820 1095 839 esse
1109 810 1278 846 passibilem,
1293 815 1382 842 neque
1396 804 1520 840 corporis
1534 807 1562 830 et
1576 800 1728 829 divinitatis
1743 805 1825 826 uuam

1037 869 1097 889 esse
1115 864 1251 888 naturam,
1264 866 1272 882 ι
1292 859 1346 882 CiC.

1073 907 1195 940 Uterque
1223 906 1327 933 autem,
1356 907 1418 927 cum
1432 900 1459 925 in
1484 898 1511 924 id
1532 896 1648 924 maxime
1677 891 1826 924 invehitur,

1038 952 1110 989 quod
1125 960 1140 979 a
1152 938 1307 978 Catholicis
1324 948 1396 974 Deus
1415 951 1511 980 passus
1534 943 1692 971 diceretur,
1716 938 1829 965 demon-

1039 987 1108 1027 strat
1124 996 1239 1032 liquido,
1255 995 1326 1021 hanc
1337 991 1486 1022 exstitisse,
1500 994 1562 1024 post
1575 987 1728 1014 orationem
1743 991 1829 1019 pane-

1039 1030 1270 1081 gyricaml’rocli,
1293 1036 1478 1074 proponenda‘.
1507 1032 1667 1069 quaestionis
1691 1030 1829 1065 vulgarem

1041 1075 1176 1118 formam:
1197 1087 1247 1118 An,
1260 1084 1307 1120 qui
1325 1090 1422 1119 passus
1435 1086 1478 1108 est
1490 1087 1541 1115 pro
1570 1078 1661 1109 nobis,
1679 1077 1715 1103 sit
1740 1075 1829 1102 Deus:

1041 1137 1085 1164 vel
1097 1133 1260 1169 simplicius,
1276 1131 1316 1158 An
1333 1137 1430 1165 passus
1445 1128 1482 1155 sit
1496 1125 1587 1154 Deus?
1606 1123 1720 1151 interim
1748 1120 1833 1156 partis

1043 1181 1185 1211 catholica
1204 1178 1348 1214 prtesules,
1375 1175 1423 1210 qui
1439 1174 1466 1201 in
1484 1173 1581 1200 urbem
1597 1170 1700 1205 regiam
1719 1166 1833 1194 honori-

1044 1229 1094 1256 fice
1108 1226 1215 1262 excepti
1241 1225 1361 1254 fuerant,
1381 1221 1474 1248 habita
1495 1219 1529 1246 de
1554 1225 1630 1244 more
1659 1215 1774 1250 synodo,
1799 1211 1834 1239 ad

1045 1282 1126 1310 quam
1151 1258 1242 1300 vocati
1272 1274 1338 1297 sunt
1372 1265 1555 1301 metropolitze
1584 1263 1643 1296 sedi
1674 1258 1835 1289 Constanti-

1046 1320 1213 1356 nopolitanae
1235 1316 1359 1347 obnoxii,
1385 1311 1579 1341 Maximianum
1604 1307 1730 1336 Nestorio
1753 1305 1836 1333 suﬂ'e-

1046 1355 1154 1396 cerunt,
1173 1362 1310 1396 simulque
1327 1357 1515 1392 itietropolitas
1530 1359 1658 1390 quatuor,
1679 1355 1838 1386 aspernatos

1048 1410 1210 1440 convenire,
1239 1408 1273 1435 de
1297 1414 1347 1433 sua
1378 1404 1444 1432 sede
1473 1403 1644 1437 dcjccerunt,
1676 1396 1839 1425 melioribus

1049 1455 1218 1485 substitutis.

1087 1504 1155 1530 Dum
1171 1499 1344 1528 Chalcedone
1360 1497 1387 1523 in
1404 1495 1544 1522 Orientem
1559 1491 1680 1528 episcopi
1702 1491 1735 1517 ab
1754 1490 1840 1523 impe-

207 1533 290 1541 .........
314 1533 429 1540 ...........
607 1533 656 1536 ..η

206 1567 278 1592 mus,
302 1564 357 1586 non
383 1565 463 1593 posse
489 1555 644 1584 Orientales
669 1554 821 1581 damnare:
845 1558 906 1578 etim
925 1550 997 1577 enim
1013 1556 1034 1585 α
1053 1553 1144 1577 ratot‘e
1171 1544 1277 1574 dimissi
1309 1545 1461 1573 revertunt,
1488 1538 1566 1566 Tarsi
1591 1538 1618 1564 in
1650 1536 1717 1563 urbe
1739 1533 1842 1562 Cilicia:

1238 1589 1243 1593 .
1328 1588 1334 1593 .
1434 1589 1439 1593 .
1470 1592 1486 1593 η
1520 1583 1707 1593 ,A:_-,.._.........
1734 1577 1842 1593 ,ιη-11ιεῖ-

206 1611 288 1632 nemo
301 1611 364 1630 curti
380 1603 449 1637 ipsis
463 1601 604 1636 disputare
616 1599 748 1631 voluerit,
762 1598 789 1625 in
818 1597 894 1624 nullo
908 1603 999 1623 coram

206 1651 288 1680 nobis
300 1650 417 1678 convicti
433 1653 507 1677 sunt.
521 1658 530 1674 ›

244 1696 435 1724 Theodoretus
450 1702 532 1729 porro
550 1693 739 1724 discessurus,
759 1690 932 1720 Chalcedone
957 1696 1003 1715 su-

208 1750 336 1779 premum
350 1741 446 1768 habuit
462 1740 494 1767 ad
509 1739 628 1767 Nestorii
642 1738 779 1766 studiosos
794 1742 948 1763 sermonem
961 1734 1001 1765 ‘5;

211 1793 305 1824 spreto
331 1787 368 1814 illi
382 1785 559 1821 Propontidis
583 1784 723 1816 aestuario,
751 1781 883 1810 confertis
906 1779 1004 1807 lembis

211 1833 375 1869 appulerant
394 1831 558 1859 valedicturi
589 1829 781 1858 defensoribus
804 1827 846 1855 stti
877 1826 1004 1862 pastoris,

214 1879 399 1914 ultimumque
432 1877 554 1905 audituri
572 1876 789 1908 Theodoretum,
810 1875 890 1910 cujus
909 1881 1006 1901 vocem

213 1926 383 1954 Nestorianae
405 1924 552 1960 imaginem
576 1923 721 1951 vocabant.
735 1922 783 1949 llle
806 1921 911 1949 Joanne
928 1920 1006 1955 162

216 1971 379 2008 praesidente
405 1970 566 1997 concionem
591 1969 700 2001 habuit,
728 1975 780 2003 pro
808 1975 863 2002 qua
886 1965 1009 1994 laudavit

216 2017 373 2047 Nestorium
390 2017 468 2052 quasi
482 2019 677 2051 martyrem,et
689 2013 874 2041 debacchatus
889 2016 931 2040 est
955 2012 1008 2039 im-

218 2068 344 2099 potenter
369 2063 398 2090 in
409 2063 505 2090 Patres
533 2060 699 2096 Ephesinos,
721 2058 797 2086 velut
820 2058 849 2085 in
866 2062 1008 2094 tyrannos.

218 2111 291 2140 Nihil
308 2118 390 2146 porro
405 2110 457 2137 hac
464 2108 587 2136 oratione
601 2105 777 2134 artiﬁciosius
789 2104 823 2132 ad
837 2111 1011 2132 commoven-

219 2160 269 2185 dos
286 2155 380 2192 populi
393 2155 512 2186 animos,
527 2153 584 2180 sive
602 2151 721 2187 pastoris
736 2149 941 2181 misericordia,
954 2149 1012 2176 sive

220 2205 330 2232 Patrum
344 2201 546 2236 Ephesinorum
562 2198 641 2231 odio;
664 2196 733 2224 nihil
757 2195 963 2231 imprudentius
983 2194 1011 2221 in

223 2257 279 2278 rem
290 2256 385 2275 suam:
403 2255 465 2274 nam
490 2244 626 2273 adulando
641 2243 761 2271 Nestorii
781 2241 1011 2274 sectariis,Deum

225 2301 333 2328 passum
348 2301 409 2320 cum
440 2296 561 2326 negaret,
580 2290 702 2324 scipsum
715 2287 838 2323 prodidit
863 2286 1013 2322 impietatis

225 2339 340 2367 socium.
361 2338 492 2373 «Pagani,
513 2347 521 2362 I
540 2335 640 2370 inquit,
664 2341 795 2362 conversa
825 2333 858 2360 ad
880 2333 1013 2369 Cyrillum

223 2385 360 2417 oratione,
374 2394 383 2409 ε
394 2384 467 2419 ligna
478 2387 505 2410 et
513 2381 618 2417 lapides
627 2384 797 2412 venerantes,
809 2383 838 2405 ut
850 2378 1016 2405 immortalia

223 2430 271 2459 illa
287 2430 409 2458 salutant
422 2438 428 2455 :
442 2434 470 2456 tu
486 2432 579 2455 autem
594 2427 648 2454 illis
669 2425 830 2461 prmdicans,
843 2432 874 2451 ea
890 2424 1016 2451 venerari

226 2483 280 2502 non
291 2474 402 2506 debere,
421 2473 468 2501 sed
484 2473 571 2500 solum
586 2478 682 2497 verum
698 2471 793 2500 Deum,
813 2469 857 2504 qui
883 2469 1016 2495 constituit

227 2525 327 2548 montes
339 2521 365 2547 in
376 2524 489 2550 statera,
500 2522 526 2544 et
542 2516 623 2543 silvas
637 2517 664 2542 in
674 2515 753 2546 libra,
763 2519 786 2540 et
802 2515 908 2541 metitur
935 2521 1016 2540 ntmm

227 2575 337 2603 equum,
354 2570 378 2593 et
393 2565 486 2592 castum
495 2563 595 2598 palmo,
612 2566 636 2588 et
649 2569 750 2587 omnem
765 2565 864 2586 terram
879 2559 977 2594 pugillo
994 2559 1016 2591 l;

227 2613 274 2649 qui
297 2611 430 2640 constituit
444 2610 536 2637 emtum
550 2608 625 2643 quasi
632 2616 777 2639 cameram,
793 2607 836 2642 qui
847 2606 959 2632 continet
975 2613 1017 2631 ro-

267 2670 274 2694 i
292 2669 343 2696 lsa.
367 2676 410 2700 XL,
428 2667 469 2694 l2.
508 2665 520 2685 ιι
534 2664 600 2692 ibid.
615 2664 659 2690 9‘2.

1053 1594 1148 1630 prima:
1167 1589 1294 1618 nttntiutn
1319 1588 1353 1615 de
1376 1589 1496 1620 quatuor
1515 1583 1708 1618 episcoporum
1733 1577 1844 1613 deposi-

1054 1643 1138 1671 tione.
1156 1634 1395 1669 Constantinopoli
1410 1632 1480 1660 facta
1493 1633 1660 1664 acceperunt
1671 1637 1677 1654 :
1690 1635 1750 1661 qua:
1761 1631 1844 1652 causa

1053 1687 1106 1715 fuit
1117 1682 1296 1714 subsistendi,
1314 1680 1461 1710 retinente,
1474 1681 1504 1704 ut
1517 1675 1639 1706 videtur,
1652 1671 1777 1699 llclladio
1791 1669 1844 1697 loci

1055 1731 1188 1762 antistite,
1208 1733 1236 1756 et
1246 1730 1387 1762 satagente
1408 1722 1513 1758 nequi,
1531 1721 1566 1749 ob
1578 1720 1705 1748 defensos
1726 1715 1844 1745 Nestorii

1056 1783 1147 1816 partes
1161 1781 1337 1804 communem
1354 1771 1459 1799 cladem
1469 1775 1566 1804 passus
1579 1767 1677 1797 fuerat,
1694 1764 1727 1792 ab
1748 1764 1781 1790 iis
1797 1762 1845 1789 de-

1057 1828 1208 1854 sereretur,
1225 1821 1272 1856 qui
1286 1820 1385 1847 factam
1399 1815 1526 1844 Nestorio
1546 1813 1674 1848 injuriam
1695 1811 1768 1838 ferre
1792 1816 1846 1835 non

1057 1874 1181 1908 possent.
1200 1867 1299 1895 Habita
1317 1865 1400 1901 igitur
1411 1866 1454 1890 est
1464 1859 1644 1889 tumultuaria
1655 1857 1779 1892 quaedam
1801 1862 1847 1890 sy-

1058 1905 1149 1944 nodus
1178 1914 1205 1941 in
1229 1911 1307 1947 163
1337 1909 1426 1937 aliena
1450 1906 1575 1938 dimeesi,
1599 1905 1770 1938 eonjuratum
1798 1908 1848 1935 pro

1059 1960 1199 1991 llelladio,
1217 1958 1359 1990 tribusque
1375 1951 1562 1982 consortibus,
1581 1953 1693 1976 cautum
1724 1947 1787 1973 dato
1807 1953 1850 1972 sa-

1060 2010 1213 2037 cramento,
1232 2011 1266 2030 ne
1281 2001 1344 2036 quis
1356 2000 1378 2016 δί’
1395 1999 1422 2026 in
1432 1996 1553 2026 Nestorii
1569 1994 1780 2029 depositionem,
1805 1998 1850 2017 or-

1062 2053 1232 2082 dinationem
1261 2045 1429 2078 Maximiani,
1461 2043 1564 2079 Cyrilli,
1585 2038 1802 2072 Memnonisque,
1823 2040 1851 2063 et

1062 2101 1181 2128 aliorum
1191 2096 1396 2132 episcoporum,
1424 2090 1471 2125 qui
1500 2084 1656 2116 Nestoriqu
1683 2084 1850 2119 deiecerant,

1063 2144 1249 2180 reccptioncm
1264 2138 1444 2167 consentiret.

1098 2190 1145 2218 XI.
1165 2187 1291 2215 “editum
1308 2189 1351 2212 est
1370 2181 1554 2212 Antiochiam,
1566 2186 1621 2214 quo
1634 2182 1757 2211 tempore
1773 2181 1854 2210 syno—

1027 2226 1052 2255 θ
1065 2237 1118 2264 dus
1134 2231 1299 2262 autumnalis
1315 2228 1412 2256 haberi
1430 2226 1534 2254 debuit.
1549 2223 1741 2251 'l‘hcodorctus
1755 2227 1855 2254 oppor-

1067 2281 1212 2309 tunitatem
1229 2280 1336 2306 nactus,
1357 2272 1465 2303 Joanni,
1489 2269 1649 2303 ueterisque
1671 2263 1855 2293 Orientalibus

1068 2331 1164 2355 auctor
1175 2323 1238 2354 fuit,
1259 2326 1298 2353 ut,
1318 2318 1391 2354 quod
1405 2317 1486 2352 legati
1507 2314 1680 2342 Chalcedone
1695 2313 1855 2340 statuerant,

1069 2371 1198 2408 quodque
1208 2367 1286 2396 Tarsi
1297 2366 1324 2392 in
1336 2365 1378 2391 via
1390 2363 1581 2390 confirmatum
1596 2359 1676 2389 erat',
1694 2356 1720 2383 id
1735 2354 1857 2390 synodali

1071 2417 1207 2447 sententia
1233 2413 1316 2440 totius
1330 2409 1458 2437 ditBCCSlS
1473 2407 1506 2434 ab
1520 2407 1552 2433 iis
1571 2411 1680 2440 quoque
1695 2401 1858 2432 sanciretur,

1072 2465 1129 2491 sive
1142 2461 1188 2496 qui
1203 2457 1376 2486 Antiochiam
1390 2463 1418 2481 se
1431 2453 1539 2488 Epheso
1552 2450 1735 2481 contulerant,
1748 2447 1804 2474 sive
1813 2445 1860 2481 qui

1072 2492 1194 2542 tempore
1224 2503 1320 2540 synodi
1350 2502 1376 2528 itt
1402 2499 1514 2527 Oriente
1535 2497 1727 2525 substiterant.
1751 2492 1779 2520 Id
1795 2499 1861 2519 vero

1071 2539 1174 2583 factum
1189 2539 1357 2579 Theodoreti
1376 2547 1507 2581 impulsu,
1522 2549 1549 2571 et
1563 2544 1621 2578 ipse
1639 2539 1786 2576 aliquando
1800 2545 1862 2573 pro—

1074 2602 1144 2629 didit
1157 2600 1191 2631 ",
1206 2603 1234 2625 et
1256 2596 1353 2623 suadet
1369 2598 1463 2628 aperta
1485 2591 1565 2618 ratio.
1584 2589 1650 2616 Nam
1669 2595 1719 2615 cur
1741 2584 1862 2620 alioquin

903 2707 1061 2735 SCHULZH
1083 2703 1198 2733 ΝΟΤᾸῦ.

265 2762 287 2778 ⁸⁸
303 2760 418 2788 Litteris.
435 2758 489 2786 Has
504 2758 576 2791 vidc,
591 2763 610 2784 t.
627 2758 671 2787 IV,

688 2764 714 2791 p.
735 2756 802 2783 1557
817 2763 882 2791 seq.
901 2754 936 2791 7”
948 2754 995 2791 Ma

1052 2757 1109 2783 stic,
1127 2755 1179 2778 etc.
1193 2746 1333 2775 'Eamdem
1355 2743 1519 2771 sententiam
1551 2745 1645 2768 tuetur
1669 2737 1819 2766 Garnerius
1838 2735 1864 2762 in

1063 2789 1068 2791 ν
1106 2788 1111 2791 -
1203 2784 1218 2791 ι·
1239 2783 1292 2791 -ιγ--
1329 2778 1478 2791 ηιιυυηιηλι
1506 2776 1615 2791 c--.......
1641 2773 1703 2791 ..ςιια
1731 2772 1800 2791 inn.”
1839 2770 1863 2791 ;n

249 2770 287 2802 τ’·
303 2770 418 2799 Mlieris.-
437 2770 489 2786 ﬂus
505 2770 576 2791 vtuc,
591 2770 610 2784 ι.
627 2770 671 2787 Iv,
689 2770 714 2791 μ.
735 2770 799 2783 ww
817 2770 875 2789 θαι.
951 2770 1109 2788 manus...“
1127 2770 1179 2778 νη,-
1203 2770 1332 2775 μ--ης-μν
1357 2770 1380 2771 η

234 2797 295 2824 hot.
312 2795 345 2822 ad
364 2794 525 2829 Epistulam,
544 2801 626 2828 quain
645 2791 837 2829 Theodoretus
851 2790 883 2816 ad
900 2789 1000 2816 Rufum
1017 2788 1161 2822 scripsisse
1193 2783 1303 2810 dicitur.
1329 2778 1479 2829 "l‘tl‘tfodosii
1498 2776 1616 2829 gapram
1641 2773 1703 2801 vide
1731 2772 1812 2802 intra,
1839 2770 1865 2797 in

1070 2823 1098 2829 -π-
1113 2822 1118 2829 ι
1152 2826 1228 2829 κλμ-..Α
1255 2823 1308 2829 ...ιι-
1396 2820 1462 2829 anan
1554 2819 1652 2829 nnnnnt
1663 2825 1696 2828 _
1711 2814 1864 2829 (l‘l'l’llnﬂf'ln.

233 2833 299 2860 diss.
316 2831 343 2862 5.
368 2833 430 2865 post
448 2830 529 2864 epist.
560 2829 605 2856 ﬁt.

234 2867 297 2894 \‘id.
314 2873 407 2900 supra,
422 2873 448 2900 p.
475 2865 534 2892 HO.

237 2904 315 2938 epist.
333 2900 393 2929 ita.

644 2828 666 2843 ⁸⁸
679 2827 837 2861 Suprcmum
850 2832 1051 2861 fisermanem.
1070 2812 1136 2848 i’ide
1149 2826 1241 2854 supra,
1255 2823 1318 2852 pag.
1331 2814 1388 2861 “Et;
1396 2820 1462 2849 seqq
1479 2812 1521 2861 ιζ’
1531 2812 1654 2861 garrulum,
1663 2814 1864 2861 —Isqrmmt‘ctq.

978 2859 983 2861 Α
1081 2857 1087 2861 -
1122 2854 1153 2861 -·”
1218 2853 1223 2858 “
1307 2855 1315 2861 ι
1426 2857 1440 2861 -ς
1514 2848 1527 2861 -:
1616 2848 1622 2861 t
1654 2847 1700 2861 ιη,
1714 2845 1727 2861 ἶ,
1742 2845 1759 2861 :I
1829 2841 1844 2861 ii
1859 2859 1864 2861 Α

574 2849 647 2891 ἶτλῖε
1055 2857 1088 2884 ad
1122 2849 1325 2884 liiufcriutiift.
1355 2849 1399 2881 ιν,

1426 2841 1462 2883 p'.’
1478 2847 1556 2875 was.
1602 2847 1622 2862 υ
1639 2845 1770 2872 I’I'otlitlil.
1806 2841 1865 2869 vid.
