  <div class='ocr_page' id='page_1' title='image "/cluster/home/n/w/nwhite01/storage/ocr_20150623/84/njp.32101010943783/065.png"; bbox 0 0 1969 3052; ppageno 0'>
   <div class='ocr_carea' id='block_1_1' title="bbox 186 112 237 144">
    <p class='ocr_par' dir='ltr' id='par_1_1' title="bbox 186 112 237 144">
     <span class='ocr_line' id='line_1_1' title="bbox 186 112 237 144; baseline 0 0"><span class='ocrx_word' id='word_1_1' title='bbox 186 112 237 144; x_wconf 72' lang='grc'><strong>119</strong></span> 
     </span>
    </p>
   </div>
   <div class='ocr_carea' id='block_1_2' title="bbox 746 115 1246 147">
    <p class='ocr_par' dir='ltr' id='par_1_2' title="bbox 746 115 1246 147">
     <span class='ocr_line' id='line_1_2' title="bbox 746 115 1246 147; baseline 0.004 -2"><span class='ocrx_word' id='word_1_2' title='bbox 746 116 934 146; x_wconf 78' lang='lat' dir='ltr'><strong>GARNERII</strong></span> <span class='ocrx_word' id='word_1_3' title='bbox 953 115 1202 147; x_wconf 85' lang='lat' dir='ltr'><strong>DISSERTATIO</strong></span> <span class='ocrx_word' id='word_1_4' title='bbox 1220 117 1246 147; x_wconf 88' lang='grc' dir='ltr'><strong>Ῑ.</strong></span> 
     </span>
    </p>
   </div>
   <div class='ocr_carea' id='block_1_3' title="bbox 1760 115 1810 148">
    <p class='ocr_par' dir='ltr' id='par_1_3' title="bbox 1760 115 1810 148">
     <span class='ocr_line' id='line_1_3' title="bbox 1760 115 1810 148; baseline -0.04 0"><span class='ocrx_word' id='word_1_5' title='bbox 1760 115 1810 148; x_wconf 73' lang='lat'><strong>1‘20</strong></span> 
     </span>
    </p>
   </div>
   <div class='ocr_carea' id='block_1_4' title="bbox 220 169 1809 210">
    <p class='ocr_par' dir='ltr' id='par_1_4' title="bbox 220 169 1809 210">
     <span class='ocr_line' id='line_1_4' title="bbox 220 169 1809 210; baseline 0 -12"><span class='ocrx_word' id='word_1_6' title='bbox 220 171 277 199; x_wconf 82' lang='lat' dir='ltr'><strong>Hoc</strong></span> <span class='ocrx_word' id='word_1_7' title='bbox 307 171 335 198; x_wconf 93' lang='lat' dir='ltr'><strong>in</strong></span> <span class='ocrx_word' id='word_1_8' title='bbox 349 170 464 206; x_wconf 89' lang='lat' dir='ltr'><strong>judicio,</strong></span> <span class='ocrx_word' id='word_1_9' title='bbox 488 171 562 206; x_wconf 88' lang='lat' dir='ltr'><strong>quod</strong></span> <span class='ocrx_word' id='word_1_10' title='bbox 576 179 629 199; x_wconf 91' lang='lat' dir='ltr'><strong>non</strong></span> <span class='ocrx_word' id='word_1_11' title='bbox 648 177 702 200; x_wconf 86' lang='lat' dir='ltr'><strong>tam</strong></span> <span class='ocrx_word' id='word_1_12' title='bbox 731 173 874 201; x_wconf 88' lang='lat' dir='ltr'><strong>hominum</strong></span> <span class='ocrx_word' id='word_1_13' title='bbox 890 182 971 209; x_wconf 87' lang='lat' dir='ltr'><strong>quam</strong></span> <span class='ocrx_word' id='word_1_14' title='bbox 987 178 1008 205; x_wconf 81' lang='grc' dir='ltr'><strong>Α</strong></span> <span class='ocrx_word' id='word_1_15' title='bbox 1057 175 1176 210; x_wconf 86' lang='lat' dir='ltr'><strong>Epistola</strong></span> <span class='ocrx_word' id='word_1_16' title='bbox 1204 181 1285 209; x_wconf 88' lang='lat' dir='ltr'><strong>porro</strong></span> <span class='ocrx_word' id='word_1_17' title='bbox 1308 172 1341 199; x_wconf 90' lang='lat' dir='ltr'><strong>ad</strong></span> <span class='ocrx_word' id='word_1_18' title='bbox 1366 170 1517 198; x_wconf 83' lang='lat' dir='ltr'><strong>Himerium</strong></span> <span class='ocrx_word' id='word_1_19' title='bbox 1539 178 1594 197; x_wconf 93' lang='lat' dir='ltr'><strong>non</strong></span> <span class='ocrx_word' id='word_1_20' title='bbox 1624 169 1706 197; x_wconf 87' lang='lat' dir='ltr'><strong>unius</strong></span> <span class='ocrx_word' id='word_1_21' title='bbox 1721 172 1809 199; x_wconf 86' lang='lat' dir='ltr'><strong>solum</strong></span> 
     </span>
    </p>
   </div>
   <div class='ocr_carea' id='block_1_5' title="bbox 184 217 969 253">
    <p class='ocr_par' dir='ltr' id='par_1_5' title="bbox 184 217 969 253">
     <span class='ocr_line' id='line_1_5' title="bbox 184 217 969 253; baseline 0 -7"><span class='ocrx_word' id='word_1_22' title='bbox 184 219 230 246; x_wconf 88' lang='lat' dir='ltr'><strong>Dei</strong></span> <span class='ocrx_word' id='word_1_23' title='bbox 242 218 329 245; x_wconf 87' lang='lat' dir='ltr'><strong>videri</strong></span> <span class='ocrx_word' id='word_1_24' title='bbox 345 222 443 252; x_wconf 79' lang='lat' dir='ltr'><strong>potest,</strong></span> <span class='ocrx_word' id='word_1_25' title='bbox 456 217 618 245; x_wconf 81' lang='lat' dir='ltr'><strong>admirabile</strong></span> <span class='ocrx_word' id='word_1_26' title='bbox 633 219 764 253; x_wconf 85' lang='lat' dir='ltr'><strong>quiddam</strong></span> <span class='ocrx_word' id='word_1_27' title='bbox 778 219 888 247; x_wconf 88' lang='lat' dir='ltr'><strong>accidit.</strong></span> <span class='ocrx_word' id='word_1_28' title='bbox 901 220 969 246; x_wconf 87' lang='lat' dir='ltr'><strong>Natn</strong></span> 
     </span>
    </p>
   </div>
   <div class='ocr_carea' id='block_1_6' title="bbox 184 263 970 298">
    <p class='ocr_par' dir='ltr' id='par_1_6' title="bbox 184 263 970 298">
     <span class='ocr_line' id='line_1_6' title="bbox 184 263 970 298; baseline 0.004 -9"><span class='ocrx_word' id='word_1_29' title='bbox 184 268 214 290; x_wconf 89' lang='lat' dir='ltr'><strong>ut</strong></span> <span class='ocrx_word' id='word_1_30' title='bbox 230 263 264 290; x_wconf 91' lang='lat' dir='ltr'><strong>de</strong></span> <span class='ocrx_word' id='word_1_31' title='bbox 287 263 408 290; x_wconf 82' lang='lat' dir='ltr'><strong>Himerio</strong></span> <span class='ocrx_word' id='word_1_32' title='bbox 436 268 551 295; x_wconf 87' lang='lat' dir='ltr'><strong>taceam,</strong></span> <span class='ocrx_word' id='word_1_33' title='bbox 580 263 748 291; x_wconf 86' lang='lat' dir='ltr'><strong>Theodoreti</strong></span> <span class='ocrx_word' id='word_1_34' title='bbox 771 264 870 296; x_wconf 89' lang='lat' dir='ltr'><strong>amico,</strong></span> <span class='ocrx_word' id='word_1_35' title='bbox 891 266 970 298; x_wconf 85' lang='lat' dir='ltr'><strong>cujus</strong></span> 
     </span>
    </p>
   </div>
   <div class='ocr_carea' id='block_1_7' title="bbox 182 308 970 341">
    <p class='ocr_par' dir='ltr' id='par_1_7' title="bbox 182 308 970 341">
     <span class='ocr_line' id='line_1_7' title="bbox 182 308 970 341; baseline 0.003 -5"><span class='ocrx_word' id='word_1_36' title='bbox 182 313 224 336; x_wconf 85' lang='lat' dir='ltr'><strong>est</strong></span> <span class='ocrx_word' id='word_1_37' title='bbox 244 308 387 335; x_wconf 80' lang='lat' dir='ltr'><strong>obscurior</strong></span> <span class='ocrx_word' id='word_1_38' title='bbox 414 308 556 341; x_wconf 82' lang='lat' dir='ltr'><strong>memoria,</strong></span> <span class='ocrx_word' id='word_1_39' title='bbox 587 309 739 336; x_wconf 89' lang='lat' dir='ltr'><strong>Dorotheus</strong></span> <span class='ocrx_word' id='word_1_40' title='bbox 756 315 829 337; x_wconf 86' lang='lat' dir='ltr'><strong>certe</strong></span> <span class='ocrx_word' id='word_1_41' title='bbox 858 310 970 338; x_wconf 87' lang='lat' dir='ltr'><strong>meritas</strong></span> 
     </span>
    </p>
   </div>
   <div class='ocr_carea' id='block_1_8' title="bbox 182 354 970 390">
    <p class='ocr_par' dir='ltr' id='par_1_8' title="bbox 182 354 970 390">
     <span class='ocr_line' id='line_1_8' title="bbox 182 354 970 390; baseline 0.003 -10"><span class='ocrx_word' id='word_1_42' title='bbox 182 354 340 389; x_wconf 72' lang='lat' dir='ltr'><strong>impietatis,</strong></span> <span class='ocrx_word' id='word_1_43' title='bbox 367 361 420 388; x_wconf 88' lang='lat' dir='ltr'><strong>qua</strong></span> <span class='ocrx_word' id='word_1_44' title='bbox 441 354 547 388; x_wconf 88' lang='lat' dir='ltr'><strong>primus</strong></span> <span class='ocrx_word' id='word_1_45' title='bbox 574 354 643 381; x_wconf 82' lang='lat' dir='ltr'><strong>dixit</strong></span> <span class='ocrx_word' id='word_1_46' title='bbox 675 355 820 382; x_wconf 75' lang='lat' dir='ltr'><strong>anathema</strong></span> <span class='ocrx_word' id='word_1_47' title='bbox 849 356 970 390; x_wconf 75' lang='lat' dir='ltr'><strong>Deipane</strong></span> 
     </span>
    </p>
   </div>
   <div class='ocr_carea' id='block_1_9' title="bbox 181 399 969 434">
    <p class='ocr_par' dir='ltr' id='par_1_9' title="bbox 181 399 969 434">
     <span class='ocr_line' id='line_1_9' title="bbox 181 399 969 434; baseline 0.001 -8"><span class='ocrx_word' id='word_1_48' title='bbox 181 399 346 431; x_wconf 80' lang='lat' dir='ltr'><strong>cultoribus,</strong></span> <span class='ocrx_word' id='word_1_49' title='bbox 367 407 463 434; x_wconf 63' lang='lat' dir='ltr'><strong>poenas</strong></span> <span class='ocrx_word' id='word_1_50' title='bbox 484 399 582 426; x_wconf 83' lang='lat' dir='ltr'><strong>dedit:</strong></span> <span class='ocrx_word' id='word_1_51' title='bbox 606 400 683 427; x_wconf 85' lang='lat' dir='ltr'><strong>dedit</strong></span> <span class='ocrx_word' id='word_1_52' title='bbox 707 405 734 427; x_wconf 94' lang='lat' dir='ltr'><strong>ct</strong></span> <span class='ocrx_word' id='word_1_53' title='bbox 757 401 916 432; x_wconf 80' lang='lat' dir='ltr'><strong>Eutherius,</strong></span> <span class='ocrx_word' id='word_1_54' title='bbox 934 402 969 428; x_wconf 89' lang='lat' dir='ltr'><strong>ob</strong></span> 
     </span>
    </p>
   </div>
   <div class='ocr_carea' id='block_1_10' title="bbox 181 446 970 482">
    <p class='ocr_par' dir='ltr' id='par_1_10' title="bbox 181 446 970 482">
     <span class='ocr_line' id='line_1_10' title="bbox 181 446 970 482; baseline 0.003 -10"><span class='ocrx_word' id='word_1_55' title='bbox 181 449 343 480; x_wconf 86' lang='lat' dir='ltr'><strong>conceptum</strong></span> <span class='ocrx_word' id='word_1_56' title='bbox 370 454 403 473; x_wconf 90' lang='lat' dir='ltr'><strong>ex</strong></span> <span class='ocrx_word' id='word_1_57' title='bbox 422 446 502 480; x_wconf 76' lang='lat' dir='ltr'><strong>longo</strong></span> <span class='ocrx_word' id='word_1_58' title='bbox 527 454 674 478; x_wconf 86' lang='lat' dir='ltr'><strong>venenum,</strong></span> <span class='ocrx_word' id='word_1_59' title='bbox 692 447 764 482; x_wconf 90' lang='lat' dir='ltr'><strong>quod</strong></span> <span class='ocrx_word' id='word_1_60' title='bbox 782 448 891 474; x_wconf 81' lang='lat' dir='ltr'><strong>tandem</strong></span> <span class='ocrx_word' id='word_1_61' title='bbox 919 448 970 475; x_wconf 84' lang='lat' dir='ltr'><strong>hac</strong></span> 
     </span>
    </p>
   </div>
   <div class='ocr_carea' id='block_1_11' title="bbox 181 491 970 528">
    <p class='ocr_par' dir='ltr' id='par_1_11' title="bbox 181 491 970 528">
     <span class='ocr_line' id='line_1_11' title="bbox 181 491 970 528; baseline 0.005 -11"><span class='ocrx_word' id='word_1_62' title='bbox 181 491 324 518; x_wconf 77' lang='lat' dir='ltr'><strong>occasione</strong></span> <span class='ocrx_word' id='word_1_63' title='bbox 340 491 368 518; x_wconf 90' lang='lat' dir='ltr'><strong>in</strong></span> <span class='ocrx_word' id='word_1_64' title='bbox 383 491 540 518; x_wconf 87' lang='lat' dir='ltr'><strong>Catholicos</strong></span> <span class='ocrx_word' id='word_1_65' title='bbox 553 492 684 519; x_wconf 81' lang='lat' dir='ltr'><strong>evomuit.</strong></span> <span class='ocrx_word' id='word_1_66' title='bbox 697 492 731 520; x_wconf 83' lang='lat' dir='ltr'><strong>At</strong></span> <span class='ocrx_word' id='word_1_67' title='bbox 745 494 909 528; x_wconf 88' lang='lat' dir='ltr'><strong>stupendum</strong></span> <span class='ocrx_word' id='word_1_68' title='bbox 928 499 970 521; x_wconf 88' lang='lat' dir='ltr'><strong>est</strong></span> 
     </span>
    </p>
   </div>
   <div class='ocr_carea' id='block_1_12' title="bbox 181 537 968 574">
    <p class='ocr_par' dir='ltr' id='par_1_12' title="bbox 181 537 968 574">
     <span class='ocr_line' id='line_1_12' title="bbox 181 537 968 574; baseline 0.004 -11"><span class='ocrx_word' id='word_1_69' title='bbox 181 537 334 564; x_wconf 86' lang='lat' dir='ltr'><strong>llelladium</strong></span> <span class='ocrx_word' id='word_1_70' title='bbox 357 545 390 564; x_wconf 87' lang='lat' dir='ltr'><strong>eo</strong></span> <span class='ocrx_word' id='word_1_71' title='bbox 404 545 491 572; x_wconf 90' lang='lat' dir='ltr'><strong>usque</strong></span> <span class='ocrx_word' id='word_1_72' title='bbox 508 538 635 566; x_wconf 86' lang='lat' dir='ltr'><strong>Nestorio</strong></span> <span class='ocrx_word' id='word_1_73' title='bbox 650 539 808 571; x_wconf 66' lang='lat' dir='ltr'><strong>adhmsisse,</strong></span> <span class='ocrx_word' id='word_1_74' title='bbox 831 544 871 570; x_wconf 91' lang='lat' dir='ltr'><strong>ut,</strong></span> <span class='ocrx_word' id='word_1_75' title='bbox 887 548 968 574; x_wconf 89' lang='lat' dir='ltr'><strong>quam</strong></span> 
     </span>
    </p>
   </div>
   <div class='ocr_carea' id='block_1_13' title="bbox 180 584 967 615">
    <p class='ocr_par' dir='ltr' id='par_1_13' title="bbox 180 584 967 615">
     <span class='ocr_line' id='line_1_13' title="bbox 180 584 967 615; baseline 0.003 -5"><span class='ocrx_word' id='word_1_76' title='bbox 180 584 324 610; x_wconf 84' lang='lat' dir='ltr'><strong>sanctitate</strong></span> <span class='ocrx_word' id='word_1_77' title='bbox 348 592 454 610; x_wconf 86' lang='lat' dir='ltr'><strong>morum</strong></span> <span class='ocrx_word' id='word_1_78' title='bbox 491 588 630 610; x_wconf 82' lang='lat' dir='ltr'><strong>meruerat</strong></span> <span class='ocrx_word' id='word_1_79' title='bbox 662 584 766 615; x_wconf 82' lang='lat' dir='ltr'><strong>sedem,</strong></span> <span class='ocrx_word' id='word_1_80' title='bbox 793 586 967 613; x_wconf 82' lang='lat' dir='ltr'><strong>contumacia</strong></span> 
     </span>
    </p>
   </div>
   <div class='ocr_carea' id='block_1_14' title="bbox 180 629 967 665">
    <p class='ocr_par' dir='ltr' id='par_1_14' title="bbox 180 629 967 665">
     <span class='ocr_line' id='line_1_14' title="bbox 180 629 967 665; baseline 0.003 -10"><span class='ocrx_word' id='word_1_81' title='bbox 180 630 329 656; x_wconf 86' lang='lat' dir='ltr'><strong>amitteret.</strong></span> <span class='ocrx_word' id='word_1_82' title='bbox 351 629 400 656; x_wconf 90' lang='lat' dir='ltr'><strong>llic</strong></span> <span class='ocrx_word' id='word_1_83' title='bbox 415 629 489 655; x_wconf 91' lang='lat' dir='ltr'><strong>enim</strong></span> <span class='ocrx_word' id='word_1_84' title='bbox 502 633 544 656; x_wconf 90' lang='lat' dir='ltr'><strong>est</strong></span> <span class='ocrx_word' id='word_1_85' title='bbox 557 629 735 656; x_wconf 87' lang='lat' dir='ltr'><strong>admirandus</strong></span> <span class='ocrx_word' id='word_1_86' title='bbox 747 629 896 661; x_wconf 72' lang='lat' dir='ltr'><strong>Heli-adius,</strong></span> <span class='ocrx_word' id='word_1_87' title='bbox 910 631 967 665; x_wconf 91' lang='lat' dir='ltr'><strong>qui,</strong></span> 
     </span>
    </p>
   </div>
   <div class='ocr_carea' id='block_1_15' title="bbox 179 674 969 710">
    <p class='ocr_par' dir='ltr' id='par_1_15' title="bbox 179 674 969 710">
     <span class='ocr_line' id='line_1_15' title="bbox 179 674 969 710; baseline 0.004 -9"><span class='ocrx_word' id='word_1_88' title='bbox 179 679 210 701; x_wconf 88' lang='lat' dir='ltr'><strong>ut.</strong></span> <span class='ocrx_word' id='word_1_89' title='bbox 229 674 327 701; x_wconf 83' lang='lat' dir='ltr'><strong>scribit</strong></span> <span class='ocrx_word' id='word_1_90' title='bbox 353 674 587 707; x_wconf 87' lang='lat' dir='ltr'><strong>Thcodoretus&quot;,</strong></span> <span class='ocrx_word' id='word_1_91' title='bbox 607 680 668 710; x_wconf 80' lang='lat' dir='ltr'><strong>post</strong></span> <span class='ocrx_word' id='word_1_92' title='bbox 684 675 831 703; x_wconf 87' lang='lat' dir='ltr'><strong>Theodosii</strong></span> <span class='ocrx_word' id='word_1_93' title='bbox 851 677 969 704; x_wconf 84' lang='lat' dir='ltr'><strong>sanctis-</strong></span> 
     </span>
    </p>
   </div>
   <div class='ocr_carea' id='block_1_16' title="bbox 179 719 968 757">
    <p class='ocr_par' dir='ltr' id='par_1_16' title="bbox 179 719 968 757">
     <span class='ocr_line' id='line_1_16' title="bbox 179 719 968 757; baseline 0.006 -12"><span class='ocrx_word' id='word_1_94' title='bbox 179 719 241 746; x_wconf 87' lang='lat' dir='ltr'><strong>simi</strong></span> <span class='ocrx_word' id='word_1_95' title='bbox 257 720 482 747; x_wconf 73' lang='lat' dir='ltr'><strong>archimandritze</strong></span> <span class='ocrx_word' id='word_1_96' title='bbox 497 721 605 748; x_wconf 79' lang='lat' dir='ltr'><strong>felicem</strong></span> <span class='ocrx_word' id='word_1_97' title='bbox 622 722 739 753; x_wconf 88' lang='lat' dir='ltr'><strong>obitum,</strong></span> <span class='ocrx_word' id='word_1_98' title='bbox 760 732 768 747; x_wconf 76' lang='grc' dir='ltr'><strong>ι</strong></span> <span class='ocrx_word' id='word_1_99' title='bbox 790 723 879 757; x_wconf 73' lang='lat' dir='ltr'><strong>gregis</strong></span> <span class='ocrx_word' id='word_1_100' title='bbox 898 731 968 757; x_wconf 77' lang='lat' dir='ltr'><strong>pne-</strong></span> 
     </span>
    </p>
   </div>
   <div class='ocr_carea' id='block_1_17' title="bbox 179 765 968 803">
    <p class='ocr_par' dir='ltr' id='par_1_17' title="bbox 179 765 968 803">
     <span class='ocr_line' id='line_1_17' title="bbox 179 765 968 803; baseline 0.006 -12"><span class='ocrx_word' id='word_1_101' title='bbox 179 765 311 792; x_wconf 77' lang='lat' dir='ltr'><strong>fecturam</strong></span> <span class='ocrx_word' id='word_1_102' title='bbox 330 767 461 800; x_wconf 83' lang='lat' dir='ltr'><strong>suscepit,</strong></span> <span class='ocrx_word' id='word_1_103' title='bbox 479 767 535 801; x_wconf 86' lang='lat' dir='ltr'><strong>qui,</strong></span> <span class='ocrx_word' id='word_1_104' title='bbox 558 774 607 801; x_wconf 91' lang='lat' dir='ltr'><strong>per</strong></span> <span class='ocrx_word' id='word_1_105' title='bbox 634 775 720 794; x_wconf 88' lang='lat' dir='ltr'><strong>annos</strong></span> <span class='ocrx_word' id='word_1_106' title='bbox 735 769 874 803; x_wconf 80' lang='lat' dir='ltr'><strong>sexaginta</strong></span> <span class='ocrx_word' id='word_1_107' title='bbox 891 769 968 797; x_wconf 88' lang='lat' dir='ltr'><strong>labo—</strong></span> 
     </span>
    </p>
   </div>
   <div class='ocr_carea' id='block_1_18' title="bbox 180 811 969 848">
    <p class='ocr_par' dir='ltr' id='par_1_18' title="bbox 180 811 969 848">
     <span class='ocr_line' id='line_1_18' title="bbox 180 811 969 848; baseline 0.006 -12"><span class='ocrx_word' id='word_1_108' title='bbox 180 811 258 837; x_wconf 83' lang='lat' dir='ltr'><strong>ribus</strong></span> <span class='ocrx_word' id='word_1_109' title='bbox 278 811 333 838; x_wconf 83' lang='lat' dir='ltr'><strong>illis</strong></span> <span class='ocrx_word' id='word_1_110' title='bbox 351 811 509 844; x_wconf 82' lang='lat' dir='ltr'><strong>defunctus,</strong></span> <span class='ocrx_word' id='word_1_111' title='bbox 523 812 639 839; x_wconf 86' lang='lat' dir='ltr'><strong>Cilicum</strong></span> <span class='ocrx_word' id='word_1_112' title='bbox 654 812 787 840; x_wconf 88' lang='lat' dir='ltr'><strong>divinitus</strong></span> <span class='ocrx_word' id='word_1_113' title='bbox 809 819 903 848; x_wconf 55' lang='lat' dir='ltr'><strong>postea</strong></span> <span class='ocrx_word' id='word_1_114' title='bbox 931 815 969 841; x_wconf 75' lang='lat' dir='ltr'><strong>fa—</strong></span> 
     </span>
    </p>
   </div>
   <div class='ocr_carea' id='block_1_19' title="bbox 1021 216 1810 250">
    <p class='ocr_par' dir='ltr' id='par_1_19' title="bbox 1021 216 1810 250">
     <span class='ocr_line' id='line_1_19' title="bbox 1021 216 1810 250; baseline -0.006 -3"><span class='ocrx_word' id='word_1_115' title='bbox 1021 219 1186 247; x_wconf 86' lang='lat' dir='ltr'><strong>Theodoreti</strong></span> <span class='ocrx_word' id='word_1_116' title='bbox 1206 219 1314 247; x_wconf 86' lang='lat' dir='ltr'><strong>censeri</strong></span> <span class='ocrx_word' id='word_1_117' title='bbox 1332 218 1424 248; x_wconf 85' lang='lat' dir='ltr'><strong>debet,</strong></span> <span class='ocrx_word' id='word_1_118' title='bbox 1451 216 1498 243; x_wconf 88' lang='lat' dir='ltr'><strong>sed</strong></span> <span class='ocrx_word' id='word_1_119' title='bbox 1524 217 1609 243; x_wconf 77' lang='lat' dir='ltr'><strong>totius</strong></span> <span class='ocrx_word' id='word_1_120' title='bbox 1635 216 1810 250; x_wconf 80' lang='lat' dir='ltr'><strong>Euphraten-</strong></span> 
     </span>
    </p>
   </div>
   <div class='ocr_carea' id='block_1_20' title="bbox 1021 263 1811 300">
    <p class='ocr_par' dir='ltr' id='par_1_20' title="bbox 1021 263 1811 300">
     <span class='ocr_line' id='line_1_20' title="bbox 1021 263 1811 300; baseline -0.006 -7"><span class='ocrx_word' id='word_1_121' title='bbox 1021 266 1092 293; x_wconf 90' lang='lat' dir='ltr'><strong>sium</strong></span> <span class='ocrx_word' id='word_1_122' title='bbox 1104 265 1295 300; x_wconf 82' lang='lat' dir='ltr'><strong>episcoporum</strong></span> <span class='ocrx_word' id='word_1_123' title='bbox 1309 264 1417 299; x_wconf 78' lang='lat' dir='ltr'><strong>synodi.</strong></span> <span class='ocrx_word' id='word_1_124' title='bbox 1433 263 1500 290; x_wconf 88' lang='lat' dir='ltr'><strong>Nam</strong></span> <span class='ocrx_word' id='word_1_125' title='bbox 1518 270 1572 296; x_wconf 90' lang='lat' dir='ltr'><strong>quo</strong></span> <span class='ocrx_word' id='word_1_126' title='bbox 1587 266 1710 296; x_wconf 86' lang='lat' dir='ltr'><strong>tempore</strong></span> <span class='ocrx_word' id='word_1_127' title='bbox 1727 270 1811 296; x_wconf 81' lang='lat' dir='ltr'><strong>nego-</strong></span> 
     </span>
    </p>
   </div>
   <div class='ocr_carea' id='block_1_21' title="bbox 1022 309 1810 349">
    <p class='ocr_par' dir='ltr' id='par_1_21' title="bbox 1022 309 1810 349">
     <span class='ocr_line' id='line_1_21' title="bbox 1022 309 1810 349; baseline -0.009 -8"><span class='ocrx_word' id='word_1_128' title='bbox 1022 315 1089 341; x_wconf 89' lang='lat' dir='ltr'><strong>tium</strong></span> <span class='ocrx_word' id='word_1_129' title='bbox 1105 314 1179 349; x_wconf 83' lang='lat' dir='ltr'><strong>pacis</strong></span> <span class='ocrx_word' id='word_1_130' title='bbox 1196 313 1230 340; x_wconf 88' lang='lat' dir='ltr'><strong>ab</strong></span> <span class='ocrx_word' id='word_1_131' title='bbox 1251 311 1432 339; x_wconf 88' lang='lat' dir='ltr'><strong>Antiochenis</strong></span> <span class='ocrx_word' id='word_1_132' title='bbox 1445 309 1603 345; x_wconf 76' lang='lat' dir='ltr'><strong>gerebatur,</strong></span> <span class='ocrx_word' id='word_1_133' title='bbox 1620 313 1810 336; x_wconf 84' lang='lat' dir='ltr'><strong>convenerant</strong></span> 
     </span>
    </p>
   </div>
   <div class='ocr_carea' id='block_1_22' title="bbox 1020 358 1810 394">
    <p class='ocr_par' dir='ltr' id='par_1_22' title="bbox 1020 358 1810 394">
     <span class='ocr_line' id='line_1_22' title="bbox 1020 358 1810 394; baseline -0.01 -7"><span class='ocrx_word' id='word_1_134' title='bbox 1020 360 1237 394; x_wconf 85' lang='lat' dir='ltr'><strong>Euphratenses,</strong></span> <span class='ocrx_word' id='word_1_135' title='bbox 1264 358 1321 385; x_wconf 83' lang='lat' dir='ltr'><strong>sive</strong></span> <span class='ocrx_word' id='word_1_136' title='bbox 1337 361 1490 384; x_wconf 90' lang='lat' dir='ltr'><strong>conventus</strong></span> <span class='ocrx_word' id='word_1_137' title='bbox 1513 359 1612 390; x_wconf 56' lang='lat' dir='ltr'><strong>praeter</strong></span> <span class='ocrx_word' id='word_1_138' title='bbox 1635 362 1741 381; x_wconf 88' lang='lat' dir='ltr'><strong>morem</strong></span> <span class='ocrx_word' id='word_1_139' title='bbox 1761 362 1810 380; x_wconf 88' lang='grc' dir='ltr'>ιιι--</span> 
     </span>
    </p>
   </div>
   <div class='ocr_carea' id='block_1_23' title="bbox 1020 400 1807 440">
    <p class='ocr_par' dir='ltr' id='par_1_23' title="bbox 1020 400 1807 440">
     <span class='ocr_line' id='line_1_23' title="bbox 1020 400 1807 440; baseline -0.009 -7"><span class='ocrx_word' id='word_1_140' title='bbox 1020 410 1100 440; x_wconf 83' lang='lat' dir='ltr'><strong>gente</strong></span> <span class='ocrx_word' id='word_1_141' title='bbox 1115 405 1298 436; x_wconf 87' lang='lat' dir='ltr'><strong>Theodoreto,</strong></span> <span class='ocrx_word' id='word_1_142' title='bbox 1313 409 1342 431; x_wconf 91' lang='lat' dir='ltr'><strong>ct</strong></span> <span class='ocrx_word' id='word_1_143' title='bbox 1358 408 1490 430; x_wconf 81' lang='lat' dir='ltr'><strong>evocante</strong></span> <span class='ocrx_word' id='word_1_144' title='bbox 1503 401 1659 429; x_wconf 83' lang='lat' dir='ltr'><strong>Alexandro</strong></span> <span class='ocrx_word' id='word_1_145' title='bbox 1679 400 1807 436; x_wconf 89' lang='lat' dir='ltr'><strong>primate,</strong></span> 
     </span>
    </p>
   </div>
   <div class='ocr_carea' id='block_1_24' title="bbox 1021 446 1807 484">
    <p class='ocr_par' dir='ltr' id='par_1_24' title="bbox 1021 446 1807 484">
     <span class='ocr_line' id='line_1_24' title="bbox 1021 446 1807 484; baseline -0.008 -6"><span class='ocrx_word' id='word_1_146' title='bbox 1021 452 1078 478; x_wconf 83' lang='lat' dir='ltr'><strong>sive</strong></span> <span class='ocrx_word' id='word_1_147' title='bbox 1090 451 1122 478; x_wconf 88' lang='lat' dir='ltr'><strong>de</strong></span> <span class='ocrx_word' id='word_1_148' title='bbox 1144 458 1230 483; x_wconf 83' lang='lat' dir='ltr'><strong>more,</strong></span> <span class='ocrx_word' id='word_1_149' title='bbox 1245 449 1368 477; x_wconf 88' lang='lat' dir='ltr'><strong>autumni</strong></span> <span class='ocrx_word' id='word_1_150' title='bbox 1385 454 1519 484; x_wconf 85' lang='lat' dir='ltr'><strong>tempore,</strong></span> <span class='ocrx_word' id='word_1_151' title='bbox 1533 447 1606 482; x_wconf 90' lang='lat' dir='ltr'><strong>quod</strong></span> <span class='ocrx_word' id='word_1_152' title='bbox 1625 446 1807 481; x_wconf 81' lang='lat' dir='ltr'><strong>probabilius,</strong></span> 
     </span>
    </p>
   </div>
   <div class='ocr_carea' id='block_1_25' title="bbox 1021 492 1806 529">
    <p class='ocr_par' dir='ltr' id='par_1_25' title="bbox 1021 492 1806 529">
     <span class='ocr_line' id='line_1_25' title="bbox 1021 492 1806 529; baseline -0.008 -6"><span class='ocrx_word' id='word_1_153' title='bbox 1021 497 1175 523; x_wconf 79' lang='lat' dir='ltr'><strong>celebratus</strong></span> <span class='ocrx_word' id='word_1_154' title='bbox 1191 497 1236 524; x_wconf 91' lang='lat' dir='ltr'><strong>sit.</strong></span> <span class='ocrx_word' id='word_1_155' title='bbox 1263 496 1292 523; x_wconf 87' lang='lat' dir='ltr'><strong>In</strong></span> <span class='ocrx_word' id='word_1_156' title='bbox 1318 503 1351 522; x_wconf 89' lang='lat' dir='ltr'><strong>eo</strong></span> <span class='ocrx_word' id='word_1_157' title='bbox 1373 495 1492 529; x_wconf 92' lang='lat' dir='ltr'><strong>primum</strong></span> <span class='ocrx_word' id='word_1_158' title='bbox 1510 494 1587 520; x_wconf 68' lang='lat' dir='ltr'><strong>lecta:</strong></span> <span class='ocrx_word' id='word_1_159' title='bbox 1608 496 1670 519; x_wconf 88' lang='lat' dir='ltr'><strong>sunt</strong></span> <span class='ocrx_word' id='word_1_160' title='bbox 1698 492 1806 524; x_wconf 64' lang='lat' dir='ltr'><strong>litterat,</strong></span> 
     </span>
    </p>
   </div>
   <div class='ocr_carea' id='block_1_26' title="bbox 1020 537 1807 576">
    <p class='ocr_par' dir='ltr' id='par_1_26' title="bbox 1020 537 1807 576">
     <span class='ocr_line' id='line_1_26' title="bbox 1020 537 1807 576; baseline -0.006 -8"><span class='ocrx_word' id='word_1_161' title='bbox 1020 550 1088 576; x_wconf 82' lang='lat' dir='ltr'><strong>quas</strong></span> <span class='ocrx_word' id='word_1_162' title='bbox 1099 542 1161 569; x_wconf 87' lang='lat' dir='ltr'><strong>ﬁdei</strong></span> <span class='ocrx_word' id='word_1_163' title='bbox 1177 550 1233 569; x_wconf 76' lang='lat' dir='ltr'><strong>sua:</strong></span> <span class='ocrx_word' id='word_1_164' title='bbox 1247 546 1330 568; x_wconf 84' lang='lat' dir='ltr'><strong>testes</strong></span> <span class='ocrx_word' id='word_1_165' title='bbox 1347 540 1467 576; x_wconf 85' lang='lat' dir='ltr'><strong>Cyrillus</strong></span> <span class='ocrx_word' id='word_1_166' title='bbox 1485 540 1511 566; x_wconf 94' lang='lat' dir='ltr'><strong>in</strong></span> <span class='ocrx_word' id='word_1_167' title='bbox 1522 538 1662 566; x_wconf 87' lang='lat' dir='ltr'><strong>Orientem</strong></span> <span class='ocrx_word' id='word_1_168' title='bbox 1676 537 1807 570; x_wconf 79' lang='lat' dir='ltr'><strong>miserat;</strong></span> 
     </span>
    </p>
   </div>
   <div class='ocr_carea' id='block_1_27' title="bbox 1020 584 1806 622">
    <p class='ocr_par' dir='ltr' id='par_1_27' title="bbox 1020 584 1806 622">
     <span class='ocr_line' id='line_1_27' title="bbox 1020 584 1806 622; baseline -0.009 -7"><span class='ocrx_word' id='word_1_169' title='bbox 1020 596 1112 622; x_wconf 64' lang='lat' dir='ltr'><strong>cit-que</strong></span> <span class='ocrx_word' id='word_1_170' title='bbox 1129 592 1191 622; x_wconf 90' lang='lat' dir='ltr'><strong>post</strong></span> <span class='ocrx_word' id='word_1_171' title='bbox 1214 588 1353 614; x_wconf 86' lang='lat' dir='ltr'><strong>curiosum</strong></span> <span class='ocrx_word' id='word_1_172' title='bbox 1379 593 1511 614; x_wconf 84' lang='lat' dir='ltr'><strong>examen.</strong></span> <span class='ocrx_word' id='word_1_173' title='bbox 1538 587 1652 618; x_wconf 83' lang='lat' dir='ltr'><strong>cogente</strong></span> <span class='ocrx_word' id='word_1_174' title='bbox 1678 584 1806 614; x_wconf 83' lang='lat' dir='ltr'><strong>veritate,</strong></span> 
     </span>
    </p>
   </div>
   <div class='ocr_carea' id='block_1_28' title="bbox 1020 630 1808 668">
    <p class='ocr_par' dir='ltr' id='par_1_28' title="bbox 1020 630 1808 668">
     <span class='ocr_line' id='line_1_28' title="bbox 1020 630 1808 668; baseline -0.008 -8"><span class='ocrx_word' id='word_1_175' title='bbox 1020 634 1185 668; x_wconf 71' lang='lat' dir='ltr'><strong>approbatte.</strong></span> <span class='ocrx_word' id='word_1_176' title='bbox 1211 633 1350 660; x_wconf 87' lang='lat' dir='ltr'><strong>Statutum</strong></span> <span class='ocrx_word' id='word_1_177' title='bbox 1382 631 1482 658; x_wconf 89' lang='lat' dir='ltr'><strong>deinde</strong></span> <span class='ocrx_word' id='word_1_178' title='bbox 1505 630 1578 657; x_wconf 90' lang='lat' dir='ltr'><strong>nulla</strong></span> <span class='ocrx_word' id='word_1_179' title='bbox 1604 633 1634 656; x_wconf 93' lang='lat' dir='ltr'><strong>ut</strong></span> <span class='ocrx_word' id='word_1_180' title='bbox 1657 634 1728 655; x_wconf 86' lang='lat' dir='ltr'><strong>esset</strong></span> <span class='ocrx_word' id='word_1_181' title='bbox 1744 635 1808 655; x_wconf 92' lang='lat' dir='ltr'><strong>cum</strong></span> 
     </span>
    </p>
   </div>
   <div class='ocr_carea' id='block_1_29' title="bbox 1019 676 1808 714">
    <p class='ocr_par' dir='ltr' id='par_1_29' title="bbox 1019 676 1808 714">
     <span class='ocr_line' id='line_1_29' title="bbox 1019 676 1808 714; baseline -0.008 -8"><span class='ocrx_word' id='word_1_182' title='bbox 1019 679 1152 714; x_wconf 68' lang='lat' dir='ltr'><strong>IEgyptiis</strong></span> <span class='ocrx_word' id='word_1_183' title='bbox 1177 683 1205 706; x_wconf 87' lang='lat' dir='ltr'><strong>et</strong></span> <span class='ocrx_word' id='word_1_184' title='bbox 1226 676 1538 712; x_wconf 86' lang='lat' dir='ltr'><strong>Constantinopolitanis</strong></span> <span class='ocrx_word' id='word_1_185' title='bbox 1567 682 1708 702; x_wconf 84' lang='lat' dir='ltr'><strong>sacrorum</strong></span> <span class='ocrx_word' id='word_1_186' title='bbox 1733 681 1808 700; x_wconf 92' lang='lat' dir='ltr'><strong>com-</strong></span> 
     </span>
    </p>
   </div>
   <div class='ocr_carea' id='block_1_30' title="bbox 1020 717 1806 756">
    <p class='ocr_par' dir='ltr' id='par_1_30' title="bbox 1020 717 1806 756">
     <span class='ocr_line' id='line_1_30' title="bbox 1020 717 1806 756; baseline -0.009 -5"><span class='ocrx_word' id='word_1_187' title='bbox 1020 725 1124 755; x_wconf 84' lang='lat' dir='ltr'><strong>munio,</strong></span> <span class='ocrx_word' id='word_1_188' title='bbox 1140 725 1227 751; x_wconf 88' lang='lat' dir='ltr'><strong>donec</strong></span> <span class='ocrx_word' id='word_1_189' title='bbox 1241 722 1409 750; x_wconf 82' lang='lat' dir='ltr'><strong>exauctorati</strong></span> <span class='ocrx_word' id='word_1_190' title='bbox 1420 726 1538 756; x_wconf 83' lang='lat' dir='ltr'><strong>quatuor</strong></span> <span class='ocrx_word' id='word_1_191' title='bbox 1549 719 1680 754; x_wconf 79' lang='lat' dir='ltr'><strong>episcopi,</strong></span> <span class='ocrx_word' id='word_1_192' title='bbox 1697 717 1730 745; x_wconf 87' lang='lat' dir='ltr'><strong>de</strong></span> <span class='ocrx_word' id='word_1_193' title='bbox 1743 717 1806 752; x_wconf 90' lang='lat' dir='ltr'><strong>qui-</strong></span> 
     </span>
    </p>
   </div>
   <div class='ocr_carea' id='block_1_31' title="bbox 1020 763 1805 800">
    <p class='ocr_par' dir='ltr' id='par_1_31' title="bbox 1020 763 1805 800">
     <span class='ocr_line' id='line_1_31' title="bbox 1020 763 1805 800; baseline -0.01 -3"><span class='ocrx_word' id='word_1_194' title='bbox 1020 771 1072 798; x_wconf 86' lang='lat' dir='ltr'><strong>bus</strong></span> <span class='ocrx_word' id='word_1_195' title='bbox 1083 774 1163 796; x_wconf 87' lang='lat' dir='ltr'><strong>antea</strong></span> <span class='ocrx_word' id='word_1_196' title='bbox 1181 777 1272 796; x_wconf 89' lang='lat' dir='ltr'><strong>sermo</strong></span> <span class='ocrx_word' id='word_1_197' title='bbox 1292 768 1355 800; x_wconf 81' lang='lat' dir='ltr'><strong>fuit,</strong></span> <span class='ocrx_word' id='word_1_198' title='bbox 1374 767 1588 794; x_wconf 82' lang='lat' dir='ltr'><strong>restituerentur</strong></span> <span class='ocrx_word' id='word_1_199' title='bbox 1600 765 1626 791; x_wconf 92' lang='lat' dir='ltr'><strong>in</strong></span> <span class='ocrx_word' id='word_1_200' title='bbox 1642 772 1705 790; x_wconf 89' lang='lat' dir='ltr'><strong>suas</strong></span> <span class='ocrx_word' id='word_1_201' title='bbox 1715 763 1805 790; x_wconf 88' lang='lat' dir='ltr'><strong>sedes.</strong></span> 
     </span>
    </p>
   </div>
   <div class='ocr_carea' id='block_1_32' title="bbox 1020 809 1806 850">
    <p class='ocr_par' dir='ltr' id='par_1_32' title="bbox 1020 809 1806 850">
     <span class='ocr_line' id='line_1_32' title="bbox 1020 809 1806 850; baseline -0.011 -7"><span class='ocrx_word' id='word_1_202' title='bbox 1020 817 1142 850; x_wconf 88' lang='lat' dir='ltr'><strong>Denique</strong></span> <span class='ocrx_word' id='word_1_203' title='bbox 1153 819 1329 845; x_wconf 84' lang='lat' dir='ltr'><strong>conventum,</strong></span> <span class='ocrx_word' id='word_1_204' title='bbox 1343 817 1373 840; x_wconf 92' lang='lat' dir='ltr'><strong>ut</strong></span> <span class='ocrx_word' id='word_1_205' title='bbox 1397 819 1537 846; x_wconf 77' lang='lat' dir='ltr'><strong>nunquam</strong></span> <span class='ocrx_word' id='word_1_206' title='bbox 1559 811 1585 837; x_wconf 91' lang='lat' dir='ltr'><strong>in</strong></span> <span class='ocrx_word' id='word_1_207' title='bbox 1600 809 1806 837; x_wconf 86' lang='lat' dir='ltr'><strong>damnationem</strong></span> 
     </span>
    </p>
   </div>
   <div class='ocr_carea' id='block_1_33' title="bbox 180 853 1805 894">
    <p class='ocr_par' dir='ltr' id='par_1_33' title="bbox 180 853 1805 894">
     <span class='ocr_line' id='line_1_33' title="bbox 180 853 1805 894; baseline -0.001 -12"><span class='ocrx_word' id='word_1_208' title='bbox 180 860 239 882; x_wconf 88' lang='lat' dir='ltr'><strong>ctus</strong></span> <span class='ocrx_word' id='word_1_209' title='bbox 253 861 294 883; x_wconf 86' lang='lat' dir='ltr'><strong>est</strong></span> <span class='ocrx_word' id='word_1_210' title='bbox 309 857 434 889; x_wconf 82' lang='lat' dir='ltr'><strong>antistes,</strong></span> <span class='ocrx_word' id='word_1_211' title='bbox 455 857 599 892; x_wconf 88' lang='lat' dir='ltr'><strong>pristinam</strong></span> <span class='ocrx_word' id='word_1_212' title='bbox 617 866 672 885; x_wconf 90' lang='lat' dir='ltr'><strong>non</strong></span> <span class='ocrx_word' id='word_1_213' title='bbox 697 859 828 886; x_wconf 81' lang='lat' dir='ltr'><strong>deserens</strong></span> <span class='ocrx_word' id='word_1_214' title='bbox 844 860 968 894; x_wconf 81' lang='lat' dir='ltr'><strong>philoso-</strong></span> <span class='ocrx_word' id='word_1_215' title='bbox 986 853 1004 878; x_wconf 69' lang='grc' dir='ltr'>Β</span> <span class='ocrx_word' id='word_1_216' title='bbox 1020 862 1138 890; x_wconf 84' lang='lat' dir='ltr'><strong>Nestorii</strong></span> <span class='ocrx_word' id='word_1_217' title='bbox 1151 868 1303 889; x_wconf 89' lang='lat' dir='ltr'><strong>consensus</strong></span> <span class='ocrx_word' id='word_1_218' title='bbox 1317 859 1430 886; x_wconf 88' lang='lat' dir='ltr'><strong>daretur</strong></span> <span class='ocrx_word' id='word_1_219' title='bbox 1443 867 1448 883; x_wconf 95' lang='lat'>:</span> <span class='ocrx_word' id='word_1_220' title='bbox 1460 857 1549 884; x_wconf 87' lang='lat' dir='ltr'><strong>videri</strong></span> <span class='ocrx_word' id='word_1_221' title='bbox 1564 856 1666 890; x_wconf 84' lang='lat' dir='ltr'><strong>quippe</strong></span> <span class='ocrx_word' id='word_1_222' title='bbox 1680 855 1805 889; x_wconf 86' lang='lat' dir='ltr'><strong>iniquum</strong></span> 
     </span>
    </p>
   </div>
   <div class='ocr_carea' id='block_1_34' title="bbox 179 902 968 939">
    <p class='ocr_par' dir='ltr' id='par_1_34' title="bbox 179 902 968 939">
     <span class='ocr_line' id='line_1_34' title="bbox 179 902 968 939; baseline 0.006 -11"><span class='ocrx_word' id='word_1_223' title='bbox 179 902 284 936; x_wconf 88' lang='lat' dir='ltr'><strong>phiam,</strong></span> <span class='ocrx_word' id='word_1_224' title='bbox 304 903 350 930; x_wconf 89' lang='lat' dir='ltr'><strong>sed</strong></span> <span class='ocrx_word' id='word_1_225' title='bbox 369 903 510 931; x_wconf 87' lang='lat' dir='ltr'><strong>laboribus</strong></span> <span class='ocrx_word' id='word_1_226' title='bbox 526 905 578 932; x_wconf 85' lang='lat' dir='ltr'><strong>illis</strong></span> <span class='ocrx_word' id='word_1_227' title='bbox 593 904 764 939; x_wconf 84' lang='lat' dir='ltr'><strong>pontiﬁcales</strong></span> <span class='ocrx_word' id='word_1_228' title='bbox 776 906 899 939; x_wconf 88' lang='lat' dir='ltr'><strong>quotidie</strong></span> <span class='ocrx_word' id='word_1_229' title='bbox 923 914 968 933; x_wconf 80' lang='lat' dir='ltr'><strong>su—</strong></span> 
     </span>
    </p>
   </div>
   <div class='ocr_carea' id='block_1_35' title="bbox 180 948 456 984">
    <p class='ocr_par' dir='ltr' id='par_1_35' title="bbox 180 948 456 984">
     <span class='ocr_line' id='line_1_35' title="bbox 180 948 456 984; baseline 0.004 -9"><span class='ocrx_word' id='word_1_230' title='bbox 180 948 262 976; x_wconf 88' lang='lat' dir='ltr'><strong>dores</strong></span> <span class='ocrx_word' id='word_1_231' title='bbox 281 949 423 984; x_wconf 84' lang='lat' dir='ltr'><strong>adjiciens.</strong></span> <span class='ocrx_word' id='word_1_232' title='bbox 448 960 456 975; x_wconf 81' lang='grc' dir='ltr'><strong>ι</strong></span> 
     </span>
    </p>
   </div>
   <div class='ocr_carea' id='block_1_36' title="bbox 216 995 965 1033">
    <p class='ocr_par' dir='ltr' id='par_1_36' title="bbox 216 995 965 1033">
     <span class='ocr_line' id='line_1_36' title="bbox 216 995 965 1033; baseline 0.007 -12"><span class='ocrx_word' id='word_1_233' title='bbox 216 995 246 1020; x_wconf 90' lang='lat' dir='ltr'><strong>V.</strong></span> <span class='ocrx_word' id='word_1_234' title='bbox 263 995 374 1022; x_wconf 68' lang='lat' dir='ltr'><strong>Litterae</strong></span> <span class='ocrx_word' id='word_1_235' title='bbox 387 996 480 1031; x_wconf 80' lang='lat' dir='ltr'><strong>Cyrilli</strong></span> <span class='ocrx_word' id='word_1_236' title='bbox 492 996 586 1023; x_wconf 75' lang='lat' dir='ltr'><strong>Berma</strong></span> <span class='ocrx_word' id='word_1_237' title='bbox 600 998 690 1025; x_wconf 76' lang='lat' dir='ltr'><strong>missa:</strong></span> <span class='ocrx_word' id='word_1_238' title='bbox 702 1002 767 1025; x_wconf 86' lang='lat' dir='ltr'><strong>sunt</strong></span> <span class='ocrx_word' id='word_1_239' title='bbox 787 998 965 1033; x_wconf 88' lang='lat' dir='ltr'><strong>Ilierapolim,</strong></span> 
     </span>
    </p>
   </div>
   <div class='ocr_carea' id='block_1_37' title="bbox 179 1039 964 1080">
    <p class='ocr_par' dir='ltr' id='par_1_37' title="bbox 179 1039 964 1080">
     <span class='ocr_line' id='line_1_37' title="bbox 179 1039 964 1080; baseline 0.008 -14"><span class='ocrx_word' id='word_1_240' title='bbox 179 1039 226 1066; x_wconf 82' lang='lat' dir='ltr'><strong>ilbi</strong></span> <span class='ocrx_word' id='word_1_241' title='bbox 246 1040 402 1067; x_wconf 87' lang='lat' dir='ltr'><strong>Alexander</strong></span> <span class='ocrx_word' id='word_1_242' title='bbox 428 1049 484 1068; x_wconf 66' lang='lat' dir='ltr'><strong>suae</strong></span> <span class='ocrx_word' id='word_1_243' title='bbox 501 1042 649 1076; x_wconf 75' lang='lat' dir='ltr'><strong>provinciae</strong></span> <span class='ocrx_word' id='word_1_244' title='bbox 679 1043 800 1071; x_wconf 85' lang='lat' dir='ltr'><strong>habebat</strong></span> <span class='ocrx_word' id='word_1_245' title='bbox 819 1045 964 1080; x_wconf 84' lang='lat' dir='ltr'><strong>synodum.</strong></span> 
     </span>
    </p>
   </div>
   <div class='ocr_carea' id='block_1_38' title="bbox 179 1084 966 1125">
    <p class='ocr_par' dir='ltr' id='par_1_38' title="bbox 179 1084 966 1125">
     <span class='ocr_line' id='line_1_38' title="bbox 179 1084 966 1125; baseline 0.009 -15"><span class='ocrx_word' id='word_1_246' title='bbox 179 1084 276 1112; x_wconf 89' lang='lat' dir='ltr'><strong>Leetas</strong></span> <span class='ocrx_word' id='word_1_247' title='bbox 291 1085 481 1114; x_wconf 77' lang='lat' dir='ltr'><strong>Theodore‘tus</strong></span> <span class='ocrx_word' id='word_1_248' title='bbox 495 1087 523 1117; x_wconf 87' lang='lat' dir='ltr'><strong>in</strong></span> <span class='ocrx_word' id='word_1_249' title='bbox 539 1093 611 1114; x_wconf 77' lang='lat' dir='ltr'><strong>ctetu</strong></span> <span class='ocrx_word' id='word_1_250' title='bbox 627 1088 819 1123; x_wconf 60' lang='lat' dir='ltr'><strong>episcoporum</strong></span> <span class='ocrx_word' id='word_1_251' title='bbox 836 1097 890 1116; x_wconf 91' lang='lat' dir='ltr'><strong>non</strong></span> <span class='ocrx_word' id='word_1_252' title='bbox 916 1098 966 1125; x_wconf 90' lang='lat' dir='ltr'><strong>po-</strong></span> 
     </span>
    </p>
   </div>
   <div class='ocr_carea' id='block_1_39' title="bbox 177 1130 966 1170">
    <p class='ocr_par' dir='ltr' id='par_1_39' title="bbox 177 1130 966 1170">
     <span class='ocr_line' id='line_1_39' title="bbox 177 1130 966 1170; baseline 0.009 -14"><span class='ocrx_word' id='word_1_253' title='bbox 177 1130 231 1157; x_wconf 91' lang='lat' dir='ltr'><strong>tuit</strong></span> <span class='ocrx_word' id='word_1_254' title='bbox 247 1138 300 1157; x_wconf 91' lang='lat' dir='ltr'><strong>non</strong></span> <span class='ocrx_word' id='word_1_255' title='bbox 318 1131 445 1165; x_wconf 89' lang='lat' dir='ltr'><strong>probare,</strong></span> <span class='ocrx_word' id='word_1_256' title='bbox 462 1132 510 1159; x_wconf 92' lang='lat' dir='ltr'><strong>sed</strong></span> <span class='ocrx_word' id='word_1_257' title='bbox 526 1134 626 1167; x_wconf 87' lang='lat' dir='ltr'><strong>sparsit</strong></span> <span class='ocrx_word' id='word_1_258' title='bbox 639 1133 666 1160; x_wconf 93' lang='lat' dir='ltr'><strong>in</strong></span> <span class='ocrx_word' id='word_1_259' title='bbox 687 1135 794 1169; x_wconf 85' lang='lat' dir='ltr'><strong>vulgus,</strong></span> <span class='ocrx_word' id='word_1_260' title='bbox 816 1135 966 1170; x_wconf 85' lang='lat' dir='ltr'><strong>multisque</strong></span> 
     </span>
    </p>
   </div>
   <div class='ocr_carea' id='block_1_40' title="bbox 176 1176 967 1213">
    <p class='ocr_par' dir='ltr' id='par_1_40' title="bbox 176 1176 967 1213">
     <span class='ocr_line' id='line_1_40' title="bbox 176 1176 967 1213; baseline 0.009 -12"><span class='ocrx_word' id='word_1_261' title='bbox 176 1177 313 1210; x_wconf 83' lang='lat' dir='ltr'><strong>persuasit</strong></span> <span class='ocrx_word' id='word_1_262' title='bbox 352 1176 529 1212; x_wconf 66' lang='lat' dir='ltr'><strong>Egyptium,</strong></span> <span class='ocrx_word' id='word_1_263' title='bbox 571 1187 626 1213; x_wconf 92' lang='lat' dir='ltr'><strong>quo</strong></span> <span class='ocrx_word' id='word_1_264' title='bbox 670 1180 780 1207; x_wconf 89' lang='lat' dir='ltr'><strong>nomine</strong></span> <span class='ocrx_word' id='word_1_265' title='bbox 807 1181 967 1209; x_wconf 85' lang='lat' dir='ltr'><strong>traducebat</strong></span> 
     </span>
    </p>
   </div>
   <div class='ocr_carea' id='block_1_41' title="bbox 174 1220 965 1259">
    <p class='ocr_par' dir='ltr' id='par_1_41' title="bbox 174 1220 965 1259">
     <span class='ocr_line' id='line_1_41' title="bbox 174 1220 965 1259; baseline 0.008 -12"><span class='ocrx_word' id='word_1_266' title='bbox 174 1220 323 1256; x_wconf 80' lang='lat' dir='ltr'><strong>Cyrillum,</strong></span> <span class='ocrx_word' id='word_1_267' title='bbox 341 1223 476 1256; x_wconf 82' lang='lat' dir='ltr'><strong>ejusmodi</strong></span> <span class='ocrx_word' id='word_1_268' title='bbox 503 1223 575 1251; x_wconf 84' lang='lat' dir='ltr'><strong>facto</strong></span> <span class='ocrx_word' id='word_1_269' title='bbox 608 1225 634 1251; x_wconf 88' lang='lat' dir='ltr'><strong>in</strong></span> <span class='ocrx_word' id='word_1_270' title='bbox 666 1230 757 1259; x_wconf 89' lang='lat' dir='ltr'><strong>partes</strong></span> <span class='ocrx_word' id='word_1_271' title='bbox 783 1226 965 1253; x_wconf 80' lang='lat' dir='ltr'><strong>Orientalium</strong></span> 
     </span>
    </p>
   </div>
   <div class='ocr_carea' id='block_1_42' title="bbox 175 1266 965 1301">
    <p class='ocr_par' dir='ltr' id='par_1_42' title="bbox 175 1266 965 1301">
     <span class='ocr_line' id='line_1_42' title="bbox 175 1266 965 1301; baseline 0.009 -9"><span class='ocrx_word' id='word_1_272' title='bbox 175 1266 317 1301; x_wconf 78' lang='lat' dir='ltr'><strong>ipsiusque</strong></span> <span class='ocrx_word' id='word_1_273' title='bbox 343 1267 473 1300; x_wconf 87' lang='lat' dir='ltr'><strong>Nestorii,</strong></span> <span class='ocrx_word' id='word_1_274' title='bbox 498 1269 582 1295; x_wconf 88' lang='lat' dir='ltr'><strong>verbo</strong></span> <span class='ocrx_word' id='word_1_275' title='bbox 612 1274 716 1296; x_wconf 84' lang='lat' dir='ltr'><strong>tantum</strong></span> <span class='ocrx_word' id='word_1_276' title='bbox 733 1271 766 1297; x_wconf 84' lang='lat' dir='ltr'><strong>ab</strong></span> <span class='ocrx_word' id='word_1_277' title='bbox 778 1270 965 1299; x_wconf 89' lang='lat' dir='ltr'><strong>Orientalibus</strong></span> 
     </span>
    </p>
   </div>
   <div class='ocr_carea' id='block_1_43' title="bbox 176 1311 965 1352">
    <p class='ocr_par' dir='ltr' id='par_1_43' title="bbox 176 1311 965 1352">
     <span class='ocr_line' id='line_1_43' title="bbox 176 1311 965 1352; baseline 0.006 -13"><span class='ocrx_word' id='word_1_278' title='bbox 176 1311 288 1343; x_wconf 86' lang='lat' dir='ltr'><strong>diversi,</strong></span> <span class='ocrx_word' id='word_1_279' title='bbox 307 1312 425 1340; x_wconf 81' lang='lat' dir='ltr'><strong>venisse.</strong></span> <span class='ocrx_word' id='word_1_280' title='bbox 444 1313 523 1349; x_wconf 78' lang='lat'><strong>166</strong></span> <span class='ocrx_word' id='word_1_281' title='bbox 539 1314 600 1341; x_wconf 59' lang='lat' dir='ltr'><strong>Haec</strong></span> <span class='ocrx_word' id='word_1_282' title='bbox 611 1322 644 1341; x_wconf 89' lang='lat' dir='ltr'><strong>eo</strong></span> <span class='ocrx_word' id='word_1_283' title='bbox 662 1323 748 1350; x_wconf 87' lang='lat' dir='ltr'><strong>usque</strong></span> <span class='ocrx_word' id='word_1_284' title='bbox 768 1321 913 1352; x_wconf 79' lang='lat' dir='ltr'><strong>pervagata</strong></span> <span class='ocrx_word' id='word_1_285' title='bbox 924 1322 965 1344; x_wconf 89' lang='lat' dir='ltr'><strong>est</strong></span> 
     </span>
    </p>
   </div>
   <div class='ocr_carea' id='block_1_44' title="bbox 176 1357 964 1396">
    <p class='ocr_par' dir='ltr' id='par_1_44' title="bbox 176 1357 964 1396">
     <span class='ocr_line' id='line_1_44' title="bbox 176 1357 964 1396; baseline 0.009 -13"><span class='ocrx_word' id='word_1_286' title='bbox 176 1357 257 1389; x_wconf 75' lang='lat' dir='ltr'><strong>fama,</strong></span> <span class='ocrx_word' id='word_1_287' title='bbox 273 1361 303 1384; x_wconf 91' lang='lat' dir='ltr'><strong>ut</strong></span> <span class='ocrx_word' id='word_1_288' title='bbox 323 1358 455 1393; x_wconf 90' lang='lat' dir='ltr'><strong>Cyrillum</strong></span> <span class='ocrx_word' id='word_1_289' title='bbox 480 1359 600 1394; x_wconf 75' lang='lat' dir='ltr'><strong>coegerit</strong></span> <span class='ocrx_word' id='word_1_290' title='bbox 617 1366 710 1395; x_wconf 88' lang='lat' dir='ltr'><strong>postea</strong></span> <span class='ocrx_word' id='word_1_291' title='bbox 727 1362 760 1388; x_wconf 90' lang='lat' dir='ltr'><strong>ad</strong></span> <span class='ocrx_word' id='word_1_292' title='bbox 786 1363 964 1396; x_wconf 83' lang='lat' dir='ltr'><strong>calumniam,</strong></span> 
     </span>
    </p>
   </div>
   <div class='ocr_carea' id='block_1_45' title="bbox 176 1401 963 1441">
    <p class='ocr_par' dir='ltr' id='par_1_45' title="bbox 176 1401 963 1441">
     <span class='ocr_line' id='line_1_45' title="bbox 176 1401 963 1441; baseline 0.009 -14"><span class='ocrx_word' id='word_1_293' title='bbox 176 1409 230 1428; x_wconf 91' lang='lat' dir='ltr'><strong>non</strong></span> <span class='ocrx_word' id='word_1_294' title='bbox 241 1401 399 1436; x_wconf 90' lang='lat' dir='ltr'><strong>injuriosam</strong></span> <span class='ocrx_word' id='word_1_295' title='bbox 411 1403 497 1438; x_wconf 88' lang='lat' dir='ltr'><strong>magis</strong></span> <span class='ocrx_word' id='word_1_296' title='bbox 508 1412 589 1438; x_wconf 89' lang='lat' dir='ltr'><strong>quam</strong></span> <span class='ocrx_word' id='word_1_297' title='bbox 604 1406 783 1439; x_wconf 78' lang='lat' dir='ltr'><strong>probabilem,</strong></span> <span class='ocrx_word' id='word_1_298' title='bbox 793 1407 963 1441; x_wconf 85' lang='lat' dir='ltr'><strong>diluendam,</strong></span> 
     </span>
    </p>
   </div>
   <div class='ocr_carea' id='block_1_46' title="bbox 177 1447 964 1485">
    <p class='ocr_par' dir='ltr' id='par_1_46' title="bbox 177 1447 964 1485">
     <span class='ocr_line' id='line_1_46' title="bbox 177 1447 964 1485; baseline 0.011 -13"><span class='ocrx_word' id='word_1_299' title='bbox 177 1447 298 1474; x_wconf 86' lang='lat' dir='ltr'><strong>scribere</strong></span> <span class='ocrx_word' id='word_1_300' title='bbox 313 1447 456 1482; x_wconf 86' lang='lat' dir='ltr'><strong>epistolam</strong></span> <span class='ocrx_word' id='word_1_301' title='bbox 471 1450 617 1477; x_wconf 88' lang='lat' dir='ltr'><strong>admodum</strong></span> <span class='ocrx_word' id='word_1_302' title='bbox 640 1452 772 1485; x_wconf 80' lang='lat' dir='ltr'><strong>prolixam</strong></span> <span class='ocrx_word' id='word_1_303' title='bbox 793 1453 892 1480; x_wconf 79' lang='lat' dir='ltr'><strong>Acacio</strong></span> <span class='ocrx_word' id='word_1_304' title='bbox 907 1454 964 1481; x_wconf 61' lang='grc' dir='ltr'><strong>Μίδα</strong></span> 
     </span>
    </p>
   </div>
   <div class='ocr_carea' id='block_1_47' title="bbox 176 1492 962 1530">
    <p class='ocr_par' dir='ltr' id='par_1_47' title="bbox 176 1492 962 1530">
     <span class='ocr_line' id='line_1_47' title="bbox 176 1492 962 1530; baseline 0.01 -12"><span class='ocrx_word' id='word_1_305' title='bbox 176 1492 275 1520; x_wconf 77' lang='lat' dir='ltr'><strong>litenes</strong></span> <span class='ocrx_word' id='word_1_306' title='bbox 293 1494 422 1529; x_wconf 89' lang='lat' dir='ltr'><strong>episcopo</strong></span> <span class='ocrx_word' id='word_1_307' title='bbox 432 1495 466 1528; x_wconf 77' lang='lat'><strong>&quot;,</strong></span> <span class='ocrx_word' id='word_1_308' title='bbox 484 1503 499 1522; x_wconf 91' lang='lat' dir='ltr'><strong>a</strong></span> <span class='ocrx_word' id='word_1_309' title='bbox 516 1504 570 1530; x_wconf 90' lang='lat' dir='ltr'><strong>quo</strong></span> <span class='ocrx_word' id='word_1_310' title='bbox 585 1497 618 1524; x_wconf 91' lang='lat' dir='ltr'><strong>dc</strong></span> <span class='ocrx_word' id='word_1_311' title='bbox 636 1497 802 1524; x_wconf 86' lang='lat' dir='ltr'><strong>Theodoreti</strong></span> <span class='ocrx_word' id='word_1_312' title='bbox 823 1500 962 1526; x_wconf 90' lang='lat' dir='ltr'><strong>sermoni-</strong></span> 
     </span>
    </p>
   </div>
   <div class='ocr_carea' id='block_1_48' title="bbox 175 1538 963 1577">
    <p class='ocr_par' dir='ltr' id='par_1_48' title="bbox 175 1538 963 1577">
     <span class='ocr_line' id='line_1_48' title="bbox 175 1538 963 1577; baseline 0.009 -12"><span class='ocrx_word' id='word_1_313' title='bbox 175 1538 228 1565; x_wconf 82' lang='lat' dir='ltr'><strong>bus</strong></span> <span class='ocrx_word' id='word_1_314' title='bbox 261 1540 381 1567; x_wconf 88' lang='lat' dir='ltr'><strong>tnonitus</strong></span> <span class='ocrx_word' id='word_1_315' title='bbox 405 1545 474 1573; x_wconf 88' lang='lat' dir='ltr'><strong>erat,</strong></span> <span class='ocrx_word' id='word_1_316' title='bbox 491 1546 519 1568; x_wconf 87' lang='lat' dir='ltr'><strong>et</strong></span> <span class='ocrx_word' id='word_1_317' title='bbox 533 1542 627 1575; x_wconf 90' lang='lat' dir='ltr'><strong>simul,</strong></span> <span class='ocrx_word' id='word_1_318' title='bbox 649 1547 760 1577; x_wconf 88' lang='lat' dir='ltr'><strong>propter</strong></span> <span class='ocrx_word' id='word_1_319' title='bbox 786 1543 885 1571; x_wconf 78' lang='lat' dir='ltr'><strong>factam</strong></span> <span class='ocrx_word' id='word_1_320' title='bbox 900 1553 963 1573; x_wconf 92' lang='lat' dir='ltr'><strong>eum</strong></span> 
     </span>
    </p>
   </div>
   <div class='ocr_carea' id='block_1_49' title="bbox 174 1583 964 1626">
    <p class='ocr_par' dir='ltr' id='par_1_49' title="bbox 174 1583 964 1626">
     <span class='ocr_line' id='line_1_49' title="bbox 174 1583 964 1626; baseline 0.01 -16"><span class='ocrx_word' id='word_1_321' title='bbox 174 1583 359 1612; x_wconf 88' lang='lat' dir='ltr'><strong>Orientalibus</strong></span> <span class='ocrx_word' id='word_1_322' title='bbox 371 1587 556 1619; x_wconf 86' lang='lat' dir='ltr'><strong>concordiam,</strong></span> <span class='ocrx_word' id='word_1_323' title='bbox 572 1595 642 1622; x_wconf 88' lang='lat' dir='ltr'><strong>pene</strong></span> <span class='ocrx_word' id='word_1_324' title='bbox 666 1593 809 1616; x_wconf 87' lang='lat' dir='ltr'><strong>accusatus</strong></span> <span class='ocrx_word' id='word_1_325' title='bbox 830 1589 893 1617; x_wconf 83' lang='lat' dir='ltr'><strong>ﬁdei</strong></span> <span class='ocrx_word' id='word_1_326' title='bbox 915 1599 964 1626; x_wconf 90' lang='lat' dir='ltr'><strong>per</strong></span> 
     </span>
    </p>
   </div>
   <div class='ocr_carea' id='block_1_50' title="bbox 176 1630 837 1669">
    <p class='ocr_par' dir='ltr' id='par_1_50' title="bbox 176 1630 837 1669">
     <span class='ocr_line' id='line_1_50' title="bbox 176 1630 837 1669; baseline 0.009 -13"><span class='ocrx_word' id='word_1_327' title='bbox 176 1630 358 1658; x_wconf 84' lang='lat' dir='ltr'><strong>inconsultam</strong></span> <span class='ocrx_word' id='word_1_328' title='bbox 374 1639 450 1659; x_wconf 80' lang='lat' dir='ltr'><strong>suam</strong></span> <span class='ocrx_word' id='word_1_329' title='bbox 465 1633 697 1667; x_wconf 87' lang='lat' dir='ltr'><strong>dispensationem</strong></span> <span class='ocrx_word' id='word_1_330' title='bbox 714 1635 837 1669; x_wconf 77' lang='lat' dir='ltr'><strong>proditae.</strong></span> 
     </span>
    </p>
   </div>
   <div class='ocr_carea' id='block_1_51' title="bbox 210 1675 961 1715">
    <p class='ocr_par' dir='ltr' id='par_1_51' title="bbox 210 1675 961 1715">
     <span class='ocr_line' id='line_1_51' title="bbox 210 1675 961 1715; baseline 0.009 -13"><span class='ocrx_word' id='word_1_331' title='bbox 210 1675 254 1702; x_wconf 83' lang='lat' dir='ltr'><strong>Vl.</strong></span> <span class='ocrx_word' id='word_1_332' title='bbox 270 1677 339 1703; x_wconf 90' lang='lat' dir='ltr'><strong>Dum</strong></span> <span class='ocrx_word' id='word_1_333' title='bbox 347 1678 486 1712; x_wconf 83' lang='lat' dir='ltr'><strong>negotium</strong></span> <span class='ocrx_word' id='word_1_334' title='bbox 497 1679 571 1712; x_wconf 87' lang='lat' dir='ltr'><strong>pacis</strong></span> <span class='ocrx_word' id='word_1_335' title='bbox 579 1680 683 1714; x_wconf 79' lang='lat' dir='ltr'><strong>geritur</strong></span> <span class='ocrx_word' id='word_1_336' title='bbox 692 1681 791 1715; x_wconf 82' lang='lat' dir='ltr'><strong>partim</strong></span> <span class='ocrx_word' id='word_1_337' title='bbox 803 1681 830 1707; x_wconf 91' lang='lat' dir='ltr'><strong>in</strong></span> <span class='ocrx_word' id='word_1_338' title='bbox 838 1680 961 1714; x_wconf 87' lang='lat' dir='ltr'><strong>Oriente,</strong></span> 
     </span>
    </p>
   </div>
   <div class='ocr_carea' id='block_1_52' title="bbox 175 1721 962 1759">
    <p class='ocr_par' dir='ltr' id='par_1_52' title="bbox 175 1721 962 1759">
     <span class='ocr_line' id='line_1_52' title="bbox 175 1721 962 1759; baseline 0.009 -12"><span class='ocrx_word' id='word_1_339' title='bbox 175 1721 275 1755; x_wconf 87' lang='lat' dir='ltr'><strong>partim</strong></span> <span class='ocrx_word' id='word_1_340' title='bbox 293 1722 319 1748; x_wconf 94' lang='lat' dir='ltr'><strong>in</strong></span> <span class='ocrx_word' id='word_1_341' title='bbox 337 1722 463 1757; x_wconf 64' lang='lat' dir='ltr'><strong>Egypto,</strong></span> <span class='ocrx_word' id='word_1_342' title='bbox 489 1731 545 1758; x_wconf 89' lang='lat' dir='ltr'><strong>quo</strong></span> <span class='ocrx_word' id='word_1_343' title='bbox 571 1732 600 1751; x_wconf 89' lang='lat' dir='ltr'><strong>se</strong></span> <span class='ocrx_word' id='word_1_344' title='bbox 616 1726 769 1753; x_wconf 85' lang='lat' dir='ltr'><strong>contulerat</strong></span> <span class='ocrx_word' id='word_1_345' title='bbox 793 1726 962 1759; x_wconf 80' lang='lat' dir='ltr'><strong>Aristolaus,</strong></span> 
     </span>
    </p>
   </div>
   <div class='ocr_carea' id='block_1_53' title="bbox 174 1770 963 1804">
    <p class='ocr_par' dir='ltr' id='par_1_53' title="bbox 174 1770 963 1804">
     <span class='ocr_line' id='line_1_53' title="bbox 174 1770 963 1804; baseline 0.01 -12"><span class='ocrx_word' id='word_1_346' title='bbox 174 1770 306 1800; x_wconf 57' lang='lat' dir='ltr'><strong>pertaesus</strong></span> <span class='ocrx_word' id='word_1_347' title='bbox 319 1774 469 1800; x_wconf 88' lang='lat' dir='ltr'><strong>morarum,</strong></span> <span class='ocrx_word' id='word_1_348' title='bbox 484 1777 553 1803; x_wconf 87' lang='lat' dir='ltr'><strong>quas</strong></span> <span class='ocrx_word' id='word_1_349' title='bbox 575 1770 694 1804; x_wconf 89' lang='lat' dir='ltr'><strong>partium</strong></span> <span class='ocrx_word' id='word_1_350' title='bbox 708 1772 849 1799; x_wconf 87' lang='lat' dir='ltr'><strong>contentio</strong></span> <span class='ocrx_word' id='word_1_351' title='bbox 869 1777 963 1800; x_wconf 87' lang='lat' dir='ltr'><strong>necte-</strong></span> 
     </span>
    </p>
   </div>
   <div class='ocr_carea' id='block_1_54' title="bbox 174 1810 962 1849">
    <p class='ocr_par' dir='ltr' id='par_1_54' title="bbox 174 1810 962 1849">
     <span class='ocr_line' id='line_1_54' title="bbox 174 1810 962 1849; baseline 0.01 -12"><span class='ocrx_word' id='word_1_352' title='bbox 174 1810 231 1843; x_wconf 78' lang='lat' dir='ltr'><strong>bat,</strong></span> <span class='ocrx_word' id='word_1_353' title='bbox 246 1811 450 1845; x_wconf 87' lang='lat' dir='ltr'><strong>Theodoretus,</strong></span> <span class='ocrx_word' id='word_1_354' title='bbox 467 1821 537 1849; x_wconf 64' lang='lat' dir='ltr'><strong>aegre</strong></span> <span class='ocrx_word' id='word_1_355' title='bbox 564 1814 655 1843; x_wconf 80' lang='lat' dir='ltr'><strong>ferens</strong></span> <span class='ocrx_word' id='word_1_356' title='bbox 677 1824 736 1843; x_wconf 90' lang='lat' dir='ltr'><strong>rem</strong></span> <span class='ocrx_word' id='word_1_357' title='bbox 767 1825 823 1844; x_wconf 92' lang='lat' dir='ltr'><strong>non</strong></span> <span class='ocrx_word' id='word_1_358' title='bbox 849 1818 962 1845; x_wconf 86' lang='lat' dir='ltr'><strong>evenire</strong></span> 
     </span>
    </p>
   </div>
   <div class='ocr_carea' id='block_1_55' title="bbox 174 1856 961 1898">
    <p class='ocr_par' dir='ltr' id='par_1_55' title="bbox 174 1856 961 1898">
     <span class='ocr_line' id='line_1_55' title="bbox 174 1856 961 1898; baseline 0.011 -16"><span class='ocrx_word' id='word_1_359' title='bbox 174 1863 208 1883; x_wconf 84' lang='lat' dir='ltr'><strong>ex</strong></span> <span class='ocrx_word' id='word_1_360' title='bbox 218 1856 301 1884; x_wconf 90' lang='lat' dir='ltr'><strong>animi</strong></span> <span class='ocrx_word' id='word_1_361' title='bbox 316 1858 358 1884; x_wconf 88' lang='lat' dir='ltr'><strong>sui</strong></span> <span class='ocrx_word' id='word_1_362' title='bbox 371 1859 516 1891; x_wconf 84' lang='lat' dir='ltr'><strong>sententia,</strong></span> <span class='ocrx_word' id='word_1_363' title='bbox 532 1860 637 1888; x_wconf 88' lang='lat' dir='ltr'><strong>litteras</strong></span> <span class='ocrx_word' id='word_1_364' title='bbox 653 1861 729 1890; x_wconf 89' lang='lat' dir='ltr'><strong>dedit</strong></span> <span class='ocrx_word' id='word_1_365' title='bbox 741 1863 763 1879; x_wconf 75' lang='grc' dir='ltr'><strong>⁸ο</strong></span> <span class='ocrx_word' id='word_1_366' title='bbox 779 1863 813 1890; x_wconf 91' lang='lat' dir='ltr'><strong>ad</strong></span> <span class='ocrx_word' id='word_1_367' title='bbox 823 1864 961 1898; x_wconf 80' lang='lat' dir='ltr'><strong>geminum</strong></span> 
     </span>
    </p>
   </div>
   <div class='ocr_carea' id='block_1_56' title="bbox 173 1901 960 1943">
    <p class='ocr_par' dir='ltr' id='par_1_56' title="bbox 173 1901 960 1943">
     <span class='ocr_line' id='line_1_56' title="bbox 173 1901 960 1943; baseline 0.011 -16"><span class='ocrx_word' id='word_1_368' title='bbox 173 1901 323 1934; x_wconf 81' lang='lat' dir='ltr'><strong>Andream,</strong></span> <span class='ocrx_word' id='word_1_369' title='bbox 335 1904 499 1931; x_wconf 87' lang='lat' dir='ltr'><strong>monachum</strong></span> <span class='ocrx_word' id='word_1_370' title='bbox 513 1906 617 1933; x_wconf 88' lang='lat' dir='ltr'><strong>scilicet</strong></span> <span class='ocrx_word' id='word_1_371' title='bbox 625 1906 960 1943; x_wconf 88' lang='lat' dir='ltr'><strong>Constantinopolitanum</strong></span> 
     </span>
    </p>
   </div>
   <div class='ocr_carea' id='block_1_57' title="bbox 174 1947 962 1988">
    <p class='ocr_par' dir='ltr' id='par_1_57' title="bbox 174 1947 962 1988">
     <span class='ocr_line' id='line_1_57' title="bbox 174 1947 962 1988; baseline 0.01 -14"><span class='ocrx_word' id='word_1_372' title='bbox 174 1947 415 1976; x_wconf 86' lang='lat' dir='ltr'><strong>etSamosatenum</strong></span> <span class='ocrx_word' id='word_1_373' title='bbox 426 1950 586 1986; x_wconf 88' lang='lat' dir='ltr'><strong>episcopum</strong></span> <span class='ocrx_word' id='word_1_374' title='bbox 600 1961 606 1978; x_wconf 89' lang='lat'>:</span> <span class='ocrx_word' id='word_1_375' title='bbox 625 1952 701 1980; x_wconf 90' lang='lat' dir='ltr'><strong>dedit</strong></span> <span class='ocrx_word' id='word_1_376' title='bbox 711 1954 815 1988; x_wconf 89' lang='lat' dir='ltr'><strong>pariter</strong></span> <span class='ocrx_word' id='word_1_377' title='bbox 829 1954 862 1981; x_wconf 90' lang='lat' dir='ltr'><strong>ad</strong></span> <span class='ocrx_word' id='word_1_378' title='bbox 878 1955 962 1982; x_wconf 86' lang='lat' dir='ltr'><strong>Joan-</strong></span> 
     </span>
    </p>
   </div>
   <div class='ocr_carea' id='block_1_58' title="bbox 173 1993 960 2032">
    <p class='ocr_par' dir='ltr' id='par_1_58' title="bbox 173 1993 960 2032">
     <span class='ocr_line' id='line_1_58' title="bbox 173 1993 960 2032; baseline 0.011 -13"><span class='ocrx_word' id='word_1_379' title='bbox 173 1999 237 2019; x_wconf 86' lang='lat' dir='ltr'><strong>nem</strong></span> <span class='ocrx_word' id='word_1_380' title='bbox 247 1993 446 2022; x_wconf 86' lang='lat' dir='ltr'><strong>Antiochenum</strong></span> <span class='ocrx_word' id='word_1_381' title='bbox 460 2000 541 2031; x_wconf 86' lang='lat' dir='ltr'><strong>atque</strong></span> <span class='ocrx_word' id='word_1_382' title='bbox 558 1997 696 2025; x_wconf 83' lang='lat' dir='ltr'><strong>llimerum</strong></span> <span class='ocrx_word' id='word_1_383' title='bbox 709 1999 960 2032; x_wconf 87' lang='lat' dir='ltr'><strong>Nicomediensem,</strong></span> 
     </span>
    </p>
   </div>
   <div class='ocr_carea' id='block_1_59' title="bbox 173 2038 960 2082">
    <p class='ocr_par' dir='ltr' id='par_1_59' title="bbox 173 2038 960 2082">
     <span class='ocr_line' id='line_1_59' title="bbox 173 2038 960 2082; baseline 0.013 -18"><span class='ocrx_word' id='word_1_384' title='bbox 173 2038 274 2072; x_wconf 89' lang='lat' dir='ltr'><strong>quibus</strong></span> <span class='ocrx_word' id='word_1_385' title='bbox 296 2043 411 2068; x_wconf 80' lang='lat' dir='ltr'><strong>testatur</strong></span> <span class='ocrx_word' id='word_1_386' title='bbox 433 2049 462 2069; x_wconf 86' lang='lat' dir='ltr'><strong>se</strong></span> <span class='ocrx_word' id='word_1_387' title='bbox 479 2043 548 2070; x_wconf 90' lang='lat' dir='ltr'><strong>nihil</strong></span> <span class='ocrx_word' id='word_1_388' title='bbox 571 2044 682 2078; x_wconf 87' lang='lat' dir='ltr'><strong>quidem</strong></span> <span class='ocrx_word' id='word_1_389' title='bbox 701 2045 728 2072; x_wconf 90' lang='lat' dir='ltr'><strong>in</strong></span> <span class='ocrx_word' id='word_1_390' title='bbox 741 2046 842 2074; x_wconf 90' lang='lat' dir='ltr'><strong>litteris</strong></span> <span class='ocrx_word' id='word_1_391' title='bbox 865 2046 960 2082; x_wconf 90' lang='lat' dir='ltr'><strong>Cyrilli</strong></span> 
     </span>
    </p>
   </div>
   <div class='ocr_carea' id='block_1_60' title="bbox 175 2084 960 2123">
    <p class='ocr_par' dir='ltr' id='par_1_60' title="bbox 175 2084 960 2123">
     <span class='ocr_line' id='line_1_60' title="bbox 175 2084 960 2123; baseline 0.015 -15"><span class='ocrx_word' id='word_1_392' title='bbox 175 2084 311 2117; x_wconf 88' lang='lat' dir='ltr'><strong>reperisse</strong></span> <span class='ocrx_word' id='word_1_393' title='bbox 330 2093 403 2115; x_wconf 64' lang='lat' dir='ltr'><strong>sana:</strong></span> <span class='ocrx_word' id='word_1_394' title='bbox 433 2087 565 2116; x_wconf 66' lang='lat' dir='ltr'><strong>doctrinae</strong></span> <span class='ocrx_word' id='word_1_395' title='bbox 587 2090 767 2123; x_wconf 83' lang='lat' dir='ltr'><strong>contrarium,</strong></span> <span class='ocrx_word' id='word_1_396' title='bbox 794 2091 820 2118; x_wconf 91' lang='lat' dir='ltr'><strong>in</strong></span> <span class='ocrx_word' id='word_1_397' title='bbox 841 2092 960 2119; x_wconf 89' lang='lat' dir='ltr'><strong>Nestorii</strong></span> 
     </span>
    </p>
   </div>
   <div class='ocr_carea' id='block_1_61' title="bbox 173 2131 960 2170">
    <p class='ocr_par' dir='ltr' id='par_1_61' title="bbox 173 2131 960 2170">
     <span class='ocr_line' id='line_1_61' title="bbox 173 2131 960 2170; baseline 0.013 -16"><span class='ocrx_word' id='word_1_398' title='bbox 173 2132 276 2162; x_wconf 87' lang='lat' dir='ltr'><strong>tamen,</strong></span> <span class='ocrx_word' id='word_1_399' title='bbox 289 2137 372 2164; x_wconf 82' lang='lat' dir='ltr'><strong>quem</strong></span> <span class='ocrx_word' id='word_1_400' title='bbox 387 2131 464 2159; x_wconf 90' lang='lat' dir='ltr'><strong>miris</strong></span> <span class='ocrx_word' id='word_1_401' title='bbox 478 2133 607 2161; x_wconf 82' lang='lat' dir='ltr'><strong>laudibus</strong></span> <span class='ocrx_word' id='word_1_402' title='bbox 621 2135 737 2168; x_wconf 83' lang='lat' dir='ltr'><strong>extollit,</strong></span> <span class='ocrx_word' id='word_1_403' title='bbox 759 2135 960 2170; x_wconf 87' lang='lat' dir='ltr'><strong>depositionem</strong></span> 
     </span>
    </p>
   </div>
   <div class='ocr_carea' id='block_1_62' title="bbox 1018 900 1804 942">
    <p class='ocr_par' dir='ltr' id='par_1_62' title="bbox 1018 900 1804 942">
     <span class='ocr_line' id='line_1_62' title="bbox 1018 900 1804 942; baseline -0.011 -7"><span class='ocrx_word' id='word_1_404' title='bbox 1018 916 1050 935; x_wconf 81' lang='lat' dir='ltr'><strong>ac.</strong></span> <span class='ocrx_word' id='word_1_405' title='bbox 1062 908 1185 942; x_wconf 91' lang='lat' dir='ltr'><strong>impium,</strong></span> <span class='ocrx_word' id='word_1_406' title='bbox 1199 914 1262 933; x_wconf 88' lang='lat' dir='ltr'><strong>cutn</strong></span> <span class='ocrx_word' id='word_1_407' title='bbox 1275 906 1329 933; x_wconf 90' lang='lat' dir='ltr'><strong>duo</strong></span> <span class='ocrx_word' id='word_1_408' title='bbox 1342 909 1405 932; x_wconf 87' lang='lat' dir='ltr'><strong>sunt</strong></span> <span class='ocrx_word' id='word_1_409' title='bbox 1415 904 1449 931; x_wconf 90' lang='lat' dir='ltr'><strong>de</strong></span> <span class='ocrx_word' id='word_1_410' title='bbox 1467 903 1563 930; x_wconf 85' lang='lat' dir='ltr'><strong>iisdem</strong></span> <span class='ocrx_word' id='word_1_411' title='bbox 1576 901 1740 928; x_wconf 88' lang='lat' dir='ltr'><strong>criminibus</strong></span> <span class='ocrx_word' id='word_1_412' title='bbox 1752 900 1804 932; x_wconf 87' lang='lat' dir='ltr'><strong>rei,</strong></span> 
     </span>
    </p>
   </div>
   <div class='ocr_carea' id='block_1_63' title="bbox 1017 947 1806 988">
    <p class='ocr_par' dir='ltr' id='par_1_63' title="bbox 1017 947 1806 988">
     <span class='ocr_line' id='line_1_63' title="bbox 1017 947 1806 988; baseline -0.011 -7"><span class='ocrx_word' id='word_1_413' title='bbox 1017 954 1095 981; x_wconf 83' lang='lat' dir='ltr'><strong>alteri</strong></span> <span class='ocrx_word' id='word_1_414' title='bbox 1107 953 1304 988; x_wconf 79' lang='lat' dir='ltr'><strong>indulgentiam</strong></span> <span class='ocrx_word' id='word_1_415' title='bbox 1324 949 1505 982; x_wconf 87' lang='lat' dir='ltr'><strong>tribui,alteri</strong></span> <span class='ocrx_word' id='word_1_416' title='bbox 1523 947 1690 983; x_wconf 71' lang='lat' dir='ltr'><strong>poenitentiae</strong></span> <span class='ocrx_word' id='word_1_417' title='bbox 1705 947 1806 974; x_wconf 89' lang='lat' dir='ltr'><strong>ostium</strong></span> 
     </span>
    </p>
   </div>
   <div class='ocr_carea' id='block_1_64' title="bbox 1016 991 1804 1032">
    <p class='ocr_par' dir='ltr' id='par_1_64' title="bbox 1016 991 1804 1032">
     <span class='ocr_line' id='line_1_64' title="bbox 1016 991 1804 1032; baseline -0.013 -5"><span class='ocrx_word' id='word_1_418' title='bbox 1016 999 1117 1027; x_wconf 89' lang='lat' dir='ltr'><strong>claudi.</strong></span> <span class='ocrx_word' id='word_1_419' title='bbox 1148 999 1248 1026; x_wconf 86' lang='lat' dir='ltr'><strong>Verum</strong></span> <span class='ocrx_word' id='word_1_420' title='bbox 1277 997 1400 1032; x_wconf 59' lang='lat' dir='ltr'><strong>epistola;</strong></span> <span class='ocrx_word' id='word_1_421' title='bbox 1424 1003 1508 1031; x_wconf 88' lang='lat' dir='ltr'><strong>pars,</strong></span> <span class='ocrx_word' id='word_1_422' title='bbox 1535 1001 1596 1028; x_wconf 71' lang='lat' dir='ltr'><strong>qua:</strong></span> <span class='ocrx_word' id='word_1_423' title='bbox 1616 992 1746 1028; x_wconf 88' lang='lat' dir='ltr'><strong>synodica</strong></span> <span class='ocrx_word' id='word_1_424' title='bbox 1763 991 1804 1018; x_wconf 86' lang='lat' dir='ltr'><strong>vi-</strong></span> 
     </span>
    </p>
   </div>
   <div class='ocr_carea' id='block_1_65' title="bbox 1017 1040 1804 1078">
    <p class='ocr_par' dir='ltr' id='par_1_65' title="bbox 1017 1040 1804 1078">
     <span class='ocr_line' id='line_1_65' title="bbox 1017 1040 1804 1078; baseline -0.011 -5"><span class='ocrx_word' id='word_1_425' title='bbox 1017 1047 1108 1078; x_wconf 87' lang='lat' dir='ltr'><strong>detur,</strong></span> <span class='ocrx_word' id='word_1_426' title='bbox 1137 1043 1317 1072; x_wconf 87' lang='lat' dir='ltr'><strong>exscribenda</strong></span> <span class='ocrx_word' id='word_1_427' title='bbox 1347 1047 1398 1070; x_wconf 90' lang='lat' dir='ltr'><strong>est.</strong></span> <span class='ocrx_word' id='word_1_428' title='bbox 1433 1051 1442 1066; x_wconf 85' lang='grc'><strong>‹</strong></span> <span class='ocrx_word' id='word_1_429' title='bbox 1471 1040 1653 1068; x_wconf 89' lang='lat' dir='ltr'><strong>lntentionem</strong></span> <span class='ocrx_word' id='word_1_430' title='bbox 1680 1042 1804 1065; x_wconf 88' lang='lat' dir='ltr'><strong>nostram</strong></span> 
     </span>
    </p>
   </div>
   <div class='ocr_carea' id='block_1_66' title="bbox 1017 1084 1804 1120">
    <p class='ocr_par' dir='ltr' id='par_1_66' title="bbox 1017 1084 1804 1120">
     <span class='ocr_line' id='line_1_66' title="bbox 1017 1084 1804 1120; baseline -0.013 -1"><span class='ocrx_word' id='word_1_431' title='bbox 1017 1096 1120 1119; x_wconf 88' lang='lat' dir='ltr'><strong>certam</strong></span> <span class='ocrx_word' id='word_1_432' title='bbox 1146 1094 1198 1117; x_wconf 75' lang='lat' dir='ltr'><strong>tua:</strong></span> <span class='ocrx_word' id='word_1_433' title='bbox 1226 1089 1342 1116; x_wconf 83' lang='lat' dir='ltr'><strong>facimus</strong></span> <span class='ocrx_word' id='word_1_434' title='bbox 1364 1087 1522 1118; x_wconf 85' lang='lat' dir='ltr'><strong>sanctitati,</strong></span> <span class='ocrx_word' id='word_1_435' title='bbox 1539 1087 1548 1095; x_wconf 82' lang='lat'>&#39;</span> <span class='ocrx_word' id='word_1_436' title='bbox 1570 1084 1652 1120; x_wconf 91' lang='lat' dir='ltr'><strong>quod,</strong></span> <span class='ocrx_word' id='word_1_437' title='bbox 1669 1084 1747 1111; x_wconf 87' lang='lat' dir='ltr'><strong>lectis</strong></span> <span class='ocrx_word' id='word_1_438' title='bbox 1771 1091 1804 1110; x_wconf 69' lang='lat' dir='ltr'><strong>ex</strong></span> 
     </span>
    </p>
   </div>
   <div class='ocr_carea' id='block_1_67' title="bbox 1015 1129 1804 1173">
    <p class='ocr_par' dir='ltr' id='par_1_67' title="bbox 1015 1129 1804 1173">
     <span class='ocr_line' id='line_1_67' title="bbox 1015 1129 1804 1173; baseline -0.013 -8"><span class='ocrx_word' id='word_1_439' title='bbox 1015 1138 1130 1173; x_wconf 71' lang='lat' dir='ltr'><strong>Aigypto</strong></span> <span class='ocrx_word' id='word_1_440' title='bbox 1144 1136 1243 1164; x_wconf 89' lang='lat' dir='ltr'><strong>litteris</strong></span> <span class='ocrx_word' id='word_1_441' title='bbox 1258 1134 1410 1165; x_wconf 84' lang='lat' dir='ltr'><strong>destinatis,</strong></span> <span class='ocrx_word' id='word_1_442' title='bbox 1437 1138 1464 1160; x_wconf 86' lang='lat' dir='ltr'><strong>et</strong></span> <span class='ocrx_word' id='word_1_443' title='bbox 1479 1132 1550 1166; x_wconf 88' lang='lat' dir='ltr'><strong>apud</strong></span> <span class='ocrx_word' id='word_1_444' title='bbox 1574 1138 1624 1158; x_wconf 92' lang='lat' dir='ltr'><strong>nos</strong></span> <span class='ocrx_word' id='word_1_445' title='bbox 1641 1137 1711 1164; x_wconf 54' lang='lat' dir='ltr'><strong>sepe</strong></span> <span class='ocrx_word' id='word_1_446' title='bbox 1725 1129 1804 1164; x_wconf 79' lang='lat'><strong>167</strong></span> 
     </span>
    </p>
   </div>
   <div class='ocr_carea' id='block_1_68' title="bbox 1016 1175 1804 1214">
    <p class='ocr_par' dir='ltr' id='par_1_68' title="bbox 1016 1175 1804 1214">
     <span class='ocr_line' id='line_1_68' title="bbox 1016 1175 1804 1214; baseline -0.013 -5"><span class='ocrx_word' id='word_1_447' title='bbox 1016 1182 1159 1214; x_wconf 85' lang='lat' dir='ltr'><strong>discussis,</strong></span> <span class='ocrx_word' id='word_1_448' title='bbox 1184 1181 1339 1208; x_wconf 87' lang='lat' dir='ltr'><strong>invenimus</strong></span> <span class='ocrx_word' id='word_1_449' title='bbox 1365 1187 1411 1206; x_wconf 85' lang='lat' dir='ltr'><strong>eas</strong></span> <span class='ocrx_word' id='word_1_450' title='bbox 1437 1177 1570 1205; x_wconf 66' lang='lat' dir='ltr'><strong>doctrinae</strong></span> <span class='ocrx_word' id='word_1_451' title='bbox 1600 1175 1711 1210; x_wconf 83' lang='lat' dir='ltr'><strong>quidem</strong></span> <span class='ocrx_word' id='word_1_452' title='bbox 1736 1182 1804 1200; x_wconf 92' lang='lat' dir='ltr'><strong>con-</strong></span> 
     </span>
    </p>
   </div>
   <div class='ocr_carea' id='block_1_69' title="bbox 1016 1220 1803 1262">
    <p class='ocr_par' dir='ltr' id='par_1_69' title="bbox 1016 1220 1803 1262">
     <span class='ocr_line' id='line_1_69' title="bbox 1016 1220 1803 1262; baseline -0.011 -8"><span class='ocrx_word' id='word_1_453' title='bbox 1016 1231 1146 1262; x_wconf 60' lang='lat' dir='ltr'><strong>gruentes</strong></span> <span class='ocrx_word' id='word_1_454' title='bbox 1161 1226 1305 1257; x_wconf 68' lang='lat' dir='ltr'><strong>Ecclesize;</strong></span> <span class='ocrx_word' id='word_1_455' title='bbox 1329 1224 1475 1252; x_wconf 89' lang='lat' dir='ltr'><strong>duodecim</strong></span> <span class='ocrx_word' id='word_1_456' title='bbox 1498 1229 1564 1249; x_wconf 87' lang='lat' dir='ltr'><strong>vero</strong></span> <span class='ocrx_word' id='word_1_457' title='bbox 1585 1220 1714 1256; x_wconf 90' lang='lat' dir='ltr'><strong>capitulis</strong></span> <span class='ocrx_word' id='word_1_458' title='bbox 1735 1227 1803 1246; x_wconf 92' lang='lat' dir='ltr'><strong>con-</strong></span> 
     </span>
    </p>
   </div>
   <div class='ocr_carea' id='block_1_70' title="bbox 1018 1265 1803 1306">
    <p class='ocr_par' dir='ltr' id='par_1_70' title="bbox 1018 1265 1803 1306">
     <span class='ocr_line' id='line_1_70' title="bbox 1018 1265 1803 1306; baseline -0.01 -7"><span class='ocrx_word' id='word_1_459' title='bbox 1018 1273 1114 1300; x_wconf 88' lang='lat' dir='ltr'><strong>trarias</strong></span> <span class='ocrx_word' id='word_1_460' title='bbox 1131 1280 1191 1299; x_wconf 88' lang='lat' dir='ltr'><strong>esse</strong></span> <span class='ocrx_word' id='word_1_461' title='bbox 1213 1270 1399 1306; x_wconf 85' lang='lat' dir='ltr'><strong>probavimus,</strong></span> <span class='ocrx_word' id='word_1_462' title='bbox 1419 1276 1480 1304; x_wconf 64' lang='lat' dir='ltr'><strong>qua:</strong></span> <span class='ocrx_word' id='word_1_463' title='bbox 1492 1274 1578 1302; x_wconf 87' lang='lat' dir='ltr'><strong>usque</strong></span> <span class='ocrx_word' id='word_1_464' title='bbox 1604 1265 1803 1301; x_wconf 83' lang='lat' dir='ltr'><strong>impraesentia-</strong></span> 
     </span>
    </p>
   </div>
   <div class='ocr_carea' id='block_1_71' title="bbox 1016 1310 1803 1351">
    <p class='ocr_par' dir='ltr' id='par_1_71' title="bbox 1016 1310 1803 1351">
     <span class='ocr_line' id='line_1_71' title="bbox 1016 1310 1803 1351; baseline -0.008 -7"><span class='ocrx_word' id='word_1_465' title='bbox 1016 1326 1077 1345; x_wconf 92' lang='lat' dir='ltr'><strong>rum</strong></span> <span class='ocrx_word' id='word_1_466' title='bbox 1100 1318 1260 1351; x_wconf 70' lang='lat' dir='ltr'><strong>impugnare</strong></span> <span class='ocrx_word' id='word_1_467' title='bbox 1288 1316 1469 1351; x_wconf 89' lang='lat' dir='ltr'><strong>perstitimus.</strong></span> <span class='ocrx_word' id='word_1_468' title='bbox 1497 1313 1601 1342; x_wconf 82' lang='lat' dir='ltr'><strong>Placuit</strong></span> <span class='ocrx_word' id='word_1_469' title='bbox 1620 1311 1702 1347; x_wconf 80' lang='lat' dir='ltr'><strong>igitur</strong></span> <span class='ocrx_word' id='word_1_470' title='bbox 1723 1310 1803 1338; x_wconf 82' lang='lat' dir='ltr'><strong>nobis</strong></span> 
     </span>
    </p>
   </div>
   <div class='ocr_carea' id='block_1_72' title="bbox 1016 1355 1803 1394">
    <p class='ocr_par' dir='ltr' id='par_1_72' title="bbox 1016 1355 1803 1394">
     <span class='ocr_line' id='line_1_72' title="bbox 1016 1355 1803 1394; baseline -0.011 -4"><span class='ocrx_word' id='word_1_471' title='bbox 1016 1367 1055 1394; x_wconf 90' lang='lat' dir='ltr'><strong>ut,</strong></span> <span class='ocrx_word' id='word_1_472' title='bbox 1071 1363 1093 1390; x_wconf 90' lang='lat' dir='ltr'><strong>si</strong></span> <span class='ocrx_word' id='word_1_473' title='bbox 1107 1363 1268 1389; x_wconf 85' lang='lat' dir='ltr'><strong>sanctitates</strong></span> <span class='ocrx_word' id='word_1_474' title='bbox 1280 1366 1377 1388; x_wconf 63' lang='lat' dir='ltr'><strong>vestra:</strong></span> <span class='ocrx_word' id='word_1_475' title='bbox 1390 1360 1546 1394; x_wconf 85' lang='lat' dir='ltr'><strong>receperint</strong></span> <span class='ocrx_word' id='word_1_476' title='bbox 1553 1357 1688 1385; x_wconf 80' lang='lat' dir='ltr'><strong>Ecclesias</strong></span> <span class='ocrx_word' id='word_1_477' title='bbox 1703 1355 1803 1382; x_wconf 82' lang='lat' dir='ltr'><strong>divini-</strong></span> 
     </span>
    </p>
   </div>
   <div class='ocr_carea' id='block_1_73' title="bbox 1016 1401 1804 1442">
    <p class='ocr_par' dir='ltr' id='par_1_73' title="bbox 1016 1401 1804 1442">
     <span class='ocr_line' id='line_1_73' title="bbox 1016 1401 1804 1442; baseline -0.011 -6"><span class='ocrx_word' id='word_1_478' title='bbox 1016 1413 1059 1436; x_wconf 82' lang='lat' dir='ltr'><strong>tus</strong></span> <span class='ocrx_word' id='word_1_479' title='bbox 1071 1409 1120 1436; x_wconf 91' lang='lat' dir='ltr'><strong>sibi</strong></span> <span class='ocrx_word' id='word_1_480' title='bbox 1131 1408 1299 1439; x_wconf 85' lang='lat' dir='ltr'><strong>commissas,</strong></span> <span class='ocrx_word' id='word_1_481' title='bbox 1313 1406 1446 1442; x_wconf 66' lang='lat' dir='ltr'><strong>Egyptiis</strong></span> <span class='ocrx_word' id='word_1_482' title='bbox 1456 1411 1484 1433; x_wconf 89' lang='lat' dir='ltr'><strong>et</strong></span> <span class='ocrx_word' id='word_1_483' title='bbox 1494 1401 1804 1438; x_wconf 84' lang='lat' dir='ltr'><strong>Constantiuopolitanis</strong></span> 
     </span>
    </p>
   </div>
   <div class='ocr_carea' id='block_1_74' title="bbox 1019 1447 1803 1487">
    <p class='ocr_par' dir='ltr' id='par_1_74' title="bbox 1019 1447 1803 1487">
     <span class='ocr_line' id='line_1_74' title="bbox 1019 1447 1803 1487; baseline -0.01 -6"><span class='ocrx_word' id='word_1_484' title='bbox 1019 1454 1233 1485; x_wconf 85' lang='lat' dir='ltr'><strong>communicare,</strong></span> <span class='ocrx_word' id='word_1_485' title='bbox 1261 1453 1388 1487; x_wconf 88' lang='lat' dir='ltr'><strong>aliisque,</strong></span> <span class='ocrx_word' id='word_1_486' title='bbox 1414 1451 1460 1486; x_wconf 90' lang='lat' dir='ltr'><strong>qui</strong></span> <span class='ocrx_word' id='word_1_487' title='bbox 1480 1455 1575 1478; x_wconf 88' lang='lat' dir='ltr'><strong>contra</strong></span> <span class='ocrx_word' id='word_1_488' title='bbox 1606 1457 1656 1476; x_wconf 90' lang='lat' dir='ltr'><strong>nos</strong></span> <span class='ocrx_word' id='word_1_489' title='bbox 1679 1456 1740 1475; x_wconf 86' lang='lat' dir='ltr'><strong>cum</strong></span> <span class='ocrx_word' id='word_1_490' title='bbox 1762 1447 1803 1474; x_wconf 82' lang='lat' dir='ltr'><strong>cis</strong></span> 
     </span>
    </p>
   </div>
   <div class='ocr_carea' id='block_1_75' title="bbox 1018 1493 1803 1533">
    <p class='ocr_par' dir='ltr' id='par_1_75' title="bbox 1018 1493 1803 1533">
     <span class='ocr_line' id='line_1_75' title="bbox 1018 1493 1803 1533; baseline -0.01 -6"><span class='ocrx_word' id='word_1_491' title='bbox 1018 1499 1151 1527; x_wconf 88' lang='lat' dir='ltr'><strong>militasse</strong></span> <span class='ocrx_word' id='word_1_492' title='bbox 1174 1502 1348 1526; x_wconf 86' lang='lat' dir='ltr'><strong>noscuntur:</strong></span> <span class='ocrx_word' id='word_1_493' title='bbox 1366 1497 1430 1533; x_wconf 87' lang='lat' dir='ltr'><strong>quia</strong></span> <span class='ocrx_word' id='word_1_494' title='bbox 1455 1501 1578 1524; x_wconf 86' lang='lat' dir='ltr'><strong>nostram</strong></span> <span class='ocrx_word' id='word_1_495' title='bbox 1605 1494 1696 1526; x_wconf 87' lang='lat' dir='ltr'><strong>ﬁdem,</strong></span> <span class='ocrx_word' id='word_1_496' title='bbox 1717 1493 1803 1528; x_wconf 83' lang='lat' dir='ltr'><strong>magis</strong></span> 
     </span>
    </p>
   </div>
   <div class='ocr_carea' id='block_1_76' title="bbox 1018 1540 1802 1579">
    <p class='ocr_par' dir='ltr' id='par_1_76' title="bbox 1018 1540 1802 1579">
     <span class='ocr_line' id='line_1_76' title="bbox 1018 1540 1802 1579; baseline -0.009 -7"><span class='ocrx_word' id='word_1_497' title='bbox 1018 1550 1110 1572; x_wconf 86' lang='lat' dir='ltr'><strong>autem</strong></span> <span class='ocrx_word' id='word_1_498' title='bbox 1136 1544 1320 1579; x_wconf 90' lang='lat' dir='ltr'><strong>apostolorum</strong></span> <span class='ocrx_word' id='word_1_499' title='bbox 1339 1563 1346 1575; x_wconf 96' lang='lat'><strong>,</strong></span> <span class='ocrx_word' id='word_1_500' title='bbox 1374 1551 1403 1570; x_wconf 91' lang='lat' dir='ltr'><strong>se</strong></span> <span class='ocrx_word' id='word_1_501' title='bbox 1439 1543 1540 1569; x_wconf 86' lang='lat' dir='ltr'><strong>habere</strong></span> <span class='ocrx_word' id='word_1_502' title='bbox 1575 1540 1689 1576; x_wconf 81' lang='lat' dir='ltr'><strong>professi</strong></span> <span class='ocrx_word' id='word_1_503' title='bbox 1719 1543 1802 1571; x_wconf 88' lang='lat' dir='ltr'><strong>sunt;</strong></span> 
     </span>
    </p>
   </div>
   <div class='ocr_carea' id='block_1_77' title="bbox 1014 1584 1802 1618">
    <p class='ocr_par' dir='ltr' id='par_1_77' title="bbox 1014 1584 1802 1618">
     <span class='ocr_line' id='line_1_77' title="bbox 1014 1584 1802 1618; baseline -0.009 0"><span class='ocrx_word' id='word_1_504' title='bbox 1014 1590 1183 1618; x_wconf 89' lang='lat' dir='ltr'><strong>damnationi</strong></span> <span class='ocrx_word' id='word_1_505' title='bbox 1196 1598 1262 1617; x_wconf 84' lang='lat' dir='ltr'><strong>vero</strong></span> <span class='ocrx_word' id='word_1_506' title='bbox 1271 1589 1418 1616; x_wconf 87' lang='lat' dir='ltr'><strong>venerandi</strong></span> <span class='ocrx_word' id='word_1_507' title='bbox 1440 1593 1467 1616; x_wconf 84' lang='lat' dir='ltr'><strong>et</strong></span> <span class='ocrx_word' id='word_1_508' title='bbox 1480 1586 1645 1614; x_wconf 82' lang='lat' dir='ltr'><strong>sanctissimi</strong></span> <span class='ocrx_word' id='word_1_509' title='bbox 1671 1584 1802 1616; x_wconf 81' lang='lat' dir='ltr'><strong>Nestorii,</strong></span> 
     </span>
    </p>
   </div>
   <div class='ocr_carea' id='block_1_78' title="bbox 1014 1631 1802 1670">
    <p class='ocr_par' dir='ltr' id='par_1_78' title="bbox 1014 1631 1802 1670">
     <span class='ocr_line' id='line_1_78' title="bbox 1014 1631 1802 1670; baseline -0.009 -7"><span class='ocrx_word' id='word_1_510' title='bbox 1014 1643 1074 1670; x_wconf 63' lang='lat' dir='ltr'><strong>qua:</strong></span> <span class='ocrx_word' id='word_1_511' title='bbox 1086 1636 1156 1663; x_wconf 78' lang='lat' dir='ltr'><strong>facta</strong></span> <span class='ocrx_word' id='word_1_512' title='bbox 1169 1635 1280 1667; x_wconf 89' lang='lat' dir='ltr'><strong>dicitur,</strong></span> <span class='ocrx_word' id='word_1_513' title='bbox 1293 1643 1347 1661; x_wconf 91' lang='lat' dir='ltr'><strong>non</strong></span> <span class='ocrx_word' id='word_1_514' title='bbox 1357 1634 1478 1669; x_wconf 65' lang='lat' dir='ltr'><strong>prtebcre</strong></span> <span class='ocrx_word' id='word_1_515' title='bbox 1487 1639 1663 1660; x_wconf 84' lang='lat' dir='ltr'><strong>consensum.</strong></span> <span class='ocrx_word' id='word_1_516' title='bbox 1676 1631 1802 1665; x_wconf 86' lang='lat' dir='ltr'><strong>Iniquum</strong></span> 
     </span>
    </p>
   </div>
   <div class='ocr_carea' id='block_1_79' title="bbox 1013 1676 1801 1716">
    <p class='ocr_par' dir='ltr' id='par_1_79' title="bbox 1013 1676 1801 1716">
     <span class='ocr_line' id='line_1_79' title="bbox 1013 1676 1801 1716; baseline -0.008 -7"><span class='ocrx_word' id='word_1_517' title='bbox 1013 1689 1130 1716; x_wconf 90' lang='lat' dir='ltr'><strong>namque</strong></span> <span class='ocrx_word' id='word_1_518' title='bbox 1150 1689 1213 1708; x_wconf 90' lang='lat' dir='ltr'><strong>vere</strong></span> <span class='ocrx_word' id='word_1_519' title='bbox 1226 1685 1253 1708; x_wconf 85' lang='lat' dir='ltr'><strong>et</strong></span> <span class='ocrx_word' id='word_1_520' title='bbox 1267 1681 1380 1715; x_wconf 90' lang='lat' dir='ltr'><strong>impium</strong></span> <span class='ocrx_word' id='word_1_521' title='bbox 1405 1679 1625 1714; x_wconf 83' lang='lat' dir='ltr'><strong>comprobamus,</strong></span> <span class='ocrx_word' id='word_1_522' title='bbox 1646 1677 1668 1705; x_wconf 91' lang='lat' dir='ltr'><strong>si</strong></span> <span class='ocrx_word' id='word_1_523' title='bbox 1702 1676 1801 1704; x_wconf 87' lang='lat' dir='ltr'><strong>iisdem</strong></span> 
     </span>
    </p>
   </div>
   <div class='ocr_carea' id='block_1_80' title="bbox 1014 1721 1801 1760">
    <p class='ocr_par' dir='ltr' id='par_1_80' title="bbox 1014 1721 1801 1760">
     <span class='ocr_line' id='line_1_80' title="bbox 1014 1721 1801 1760; baseline -0.009 -7"><span class='ocrx_word' id='word_1_524' title='bbox 1014 1726 1186 1758; x_wconf 80' lang='lat' dir='ltr'><strong>criminibus,</strong></span> <span class='ocrx_word' id='word_1_525' title='bbox 1202 1726 1304 1760; x_wconf 86' lang='lat' dir='ltr'><strong>quibus</strong></span> <span class='ocrx_word' id='word_1_526' title='bbox 1320 1729 1348 1752; x_wconf 87' lang='lat' dir='ltr'><strong>et</strong></span> <span class='ocrx_word' id='word_1_527' title='bbox 1363 1724 1455 1752; x_wconf 88' lang='lat' dir='ltr'><strong>socius</strong></span> <span class='ocrx_word' id='word_1_528' title='bbox 1476 1724 1547 1759; x_wconf 83' lang='lat' dir='ltr'><strong>ejus.</strong></span> <span class='ocrx_word' id='word_1_529' title='bbox 1566 1730 1630 1750; x_wconf 88' lang='lat' dir='ltr'><strong>rcus</strong></span> <span class='ocrx_word' id='word_1_530' title='bbox 1647 1721 1801 1752; x_wconf 85' lang='lat' dir='ltr'><strong>exstiterat,</strong></span> 
     </span>
    </p>
   </div>
   <div class='ocr_carea' id='block_1_81' title="bbox 1013 1769 1802 1808">
    <p class='ocr_par' dir='ltr' id='par_1_81' title="bbox 1013 1769 1802 1808">
     <span class='ocr_line' id='line_1_81' title="bbox 1013 1769 1802 1808; baseline -0.009 -8"><span class='ocrx_word' id='word_1_531' title='bbox 1013 1773 1053 1800; x_wconf 92' lang='lat' dir='ltr'><strong>illi</strong></span> <span class='ocrx_word' id='word_1_532' title='bbox 1067 1773 1178 1808; x_wconf 90' lang='lat' dir='ltr'><strong>quidem</strong></span> <span class='ocrx_word' id='word_1_533' title='bbox 1192 1773 1301 1800; x_wconf 87' lang='lat' dir='ltr'><strong>veniam</strong></span> <span class='ocrx_word' id='word_1_534' title='bbox 1318 1771 1422 1807; x_wconf 77' lang='lat' dir='ltr'><strong>largiri,</strong></span> <span class='ocrx_word' id='word_1_535' title='bbox 1437 1771 1501 1798; x_wconf 88' lang='lat' dir='ltr'><strong>huic</strong></span> <span class='ocrx_word' id='word_1_536' title='bbox 1517 1773 1608 1797; x_wconf 87' lang='lat' dir='ltr'><strong>autem</strong></span> <span class='ocrx_word' id='word_1_537' title='bbox 1623 1769 1723 1795; x_wconf 91' lang='lat' dir='ltr'><strong>ostium</strong></span> <span class='ocrx_word' id='word_1_538' title='bbox 1742 1774 1802 1802; x_wconf 75' lang='lat' dir='ltr'><strong>pm—</strong></span> 
     </span>
    </p>
   </div>
   <div class='ocr_carea' id='block_1_82' title="bbox 1012 1813 1803 1851">
    <p class='ocr_par' dir='ltr' id='par_1_82' title="bbox 1012 1813 1803 1851">
     <span class='ocr_line' id='line_1_82' title="bbox 1012 1813 1803 1851; baseline -0.01 -6"><span class='ocrx_word' id='word_1_539' title='bbox 1012 1818 1136 1845; x_wconf 78' lang='lat' dir='ltr'><strong>nitentia:</strong></span> <span class='ocrx_word' id='word_1_540' title='bbox 1150 1817 1280 1845; x_wconf 83' lang='lat' dir='ltr'><strong>claudere</strong></span> <span class='ocrx_word' id='word_1_541' title='bbox 1297 1826 1303 1843; x_wconf 96' lang='lat'><strong>:</strong></span> <span class='ocrx_word' id='word_1_542' title='bbox 1322 1817 1408 1843; x_wconf 90' lang='lat' dir='ltr'><strong>multo</strong></span> <span class='ocrx_word' id='word_1_543' title='bbox 1425 1816 1509 1851; x_wconf 77' lang='lat' dir='ltr'><strong>igitur</strong></span> <span class='ocrx_word' id='word_1_544' title='bbox 1521 1814 1607 1849; x_wconf 78' lang='lat' dir='ltr'><strong>magis</strong></span> <span class='ocrx_word' id='word_1_545' title='bbox 1622 1813 1758 1847; x_wconf 89' lang='lat' dir='ltr'><strong>iniquum,</strong></span> <span class='ocrx_word' id='word_1_546' title='bbox 1775 1815 1803 1838; x_wconf 88' lang='lat' dir='ltr'><strong>et</strong></span> 
     </span>
    </p>
   </div>
   <div class='ocr_carea' id='block_1_83' title="bbox 1012 1856 1802 1897">
    <p class='ocr_par' dir='ltr' id='par_1_83' title="bbox 1012 1856 1802 1897">
     <span class='ocr_line' id='line_1_83' title="bbox 1012 1856 1802 1897; baseline -0.008 -9"><span class='ocrx_word' id='word_1_547' title='bbox 1012 1862 1097 1897; x_wconf 81' lang='lat' dir='ltr'><strong>magis</strong></span> <span class='ocrx_word' id='word_1_548' title='bbox 1109 1862 1233 1896; x_wconf 88' lang='lat' dir='ltr'><strong>impium,</strong></span> <span class='ocrx_word' id='word_1_549' title='bbox 1248 1862 1421 1888; x_wconf 89' lang='lat' dir='ltr'><strong>innocentem</strong></span> <span class='ocrx_word' id='word_1_550' title='bbox 1435 1860 1514 1887; x_wconf 90' lang='lat' dir='ltr'><strong>morti</strong></span> <span class='ocrx_word' id='word_1_551' title='bbox 1532 1858 1652 1885; x_wconf 87' lang='lat' dir='ltr'><strong>tradere.</strong></span> <span class='ocrx_word' id='word_1_552' title='bbox 1667 1857 1741 1884; x_wconf 86' lang='lat' dir='ltr'><strong>Sciat</strong></span> <span class='ocrx_word' id='word_1_553' title='bbox 1754 1856 1802 1891; x_wconf 82' lang='lat' dir='ltr'><strong>igi-</strong></span> 
     </span>
    </p>
   </div>
   <div class='ocr_carea' id='block_1_84' title="bbox 1014 1901 1802 1942">
    <p class='ocr_par' dir='ltr' id='par_1_84' title="bbox 1014 1901 1802 1942">
     <span class='ocr_line' id='line_1_84' title="bbox 1014 1901 1802 1942; baseline -0.009 -7"><span class='ocrx_word' id='word_1_554' title='bbox 1014 1912 1059 1935; x_wconf 89' lang='lat' dir='ltr'><strong>tur</strong></span> <span class='ocrx_word' id='word_1_555' title='bbox 1075 1908 1207 1935; x_wconf 87' lang='lat' dir='ltr'><strong>sanctitas</strong></span> <span class='ocrx_word' id='word_1_556' title='bbox 1224 1912 1325 1939; x_wconf 88' lang='lat' dir='ltr'><strong>vestra,</strong></span> <span class='ocrx_word' id='word_1_557' title='bbox 1340 1907 1414 1942; x_wconf 89' lang='lat' dir='ltr'><strong>quod</strong></span> <span class='ocrx_word' id='word_1_558' title='bbox 1430 1914 1485 1933; x_wconf 90' lang='lat' dir='ltr'><strong>non</strong></span> <span class='ocrx_word' id='word_1_559' title='bbox 1498 1905 1576 1940; x_wconf 85' lang='lat' dir='ltr'><strong>prius</strong></span> <span class='ocrx_word' id='word_1_560' title='bbox 1592 1904 1632 1931; x_wconf 88' lang='lat' dir='ltr'><strong>eis</strong></span> <span class='ocrx_word' id='word_1_561' title='bbox 1647 1901 1802 1929; x_wconf 86' lang='lat' dir='ltr'><strong>communi—</strong></span> 
     </span>
    </p>
   </div>
   <div class='ocr_carea' id='block_1_85' title="bbox 1012 1947 1802 1986">
    <p class='ocr_par' dir='ltr' id='par_1_85' title="bbox 1012 1947 1802 1986">
     <span class='ocr_line' id='line_1_85' title="bbox 1012 1947 1802 1986; baseline -0.01 -6"><span class='ocrx_word' id='word_1_562' title='bbox 1012 1953 1130 1980; x_wconf 90' lang='lat' dir='ltr'><strong>candum</strong></span> <span class='ocrx_word' id='word_1_563' title='bbox 1140 1961 1200 1980; x_wconf 86' lang='lat' dir='ltr'><strong>esse</strong></span> <span class='ocrx_word' id='word_1_564' title='bbox 1213 1959 1368 1983; x_wconf 82' lang='lat' dir='ltr'><strong>censemus,</strong></span> <span class='ocrx_word' id='word_1_565' title='bbox 1376 1959 1457 1986; x_wconf 91' lang='lat' dir='ltr'><strong>quam</strong></span> <span class='ocrx_word' id='word_1_566' title='bbox 1472 1953 1579 1977; x_wconf 86' lang='lat' dir='ltr'><strong>vestras</strong></span> <span class='ocrx_word' id='word_1_567' title='bbox 1595 1947 1734 1982; x_wconf 83' lang='lat' dir='ltr'><strong>recipiatis</strong></span> <span class='ocrx_word' id='word_1_568' title='bbox 1750 1947 1802 1973; x_wconf 85' lang='lat' dir='ltr'><strong>Ec-</strong></span> 
     </span>
    </p>
   </div>
   <div class='ocr_carea' id='block_1_86' title="bbox 1012 1995 1802 2031">
    <p class='ocr_par' dir='ltr' id='par_1_86' title="bbox 1012 1995 1802 2031">
     <span class='ocr_line' id='line_1_86' title="bbox 1012 1995 1802 2031; baseline -0.009 -6"><span class='ocrx_word' id='word_1_569' title='bbox 1012 1998 1121 2025; x_wconf 84' lang='lat' dir='ltr'><strong>clesias.</strong></span> <span class='ocrx_word' id='word_1_570' title='bbox 1135 1998 1197 2025; x_wconf 75' lang='lat' dir='ltr'><strong>Haec</strong></span> <span class='ocrx_word' id='word_1_571' title='bbox 1208 2002 1299 2024; x_wconf 81' lang='lat' dir='ltr'><strong>autem</strong></span> <span class='ocrx_word' id='word_1_572' title='bbox 1315 2005 1368 2024; x_wconf 92' lang='lat' dir='ltr'><strong>non</strong></span> <span class='ocrx_word' id='word_1_573' title='bbox 1380 1997 1455 2024; x_wconf 84' lang='lat' dir='ltr'><strong>solus</strong></span> <span class='ocrx_word' id='word_1_574' title='bbox 1469 2003 1529 2031; x_wconf 84' lang='lat' dir='ltr'><strong>ego,</strong></span> <span class='ocrx_word' id='word_1_575' title='bbox 1544 1995 1592 2022; x_wconf 86' lang='lat' dir='ltr'><strong>sed</strong></span> <span class='ocrx_word' id='word_1_576' title='bbox 1612 2001 1710 2021; x_wconf 89' lang='lat' dir='ltr'><strong>omnes</strong></span> <span class='ocrx_word' id='word_1_577' title='bbox 1738 2000 1802 2019; x_wconf 82' lang='lat' dir='ltr'><strong>sau—</strong></span> 
     </span>
    </p>
   </div>
   <div class='ocr_carea' id='block_1_87' title="bbox 1012 2036 1800 2078">
    <p class='ocr_par' dir='ltr' id='par_1_87' title="bbox 1012 2036 1800 2078">
     <span class='ocr_line' id='line_1_87' title="bbox 1012 2036 1800 2078; baseline -0.01 -8"><span class='ocrx_word' id='word_1_578' title='bbox 1012 2043 1127 2071; x_wconf 88' lang='lat' dir='ltr'><strong>ctissimi</strong></span> <span class='ocrx_word' id='word_1_579' title='bbox 1140 2048 1241 2071; x_wconf 55' lang='lat' dir='ltr'><strong>nostra).</strong></span> <span class='ocrx_word' id='word_1_580' title='bbox 1262 2042 1383 2078; x_wconf 77' lang='lat' dir='ltr'><strong>regionis</strong></span> <span class='ocrx_word' id='word_1_581' title='bbox 1409 2041 1542 2076; x_wconf 87' lang='lat' dir='ltr'><strong>episcopi,</strong></span> <span class='ocrx_word' id='word_1_582' title='bbox 1560 2039 1654 2066; x_wconf 89' lang='lat' dir='ltr'><strong>habito</strong></span> <span class='ocrx_word' id='word_1_583' title='bbox 1672 2036 1800 2068; x_wconf 88' lang='lat' dir='ltr'><strong>concilio,</strong></span> 
     </span>
    </p>
   </div>
   <div class='ocr_carea' id='block_1_88' title="bbox 1012 2082 1801 2121">
    <p class='ocr_par' dir='ltr' id='par_1_88' title="bbox 1012 2082 1801 2121">
     <span class='ocr_line' id='line_1_88' title="bbox 1012 2082 1801 2121; baseline -0.011 -5"><span class='ocrx_word' id='word_1_584' title='bbox 1012 2088 1204 2116; x_wconf 86' lang='lat' dir='ltr'><strong>decreverunt.</strong></span> <span class='ocrx_word' id='word_1_585' title='bbox 1223 2097 1232 2112; x_wconf 80' lang='grc' dir='ltr'><strong>ι</strong></span> <span class='ocrx_word' id='word_1_586' title='bbox 1257 2087 1343 2114; x_wconf 84' lang='lat' dir='ltr'><strong>Tanta</strong></span> <span class='ocrx_word' id='word_1_587' title='bbox 1358 2086 1590 2121; x_wconf 75' lang='lat' dir='ltr'><strong>Euphratensium</strong></span> <span class='ocrx_word' id='word_1_588' title='bbox 1602 2084 1628 2110; x_wconf 93' lang='lat' dir='ltr'><strong>in</strong></span> <span class='ocrx_word' id='word_1_589' title='bbox 1644 2082 1801 2110; x_wconf 86' lang='lat' dir='ltr'><strong>Nestorium</strong></span> 
     </span>
    </p>
   </div>
   <div class='ocr_carea' id='block_1_89' title="bbox 1014 2127 1801 2169">
    <p class='ocr_par' dir='ltr' id='par_1_89' title="bbox 1014 2127 1801 2169">
     <span class='ocr_line' id='line_1_89' title="bbox 1014 2127 1801 2169; baseline -0.01 -8"><span class='ocrx_word' id='word_1_590' title='bbox 1014 2133 1163 2169; x_wconf 88' lang='lat' dir='ltr'><strong>propensio</strong></span> <span class='ocrx_word' id='word_1_591' title='bbox 1189 2133 1256 2160; x_wconf 90' lang='lat' dir='ltr'><strong>mira</strong></span> <span class='ocrx_word' id='word_1_592' title='bbox 1284 2132 1372 2160; x_wconf 88' lang='lat' dir='ltr'><strong>videri</strong></span> <span class='ocrx_word' id='word_1_593' title='bbox 1395 2140 1449 2159; x_wconf 93' lang='lat' dir='ltr'><strong>non</strong></span> <span class='ocrx_word' id='word_1_594' title='bbox 1460 2131 1551 2158; x_wconf 81' lang='lat' dir='ltr'><strong>debet.</strong></span> <span class='ocrx_word' id='word_1_595' title='bbox 1578 2128 1704 2157; x_wconf 81' lang='lat' dir='ltr'><strong>Nestorio</strong></span> <span class='ocrx_word' id='word_1_596' title='bbox 1727 2127 1801 2154; x_wconf 84' lang='lat' dir='ltr'><strong>enim</strong></span> 
     </span>
    </p>
   </div>
   <div class='ocr_carea' id='block_1_90' title="bbox 173 2174 1800 2216">
    <p class='ocr_par' dir='ltr' id='par_1_90' title="bbox 173 2174 1800 2216">
     <span class='ocr_line' id='line_1_90' title="bbox 173 2174 1800 2216; baseline -0.001 -16"><span class='ocrx_word' id='word_1_597' title='bbox 173 2181 229 2201; x_wconf 92' lang='lat' dir='ltr'><strong>non</strong></span> <span class='ocrx_word' id='word_1_598' title='bbox 241 2182 331 2209; x_wconf 84' lang='lat' dir='ltr'><strong>posse,</strong></span> <span class='ocrx_word' id='word_1_599' title='bbox 349 2178 526 2211; x_wconf 85' lang='lat' dir='ltr'><strong>quantumvis</strong></span> <span class='ocrx_word' id='word_1_600' title='bbox 546 2184 667 2208; x_wconf 88' lang='lat' dir='ltr'><strong>extrema</strong></span> <span class='ocrx_word' id='word_1_601' title='bbox 687 2189 802 2216; x_wconf 74' lang='lat' dir='ltr'><strong>qumque</strong></span> <span class='ocrx_word' id='word_1_602' title='bbox 819 2182 960 2210; x_wconf 89' lang='lat' dir='ltr'><strong>toleranda</strong></span> <span class='ocrx_word' id='word_1_603' title='bbox 978 2183 998 2210; x_wconf 91' lang='lat' dir='ltr'>D</span> <span class='ocrx_word' id='word_1_604' title='bbox 1014 2180 1100 2214; x_wconf 84' lang='lat' dir='ltr'><strong>patria</strong></span> <span class='ocrx_word' id='word_1_605' title='bbox 1125 2179 1177 2207; x_wconf 80' lang='lat' dir='ltr'><strong>fuit</strong></span> <span class='ocrx_word' id='word_1_606' title='bbox 1202 2179 1386 2211; x_wconf 85' lang='lat' dir='ltr'><strong>Germanicia,</strong></span> <span class='ocrx_word' id='word_1_607' title='bbox 1404 2186 1465 2213; x_wconf 68' lang='lat' dir='ltr'><strong>qua:</strong></span> <span class='ocrx_word' id='word_1_608' title='bbox 1479 2175 1668 2212; x_wconf 76' lang='lat' dir='ltr'><strong>Euphratesize</strong></span> <span class='ocrx_word' id='word_1_609' title='bbox 1694 2174 1800 2201; x_wconf 82' lang='lat' dir='ltr'><strong>civitas.</strong></span> 
     </span>
    </p>
   </div>
   <div class='ocr_carea' id='block_1_91' title="bbox 173 2225 962 2263">
    <p class='ocr_par' dir='ltr' id='par_1_91' title="bbox 173 2225 962 2263">
     <span class='ocr_line' id='line_1_91' title="bbox 173 2225 962 2263; baseline 0.013 -17"><span class='ocrx_word' id='word_1_610' title='bbox 173 2225 277 2252; x_wconf 85' lang='lat' dir='ltr'><strong>essent,</strong></span> <span class='ocrx_word' id='word_1_611' title='bbox 293 2228 457 2250; x_wconf 88' lang='lat' dir='ltr'><strong>consensum</strong></span> <span class='ocrx_word' id='word_1_612' title='bbox 475 2225 606 2259; x_wconf 61' lang='lat' dir='ltr'><strong>prabere.</strong></span> <span class='ocrx_word' id='word_1_613' title='bbox 622 2227 790 2255; x_wconf 83' lang='lat' dir='ltr'><strong>Protestatus</strong></span> <span class='ocrx_word' id='word_1_614' title='bbox 802 2232 845 2255; x_wconf 88' lang='lat' dir='ltr'><strong>est</strong></span> <span class='ocrx_word' id='word_1_615' title='bbox 860 2229 962 2263; x_wconf 83' lang='lat' dir='ltr'><strong>pariter</strong></span> 
     </span>
    </p>
   </div>
   <div class='ocr_carea' id='block_1_92' title="bbox 174 2269 963 2307">
    <p class='ocr_par' dir='ltr' id='par_1_92' title="bbox 174 2269 963 2307">
     <span class='ocr_line' id='line_1_92' title="bbox 174 2269 963 2307; baseline 0.009 -13"><span class='ocrx_word' id='word_1_616' title='bbox 174 2275 203 2294; x_wconf 76' lang='lat' dir='ltr'><strong>se</strong></span> <span class='ocrx_word' id='word_1_617' title='bbox 222 2275 277 2295; x_wconf 92' lang='lat' dir='ltr'><strong>non</strong></span> <span class='ocrx_word' id='word_1_618' title='bbox 301 2276 380 2302; x_wconf 84' lang='lat' dir='ltr'><strong>posse</strong></span> <span class='ocrx_word' id='word_1_619' title='bbox 397 2269 528 2297; x_wconf 86' lang='lat' dir='ltr'><strong>damnare</strong></span> <span class='ocrx_word' id='word_1_620' title='bbox 546 2271 682 2306; x_wconf 80' lang='lat' dir='ltr'><strong>dogmata,</strong></span> <span class='ocrx_word' id='word_1_621' title='bbox 697 2280 758 2307; x_wconf 70' lang='lat' dir='ltr'><strong>quae</strong></span> <span class='ocrx_word' id='word_1_622' title='bbox 781 2273 963 2301; x_wconf 89' lang='lat' dir='ltr'><strong>versabantur</strong></span> 
     </span>
    </p>
   </div>
   <div class='ocr_carea' id='block_1_93' title="bbox 174 2312 962 2352">
    <p class='ocr_par' dir='ltr' id='par_1_93' title="bbox 174 2312 962 2352">
     <span class='ocr_line' id='line_1_93' title="bbox 174 2312 962 2352; baseline 0.011 -14"><span class='ocrx_word' id='word_1_623' title='bbox 174 2312 202 2338; x_wconf 92' lang='lat' dir='ltr'><strong>in</strong></span> <span class='ocrx_word' id='word_1_624' title='bbox 215 2314 377 2347; x_wconf 73' lang='lat' dir='ltr'><strong>qutestione,</strong></span> <span class='ocrx_word' id='word_1_625' title='bbox 392 2316 456 2348; x_wconf 86' lang='lat' dir='ltr'><strong>nisi,</strong></span> <span class='ocrx_word' id='word_1_626' title='bbox 473 2317 544 2350; x_wconf 89' lang='lat' dir='ltr'><strong>quod</strong></span> <span class='ocrx_word' id='word_1_627' title='bbox 558 2318 706 2352; x_wconf 82' lang='lat' dir='ltr'><strong>pessimum</strong></span> <span class='ocrx_word' id='word_1_628' title='bbox 719 2319 825 2346; x_wconf 86' lang='lat' dir='ltr'><strong>exstitit</strong></span> <span class='ocrx_word' id='word_1_629' title='bbox 837 2320 962 2347; x_wconf 86' lang='lat' dir='ltr'><strong>venturis</strong></span> 
     </span>
    </p>
   </div>
   <div class='ocr_carea' id='block_1_94' title="bbox 174 2359 961 2400">
    <p class='ocr_par' dir='ltr' id='par_1_94' title="bbox 174 2359 961 2400">
     <span class='ocr_line' id='line_1_94' title="bbox 174 2359 961 2400; baseline 0.011 -16"><span class='ocrx_word' id='word_1_630' title='bbox 174 2359 282 2386; x_wconf 75' lang='lat' dir='ltr'><strong>szeculis</strong></span> <span class='ocrx_word' id='word_1_631' title='bbox 294 2361 460 2395; x_wconf 80' lang='lat' dir='ltr'><strong>exemplum,</strong></span> <span class='ocrx_word' id='word_1_632' title='bbox 479 2362 657 2391; x_wconf 83' lang='lat' dir='ltr'><strong>adhiberetur</strong></span> <span class='ocrx_word' id='word_1_633' title='bbox 679 2365 815 2399; x_wconf 87' lang='lat' dir='ltr'><strong>exceptio,</strong></span> <span class='ocrx_word' id='word_1_634' title='bbox 834 2373 886 2400; x_wconf 87' lang='lat' dir='ltr'><strong>qua</strong></span> <span class='ocrx_word' id='word_1_635' title='bbox 908 2365 961 2393; x_wconf 81' lang='lat' dir='ltr'><strong>im-</strong></span> 
     </span>
    </p>
   </div>
   <div class='ocr_carea' id='block_1_95' title="bbox 174 2405 959 2444">
    <p class='ocr_par' dir='ltr' id='par_1_95' title="bbox 174 2405 959 2444">
     <span class='ocr_line' id='line_1_95' title="bbox 174 2405 959 2444; baseline 0.01 -14"><span class='ocrx_word' id='word_1_636' title='bbox 174 2405 284 2438; x_wconf 89' lang='lat' dir='ltr'><strong>probari</strong></span> <span class='ocrx_word' id='word_1_637' title='bbox 298 2405 468 2438; x_wconf 83' lang='lat' dir='ltr'><strong>dieerentur.</strong></span> <span class='ocrx_word' id='word_1_638' title='bbox 484 2409 672 2444; x_wconf 86' lang='lat' dir='ltr'><strong>cujuscunque</strong></span> <span class='ocrx_word' id='word_1_639' title='bbox 696 2410 806 2437; x_wconf 88' lang='lat' dir='ltr'><strong>tandem</strong></span> <span class='ocrx_word' id='word_1_640' title='bbox 838 2411 959 2438; x_wconf 86' lang='lat' dir='ltr'><strong>auctoris</strong></span> 
     </span>
    </p>
   </div>
   <div class='ocr_carea' id='block_1_96' title="bbox 175 2448 960 2490">
    <p class='ocr_par' dir='ltr' id='par_1_96' title="bbox 175 2448 960 2490">
     <span class='ocr_line' id='line_1_96' title="bbox 175 2448 960 2490; baseline 0.011 -15"><span class='ocrx_word' id='word_1_641' title='bbox 175 2448 266 2476; x_wconf 79' lang='lat' dir='ltr'><strong>forent</strong></span> <span class='ocrx_word' id='word_1_642' title='bbox 279 2459 285 2476; x_wconf 90' lang='lat'>:</span> <span class='ocrx_word' id='word_1_643' title='bbox 302 2451 342 2478; x_wconf 91' lang='lat' dir='ltr'><strong>sic</strong></span> <span class='ocrx_word' id='word_1_644' title='bbox 352 2451 426 2478; x_wconf 86' lang='lat' dir='ltr'><strong>enim</strong></span> <span class='ocrx_word' id='word_1_645' title='bbox 445 2454 643 2481; x_wconf 87' lang='lat' dir='ltr'><strong>consulendum</strong></span> <span class='ocrx_word' id='word_1_646' title='bbox 659 2456 774 2490; x_wconf 89' lang='lat' dir='ltr'><strong>putabat</strong></span> <span class='ocrx_word' id='word_1_647' title='bbox 785 2455 903 2484; x_wconf 84' lang='lat' dir='ltr'><strong>Nestorii</strong></span> <span class='ocrx_word' id='word_1_648' title='bbox 919 2456 960 2484; x_wconf 79' lang='lat' dir='ltr'><strong>fa-</strong></span> 
     </span>
    </p>
   </div>
   <div class='ocr_carea' id='block_1_97' title="bbox 175 2495 960 2535">
    <p class='ocr_par' dir='ltr' id='par_1_97' title="bbox 175 2495 960 2535">
     <span class='ocr_line' id='line_1_97' title="bbox 175 2495 960 2535; baseline 0.009 -15"><span class='ocrx_word' id='word_1_649' title='bbox 175 2501 242 2521; x_wconf 74' lang='lat' dir='ltr'><strong>nne:</strong></span> <span class='ocrx_word' id='word_1_650' title='bbox 262 2505 270 2520; x_wconf 80' lang='grc' dir='ltr'><strong>ι</strong></span> <span class='ocrx_word' id='word_1_651' title='bbox 287 2495 381 2530; x_wconf 86' lang='lat' dir='ltr'><strong>Cujus,</strong></span> <span class='ocrx_word' id='word_1_652' title='bbox 395 2496 493 2531; x_wconf 91' lang='lat' dir='ltr'><strong>inquit,</strong></span> <span class='ocrx_word' id='word_1_653' title='bbox 503 2499 667 2526; x_wconf 86' lang='lat' dir='ltr'><strong>sanctissimi</strong></span> <span class='ocrx_word' id='word_1_654' title='bbox 682 2500 735 2527; x_wconf 90' lang='lat' dir='ltr'><strong>viri</strong></span> <span class='ocrx_word' id='word_1_655' title='bbox 748 2500 795 2535; x_wconf 93' lang='lat' dir='ltr'><strong>qui</strong></span> <span class='ocrx_word' id='word_1_656' title='bbox 807 2500 960 2528; x_wconf 85' lang='lat' dir='ltr'><strong>doctrinam</strong></span> 
     </span>
    </p>
   </div>
   <div class='ocr_carea' id='block_1_98' title="bbox 176 2539 960 2581">
    <p class='ocr_par' dir='ltr' id='par_1_98' title="bbox 176 2539 960 2581">
     <span class='ocr_line' id='line_1_98' title="bbox 176 2539 960 2581; baseline 0.011 -16"><span class='ocrx_word' id='word_1_657' title='bbox 176 2539 323 2568; x_wconf 84' lang='lat' dir='ltr'><strong>indiscrete</strong></span> <span class='ocrx_word' id='word_1_658' title='bbox 336 2543 557 2575; x_wconf 87' lang='lat' dir='ltr'><strong>anathematizet,</strong></span> <span class='ocrx_word' id='word_1_659' title='bbox 582 2545 669 2579; x_wconf 88' lang='lat' dir='ltr'><strong>ipsam</strong></span> <span class='ocrx_word' id='word_1_660' title='bbox 694 2546 805 2573; x_wconf 89' lang='lat' dir='ltr'><strong>videtur</strong></span> <span class='ocrx_word' id='word_1_661' title='bbox 830 2546 960 2581; x_wconf 88' lang='lat' dir='ltr'><strong>pietatem</strong></span> 
     </span>
    </p>
   </div>
   <div class='ocr_carea' id='block_1_99' title="bbox 175 2584 346 2612">
    <p class='ocr_par' dir='ltr' id='par_1_99' title="bbox 175 2584 346 2612">
     <span class='ocr_line' id='line_1_99' title="bbox 175 2584 346 2612; baseline 0.006 -1"><span class='ocrx_word' id='word_1_662' title='bbox 175 2584 314 2612; x_wconf 84' lang='lat' dir='ltr'><strong>damnare.</strong></span> <span class='ocrx_word' id='word_1_663' title='bbox 337 2597 346 2612; x_wconf 75' lang='grc' dir='ltr'><strong>ι</strong></span> 
     </span>
    </p>
   </div>
   <div class='ocr_carea' id='block_1_100' title="bbox 1012 2218 1801 2258">
    <p class='ocr_par' dir='ltr' id='par_1_100' title="bbox 1012 2218 1801 2258">
     <span class='ocr_line' id='line_1_100' title="bbox 1012 2218 1801 2258; baseline -0.009 -6"><span class='ocrx_word' id='word_1_664' title='bbox 1012 2225 1075 2252; x_wconf 84' lang='lat' dir='ltr'><strong>Fuit</strong></span> <span class='ocrx_word' id='word_1_665' title='bbox 1102 2230 1130 2252; x_wconf 90' lang='lat' dir='ltr'><strong>et</strong></span> <span class='ocrx_word' id='word_1_666' title='bbox 1158 2230 1233 2253; x_wconf 86' lang='lat' dir='ltr'><strong>arcta</strong></span> <span class='ocrx_word' id='word_1_667' title='bbox 1261 2225 1428 2253; x_wconf 87' lang='lat' dir='ltr'><strong>necessitate</strong></span> <span class='ocrx_word' id='word_1_668' title='bbox 1456 2223 1621 2258; x_wconf 83' lang='lat' dir='ltr'><strong>eonjunctns</strong></span> <span class='ocrx_word' id='word_1_669' title='bbox 1645 2218 1801 2248; x_wconf 79' lang='lat' dir='ltr'><strong>Alexander</strong></span> 
     </span>
    </p>
   </div>
   <div class='ocr_carea' id='block_1_101' title="bbox 1010 2264 1797 2307">
    <p class='ocr_par' dir='ltr' id='par_1_101' title="bbox 1010 2264 1797 2307">
     <span class='ocr_line' id='line_1_101' title="bbox 1010 2264 1797 2307; baseline -0.01 -9"><span class='ocrx_word' id='word_1_670' title='bbox 1010 2271 1160 2306; x_wconf 68' lang='lat' dir='ltr'><strong>provinciae</strong></span> <span class='ocrx_word' id='word_1_671' title='bbox 1184 2272 1296 2307; x_wconf 88' lang='lat' dir='ltr'><strong>primas,</strong></span> <span class='ocrx_word' id='word_1_672' title='bbox 1316 2271 1387 2298; x_wconf 88' lang='lat' dir='ltr'><strong>sicut</strong></span> <span class='ocrx_word' id='word_1_673' title='bbox 1400 2274 1428 2297; x_wconf 85' lang='lat' dir='ltr'><strong>et</strong></span> <span class='ocrx_word' id='word_1_674' title='bbox 1446 2269 1636 2296; x_wconf 89' lang='lat' dir='ltr'><strong>Thcodoretus</strong></span> <span class='ocrx_word' id='word_1_675' title='bbox 1650 2265 1724 2301; x_wconf 85' lang='lat' dir='ltr'><strong>Cyri,</strong></span> <span class='ocrx_word' id='word_1_676' title='bbox 1742 2264 1797 2307; x_wconf 74' lang='lat' dir='ltr'><strong>A_n-</strong></span> 
     </span>
    </p>
   </div>
   <div class='ocr_carea' id='block_1_102' title="bbox 1010 2305 1799 2349">
    <p class='ocr_par' dir='ltr' id='par_1_102' title="bbox 1010 2305 1799 2349">
     <span class='ocr_line' id='line_1_102' title="bbox 1010 2305 1799 2349; baseline -0.011 -5"><span class='ocrx_word' id='word_1_677' title='bbox 1010 2305 1090 2344; x_wconf 87' lang='lat' dir='ltr'><strong>dreas</strong></span> <span class='ocrx_word' id='word_1_678' title='bbox 1107 2305 1322 2349; x_wconf 49' lang='lat' dir='ltr'><strong>Samo—satarum,</strong></span> <span class='ocrx_word' id='word_1_679' title='bbox 1335 2316 1455 2344; x_wconf 83' lang='lat' dir='ltr'><strong>Joannes</strong></span> <span class='ocrx_word' id='word_1_680' title='bbox 1469 2313 1658 2343; x_wconf 68' lang='lat' dir='ltr'><strong>Germanicim,</strong></span> <span class='ocrx_word' id='word_1_681' title='bbox 1672 2305 1799 2338; x_wconf 83' lang='lat' dir='ltr'><strong>lleliades</strong></span> 
     </span>
    </p>
   </div>
   <div class='ocr_carea' id='block_1_103' title="bbox 1010 2358 1799 2399">
    <p class='ocr_par' dir='ltr' id='par_1_103' title="bbox 1010 2358 1799 2399">
     <span class='ocr_line' id='line_1_103' title="bbox 1010 2358 1799 2399; baseline -0.013 -8"><span class='ocrx_word' id='word_1_682' title='bbox 1010 2364 1167 2399; x_wconf 83' lang='lat' dir='ltr'><strong>Zeugmatis</strong></span> <span class='ocrx_word' id='word_1_683' title='bbox 1180 2363 1321 2398; x_wconf 86' lang='lat' dir='ltr'><strong>episcopi;</strong></span> <span class='ocrx_word' id='word_1_684' title='bbox 1338 2361 1437 2396; x_wconf 89' lang='lat' dir='ltr'><strong>reliqui</strong></span> <span class='ocrx_word' id='word_1_685' title='bbox 1450 2368 1517 2387; x_wconf 87' lang='lat' dir='ltr'><strong>vero</strong></span> <span class='ocrx_word' id='word_1_686' title='bbox 1529 2363 1576 2386; x_wconf 92' lang='lat' dir='ltr'><strong>aut</strong></span> <span class='ocrx_word' id='word_1_687' title='bbox 1594 2358 1685 2385; x_wconf 85' lang='lat' dir='ltr'><strong>minus</strong></span> <span class='ocrx_word' id='word_1_688' title='bbox 1701 2358 1799 2383; x_wconf 86' lang='lat' dir='ltr'><strong>aucto-</strong></span> 
     </span>
    </p>
   </div>
   <div class='ocr_carea' id='block_1_104' title="bbox 1011 2401 1802 2444">
    <p class='ocr_par' dir='ltr' id='par_1_104' title="bbox 1011 2401 1802 2444">
     <span class='ocr_line' id='line_1_104' title="bbox 1011 2401 1802 2444; baseline -0.014 -7"><span class='ocrx_word' id='word_1_689' title='bbox 1011 2409 1093 2437; x_wconf 90' lang='lat' dir='ltr'><strong>ritate</strong></span> <span class='ocrx_word' id='word_1_690' title='bbox 1110 2409 1267 2444; x_wconf 88' lang='lat' dir='ltr'><strong>pollebant,</strong></span> <span class='ocrx_word' id='word_1_691' title='bbox 1291 2412 1339 2435; x_wconf 87' lang='lat' dir='ltr'><strong>aut</strong></span> <span class='ocrx_word' id='word_1_692' title='bbox 1354 2407 1469 2434; x_wconf 77' lang='lat' dir='ltr'><strong>aliorum</strong></span> <span class='ocrx_word' id='word_1_693' title='bbox 1494 2403 1697 2433; x_wconf 86' lang='lat' dir='ltr'><strong>necessitudine</strong></span> <span class='ocrx_word' id='word_1_694' title='bbox 1711 2401 1802 2428; x_wconf 84' lang='lat' dir='ltr'><strong>trahe-</strong></span> 
     </span>
    </p>
   </div>
   <div class='ocr_carea' id='block_1_105' title="bbox 1013 2455 1122 2482">
    <p class='ocr_par' dir='ltr' id='par_1_105' title="bbox 1013 2455 1122 2482">
     <span class='ocr_line' id='line_1_105' title="bbox 1013 2455 1122 2482; baseline 0 -1"><span class='ocrx_word' id='word_1_695' title='bbox 1013 2455 1122 2482; x_wconf 89' lang='lat' dir='ltr'><strong>bantur.</strong></span> 
     </span>
    </p>
   </div>
   <div class='ocr_carea' id='block_1_106' title="bbox 1051 2494 1800 2534">
    <p class='ocr_par' dir='ltr' id='par_1_106' title="bbox 1051 2494 1800 2534">
     <span class='ocr_line' id='line_1_106' title="bbox 1051 2494 1800 2534; baseline -0.009 -7"><span class='ocrx_word' id='word_1_696' title='bbox 1051 2500 1104 2527; x_wconf 73' lang='lat' dir='ltr'><strong>Vll.</strong></span> <span class='ocrx_word' id='word_1_697' title='bbox 1121 2500 1268 2534; x_wconf 82' lang='lat' dir='ltr'><strong>Postquam</strong></span> <span class='ocrx_word' id='word_1_698' title='bbox 1280 2499 1412 2526; x_wconf 85' lang='lat' dir='ltr'><strong>sancilam</strong></span> <span class='ocrx_word' id='word_1_699' title='bbox 1429 2496 1613 2525; x_wconf 82' lang='lat' dir='ltr'><strong>Ecclesiarum</strong></span> <span class='ocrx_word' id='word_1_700' title='bbox 1625 2494 1800 2522; x_wconf 86' lang='lat' dir='ltr'><strong>concordiam</strong></span> 
     </span>
    </p>
   </div>
   <div class='ocr_carea' id='block_1_107' title="bbox 1014 2539 1800 2578">
    <p class='ocr_par' dir='ltr' id='par_1_107' title="bbox 1014 2539 1800 2578">
     <span class='ocr_line' id='line_1_107' title="bbox 1014 2539 1800 2578; baseline -0.009 -7"><span class='ocrx_word' id='word_1_701' title='bbox 1014 2544 1136 2576; x_wconf 83' lang='lat' dir='ltr'><strong>rescivit,</strong></span> <span class='ocrx_word' id='word_1_702' title='bbox 1153 2544 1317 2578; x_wconf 87' lang='lat' dir='ltr'><strong>missamque</strong></span> <span class='ocrx_word' id='word_1_703' title='bbox 1331 2551 1345 2570; x_wconf 87' lang='lat' dir='ltr'><strong>a</strong></span> <span class='ocrx_word' id='word_1_704' title='bbox 1360 2543 1463 2570; x_wconf 88' lang='lat' dir='ltr'><strong>Joanne</strong></span> <span class='ocrx_word' id='word_1_705' title='bbox 1480 2540 1650 2568; x_wconf 85' lang='lat' dir='ltr'><strong>Antiocheno</strong></span> <span class='ocrx_word' id='word_1_706' title='bbox 1657 2539 1800 2574; x_wconf 87' lang='lat' dir='ltr'><strong>epistolam</strong></span> 
     </span>
    </p>
   </div>
   <div class='ocr_carea' id='block_1_108' title="bbox 1016 2587 1802 2625">
    <p class='ocr_par' dir='ltr' id='par_1_108' title="bbox 1016 2587 1802 2625">
     <span class='ocr_line' id='line_1_108' title="bbox 1016 2587 1802 2625; baseline -0.008 -7"><span class='ocrx_word' id='word_1_707' title='bbox 1016 2591 1050 2618; x_wconf 90' lang='lat' dir='ltr'><strong>de</strong></span> <span class='ocrx_word' id='word_1_708' title='bbox 1063 2599 1092 2618; x_wconf 89' lang='lat' dir='ltr'><strong>re</strong></span> <span class='ocrx_word' id='word_1_709' title='bbox 1108 2594 1163 2618; x_wconf 89' lang='lat' dir='ltr'><strong>tota</strong></span> <span class='ocrx_word' id='word_1_710' title='bbox 1175 2590 1208 2617; x_wconf 89' lang='lat' dir='ltr'><strong>ad</strong></span> <span class='ocrx_word' id='word_1_711' title='bbox 1226 2590 1431 2625; x_wconf 87' lang='lat' dir='ltr'><strong>imperatorem,</strong></span> <span class='ocrx_word' id='word_1_712' title='bbox 1442 2592 1523 2623; x_wconf 89' lang='lat' dir='ltr'><strong>atque</strong></span> <span class='ocrx_word' id='word_1_713' title='bbox 1537 2587 1620 2615; x_wconf 88' lang='lat' dir='ltr'><strong>etiam</strong></span> <span class='ocrx_word' id='word_1_714' title='bbox 1635 2587 1670 2614; x_wconf 88' lang='lat' dir='ltr'><strong>ad</strong></span> <span class='ocrx_word' id='word_1_715' title='bbox 1684 2587 1802 2621; x_wconf 83' lang='lat' dir='ltr'><strong>majores</strong></span> 
     </span>
    </p>
   </div>
   <div class='ocr_carea' id='block_1_109' title="bbox 843 2667 1134 2696">
    <p class='ocr_par' dir='ltr' id='par_1_109' title="bbox 843 2667 1134 2696">
     <span class='ocr_line' id='line_1_109' title="bbox 843 2667 1134 2696; baseline -0.003 -2"><span class='ocrx_word' id='word_1_716' title='bbox 843 2667 1001 2696; x_wconf 82' lang='lat' dir='ltr'><strong>SCHULle</strong></span> <span class='ocrx_word' id='word_1_717' title='bbox 1021 2667 1134 2694; x_wconf 78' lang='grc' dir='ltr'><strong>ΝΟΤᾹΞ.</strong></span> 
     </span>
    </p>
   </div>
   <div class='ocr_carea' id='block_1_110' title="bbox 211 2741 779 2779">
    <p class='ocr_par' dir='ltr' id='par_1_110' title="bbox 211 2741 779 2779">
     <span class='ocr_line' id='line_1_110' title="bbox 211 2741 779 2779; baseline 0.007 -12"><span class='ocrx_word' id='word_1_718' title='bbox 211 2741 233 2758; x_wconf 73' lang='grc' dir='ltr'>ι·</span> <span class='ocrx_word' id='word_1_719' title='bbox 248 2741 460 2779; x_wconf 32' lang='grc' dir='ltr'><strong>ζζζ-στνίῢᾍςωι.</strong></span> <span class='ocrx_word' id='word_1_720' title='bbox 479 2743 539 2779; x_wconf 77' lang='lat' dir='ltr'><strong>vid.</strong></span> <span class='ocrx_word' id='word_1_721' title='bbox 555 2747 573 2770; x_wconf 85' lang='grc' dir='ltr'>ι.</span> <span class='ocrx_word' id='word_1_722' title='bbox 587 2743 632 2774; x_wconf 82' lang='grc' dir='ltr'>ιιι.</span> <span class='ocrx_word' id='word_1_723' title='bbox 653 2752 679 2779; x_wconf 82' lang='grc' dir='ltr'><strong>ρ.</strong></span> <span class='ocrx_word' id='word_1_724' title='bbox 701 2744 779 2772; x_wconf 74' lang='lat'><strong>“99.</strong></span> 
     </span>
    </p>
   </div>
   <div class='ocr_carea' id='block_1_111' title="bbox 826 2745 1014 2760">
    <p class='ocr_par' dir='ltr' id='par_1_111' title="bbox 826 2745 1014 2760">
     <span class='ocr_line' id='line_1_111' title="bbox 826 2745 1014 2760; baseline 0 0"><span class='ocrx_word' id='word_1_725' title='bbox 826 2745 848 2760; x_wconf 67' lang='lat' dir='ltr'><strong>l9</strong></span> <span class='ocrx_word' id='word_1_726' title='bbox 869 2745 958 2760; x_wconf 66' lang='grc' dir='ltr'>Αιιηιιῖη</span> <span class='ocrx_word' id='word_1_727' title='bbox 985 2745 1014 2760; x_wconf 72' lang='grc' dir='ltr'><strong>υς</strong></span> 
     </span>
    </p>
   </div>
   <div class='ocr_carea' id='block_1_112' title="bbox 173 2745 964 2813">
    <p class='ocr_par' dir='ltr' id='par_1_112' title="bbox 173 2745 964 2813">
     <span class='ocr_line' id='line_1_112' title="bbox 211 2745 964 2779; baseline 0.007 -12"><span class='ocrx_word' id='word_1_728' title='bbox 211 2745 233 2758; x_wconf 68' lang='grc' dir='ltr'><strong>δ’·</strong></span> <span class='ocrx_word' id='word_1_729' title='bbox 249 2745 280 2768; x_wconf 82' lang='lat' dir='ltr'><strong>Ut</strong></span> <span class='ocrx_word' id='word_1_730' title='bbox 295 2745 385 2773; x_wconf 74' lang='lat' dir='ltr'><strong>srrib.,</strong></span> <span class='ocrx_word' id='word_1_731' title='bbox 400 2746 460 2770; x_wconf 64' lang='grc' dir='ltr'><strong>εδει.</strong></span> <span class='ocrx_word' id='word_1_732' title='bbox 479 2745 539 2770; x_wconf 88' lang='lat' dir='ltr'><strong>Vid.</strong></span> <span class='ocrx_word' id='word_1_733' title='bbox 555 2747 573 2770; x_wconf 91' lang='lat' dir='ltr'><strong>t.</strong></span> <span class='ocrx_word' id='word_1_734' title='bbox 587 2745 632 2774; x_wconf 86' lang='lat' dir='ltr'><strong>Ill,</strong></span> <span class='ocrx_word' id='word_1_735' title='bbox 653 2752 679 2779; x_wconf 90' lang='lat' dir='ltr'><strong>p.</strong></span> <span class='ocrx_word' id='word_1_736' title='bbox 701 2745 779 2772; x_wconf 83' lang='lat' dir='ltr'><strong>H99.</strong></span> <span class='ocrx_word' id='word_1_737' title='bbox 826 2745 848 2760; x_wconf 72' lang='grc'><strong>³⁸</strong></span> <span class='ocrx_word' id='word_1_738' title='bbox 863 2745 964 2772; x_wconf 55' lang='lat' dir='ltr'><strong>Atracio,</strong></span> 
     </span>
     <span class='ocr_line' id='line_1_113' title="bbox 173 2777 964 2813; baseline 0.004 -9"><span class='ocrx_word' id='word_1_739' title='bbox 173 2781 232 2804; x_wconf 72' lang='lat' dir='ltr'><strong>emt.</strong></span> <span class='ocrx_word' id='word_1_740' title='bbox 248 2777 314 2804; x_wconf 79' lang='lat' dir='ltr'><strong>Vide</strong></span> <span class='ocrx_word' id='word_1_741' title='bbox 337 2782 356 2804; x_wconf 91' lang='lat' dir='ltr'><strong>t.</strong></span> <span class='ocrx_word' id='word_1_742' title='bbox 376 2777 420 2810; x_wconf 71' lang='grc' dir='ltr'>ιν,</span> <span class='ocrx_word' id='word_1_743' title='bbox 445 2777 526 2813; x_wconf 85' lang='lat' dir='ltr'><strong>epist.</strong></span> <span class='ocrx_word' id='word_1_744' title='bbox 541 2779 602 2811; x_wconf 79' lang='grc'><strong>171,</strong></span> <span class='ocrx_word' id='word_1_745' title='bbox 615 2779 675 2810; x_wconf 77' lang='grc'><strong>175,</strong></span> <span class='ocrx_word' id='word_1_746' title='bbox 691 2779 750 2806; x_wconf 67' lang='grc'><strong>174.</strong></span> <span class='ocrx_word' id='word_1_747' title='bbox 766 2779 841 2807; x_wconf 84' lang='lat' dir='ltr'><strong>Adde</strong></span> <span class='ocrx_word' id='word_1_748' title='bbox 858 2780 964 2807; x_wconf 76' lang='lat' dir='ltr'><strong>Marine</strong></span> 
     </span>
    </p>
   </div>
   <div class='ocr_carea' id='block_1_113' title="bbox 1016 2745 1432 2813">
    <p class='ocr_par' dir='ltr' id='par_1_113' title="bbox 1016 2745 1432 2813">
     <span class='ocr_line' id='line_1_114' title="bbox 1019 2745 1432 2778; baseline -0.01 -6"><span class='ocrx_word' id='word_1_749' title='bbox 1019 2745 1059 2775; x_wconf 88' lang='lat' dir='ltr'><strong>d.,</strong></span> <span class='ocrx_word' id='word_1_750' title='bbox 1088 2752 1113 2778; x_wconf 91' lang='lat' dir='ltr'><strong>p.</strong></span> <span class='ocrx_word' id='word_1_751' title='bbox 1140 2752 1167 2770; x_wconf 88' lang='grc' dir='ltr'><strong>ιιι</strong></span> <span class='ocrx_word' id='word_1_752' title='bbox 1187 2745 1264 2770; x_wconf 67' lang='lat' dir='ltr'><strong>Cone.</strong></span> <span class='ocrx_word' id='word_1_753' title='bbox 1297 2745 1432 2777; x_wconf 56' lang='lat' dir='ltr'><strong>Elllle5,,(!</strong></span> 
     </span>
     <span class='ocr_line' id='line_1_115' title="bbox 1016 2778 1432 2813; baseline -0.007 -7"><span class='ocrx_word' id='word_1_754' title='bbox 1016 2783 1109 2809; x_wconf 82' lang='lat' dir='ltr'><strong>ercat.,</strong></span> <span class='ocrx_word' id='word_1_755' title='bbox 1125 2783 1143 2806; x_wconf 88' lang='lat' dir='ltr'><strong>t.</strong></span> <span class='ocrx_word' id='word_1_756' title='bbox 1161 2779 1193 2809; x_wconf 83' lang='lat' dir='ltr'><strong>ll,</strong></span> <span class='ocrx_word' id='word_1_757' title='bbox 1209 2778 1276 2805; x_wconf 88' lang='lat' dir='ltr'><strong>edit.</strong></span> <span class='ocrx_word' id='word_1_758' title='bbox 1290 2778 1384 2809; x_wconf 86' lang='lat' dir='ltr'><strong>Garn.,</strong></span> <span class='ocrx_word' id='word_1_759' title='bbox 1404 2786 1432 2813; x_wconf 87' lang='lat' dir='ltr'><strong>p.</strong></span> 
     </span>
    </p>
   </div>
   <div class='ocr_carea' id='block_1_114' title="bbox 1088 2739 1798 2779">
    <p class='ocr_par' dir='ltr' id='par_1_114' title="bbox 1088 2739 1798 2779">
     <span class='ocr_line' id='line_1_116' title="bbox 1088 2739 1798 2779; baseline -0.007 -9"><span class='ocrx_word' id='word_1_760' title='bbox 1088 2752 1113 2778; x_wconf 91' lang='lat' dir='ltr'><strong>p.</strong></span> <span class='ocrx_word' id='word_1_761' title='bbox 1140 2752 1167 2770; x_wconf 86' lang='grc' dir='ltr'><strong>ιιι</strong></span> <span class='ocrx_word' id='word_1_762' title='bbox 1187 2743 1264 2779; x_wconf 67' lang='lat' dir='ltr'><strong>Cone.</strong></span> <span class='ocrx_word' id='word_1_763' title='bbox 1297 2742 1404 2779; x_wconf 48' lang='lat' dir='ltr'><strong>{Sp/tes,</strong></span> <span class='ocrx_word' id='word_1_764' title='bbox 1420 2741 1542 2779; x_wconf 53' lang='grc' dir='ltr'><strong>ξιιμ-35.</strong></span> <span class='ocrx_word' id='word_1_765' title='bbox 1581 2741 1603 2756; x_wconf 74' lang='grc' dir='ltr'><strong>⁸ο</strong></span> <span class='ocrx_word' id='word_1_766' title='bbox 1615 2739 1680 2779; x_wconf 45' lang='grc' dir='ltr'><strong>Αιίι.</strong></span> <span class='ocrx_word' id='word_1_767' title='bbox 1707 2739 1798 2779; x_wconf 72' lang='lat' dir='ltr'><strong>_d_cdi_t.</strong></span> 
     </span>
    </p>
   </div>
   <div class='ocr_carea' id='block_1_115' title="bbox 1467 2773 1799 2811">
    <p class='ocr_par' dir='ltr' id='par_1_115' title="bbox 1467 2773 1799 2811">
     <span class='ocr_line' id='line_1_117' title="bbox 1467 2773 1799 2811; baseline -0.009 -7"><span class='ocrx_word' id='word_1_768' title='bbox 1467 2777 1500 2804; x_wconf 74' lang='grc'><strong>72</strong></span> <span class='ocrx_word' id='word_1_769' title='bbox 1518 2784 1594 2811; x_wconf 90' lang='lat' dir='ltr'><strong>seqq.</strong></span> <span class='ocrx_word' id='word_1_770' title='bbox 1612 2774 1678 2808; x_wconf 67' lang='lat' dir='ltr'><strong>Quae</strong></span> <span class='ocrx_word' id='word_1_771' title='bbox 1698 2773 1799 2802; x_wconf 80' lang='lat' dir='ltr'><strong>deinde</strong></span> 
     </span>
    </p>
   </div>
   <div class='ocr_carea' id='block_1_116' title="bbox 177 2812 1206 2848">
    <p class='ocr_par' dir='ltr' id='par_1_116' title="bbox 177 2812 1206 2848">
     <span class='ocr_line' id='line_1_118' title="bbox 177 2812 1206 2848; baseline 0.001 -9"><span class='ocrx_word' id='word_1_772' title='bbox 177 2812 325 2840; x_wconf 75' lang='lat' dir='ltr'><strong>recitantur</strong></span> <span class='ocrx_word' id='word_1_773' title='bbox 338 2813 421 2841; x_wconf 86' lang='lat' dir='ltr'><strong>verba</strong></span> <span class='ocrx_word' id='word_1_774' title='bbox 435 2821 442 2840; x_wconf 88' lang='lat'><strong>:</strong></span> <span class='ocrx_word' id='word_1_775' title='bbox 455 2812 629 2841; x_wconf 81' lang='lat' dir='ltr'><strong>Intentionem</strong></span> <span class='ocrx_word' id='word_1_776' title='bbox 641 2819 769 2847; x_wconf 77' lang='lat' dir='ltr'><strong>nostram,</strong></span> <span class='ocrx_word' id='word_1_777' title='bbox 780 2819 845 2846; x_wconf 86' lang='lat' dir='ltr'><strong>etc.,</strong></span> <span class='ocrx_word' id='word_1_778' title='bbox 857 2814 1027 2842; x_wconf 84' lang='lat' dir='ltr'><strong>constituunt</strong></span> <span class='ocrx_word' id='word_1_779' title='bbox 1053 2814 1132 2848; x_wconf 83' lang='lat' dir='ltr'><strong>epist.</strong></span> <span class='ocrx_word' id='word_1_780' title='bbox 1148 2814 1206 2840; x_wconf 67' lang='lat' dir='ltr'><strong>lit.</strong></span> 
     </span>
    </p>
   </div>
  </div>
