1969 3052
125 114 175 148 121

724 117 907 147 HISTORIA
927 119 1182 150 TIIEODORETI.

1715 116 1764 149 122

125 171 216 201 κάθες
234 171 387 198 Romanam
405 170 477 203 ἀίων
494 170 720 204 Alexandrinam.
737 176 766 199 ει
779 172 916 199 ϐοηεῐδιι-
934 178 953 203 A
971 176 1013 202 rio
1029 176 1141 210 scripsit
1158 175 1191 203 ad
1213 175 1342 203 Acacium
1366 175 1537 206 Mclitenum,
1561 181 1677 208 eamque
1703 181 1764 200 cum

125 217 337 251 tinopolitanam
352 226 358 243 :
375 217 451 244 dedit
464 217 564 244 iterum
583 218 615 244 ad
633 218 785 246 Himerium
801 219 919 251 litteras,

125 263 229 298 quibus
240 263 323 290 animi
343 264 385 290 sui
406 272 529 296 sensum,
545 265 681 299 simulque
697 265 826 292 factionis
848 269 921 292 artes

126 309 269 344 patefecit.
289 319 297 334 ε
314 310 373 337 Non
390 313 477 341 tuam,
490 310 614 345 inquit“,
634 311 717 338 lateat
734 312 920 344 sanctitatem,

125 355 213 389 quod,
227 360 372 390 postquam
385 356 437 391 legi
449 357 604 390 epistolam,
621 365 682 392 quae
702 358 862 393 imperatori
878 358 922 385 di-

127 404 205 428 recta
219 405 271 433 cst,
295 401 379 429 nimis
395 403 488 429 animo
504 403 598 435 dolui;
621 404 685 438 quia
707 404 853 432 manifeste
875 412 923 432 co-

129 455 242 482 gnosco,
251 447 326 482 quod
342 447 374 479 is,
385 448 431 483 qui
446 449 517 475 hanc
525 449 645 483 scripsit,
656 449 776 484 idipsum
789 451 922 483 sentiens,

129 493 280 520 indiscrete
302 497 384 528 atque
409 494 502 528 inique
525 494 667 521 damnavit
692 502 767 527 eum,
790 496 836 530 qui
855 496 924 522 nihil

129 544 230 574 praeter
255 539 410 567 doctrinam
427 547 522 567 sanam
546 540 626 567 novit
640 541 745 575 aliquid
765 546 793 568 et
817 541 922 568 docuit.

130 586 185 614 Sed
202 586 449 614 anathematismus
465 587 597 619 insertus,
612 587 676 614 licet
688 587 805 614 idoneus
821 587 856 615 sit
868 596 926 614 am-

129 631 215 666 plius,
233 639 317 666 quam
339 639 492 658 consensus
513 631 700 660 damnationis
719 633 789 668 ejus,
813 633 926 661 turbare

130 677 281 710 lectorem;
294 681 386 704 tamen
400 678 464 712 quia
476 686 531 705 non
546 678 706 711 indiscrete,
724 679 772 706 sed
789 680 840 707 sub
855 687 923 714 qua-

131 723 196 750 dam
212 723 433 751 consideratione
445 724 552 758 positus
562 729 615 755 est,
633 724 762 752 solatium
778 725 906 760 praestitit
920 734 926 752 :

131 777 185 797 nec
202 770 275 797 enim
284 769 372 796 dixit:
388 770 662 798 Anathematizamus
685 770 838 798 doctrinam
852 772 926 807 ejus;

132 816 181 843 sed
195 823 368 851 quaecunque
389 816 470 843 aliter
485 816 556 843 dixit
579 821 628 844 aut
641 817 728 845 sensit
755 825 838 852 quam
860 817 927 845 doc-

133 862 208 888 trina
221 861 370 896 apostolica
379 861 513 889 continet.
530 871 538 888 ι

170 907 240 935 Vill.
257 907 340 935 Dedit
358 911 387 934 ct
403 908 472 934 alias
483 908 517 935 ad
531 908 700 941 Nestorium,
718 913 836 937 testatus
852 917 931 936 suam

136 953 166 980 in
189 953 275 987 ipsius
290 953 416 987 partibus
433 954 542 981 tuendis
557 955 760 982 constantiam:
785 965 794 981 i
813 955 872 988 His,
890 956 933 983 in-

135 999 238 1034 quit“,
251 1007 312 1034 quae
325 1004 420 1026 contra
430 1004 503 1027 tuam
515 1002 724 1029 venerationem
740 1002 839 1037 injuste
850 1005 932 1037 atque

136 1045 233 1079 inique
248 1050 354 1079 patrata
367 1049 443 1078 sunt,
460 1053 512 1073 nec
526 1046 549 1073 si
572 1047 639 1073 mihi
656 1051 802 1082 utramque
819 1055 931 1074 manum

137 1090 201 1124 quis
209 1090 394 1122 abscinderet,
410 1096 507 1125 potero
518 1092 641 1126 prrcberc
653 1100 831 1124 consensum,
840 1092 932 1120 divina

138 1135 325 1170 proculdubio
336 1136 404 1163 mihi
415 1141 579 1171 cooperanle
594 1137 691 1172 gratia,
705 1141 732 1164 et
746 1137 932 1165 inﬁrmitatem

137 1181 237 1209 animae
253 1182 431 1214 sublevante;
467 1183 547 1218 168
567 1183 620 1210 hoc
643 1189 735 1211 autem
761 1184 844 1210 etiam
878 1183 932 1215 bis,

138 1228 186 1262 qui
204 1228 262 1255 haec
287 1227 412 1263 exigunt,
437 1233 545 1255 certum
569 1229 671 1256 litteris
700 1229 764 1261 feci,
791 1234 818 1256 et
836 1235 935 1256 vestra:

139 1274 289 1306 sanctitati,
304 1274 370 1309 quid
391 1282 406 1301 a
428 1282 471 1302 me
492 1275 534 1302 cis
562 1275 724 1310 rescriptum
738 1276 790 1307 sit;
810 1276 935 1310 exempla

139 1320 290 1351 transmisi,
308 1325 444 1355 quatenus
457 1325 599 1356 agnoscat,
615 1322 689 1355 quod
702 1322 809 1349 nullum
827 1326 935 1357 tempus

139 1374 190 1393 nos
207 1374 257 1400 per
269 1366 389 1393 divinam
400 1367 515 1402 gratiam
531 1367 722 1394 commutabit.
745 1378 753 1393 ι

175 1411 220 1438 IX.
237 1411 308 1444 Quin
321 1412 403 1438 etiam
414 1411 564 1439 thnieiae
579 1411 727 1447 episcopis,
745 1421 815 1447 quos
832 1413 860 1440 in
878 1413 937 1441 suis

139 1458 267 1493 partibus
290 1458 454 1485 auctoritate
481 1458 618 1484 hactenus
633 1458 796 1491 retinuerat,
816 1463 845 1486 et
865 1467 936 1494 quos

140 1511 191 1531 sua
219 1508 310 1530 tamen
333 1503 503 1531 conscientia
526 1507 656 1538 coegerat
673 1504 747 1538 pacis
764 1505 936 1533 conditiones

140 1548 287 1583 accipere,
313 1548 415 1583 objccit
448 1556 497 1583 per
524 1548 670 1583 epistolam
701 1549 936 1584 praevaricationis

142 1595 258 1626 crimen,
272 1594 350 1629 quasi
363 1602 464 1621 nevum
480 1595 653 1630 accepissent
671 1595 826 1630 symbolum
839 1599 938 1630 printer

141 1639 285 1667 Nicaanmn
297 1647 304 1671 ;
318 1643 463 1674 postquam
486 1639 589 1674 Ephesi
603 1640 721 1667 confessi
737 1645 841 1673 essent,
858 1648 887 1668 se
901 1641 938 1668 ita

142 1685 172 1712 in
186 1685 297 1712 Niceno
308 1685 516 1719 conquiescere,
529 1689 560 1712 ut
574 1685 649 1712 aliud
661 1685 848 1721 quodcunque
870 1694 937 1714 cou-

142 1731 171 1758 di
185 1738 327 1765 nunquam
340 1735 433 1757 essent
448 1738 529 1765 passu
535 1730 568 1757 ri.

179 1775 246 1802 Eam
259 1775 295 1801 ob
306 1782 363 1801 rem
376 1774 458 1802 tacito
471 1774 579 1801 nomine
586 1783 600 1801 a
607 1775 708 1810 Cyrillo
716 1775 877 1810 perstrictus
886 1781 938 1804 est.

151 1831 160 1846 ‹
179 1819 251 1854 Quid
267 1821 361 1855 igitur,
377 1821 416 1848 ait
434 1821 468 1853 ⁸⁸,
494 1825 597 1848 temere
618 1822 750 1849 conviciis
768 1822 939 1850 insectantur

144 1867 295 1896 Phoenicia:
305 1867 458 1902 episcopos,
473 1875 568 1894 eorum
580 1875 743 1895 consensum
754 1876 854 1895 novum
869 1877 941 1904 sym-

146 1914 242 1942 bolum
269 1913 450 1948 appellantes,
468 1921 550 1948 quem
568 1913 606 1940 illi
622 1914 727 1941 utiliter
742 1919 770 1941 et
782 1915 940 1942 necessario

146 1959 306 1989 ediderunt,
323 1963 354 1986 ut
371 1959 500 1985 nimirum
528 1967 557 1986 se
578 1964 738 1995 purgarent,
761 1968 864 1995 eosque
890 1961 940 1988 dc-

147 2004 367 2039 mulcerent,qui
383 2004 457 2039 ipsos
472 2005 663 2032 Nestorianam
679 2005 828 2032 novitatem
843 2014 942 2040 appro-

148 2051 216 2079 bare
244 2051 479 2078 existimaveram.
499 2061 507 2076 I
540 2051 651 2078 Poterat
675 2051 733 2078 haec
761 2051 941 2086 reprehensio

149 2097 272 2124 animum
296 2095 465 2124 Theodoreti
481 2103 546 2131 erga
566 2096 700 2132 Cyrillum
715 2097 771 2132 jam
788 2097 850 2132 plus
863 2104 942 2132 :cquo

149 2142 291 2170 infensum
307 2142 494 2175 exacerbare;
513 2141 561 2169 sed
580 2150 636 2169 sua:
648 2142 725 2169 fatum
741 2142 873 2170 interesse
891 2151 942 2170 no-

148 2193 238 2220 verat,
255 2189 320 2216 dum
335 2193 434 2216 cuncta
448 2189 582 2225 principis
600 2189 678 2224 jussu
695 2193 940 2223 compouerentur,

150 2236 218 2263 nihil
235 2235 378 2262 turbarum
391 2235 475 2268 ciere,
497 2235 552 2262 imo
565 2234 725 2262 occasiones
739 2240 861 2269 captare,
878 2235 940 2269 qui-

151 2283 204 2320 bus
218 2285 310 2315 posset
322 2285 370 2307 aut
393 2281 420 2307 in
432 2280 583 2308 amicitiam
612 2289 628 2308 a
648 2279 752 2316 Cyrillo
777 2280 875 2315 recipi,
893 2284 942 2307 aut

151 2331 280 2362 receptus
290 2327 378 2354 videri
394 2335 401 2354 :
421 2327 460 2355 sic
475 2327 550 2354 enim
563 2326 755 2362 pertinaciam,
774 2326 803 2353 in
822 2334 943 2354 renuen-

149 2374 194 2401 dis
205 2374 414 2402 conditionibus
424 2374 590 2407 concordiae,
605 2374 715 2402 valebat
729 2374 818 2402 tutius
833 2374 877 2401 vel
894 2382 943 2402 ex-

151 2428 248 2448 cusare
260 2421 303 2448 vel
320 2425 421 2456 tegere.

186 2466 221 2494 X.
239 2467 346 2494 Accidit
375 2475 438 2494 mox
469 2467 578 2495 occasio
605 2471 759 2502 opportuna
783 2466 863 2494 dolo:
880 2474 942 2494 nam

152 2512 270 2554 (lyrillus
285 2513 451 2541 laboriosam
467 2513 659 2541 tractationem
674 2512 709 2540 de
721 2520 805 2548 capro
827 2512 943 2539 cmissa-

976 220 1053 247 libris
1068 221 1198 248 decemin
1210 221 1349 248 Julianum
1362 225 1512 255 apostatam
1525 228 1539 246 a
1554 228 1583 246 sc
1595 219 1763 254 compositis.

975 266 1074 293 Joanni
1085 266 1257 293 Antiocheno
1277 266 1361 298 misit,
1379 273 1479 300 rogans
1493 270 1592 292 utcum
1608 264 1766 292 eruditissi-

977 313 1029 340 mis
1041 312 1197 347 quibusque
1221 319 1278 339 suze
1301 311 1429 339 dimcesis
1453 311 1591 346 episcopis
1611 317 1765 337 communi--

977 363 1062 386 caret.
1079 359 1142 386 llaac
1160 358 1352 385 Theodoretus
1374 365 1437 384 cum
1456 356 1608 391 accepisset
1622 364 1636 382 a
1651 356 1766 387 Joanne,

977 406 1143 440 legissetquc
1165 404 1308 436 attentius,
1334 403 1441 430 litteras
1474 402 1549 430 misit
1576 402 1610 429 ad
1636 401 1768 437 Cyrillum

977 451 1091 478 laudum
1105 455 1187 485 atque
1212 449 1294 477 cilicii
1318 450 1424 484 plenas,
1441 453 1605 483 mutuasque
1620 448 1656 475 ab
1673 456 1708 475 eo
1724 455 1769 474 re-

979 498 1063 532 cepit,
1077 505 1129 524 nec
1142 497 1203 524 illas
1220 504 1300 528 unas,
1319 503 1388 530 quas
1406 502 1439 522 co
1460 494 1618 530 diligentius
1638 493 1769 525 servavit,
1799 505 1804 511 ·

980 552 1034 579 quo
1044 544 1203 571 callidiores
1222 543 1255 570 ad
1272 550 1339 569 usus
1352 541 1520 569 destinabat.

1015 591 1050 618 Et
1067 597 1133 617 vero
1143 589 1319 624 postmodum
1333 588 1439 616 abusus
1452 592 1505 619 est,
1524 594 1586 614 cum
1603 586 1771 621 persuadere

980 637 1062 664 vellet
1088 637 1219 664 Dioscoro
1232 657 1238 668 ,
1258 635 1352 671 Cyrilli
1383 643 1411 662 se
1433 634 1583 661 amicitiam
1600 633 1730 664 coluisse,
1745 636 1774 659 et

980 684 1133 711 doctrinam
1156 682 1292 710 laudasse.
1325 691 1333 706 ι
1357 681 1456 713 Bcataa,
1482 680 1612 715 inquit“,
1636 678 1775 706 memoria:

981 729 1113 766 Cyrillum
1129 737 1201 764 stepe
1219 728 1252 755 ad
1269 736 1319 755 nos
1342 727 1449 754 litteras
1461 726 1581 758 dedisse,
1598 729 1775 760 perspectum

981 779 1034 807 est,
1051 775 1160 809 opinor,
1175 773 1314 801 sanctitati
1327 777 1397 805 tute;
1419 772 1467 799 sed
1481 776 1510 798 et
1520 771 1632 806 quando
1649 777 1714 797 suos
1728 769 1776 796 ad-

982 829 1080 849 versus
1091 821 1229 848 Julianum
1245 820 1331 847 libros
1345 819 1420 846 misit
1434 818 1621 849 Antiochiam,
1634 817 1777 844 similiter-

983 875 1038 902 que
1052 868 1059 876 '
1079 867 1182 894 librum
1215 866 1252 892 De
1275 865 1423 897 emissario,
1441 864 1552 892 beatum
1572 863 1706 890 Joannem
1729 869 1776 888 ro-

983 913 1057 948 gavit
1083 913 1242 947 episcopum
1261 911 1477 941 Antiochenum.
1505 913 1535 936 ut
1561 909 1623 936 illos
1647 907 1778 943 spectatis

984 966 1033 994 per
1050 958 1191 985 Orientem
1208 958 1348 992 magistris
1365 956 1537 988 ostenderet,
1553 954 1708 989 litterisque
1725 954 1778 982 ob.-

984 1011 1104 1038 sequens
1120 1003 1218 1030 beatus
1228 1003 1348 1030 Joannes
1363 1003 1444 1029 nobis
1457 1002 1544 1029 libros
1553 1001 1639 1031 misit,
1654 1008 1724 1035 quos
1737 1000 1778 1027 le—

984 1051 1080 1083 gentes
1094 1048 1278 1082 suspeximus,
1291 1051 1319 1074 ct
1331 1047 1417 1074 beaue
1431 1046 1572 1074 memoria;
1593 1045 1696 1081 Cyrillo
1711 1044 1780 1072 scri-

984 1093 1101 1128 psimus,
1116 1097 1144 1120 et
1159 1093 1204 1120 ille
1220 1093 1254 1119 ad
1268 1101 1318 1120 nos
1334 1092 1487 1126 rescripsit.
1503 1091 1732 1126 diligentiamque
1748 1096 1780 1116 ac

984 1138 1203 1166 benevolentiam
1215 1137 1435 1165 conmendavit:
1453 1136 1621 1172 quaslittcrae
1644 1134 1716 1169 apud
1730 1142 1780 1161 nos

987 1193 1084 1212 scrvan
1090 1189 1116 1211 tu
1122 1192 1143 1210 I'.
1165 1193 1173 1208 ι

1024 1231 1104 1266 169
1121 1230 1166 1257 XI.
1187 1229 1379 1256 Theodoretus
1400 1235 1493 1264 porro,
1506 1227 1611 1254 sancita
1622 1234 1699 1262 pace,
1726 1233 1781 1254 non

986 1277 1067 1305 modo
1080 1285 1135 1303 non
1148 1275 1298 1308 consensit,
1314 1275 1362 1302 sed
1378 1282 1411 1302 ne
1422 1274 1529 1309 quievit
1540 1272 1652 1308 quidem
1663 1272 1685 1287 "’
1699 1281 1705 1298 ε
1719 1279 1782 1299 nam

987 1323 1120 1360 propositi
1137 1323 1263 1358 pertinax
1287 1326 1314 1349 ct
1336 1321 1414 1348 fama:
1431 1320 1579 1352 conscius,
1602 1326 1783 1354 quoscunque

987 1370 1094 1404 potuit.
1122 1369 1149 1395 in
1163 1376 1227 1396 suas
1239 1372 1332 1402 partes
1347 1375 1400 1402 qua
1419 1365 1574 1393 rationibus
1590 1363 1713 1395 deduxit,
1729 1370 1782 1398 qua

988 1415 1151 1443 auctoritate
1162 1413 1306 1450 protraxit.
1322 1413 1416 1447 Neque
1429 1420 1493 1440 vero
1506 1411 1587 1446 pauci
1596 1410 1695 1437 ducem
1704 1416 1783 1436 scca.-

991 1462 1008 1489 ti
1025 1466 1103 1493 sunt,
1129 1461 1184 1487 imo
1197 1460 1280 1487 factio
1292 1459 1440 1490 astitit“,
1459 1465 1520 1492 qua:
1541 1457 1607 1491 quia
1619 1463 1671 1483 nec
1681 1454 1784 1490 Cyrillo

989 1507 1157 1539 adiiatrcbat,
1172 1515 1223 1534 nec
1237 1506 1346 1537 Joanni,
1365 1504 1483 1540 partium
1499 1508 1527 1531 et
1539 1503 1696 1530 dia-:cescon
1707 1500 1784 1535 capi—

990 1554 1075 1585 tibus,
1096 1552 1296 1587 Acephalorum
1310 1558 1419 1581 nomen,
1437 1550 1459 1577 si
1471 1557 1524 1584 qua
1533 1549 1663 1575 Liberato
1674 1546 1783 1577 ﬁdes",

989 1599 1111 1633 accepit;
1139 1602 1221 1632 atque
1243 1597 1280 1623 ita
1306 1596 1499 1623 Theodoretus
1518 1593 1607 1621 videri
1623 1593 1714 1627 potuit
1727 1591 1784 1626 jam

989 1651 1045 1670 non
1060 1651 1131 1669 unus
1146 1642 1180 1669 de
1191 1646 1265 1669 secta
1279 1640 1397 1668 Nestorii
1409 1660 1415 1672 ,
1434 1640 1482 1667 sed
1497 1639 1677 1666 factiosorum
1690 1641 1784 1671 caput,

989 1694 1018 1717 et
1029 1688 1159 1717 Ecclesiae
1171 1688 1394 1723 perturbatorum
1406 1686 1545 1721 princeps.

1026 1735 1091 1763 Scio
1105 1735 1140 1762 de
1151 1734 1258 1769 origine
1268 1733 1389 1760 nominis
1400 1731 1604 1766 Acephalorum
1618 1737 1671 1756 non
1683 1729 1718 1757 ab
1729 1736 1787 1756 om-

991 1783 1073 1810 nibus
1082 1781 1211 1808 Liberato
1221 1780 1307 1812 credi,
1322 1779 1370 1807 sed
1384 1778 1499 1806 Leontio
1510 1777 1598 1812 magis
1610 1785 1617 1803 :
1628 1784 1677 1804 eos
1687 1782 1787 1810 nempe

991 1829 1028 1856 ita
1042 1828 1140 1859 dictos,
1157 1827 1203 1862 qui
1219 1827 1301 1861 longo
1314 1829 1376 1860 post
1388 1829 1524 1859 tempore,
1538 1831 1602 1850 cum
1615 1821 1788 1850 Alexandria

992 1874 1191 1910 Eutychianam
1214 1872 1332 1900 haeresin
1352 1874 1553 1906 sequerentur,
1570 1869 1646 1897 velut
1662 1868 1788 1896 Dioscori

992 1920 1115 1955 rcliquiw
1126 1940 1133 1952 ,
1158 1927 1213 1946 non
1229 1923 1321 1946 tamen
1335 1918 1417 1945 Petro
1430 1917 1528 1952 Moggo
1539 1915 1656 1944 antistiti
1669 1913 1788 1942 civitatis

992 1966 1185 1997 adhaerebant,
1204 1964 1380 1999 quantumvis
1391 1963 1563 1999 Eutycbiana
1577 1966 1606 1990 et
1618 1962 1677 1996 ipse
1690 1960 1789 1988 δετεθί

993 2012 1112 2039 infectus
1131 2015 1214 2038 esset.
1238 2010 1351 2041 Verum,
1377 2013 1408 2036 ut
1428 2008 1544 2036 Leontio
1557 2007 1625 2035 ﬁdes
1638 2006 1788 2037 tribuatur,

993 2065 1054 2092 qua:
1067 2056 1163 2091 procul
1176 2055 1262 2082 dubio
1278 2054 1371 2082 debita
1383 2058 1427 2083 est
1437 2073 1444 2086 ,
1464 2061 1521 2081 non.
1533 2052 1667 2080 continuo
1679 2051 1791 2078 videtur

993 2101 1150 2136 abroganda
1172 2100 1313 2132 Liberata,
1342 2107 1404 2126 cum
1431 2098 1496 2125 iniri
1518 2097 1606 2132 possit
1628 2095 1788 2123 concordia.

995 2147 1143 2182 Scripserit
1164 2147 1239 2174 enim
1264 2146 1321 2178 ille,
1349 2145 1425 2180 quod
1446 2144 1682 2180 Eutychianorum
1697 2141 1788 2176 parti;

960 2195 978 2220 Ι)
995 2194 1057 2224 iste.
1082 2193 1156 2228 quod
1176 2193 1355 2220 Orientalium
1376 2190 1488 2218 factioni
1513 2197 1613 2217 nomen
1633 2187 1788 2221 obtigerit:

996 2244 1112 2274 uterque
1137 2243 1200 2273 apte
1222 2239 1255 2265 ad
1276 2238 1332 2265 vim
1349 2237 1426 2265 vocis
1444 2236 1520 2263 factm
1534 2235 1568 2263 ad
1583 2234 1790 2270 signiﬁcandam

996 2290 1109 2316 sectam,
1134 2293 1196 2319 qua:
1211 2284 1255 2312 cui
1271 2291 1321 2318 par
1339 2287 1391 2314 est,
1410 2282 1492 2318 capiti
1511 2289 1567 2309 non
1591 2279 1789 2316 conjungitur:

996 2331 1051 2358 erit
1063 2335 1155 2357 tamen
1168 2329 1288 2357 Liberati
1302 2337 1384 2364 quam
1397 2328 1506 2356 Leontii
1520 2328 1611 2363 potior
1623 2326 1687 2354 inde
1697 2334 1791 2357 causa.

998 2376 1072 2411 quod
1087 2376 1133 2403 ille
1147 2375 1271 2408 tradidit,
1292 2375 1364 2402 unde
1379 2374 1497 2409 primum
1522 2374 1549 2401 in
1570 2374 1624 2400 hoc
1636 2377 1694 2399 toto
1705 2379 1791 2406 nego-

999 2421 1036 2447 tio
1063 2420 1187 2448 auditum
1209 2420 1246 2448 sit
1268 2420 1471 2455 Acephalorum
1493 2425 1611 2450 nomen;
1636 2417 1699 2449 istc,
1719 2416 1792 2444 unde

997 2465 1176 2501 Eutychianis
1198 2465 1337 2493 inhatscrit
1362 2474 1368 2492 :
1395 2472 1551 2500 quanquam
1577 2463 1686 2491 Leontii
1708 2470 1790 2497 quam

997 2511 1118 2539 Liberali
1135 2511 1227 2539 notior
1241 2515 1282 2538 est
1296 2510 1448 2542 sententia;
1465 2514 1611 2545 propterea
1623 2508 1696 2544 quod
1711 2516 1791 2535 man-

827 2588 984 2616 SCllULZII
1005 2588 1117 2618 ΝΟΤᾹΞ.

191 2659 211 2674 ⁶¹
228 2656 326 2692 litauit.
343 2657 406 2692 Yid.
425 2661 444 2683 ι.
462 2657 506 2688 IV,
523 2657 603 2692 epist.
622 2657 682 2684 176.

733 2658 756 2673 θ’
772 2657 871 2692 Ῐηιμιὶι.
889 2657 951 2684 Vid.
969 2657 988 2684 l.
1004 2665 1028 2684 c.
1050 2657 1132 2692 epist.
1154 2656 1213 2692 172.
1232 2655 1307 2683 Adde
1318 2664 1381 2691 syu.
1405 2664 1431 2686 v,
1452 2660 1505 2692 act.

1598 2656 1622 2671 "
1647 2654 1699 2682 Ait.
1728 2653 1789 2681 \‘id.

155 2700 181 2727 p.
201 2699 228 2728 ut
245 2685 489 2728 ConarEphesqﬁc.
501 2685 552 2728 ’5δῖ
591 2692 613 2708 ⁸⁸
623 2693 723 2728 linquit.
742 2685 841 2720 Vid.'t.
865 2693 909 2724 Ν,
927 2692 1007 2727 epist.
1024 2685 1089 2728 83:7
1108 2693 1129 2708 ⁵⁵
1140 2691 1180 2728 Nc
1199 2692 1294 2726 quievi!
1320 2685 1434 2728 quidem.
1448 2691 1568 2728 Quievit.
1590 2690 1679 2728 donec
1692 2689 1788 2728 defen-

155 2725 251 2754 denda:
266 2725 377 2754 Diodori
400 2731 428 2754 ct
445 2727 584 2754 Theodori
610 2725 750 2755 memoriae
780 2725 971 2755 necessitatem
1009 2728 1060 2754 sibi
1084 2725 1237 2762 impositam
1265 2725 1330 2753 esse
1355 2727 1491 2753 crederet.
1520 2727 1586 2753 Erat
1614 2725 1705 2762 enim,_
1721 2727 1790 2750 teste

154 2762 287 2789 Camerio
303 2763 406 2796 (supra.
421 2770 448 2796 p.
475 2762 547 2795 HO),
563 2763 744 2790 amicitiarum
772 2763 970 2790 incredibiliter
996 2759 1138 2798 appetens,
1167 2766 1195 2789 ct
1223 2769 1284 2798 cum
1305 2761 1458 2798 junrxissct,
1471 2764 1628 2798 constanter
1639 2759 1787 2798 __rc_tinqns.

156 2798 179 2814 “
195 2798 284 2825 Fadio
301 2793 410 2828 exsiitit,
422 2793 489 2833 ἀει.
503 2793 610 2825 Dudum
625 2807 640 2824 a
659 2798 795 2825 Cotclerio
807 2798 922 2833 aliisque
939 2793 1049 2833 explosa
1077 2802 1119 2825 cst
1144 2797 1194 2824 isla
1222 2793 1322 2824 fabula.
1351 2797 1410 2824 Vid.
1449 2797 1557 2832 Dupinii
1587 2794 1706 2822 Biblioth.
1728 2793 1790 2820 Aul.

156 2833 260 2866 κάει,
278 2836 299 2859 1.
323 2832 368 2865 ιν,
386 2840 413 2867 p.
428 2832 470 2860 85.
509 2833 680 2866 “Breviarii,
705 2841 764 2867 cap.
791 2833 816 2859 9.
