  <div class='ocr_page' id='page_1' title='image "/cluster/home/n/w/nwhite01/storage/ocr_20150623/84/njp.32101010943783/067.png"; bbox 0 0 1969 3052; ppageno 0'>
   <div class='ocr_carea' id='block_1_1' title="bbox 196 138 245 170">
    <p class='ocr_par' dir='ltr' id='par_1_1' title="bbox 196 138 245 170">
     <span class='ocr_line' id='line_1_1' title="bbox 196 138 245 170; baseline 0 -1"><span class='ocrx_word' id='word_1_1' title='bbox 196 138 245 170; x_wconf 82' lang='lat'><strong>1&#39;23</strong></span> 
     </span>
    </p>
   </div>
   <div class='ocr_carea' id='block_1_2' title="bbox 760 131 1262 164">
    <p class='ocr_par' dir='ltr' id='par_1_2' title="bbox 760 131 1262 164">
     <span class='ocr_line' id='line_1_2' title="bbox 760 131 1262 164; baseline -0.008 0"><span class='ocrx_word' id='word_1_2' title='bbox 760 134 948 164; x_wconf 77' lang='lat' dir='ltr'><strong>GARNERII</strong></span> <span class='ocrx_word' id='word_1_3' title='bbox 970 131 1219 163; x_wconf 80' lang='lat' dir='ltr'><strong>DISSERTATIO</strong></span> <span class='ocrx_word' id='word_1_4' title='bbox 1238 131 1262 160; x_wconf 88' lang='grc' dir='ltr'><strong>Ῑ.</strong></span> 
     </span>
    </p>
   </div>
   <div class='ocr_carea' id='block_1_3' title="bbox 1768 125 1819 158">
    <p class='ocr_par' dir='ltr' id='par_1_3' title="bbox 1768 125 1819 158">
     <span class='ocr_line' id='line_1_3' title="bbox 1768 125 1819 158; baseline 0.02 -1"><span class='ocrx_word' id='word_1_5' title='bbox 1768 125 1819 158; x_wconf 59' lang='grc'><strong>124</strong></span> 
     </span>
    </p>
   </div>
   <div class='ocr_carea' id='block_1_4' title="bbox 192 181 1818 226">
    <p class='ocr_par' dir='ltr' id='par_1_4' title="bbox 192 181 1818 226">
     <span class='ocr_line' id='line_1_4' title="bbox 192 181 1818 226; baseline -0.007 -7"><span class='ocrx_word' id='word_1_6' title='bbox 192 193 228 219; x_wconf 83' lang='lat' dir='ltr'><strong>sit</strong></span> <span class='ocrx_word' id='word_1_7' title='bbox 239 192 285 219; x_wconf 89' lang='lat' dir='ltr'><strong>diu</strong></span> <span class='ocrx_word' id='word_1_8' title='bbox 295 191 463 226; x_wconf 68' lang='lat' dir='ltr'><strong>Eutychiana</strong></span> <span class='ocrx_word' id='word_1_9' title='bbox 476 189 557 217; x_wconf 87' lang='lat' dir='ltr'><strong>factio</strong></span> <span class='ocrx_word' id='word_1_10' title='bbox 571 197 633 216; x_wconf 89' lang='lat' dir='ltr'><strong>cum</strong></span> <span class='ocrx_word' id='word_1_11' title='bbox 647 196 697 215; x_wconf 85' lang='lat' dir='ltr'><strong>suo</strong></span> <span class='ocrx_word' id='word_1_12' title='bbox 712 189 836 221; x_wconf 85' lang='lat' dir='ltr'><strong>nomine;</strong></span> <span class='ocrx_word' id='word_1_13' title='bbox 853 187 979 215; x_wconf 82' lang='lat' dir='ltr'><strong>Orienta—</strong></span> <span class='ocrx_word' id='word_1_14' title='bbox 994 189 1015 217; x_wconf 85' lang='lat' dir='ltr'><strong>A</strong></span> <span class='ocrx_word' id='word_1_15' title='bbox 1030 186 1162 213; x_wconf 83' lang='lat' dir='ltr'><strong>frenatatn</strong></span> <span class='ocrx_word' id='word_1_16' title='bbox 1182 184 1327 212; x_wconf 73' lang='lat' dir='ltr'><strong>dimisisti?</strong></span> <span class='ocrx_word' id='word_1_17' title='bbox 1356 184 1433 215; x_wconf 87' lang='lat' dir='ltr'><strong>Vide,</strong></span> <span class='ocrx_word' id='word_1_18' title='bbox 1453 191 1487 211; x_wconf 86' lang='lat' dir='ltr'><strong>ne</strong></span> <span class='ocrx_word' id='word_1_19' title='bbox 1502 183 1565 218; x_wconf 85' lang='lat' dir='ltr'><strong>quis</strong></span> <span class='ocrx_word' id='word_1_20' title='bbox 1581 184 1588 192; x_wconf 80' lang='lat'><em>‘</em></span> <span class='ocrx_word' id='word_1_21' title='bbox 1607 187 1631 210; x_wconf 89' lang='lat' dir='ltr'><strong>te</strong></span> <span class='ocrx_word' id='word_1_22' title='bbox 1648 181 1818 209; x_wconf 80' lang='lat' dir='ltr'><strong>callidiorem</strong></span> 
     </span>
    </p>
   </div>
   <div class='ocr_carea' id='block_1_5' title="bbox 191 236 692 270">
    <p class='ocr_par' dir='ltr' id='par_1_5' title="bbox 191 236 692 270">
     <span class='ocr_line' id='line_1_5' title="bbox 191 236 692 270; baseline -0.008 -5"><span class='ocrx_word' id='word_1_23' title='bbox 191 239 259 266; x_wconf 87' lang='lat' dir='ltr'><strong>lium</strong></span> <span class='ocrx_word' id='word_1_24' title='bbox 269 237 368 264; x_wconf 89' lang='lat' dir='ltr'><strong>seditio</strong></span> <span class='ocrx_word' id='word_1_25' title='bbox 385 237 460 263; x_wconf 81' lang='lat' dir='ltr'><strong>brevi</strong></span> <span class='ocrx_word' id='word_1_26' title='bbox 478 236 628 270; x_wconf 84' lang='lat' dir='ltr'><strong>composita</strong></span> <span class='ocrx_word' id='word_1_27' title='bbox 641 239 692 261; x_wconf 86' lang='lat' dir='ltr'><strong>est.</strong></span> 
     </span>
    </p>
   </div>
   <div class='ocr_carea' id='block_1_6' title="bbox 494 291 680 319">
    <p class='ocr_par' dir='ltr' id='par_1_6' title="bbox 494 291 680 319">
     <span class='ocr_line' id='line_1_6' title="bbox 494 291 680 319; baseline -0.011 0"><span class='ocrx_word' id='word_1_28' title='bbox 494 291 605 319; x_wconf 81' lang='lat' dir='ltr'><strong>CAPUT</strong></span> <span class='ocrx_word' id='word_1_29' title='bbox 624 291 680 318; x_wconf 80' lang='lat' dir='ltr'><strong>Vll.</strong></span> 
     </span>
    </p>
   </div>
   <div class='ocr_carea' id='block_1_7' title="bbox 192 335 979 370">
    <p class='ocr_par' dir='ltr' id='par_1_7' title="bbox 192 335 979 370">
     <span class='ocr_line' id='line_1_7' title="bbox 192 335 979 370; baseline -0.005 -4"><span class='ocrx_word' id='word_1_30' title='bbox 192 339 212 366; x_wconf 90' lang='lat' dir='ltr'><strong>l.</strong></span> <span class='ocrx_word' id='word_1_31' title='bbox 228 338 280 366; x_wconf 88' lang='lat' dir='ltr'><strong>Pro</strong></span> <span class='ocrx_word' id='word_1_32' title='bbox 293 338 406 365; x_wconf 78' lang='lat' dir='ltr'><strong>Nestorii</strong></span> <span class='ocrx_word' id='word_1_33' title='bbox 419 338 490 365; x_wconf 75' lang='lat' dir='ltr'><strong>libris</strong></span> <span class='ocrx_word' id='word_1_34' title='bbox 504 336 642 363; x_wconf 83' lang='lat' dir='ltr'><strong>combustis</strong></span> <span class='ocrx_word' id='word_1_35' title='bbox 655 335 847 362; x_wconf 75' lang='lat' dir='ltr'><strong>substituuntur</strong></span> <span class='ocrx_word' id='word_1_36' title='bbox 857 340 979 370; x_wconf 67' lang='lat' dir='ltr'><strong>excerpta</strong></span> 
     </span>
    </p>
   </div>
   <div class='ocr_carea' id='block_1_8' title="bbox 227 370 979 400">
    <p class='ocr_par' dir='ltr' id='par_1_8' title="bbox 227 370 979 400">
     <span class='ocr_line' id='line_1_8' title="bbox 227 370 979 400; baseline -0.004 -1"><span class='ocrx_word' id='word_1_37' title='bbox 227 382 257 400; x_wconf 77' lang='lat' dir='ltr'><strong>ea:</strong></span> <span class='ocrx_word' id='word_1_38' title='bbox 273 373 386 400; x_wconf 84' lang='lat' dir='ltr'><strong>Diodoro</strong></span> <span class='ocrx_word' id='word_1_39' title='bbox 402 377 425 398; x_wconf 74' lang='lat' dir='ltr'><strong>ut</strong></span> <span class='ocrx_word' id='word_1_40' title='bbox 441 371 582 399; x_wconf 71' lang='lat' dir='ltr'><strong>Theodoro.</strong></span> <span class='ocrx_word' id='word_1_41' title='bbox 612 371 643 397; x_wconf 92' lang='grc'><strong>11.</strong></span> <span class='ocrx_word' id='word_1_42' title='bbox 661 370 781 396; x_wconf 74' lang='lat' dir='ltr'><strong>Monaclti</strong></span> <span class='ocrx_word' id='word_1_43' title='bbox 796 370 903 397; x_wconf 74' lang='lat' dir='ltr'><strong>Armem&#39;</strong></span> <span class='ocrx_word' id='word_1_44' title='bbox 919 370 979 396; x_wconf 77' lang='lat' dir='ltr'><strong>inde</strong></span> 
     </span>
    </p>
   </div>
   <div class='ocr_carea' id='block_1_9' title="bbox 227 404 978 440">
    <p class='ocr_par' dir='ltr' id='par_1_9' title="bbox 227 404 978 440">
     <span class='ocr_line' id='line_1_9' title="bbox 227 404 978 440; baseline -0.004 -6"><span class='ocrx_word' id='word_1_45' title='bbox 227 408 317 434; x_wconf 73' lang='lat' dir='ltr'><strong>turbas</strong></span> <span class='ocrx_word' id='word_1_46' title='bbox 343 412 456 434; x_wconf 82' lang='lat' dir='ltr'><strong>moveut.</strong></span> <span class='ocrx_word' id='word_1_47' title='bbox 487 406 531 433; x_wconf 91' lang='lat' dir='ltr'><strong>lll.</strong></span> <span class='ocrx_word' id='word_1_48' title='bbox 553 405 667 440; x_wconf 78' lang='lat' dir='ltr'><strong>Cyrillus</strong></span> <span class='ocrx_word' id='word_1_49' title='bbox 684 410 707 440; x_wconf 77' lang='lat' dir='ltr'><strong>et</strong></span> <span class='ocrx_word' id='word_1_50' title='bbox 726 404 833 440; x_wconf 61' lang='lat' dir='ltr'><strong>Proetus</strong></span> <span class='ocrx_word' id='word_1_51' title='bbox 857 409 978 440; x_wconf 69' lang='lat' dir='ltr'><strong>excerpta</strong></span> 
     </span>
    </p>
   </div>
   <div class='ocr_carea' id='block_1_10' title="bbox 226 439 979 477">
    <p class='ocr_par' dir='ltr' id='par_1_10' title="bbox 226 439 979 477">
     <span class='ocr_line' id='line_1_10' title="bbox 226 439 979 477; baseline -0.005 -8"><span class='ocrx_word' id='word_1_52' title='bbox 226 444 393 477; x_wconf 81' lang='lat' dir='ltr'><strong>impugnant.</strong></span> <span class='ocrx_word' id='word_1_53' title='bbox 414 442 457 469; x_wconf 81' lang='lat' dir='ltr'><strong>lV.</strong></span> <span class='ocrx_word' id='word_1_54' title='bbox 474 439 786 477; x_wconf 36' lang='grc' dir='ltr'><strong>ΤΙιιεοΔοὶίιειιλθς,ιιείεξζιιιίιἶ</strong></span> <span class='ocrx_word' id='word_1_55' title='bbox 807 439 839 477; x_wconf 79' lang='lat'><strong>\_’._</strong></span> <span class='ocrx_word' id='word_1_56' title='bbox 852 439 979 477; x_wconf 76' lang='lat' dir='ltr'><strong>Queritur</strong></span> 
     </span>
    </p>
   </div>
   <div class='ocr_carea' id='block_1_11' title="bbox 226 473 994 511">
    <p class='ocr_par' dir='ltr' id='par_1_11' title="bbox 226 473 994 511">
     <span class='ocr_line' id='line_1_11' title="bbox 226 473 994 511; baseline -0.007 -6"><span class='ocrx_word' id='word_1_57' title='bbox 226 473 436 511; x_wconf 43' lang='lat' dir='ltr'><strong>apudvloannem</strong></span> <span class='ocrx_word' id='word_1_58' title='bbox 446 477 634 511; x_wconf 73' lang='lat' dir='ltr'><strong>Antiochenam</strong></span> <span class='ocrx_word' id='word_1_59' title='bbox 643 473 758 511; x_wconf 65' lang='lat' dir='ltr'><strong>Cyrinus</strong></span> <span class='ocrx_word' id='word_1_60' title='bbox 771 474 801 500; x_wconf 76' lang='lat' dir='ltr'><strong>de</strong></span> <span class='ocrx_word' id='word_1_61' title='bbox 810 474 976 511; x_wconf 77' lang='lat' dir='ltr'><strong>Theodoreto.</strong></span> <span class='ocrx_word' id='word_1_62' title='bbox 988 476 994 480; x_wconf 78' lang='grc'><em>“</em></span> 
     </span>
    </p>
   </div>
   <div class='ocr_carea' id='block_1_12' title="bbox 225 509 977 544">
    <p class='ocr_par' dir='ltr' id='par_1_12' title="bbox 225 509 977 544">
     <span class='ocr_line' id='line_1_12' title="bbox 225 509 977 544; baseline -0.004 -5"><span class='ocrx_word' id='word_1_63' title='bbox 225 509 268 540; x_wconf 83' lang='lat' dir='ltr'><strong>Vl.</strong></span> <span class='ocrx_word' id='word_1_64' title='bbox 285 511 336 544; x_wconf 82' lang='lat' dir='ltr'><strong>Qui</strong></span> <span class='ocrx_word' id='word_1_65' title='bbox 355 521 383 538; x_wconf 79' lang='lat' dir='ltr'><strong>se</strong></span> <span class='ocrx_word' id='word_1_66' title='bbox 404 512 438 538; x_wconf 86' lang='lat' dir='ltr'><strong>ad</strong></span> <span class='ocrx_word' id='word_1_67' title='bbox 459 510 648 544; x_wconf 80' lang='lat' dir='ltr'><strong>componendas</strong></span> <span class='ocrx_word' id='word_1_68' title='bbox 670 509 758 544; x_wconf 76' lang='lat' dir='ltr'><strong>libros,</strong></span> <span class='ocrx_word' id='word_1_69' title='bbox 786 513 810 535; x_wconf 80' lang='grc' dir='ltr'><strong>ει</strong></span> <span class='ocrx_word' id='word_1_70' title='bbox 829 509 977 536; x_wconf 82' lang='lat' dir='ltr'><strong>ornandam</strong></span> 
     </span>
    </p>
   </div>
   <div class='ocr_carea' id='block_1_13' title="bbox 225 543 977 582">
    <p class='ocr_par' dir='ltr' id='par_1_13' title="bbox 225 543 977 582">
     <span class='ocr_line' id='line_1_13' title="bbox 225 543 977 582; baseline -0.008 -7"><span class='ocrx_word' id='word_1_71' title='bbox 225 543 333 582; x_wconf 64' lang='lat' dir='ltr'><strong>Cyrum,</strong></span> <span class='ocrx_word' id='word_1_72' title='bbox 344 547 478 582; x_wconf 76' lang='lat' dir='ltr'><strong>convertit.</strong></span> <span class='ocrx_word' id='word_1_73' title='bbox 490 543 544 572; x_wconf 77' lang='lat' dir='ltr'><strong>Vll.</strong></span> <span class='ocrx_word' id='word_1_74' title='bbox 559 545 594 571; x_wconf 86' lang='lat' dir='ltr'><strong>De</strong></span> <span class='ocrx_word' id='word_1_75' title='bbox 604 543 713 571; x_wconf 81' lang='lat' dir='ltr'><strong>concilio</strong></span> <span class='ocrx_word' id='word_1_76' title='bbox 721 543 894 570; x_wconf 79' lang='lat' dir='ltr'><strong>Armenorum</strong></span> <span class='ocrx_word' id='word_1_77' title='bbox 904 545 977 578; x_wconf 74' lang='lat' dir='ltr'><strong>cujus</strong></span> 
     </span>
    </p>
   </div>
   <div class='ocr_carea' id='block_1_14' title="bbox 226 581 494 608">
    <p class='ocr_par' dir='ltr' id='par_1_14' title="bbox 226 581 494 608">
     <span class='ocr_line' id='line_1_14' title="bbox 226 581 494 608; baseline -0.004 0"><span class='ocrx_word' id='word_1_78' title='bbox 226 581 342 608; x_wconf 71' lang='lat' dir='ltr'><strong>meminit</strong></span> <span class='ocrx_word' id='word_1_79' title='bbox 353 581 494 608; x_wconf 77' lang='lat' dir='ltr'><strong>Baronius.</strong></span> 
     </span>
    </p>
   </div>
   <div class='ocr_carea' id='block_1_15' title="bbox 388 625 777 652">
    <p class='ocr_par' dir='ltr' id='par_1_15' title="bbox 388 625 777 652">
     <span class='ocr_line' id='line_1_15' title="bbox 388 625 777 652; baseline -0.005 0"><span class='ocrx_word' id='word_1_80' title='bbox 388 628 424 652; x_wconf 80' lang='lat' dir='ltr'><strong>Ab</strong></span> <span class='ocrx_word' id='word_1_81' title='bbox 441 633 505 652; x_wconf 89' lang='lat' dir='ltr'><strong>anno</strong></span> <span class='ocrx_word' id='word_1_82' title='bbox 518 625 607 652; x_wconf 85' lang='lat' dir='ltr'><strong>Christi</strong></span> <span class='ocrx_word' id='word_1_83' title='bbox 620 627 666 651; x_wconf 72' lang='grc'><strong>451</strong></span> <span class='ocrx_word' id='word_1_84' title='bbox 682 627 711 651; x_wconf 83' lang='lat' dir='ltr'><strong>ad</strong></span> <span class='ocrx_word' id='word_1_85' title='bbox 724 626 777 650; x_wconf 72' lang='grc' dir='ltr'><strong>ΗΟ.</strong></span> 
     </span>
    </p>
   </div>
   <div class='ocr_carea' id='block_1_16' title="bbox 226 679 977 714">
    <p class='ocr_par' dir='ltr' id='par_1_16' title="bbox 226 679 977 714">
     <span class='ocr_line' id='line_1_16' title="bbox 226 679 977 714; baseline -0.005 -6"><span class='ocrx_word' id='word_1_86' title='bbox 226 681 247 709; x_wconf 92' lang='grc'><strong>1.</strong></span> <span class='ocrx_word' id='word_1_87' title='bbox 266 681 331 714; x_wconf 66' lang='lat' dir='ltr'><strong>Quae</strong></span> <span class='ocrx_word' id='word_1_88' title='bbox 344 680 533 708; x_wconf 84' lang='lat' dir='ltr'><strong>intercessisse</strong></span> <span class='ocrx_word' id='word_1_89' title='bbox 546 680 618 706; x_wconf 89' lang='lat' dir='ltr'><strong>dicta</strong></span> <span class='ocrx_word' id='word_1_90' title='bbox 629 684 680 711; x_wconf 84' lang='lat' dir='ltr'><strong>est,</strong></span> <span class='ocrx_word' id='word_1_91' title='bbox 694 679 895 706; x_wconf 87' lang='lat' dir='ltr'><strong>Theodoretum</strong></span> <span class='ocrx_word' id='word_1_92' title='bbox 907 679 977 705; x_wconf 87' lang='lat' dir='ltr'><strong>inter</strong></span> 
     </span>
    </p>
   </div>
   <div class='ocr_carea' id='block_1_17' title="bbox 190 724 976 761">
    <p class='ocr_par' dir='ltr' id='par_1_17' title="bbox 190 724 976 761">
     <span class='ocr_line' id='line_1_17' title="bbox 190 724 976 761; baseline -0.004 -8"><span class='ocrx_word' id='word_1_93' title='bbox 190 731 217 753; x_wconf 91' lang='lat' dir='ltr'><strong>et</strong></span> <span class='ocrx_word' id='word_1_94' title='bbox 233 726 382 761; x_wconf 84' lang='lat' dir='ltr'><strong>Cyrillum,</strong></span> <span class='ocrx_word' id='word_1_95' title='bbox 407 725 561 752; x_wconf 84' lang='lat' dir='ltr'><strong>litterarum</strong></span> <span class='ocrx_word' id='word_1_96' title='bbox 586 724 756 752; x_wconf 76' lang='lat' dir='ltr'><strong>consuetudo</strong></span> <span class='ocrx_word' id='word_1_97' title='bbox 780 724 908 751; x_wconf 90' lang='lat' dir='ltr'><strong>diuturna</strong></span> <span class='ocrx_word' id='word_1_98' title='bbox 922 731 976 750; x_wconf 92' lang='lat' dir='ltr'><strong>non</strong></span> 
     </span>
    </p>
   </div>
   <div class='ocr_carea' id='block_1_18' title="bbox 190 768 976 804">
    <p class='ocr_par' dir='ltr' id='par_1_18' title="bbox 190 768 976 804">
     <span class='ocr_line' id='line_1_18' title="bbox 190 768 976 804; baseline -0.004 -6"><span class='ocrx_word' id='word_1_99' title='bbox 190 771 251 798; x_wconf 85' lang='lat' dir='ltr'><strong>fuit.</strong></span> <span class='ocrx_word' id='word_1_100' title='bbox 270 771 337 798; x_wconf 83' lang='lat' dir='ltr'><strong>Nam</strong></span> <span class='ocrx_word' id='word_1_101' title='bbox 359 779 421 797; x_wconf 90' lang='lat' dir='ltr'><strong>cum</strong></span> <span class='ocrx_word' id='word_1_102' title='bbox 438 771 581 798; x_wconf 86' lang='lat' dir='ltr'><strong>Nestorius</strong></span> <span class='ocrx_word' id='word_1_103' title='bbox 596 770 769 804; x_wconf 75' lang='lat' dir='ltr'><strong>imperatoris</strong></span> <span class='ocrx_word' id='word_1_104' title='bbox 784 769 912 796; x_wconf 87' lang='lat' dir='ltr'><strong>mandato</strong></span> <span class='ocrx_word' id='word_1_105' title='bbox 927 768 976 795; x_wconf 90' lang='lat' dir='ltr'><strong>de-</strong></span> 
     </span>
    </p>
   </div>
   <div class='ocr_carea' id='block_1_19' title="bbox 189 814 976 852">
    <p class='ocr_par' dir='ltr' id='par_1_19' title="bbox 189 814 976 852">
     <span class='ocr_line' id='line_1_19' title="bbox 189 814 976 852; baseline -0.004 -8"><span class='ocrx_word' id='word_1_106' title='bbox 189 820 312 852; x_wconf 78' lang='lat' dir='ltr'><strong>portatus</strong></span> <span class='ocrx_word' id='word_1_107' title='bbox 337 820 410 844; x_wconf 84' lang='lat' dir='ltr'><strong>esset</strong></span> <span class='ocrx_word' id='word_1_108' title='bbox 435 817 463 843; x_wconf 90' lang='lat' dir='ltr'><strong>in</strong></span> <span class='ocrx_word' id='word_1_109' title='bbox 484 815 593 848; x_wconf 87' lang='lat' dir='ltr'><strong>Oasim,</strong></span> <span class='ocrx_word' id='word_1_110' title='bbox 623 820 768 850; x_wconf 83' lang='lat' dir='ltr'><strong>propterea</strong></span> <span class='ocrx_word' id='word_1_111' title='bbox 796 815 875 849; x_wconf 80' lang='lat'><strong>170</strong></span> <span class='ocrx_word' id='word_1_112' title='bbox 902 814 976 849; x_wconf 88' lang='lat' dir='ltr'><strong>quod</strong></span> 
     </span>
    </p>
   </div>
   <div class='ocr_carea' id='block_1_20' title="bbox 189 861 975 896">
    <p class='ocr_par' dir='ltr' id='par_1_20' title="bbox 189 861 975 896">
     <span class='ocr_line' id='line_1_20' title="bbox 189 861 975 896; baseline -0.003 -7"><span class='ocrx_word' id='word_1_113' title='bbox 189 870 205 890; x_wconf 90' lang='lat' dir='ltr'><strong>e</strong></span> <span class='ocrx_word' id='word_1_114' title='bbox 221 870 270 889; x_wconf 87' lang='lat' dir='ltr'><strong>suo</strong></span> <span class='ocrx_word' id='word_1_115' title='bbox 285 862 453 889; x_wconf 86' lang='lat' dir='ltr'><strong>monasterio</strong></span> <span class='ocrx_word' id='word_1_116' title='bbox 467 861 562 889; x_wconf 83' lang='lat' dir='ltr'><strong>turbas</strong></span> <span class='ocrx_word' id='word_1_117' title='bbox 579 862 728 889; x_wconf 87' lang='lat' dir='ltr'><strong>amicorum</strong></span> <span class='ocrx_word' id='word_1_118' title='bbox 739 869 790 896; x_wconf 89' lang='lat' dir='ltr'><strong>ope</strong></span> <span class='ocrx_word' id='word_1_119' title='bbox 801 861 975 893; x_wconf 87' lang='lat' dir='ltr'><strong>moliebatur,</strong></span> 
     </span>
    </p>
   </div>
   <div class='ocr_carea' id='block_1_21' title="bbox 189 907 977 943">
    <p class='ocr_par' dir='ltr' id='par_1_21' title="bbox 189 907 977 943">
     <span class='ocr_line' id='line_1_21' title="bbox 189 907 977 943; baseline -0.003 -7"><span class='ocrx_word' id='word_1_120' title='bbox 189 914 307 942; x_wconf 87' lang='lat' dir='ltr'><strong>cumque</strong></span> <span class='ocrx_word' id='word_1_121' title='bbox 322 909 381 943; x_wconf 81' lang='lat' dir='ltr'><strong>ejus</strong></span> <span class='ocrx_word' id='word_1_122' title='bbox 395 908 458 935; x_wconf 85' lang='lat' dir='ltr'><strong>libri</strong></span> <span class='ocrx_word' id='word_1_123' title='bbox 471 907 586 934; x_wconf 83' lang='lat' dir='ltr'><strong>ﬂammis</strong></span> <span class='ocrx_word' id='word_1_124' title='bbox 597 908 739 940; x_wconf 77' lang='lat' dir='ltr'><strong>arsissent,</strong></span> <span class='ocrx_word' id='word_1_125' title='bbox 755 908 884 942; x_wconf 88' lang='lat' dir='ltr'><strong>quoniam</strong></span> <span class='ocrx_word' id='word_1_126' title='bbox 898 916 931 936; x_wconf 78' lang='lat' dir='ltr'><strong>ex</strong></span> <span class='ocrx_word' id='word_1_127' title='bbox 944 908 977 935; x_wconf 89' lang='lat' dir='ltr'><strong>iis</strong></span> 
     </span>
    </p>
   </div>
   <div class='ocr_carea' id='block_1_22' title="bbox 189 953 976 989">
    <p class='ocr_par' dir='ltr' id='par_1_22' title="bbox 189 953 976 989">
     <span class='ocr_line' id='line_1_22' title="bbox 189 953 976 989; baseline -0.001 -9"><span class='ocrx_word' id='word_1_128' title='bbox 189 953 311 989; x_wconf 87' lang='lat' dir='ltr'><strong>quidam,</strong></span> <span class='ocrx_word' id='word_1_129' title='bbox 336 953 431 980; x_wconf 82' lang='lat' dir='ltr'><strong>eadem</strong></span> <span class='ocrx_word' id='word_1_130' title='bbox 453 961 515 980; x_wconf 84' lang='lat' dir='ltr'><strong>cuin</strong></span> <span class='ocrx_word' id='word_1_131' title='bbox 538 953 664 980; x_wconf 87' lang='lat' dir='ltr'><strong>Patribus</strong></span> <span class='ocrx_word' id='word_1_132' title='bbox 685 953 839 980; x_wconf 85' lang='lat' dir='ltr'><strong>Nestorium</strong></span> <span class='ocrx_word' id='word_1_133' title='bbox 863 954 976 986; x_wconf 88' lang='lat' dir='ltr'><strong>sentire,</strong></span> 
     </span>
    </p>
   </div>
   <div class='ocr_carea' id='block_1_23' title="bbox 189 997 977 1032">
    <p class='ocr_par' dir='ltr' id='par_1_23' title="bbox 189 997 977 1032">
     <span class='ocr_line' id='line_1_23' title="bbox 189 997 977 1032; baseline 0.001 -8"><span class='ocrx_word' id='word_1_134' title='bbox 189 997 291 1032; x_wconf 90' lang='lat' dir='ltr'><strong>populo</strong></span> <span class='ocrx_word' id='word_1_135' title='bbox 309 997 514 1032; x_wconf 74' lang='lat' dir='ltr'><strong>persuadebunt</strong></span> <span class='ocrx_word' id='word_1_136' title='bbox 531 1006 537 1024; x_wconf 87' lang='lat'>:</span> <span class='ocrx_word' id='word_1_137' title='bbox 553 998 611 1024; x_wconf 87' lang='lat' dir='ltr'><strong>visa</strong></span> <span class='ocrx_word' id='word_1_138' title='bbox 624 1002 666 1024; x_wconf 83' lang='lat' dir='ltr'><strong>est</strong></span> <span class='ocrx_word' id='word_1_139' title='bbox 683 997 804 1024; x_wconf 78' lang='lat' dir='ltr'><strong>factiosis</strong></span> <span class='ocrx_word' id='word_1_140' title='bbox 820 998 977 1025; x_wconf 88' lang='lat' dir='ltr'><strong>hominibus</strong></span> 
     </span>
    </p>
   </div>
   <div class='ocr_carea' id='block_1_24' title="bbox 188 1042 977 1078">
    <p class='ocr_par' dir='ltr' id='par_1_24' title="bbox 188 1042 977 1078">
     <span class='ocr_line' id='line_1_24' title="bbox 188 1042 977 1078; baseline 0.001 -9"><span class='ocrx_word' id='word_1_141' title='bbox 188 1043 330 1070; x_wconf 87' lang='lat' dir='ltr'><strong>sarcienda</strong></span> <span class='ocrx_word' id='word_1_142' title='bbox 347 1050 407 1070; x_wconf 93' lang='lat' dir='ltr'><strong>cum</strong></span> <span class='ocrx_word' id='word_1_143' title='bbox 427 1043 531 1070; x_wconf 78' lang='lat' dir='ltr'><strong>ftenore</strong></span> <span class='ocrx_word' id='word_1_144' title='bbox 543 1043 659 1078; x_wconf 83' lang='lat' dir='ltr'><strong>jactura.</strong></span> <span class='ocrx_word' id='word_1_145' title='bbox 685 1043 752 1070; x_wconf 89' lang='lat' dir='ltr'><strong>Nam</strong></span> <span class='ocrx_word' id='word_1_146' title='bbox 762 1042 784 1058; x_wconf 79' lang='grc'><strong>⁶⁸</strong></span> <span class='ocrx_word' id='word_1_147' title='bbox 799 1051 850 1078; x_wconf 88' lang='lat' dir='ltr'><strong>pro</strong></span> <span class='ocrx_word' id='word_1_148' title='bbox 863 1045 977 1071; x_wconf 85' lang='lat' dir='ltr'><strong>combu-</strong></span> 
     </span>
    </p>
   </div>
   <div class='ocr_carea' id='block_1_25' title="bbox 189 1087 977 1121">
    <p class='ocr_par' dir='ltr' id='par_1_25' title="bbox 189 1087 977 1121">
     <span class='ocr_line' id='line_1_25' title="bbox 189 1087 977 1121; baseline 0 -7"><span class='ocrx_word' id='word_1_149' title='bbox 189 1087 239 1114; x_wconf 80' lang='lat' dir='ltr'><strong>stis</strong></span> <span class='ocrx_word' id='word_1_150' title='bbox 251 1087 334 1114; x_wconf 81' lang='lat' dir='ltr'><strong>unius</strong></span> <span class='ocrx_word' id='word_1_151' title='bbox 345 1087 464 1113; x_wconf 87' lang='lat' dir='ltr'><strong>hominis</strong></span> <span class='ocrx_word' id='word_1_152' title='bbox 483 1095 537 1114; x_wconf 91' lang='lat' dir='ltr'><strong>non</strong></span> <span class='ocrx_word' id='word_1_153' title='bbox 549 1087 735 1121; x_wconf 85' lang='lat' dir='ltr'><strong>probatissimi</strong></span> <span class='ocrx_word' id='word_1_154' title='bbox 750 1087 820 1121; x_wconf 90' lang='lat' dir='ltr'><strong>apud</strong></span> <span class='ocrx_word' id='word_1_155' title='bbox 833 1095 927 1115; x_wconf 88' lang='lat' dir='ltr'><strong>omnes</strong></span> <span class='ocrx_word' id='word_1_156' title='bbox 943 1088 977 1114; x_wconf 95' lang='lat' dir='ltr'><strong>li-</strong></span> 
     </span>
    </p>
   </div>
   <div class='ocr_carea' id='block_1_26' title="bbox 189 1132 976 1167">
    <p class='ocr_par' dir='ltr' id='par_1_26' title="bbox 189 1132 976 1167">
     <span class='ocr_line' id='line_1_26' title="bbox 189 1132 976 1167; baseline -0.003 -7"><span class='ocrx_word' id='word_1_157' title='bbox 189 1133 247 1160; x_wconf 89' lang='lat' dir='ltr'><strong>bris</strong></span> <span class='ocrx_word' id='word_1_158' title='bbox 272 1133 406 1167; x_wconf 85' lang='lat' dir='ltr'><strong>suppositi</strong></span> <span class='ocrx_word' id='word_1_159' title='bbox 430 1137 493 1159; x_wconf 88' lang='lat' dir='ltr'><strong>sunt</strong></span> <span class='ocrx_word' id='word_1_160' title='bbox 512 1133 569 1163; x_wconf 88' lang='lat' dir='ltr'><strong>alii,</strong></span> <span class='ocrx_word' id='word_1_161' title='bbox 589 1132 646 1159; x_wconf 86' lang='lat' dir='ltr'><strong>sive</strong></span> <span class='ocrx_word' id='word_1_162' title='bbox 663 1140 732 1167; x_wconf 87' lang='lat' dir='ltr'><strong>quos</strong></span> <span class='ocrx_word' id='word_1_163' title='bbox 745 1132 906 1159; x_wconf 83' lang='lat' dir='ltr'><strong>Theodorus</strong></span> <span class='ocrx_word' id='word_1_164' title='bbox 919 1132 976 1159; x_wconf 88' lang='grc' dir='ltr'><strong>Μο-</strong></span> 
     </span>
    </p>
   </div>
   <div class='ocr_carea' id='block_1_27' title="bbox 189 1178 978 1214">
    <p class='ocr_par' dir='ltr' id='par_1_27' title="bbox 189 1178 978 1214">
     <span class='ocr_line' id='line_1_27' title="bbox 189 1178 978 1214; baseline 0 -8"><span class='ocrx_word' id='word_1_165' title='bbox 189 1183 364 1213; x_wconf 81' lang='lat' dir='ltr'><strong>psuestenus,</strong></span> <span class='ocrx_word' id='word_1_166' title='bbox 380 1179 499 1206; x_wconf 88' lang='lat' dir='ltr'><strong>Nestorii</strong></span> <span class='ocrx_word' id='word_1_167' title='bbox 517 1179 645 1214; x_wconf 80' lang='lat' dir='ltr'><strong>magister</strong></span> <span class='ocrx_word' id='word_1_168' title='bbox 656 1199 663 1210; x_wconf 81' lang='lat'><strong>,</strong></span> <span class='ocrx_word' id='word_1_169' title='bbox 691 1179 748 1206; x_wconf 91' lang='lat' dir='ltr'><strong>sive</strong></span> <span class='ocrx_word' id='word_1_170' title='bbox 761 1186 830 1213; x_wconf 91' lang='lat' dir='ltr'><strong>quos</strong></span> <span class='ocrx_word' id='word_1_171' title='bbox 843 1178 978 1206; x_wconf 90' lang='lat' dir='ltr'><strong>Diodorus</strong></span> 
     </span>
    </p>
   </div>
   <div class='ocr_carea' id='block_1_28' title="bbox 187 1224 977 1260">
    <p class='ocr_par' dir='ltr' id='par_1_28' title="bbox 187 1224 977 1260">
     <span class='ocr_line' id='line_1_28' title="bbox 187 1224 977 1260; baseline -0.001 -8"><span class='ocrx_word' id='word_1_172' title='bbox 187 1224 341 1257; x_wconf 81' lang='lat' dir='ltr'><strong>Tarsensis,</strong></span> <span class='ocrx_word' id='word_1_173' title='bbox 356 1224 540 1260; x_wconf 83' lang='lat' dir='ltr'><strong>Mopsuesteni</strong></span> <span class='ocrx_word' id='word_1_174' title='bbox 555 1225 660 1256; x_wconf 90' lang='lat' dir='ltr'><strong>doctor,</strong></span> <span class='ocrx_word' id='word_1_175' title='bbox 671 1225 820 1259; x_wconf 83' lang='lat' dir='ltr'><strong>scripserat</strong></span> <span class='ocrx_word' id='word_1_176' title='bbox 833 1233 839 1249; x_wconf 90' lang='lat'>:</span> <span class='ocrx_word' id='word_1_177' title='bbox 852 1229 890 1256; x_wconf 89' lang='lat' dir='ltr'><strong>ut,</strong></span> <span class='ocrx_word' id='word_1_178' title='bbox 908 1233 977 1258; x_wconf 87' lang='lat' dir='ltr'><strong>quo-</strong></span> 
     </span>
    </p>
   </div>
   <div class='ocr_carea' id='block_1_29' title="bbox 189 1270 975 1306">
    <p class='ocr_par' dir='ltr' id='par_1_29' title="bbox 189 1270 975 1306">
     <span class='ocr_line' id='line_1_29' title="bbox 189 1270 975 1306; baseline -0.001 -8"><span class='ocrx_word' id='word_1_179' title='bbox 189 1270 263 1298; x_wconf 89' lang='lat' dir='ltr'><strong>niam</strong></span> <span class='ocrx_word' id='word_1_180' title='bbox 275 1275 392 1306; x_wconf 81' lang='lat' dir='ltr'><strong>uterque</strong></span> <span class='ocrx_word' id='word_1_181' title='bbox 406 1271 512 1298; x_wconf 82' lang='lat' dir='ltr'><strong>inﬁnita</strong></span> <span class='ocrx_word' id='word_1_182' title='bbox 525 1274 584 1297; x_wconf 89' lang='lat' dir='ltr'><strong>erat</strong></span> <span class='ocrx_word' id='word_1_183' title='bbox 598 1270 670 1305; x_wconf 90' lang='lat' dir='ltr'><strong>apud</strong></span> <span class='ocrx_word' id='word_1_184' title='bbox 684 1278 780 1296; x_wconf 88' lang='lat' dir='ltr'><strong>omnes</strong></span> <span class='ocrx_word' id='word_1_185' title='bbox 795 1270 822 1296; x_wconf 94' lang='lat' dir='ltr'><strong>in</strong></span> <span class='ocrx_word' id='word_1_186' title='bbox 836 1270 975 1304; x_wconf 85' lang='lat' dir='ltr'><strong>opinione,</strong></span> 
     </span>
    </p>
   </div>
   <div class='ocr_carea' id='block_1_30' title="bbox 188 1315 978 1351">
    <p class='ocr_par' dir='ltr' id='par_1_30' title="bbox 188 1315 978 1351">
     <span class='ocr_line' id='line_1_30' title="bbox 188 1315 978 1351; baseline -0.001 -8"><span class='ocrx_word' id='word_1_187' title='bbox 188 1319 265 1343; x_wconf 82' lang='lat' dir='ltr'><strong>tanto</strong></span> <span class='ocrx_word' id='word_1_188' title='bbox 284 1317 467 1351; x_wconf 86' lang='lat' dir='ltr'><strong>perniciosius</strong></span> <span class='ocrx_word' id='word_1_189' title='bbox 479 1315 551 1342; x_wconf 88' lang='lat' dir='ltr'><strong>idem</strong></span> <span class='ocrx_word' id='word_1_190' title='bbox 563 1323 642 1342; x_wconf 88' lang='lat' dir='ltr'><strong>error</strong></span> <span class='ocrx_word' id='word_1_191' title='bbox 655 1315 850 1347; x_wconf 82' lang='lat' dir='ltr'><strong>invalesceret,</strong></span> <span class='ocrx_word' id='word_1_192' title='bbox 875 1320 978 1350; x_wconf 88' lang='lat' dir='ltr'><strong>quanto</strong></span> 
     </span>
    </p>
   </div>
   <div class='ocr_carea' id='block_1_31' title="bbox 188 1361 626 1389">
    <p class='ocr_par' dir='ltr' id='par_1_31' title="bbox 188 1361 626 1389">
     <span class='ocr_line' id='line_1_31' title="bbox 188 1361 626 1389; baseline -0.002 -1"><span class='ocrx_word' id='word_1_193' title='bbox 188 1362 240 1389; x_wconf 85' lang='lat' dir='ltr'><strong>sub</strong></span> <span class='ocrx_word' id='word_1_194' title='bbox 253 1362 381 1388; x_wconf 87' lang='lat' dir='ltr'><strong>nobiliori</strong></span> <span class='ocrx_word' id='word_1_195' title='bbox 394 1361 504 1388; x_wconf 89' lang='lat' dir='ltr'><strong>nomine</strong></span> <span class='ocrx_word' id='word_1_196' title='bbox 519 1361 626 1388; x_wconf 84' lang='lat' dir='ltr'><strong>lateret.</strong></span> 
     </span>
    </p>
   </div>
   <div class='ocr_carea' id='block_1_32' title="bbox 224 1406 979 1441">
    <p class='ocr_par' dir='ltr' id='par_1_32' title="bbox 224 1406 979 1441">
     <span class='ocr_line' id='line_1_32' title="bbox 224 1406 979 1441; baseline 0.001 -8"><span class='ocrx_word' id='word_1_197' title='bbox 224 1406 257 1434; x_wconf 94' lang='lat' dir='ltr'><strong>ll.</strong></span> <span class='ocrx_word' id='word_1_198' title='bbox 275 1406 364 1441; x_wconf 82' lang='lat' dir='ltr'><strong>Atque</strong></span> <span class='ocrx_word' id='word_1_199' title='bbox 379 1407 443 1434; x_wconf 87' lang='lat' dir='ltr'><strong>hinc</strong></span> <span class='ocrx_word' id='word_1_200' title='bbox 457 1406 562 1433; x_wconf 75' lang='lat' dir='ltr'><strong>exstitit</strong></span> <span class='ocrx_word' id='word_1_201' title='bbox 572 1414 654 1434; x_wconf 88' lang='lat' dir='ltr'><strong>causa</strong></span> <span class='ocrx_word' id='word_1_202' title='bbox 668 1407 834 1434; x_wconf 91' lang='lat' dir='ltr'><strong>tumultuum</strong></span> <span class='ocrx_word' id='word_1_203' title='bbox 847 1407 872 1434; x_wconf 92' lang='lat' dir='ltr'><strong>in</strong></span> <span class='ocrx_word' id='word_1_204' title='bbox 883 1409 979 1435; x_wconf 79' lang='lat' dir='ltr'><strong>Arme-</strong></span> 
     </span>
    </p>
   </div>
   <div class='ocr_carea' id='block_1_33' title="bbox 190 1452 976 1487">
    <p class='ocr_par' dir='ltr' id='par_1_33' title="bbox 190 1452 976 1487">
     <span class='ocr_line' id='line_1_33' title="bbox 190 1452 976 1487; baseline 0.003 -8"><span class='ocrx_word' id='word_1_205' title='bbox 190 1452 245 1484; x_wconf 84' lang='lat' dir='ltr'><strong>nia,</strong></span> <span class='ocrx_word' id='word_1_206' title='bbox 255 1452 350 1479; x_wconf 88' lang='lat' dir='ltr'><strong>multis</strong></span> <span class='ocrx_word' id='word_1_207' title='bbox 360 1458 508 1487; x_wconf 89' lang='lat' dir='ltr'><strong>utrntnque</strong></span> <span class='ocrx_word' id='word_1_208' title='bbox 518 1453 659 1479; x_wconf 88' lang='lat' dir='ltr'><strong>doctoretn</strong></span> <span class='ocrx_word' id='word_1_209' title='bbox 669 1453 783 1481; x_wconf 80' lang='lat' dir='ltr'><strong>mirifice</strong></span> <span class='ocrx_word' id='word_1_210' title='bbox 792 1454 976 1486; x_wconf 83' lang='lat' dir='ltr'><strong>laudantibus,</strong></span> 
     </span>
    </p>
   </div>
   <div class='ocr_carea' id='block_1_34' title="bbox 190 1498 978 1535">
    <p class='ocr_par' dir='ltr' id='par_1_34' title="bbox 190 1498 978 1535">
     <span class='ocr_line' id='line_1_34' title="bbox 190 1498 978 1535; baseline 0.003 -10"><span class='ocrx_word' id='word_1_211' title='bbox 190 1498 315 1534; x_wconf 87' lang='lat' dir='ltr'><strong>pluribus</strong></span> <span class='ocrx_word' id='word_1_212' title='bbox 329 1502 476 1533; x_wconf 87' lang='lat' dir='ltr'><strong>utrumque</strong></span> <span class='ocrx_word' id='word_1_213' title='bbox 491 1498 639 1533; x_wconf 83' lang='lat' dir='ltr'><strong>impietatis</strong></span> <span class='ocrx_word' id='word_1_214' title='bbox 652 1499 841 1535; x_wconf 80' lang='lat' dir='ltr'><strong>arguentibus.</strong></span> <span class='ocrx_word' id='word_1_215' title='bbox 868 1501 978 1527; x_wconf 85' lang='lat' dir='ltr'><strong>Exstitit</strong></span> 
     </span>
    </p>
   </div>
   <div class='ocr_carea' id='block_1_35' title="bbox 189 1544 978 1580">
    <p class='ocr_par' dir='ltr' id='par_1_35' title="bbox 189 1544 978 1580">
     <span class='ocr_line' id='line_1_35' title="bbox 189 1544 978 1580; baseline 0.004 -10"><span class='ocrx_word' id='word_1_216' title='bbox 189 1545 272 1571; x_wconf 81' lang='lat' dir='ltr'><strong>etiam</strong></span> <span class='ocrx_word' id='word_1_217' title='bbox 284 1545 459 1579; x_wconf 86' lang='lat' dir='ltr'><strong>querelarum</strong></span> <span class='ocrx_word' id='word_1_218' title='bbox 474 1544 561 1579; x_wconf 80' lang='lat' dir='ltr'><strong>origo,</strong></span> <span class='ocrx_word' id='word_1_219' title='bbox 581 1553 649 1580; x_wconf 87' lang='lat' dir='ltr'><strong>quas</strong></span> <span class='ocrx_word' id='word_1_220' title='bbox 659 1546 834 1580; x_wconf 83' lang='lat' dir='ltr'><strong>gravissimas</strong></span> <span class='ocrx_word' id='word_1_221' title='bbox 851 1547 978 1574; x_wconf 89' lang='lat' dir='ltr'><strong>monachi</strong></span> 
     </span>
    </p>
   </div>
   <div class='ocr_carea' id='block_1_36' title="bbox 190 1588 979 1626">
    <p class='ocr_par' dir='ltr' id='par_1_36' title="bbox 190 1588 979 1626">
     <span class='ocr_line' id='line_1_36' title="bbox 190 1588 979 1626; baseline 0.004 -10"><span class='ocrx_word' id='word_1_222' title='bbox 190 1588 250 1617; x_wconf 75' lang='lat' dir='ltr'><strong>zelo</strong></span> <span class='ocrx_word' id='word_1_223' title='bbox 270 1589 423 1623; x_wconf 71' lang='lat' dir='ltr'><strong>praefervidi</strong></span> <span class='ocrx_word' id='word_1_224' title='bbox 444 1590 635 1617; x_wconf 85' lang='lat' dir='ltr'><strong>Alexandriam</strong></span> <span class='ocrx_word' id='word_1_225' title='bbox 658 1590 691 1617; x_wconf 89' lang='lat' dir='ltr'><strong>ad</strong></span> <span class='ocrx_word' id='word_1_226' title='bbox 714 1590 856 1626; x_wconf 82' lang='lat' dir='ltr'><strong>Cyrillum,</strong></span> <span class='ocrx_word' id='word_1_227' title='bbox 885 1592 979 1619; x_wconf 86' lang='lat' dir='ltr'><strong>Antio-</strong></span> 
     </span>
    </p>
   </div>
   <div class='ocr_carea' id='block_1_37' title="bbox 190 1634 979 1672">
    <p class='ocr_par' dir='ltr' id='par_1_37' title="bbox 190 1634 979 1672">
     <span class='ocr_line' id='line_1_37' title="bbox 190 1634 979 1672; baseline 0.004 -11"><span class='ocrx_word' id='word_1_228' title='bbox 190 1634 279 1662; x_wconf 87' lang='lat' dir='ltr'><strong>chiam</strong></span> <span class='ocrx_word' id='word_1_229' title='bbox 296 1634 330 1661; x_wconf 91' lang='lat' dir='ltr'><strong>ad</strong></span> <span class='ocrx_word' id='word_1_230' title='bbox 343 1634 486 1667; x_wconf 88' lang='lat' dir='ltr'><strong>Joannem,</strong></span> <span class='ocrx_word' id='word_1_231' title='bbox 502 1639 529 1662; x_wconf 83' lang='lat' dir='ltr'><strong>et</strong></span> <span class='ocrx_word' id='word_1_232' title='bbox 543 1635 571 1663; x_wconf 92' lang='lat' dir='ltr'><strong>in</strong></span> <span class='ocrx_word' id='word_1_233' title='bbox 583 1635 678 1663; x_wconf 89' lang='lat' dir='ltr'><strong>urbem</strong></span> <span class='ocrx_word' id='word_1_234' title='bbox 690 1637 791 1672; x_wconf 81' lang='lat' dir='ltr'><strong>regiam</strong></span> <span class='ocrx_word' id='word_1_235' title='bbox 804 1637 837 1664; x_wconf 87' lang='lat' dir='ltr'><strong>ad</strong></span> <span class='ocrx_word' id='word_1_236' title='bbox 853 1637 979 1664; x_wconf 88' lang='lat' dir='ltr'><strong>Proclum</strong></span> 
     </span>
    </p>
   </div>
   <div class='ocr_carea' id='block_1_38' title="bbox 190 1679 695 1708">
    <p class='ocr_par' dir='ltr' id='par_1_38' title="bbox 190 1679 695 1708">
     <span class='ocr_line' id='line_1_38' title="bbox 190 1679 695 1708; baseline 0.004 -2"><span class='ocrx_word' id='word_1_237' title='bbox 190 1679 345 1707; x_wconf 81' lang='lat' dir='ltr'><strong>Maximiani</strong></span> <span class='ocrx_word' id='word_1_238' title='bbox 360 1687 547 1708; x_wconf 84' lang='lat' dir='ltr'><strong>successorem</strong></span> <span class='ocrx_word' id='word_1_239' title='bbox 560 1681 695 1708; x_wconf 86' lang='lat' dir='ltr'><strong>tulerunt.</strong></span> 
     </span>
    </p>
   </div>
   <div class='ocr_carea' id='block_1_39' title="bbox 225 1725 978 1760">
    <p class='ocr_par' dir='ltr' id='par_1_39' title="bbox 225 1725 978 1760">
     <span class='ocr_line' id='line_1_39' title="bbox 225 1725 978 1760; baseline 0.004 -8"><span class='ocrx_word' id='word_1_240' title='bbox 225 1725 268 1752; x_wconf 90' lang='lat' dir='ltr'><strong>lll.</strong></span> <span class='ocrx_word' id='word_1_241' title='bbox 285 1725 405 1760; x_wconf 87' lang='lat' dir='ltr'><strong>Cyrillus</strong></span> <span class='ocrx_word' id='word_1_242' title='bbox 428 1725 560 1753; x_wconf 86' lang='lat' dir='ltr'><strong>adversus</strong></span> <span class='ocrx_word' id='word_1_243' title='bbox 579 1727 730 1755; x_wconf 89' lang='lat' dir='ltr'><strong>Diodorum</strong></span> <span class='ocrx_word' id='word_1_244' title='bbox 755 1732 783 1755; x_wconf 85' lang='lat' dir='ltr'><strong>et</strong></span> <span class='ocrx_word' id='word_1_245' title='bbox 803 1727 978 1755; x_wconf 88' lang='lat' dir='ltr'><strong>Theodorum</strong></span> 
     </span>
    </p>
   </div>
   <div class='ocr_carea' id='block_1_40' title="bbox 190 1771 979 1808">
    <p class='ocr_par' dir='ltr' id='par_1_40' title="bbox 190 1771 979 1808">
     <span class='ocr_line' id='line_1_40' title="bbox 190 1771 979 1808; baseline 0.004 -11"><span class='ocrx_word' id='word_1_246' title='bbox 190 1771 345 1805; x_wconf 75' lang='lat' dir='ltr'><strong>composuit</strong></span> <span class='ocrx_word' id='word_1_247' title='bbox 360 1771 460 1798; x_wconf 85' lang='lat' dir='ltr'><strong>librum</strong></span> <span class='ocrx_word' id='word_1_248' title='bbox 471 1792 478 1804; x_wconf 87' lang='lat'><strong>,</strong></span> <span class='ocrx_word' id='word_1_249' title='bbox 507 1773 586 1808; x_wconf 88' lang='lat' dir='ltr'><strong>cujus</strong></span> <span class='ocrx_word' id='word_1_250' title='bbox 596 1773 663 1800; x_wconf 84' lang='lat' dir='ltr'><strong>nihil</strong></span> <span class='ocrx_word' id='word_1_251' title='bbox 676 1778 799 1800; x_wconf 85' lang='lat' dir='ltr'><strong>remanet</strong></span> <span class='ocrx_word' id='word_1_252' title='bbox 813 1778 912 1808; x_wconf 58' lang='lat' dir='ltr'><strong>preter</strong></span> <span class='ocrx_word' id='word_1_253' title='bbox 923 1774 979 1800; x_wconf 83' lang='lat' dir='ltr'><strong>fra-</strong></span> 
     </span>
    </p>
   </div>
   <div class='ocr_carea' id='block_1_41' title="bbox 191 1817 980 1853">
    <p class='ocr_par' dir='ltr' id='par_1_41' title="bbox 191 1817 980 1853">
     <span class='ocr_line' id='line_1_41' title="bbox 191 1817 980 1853; baseline 0.005 -11"><span class='ocrx_word' id='word_1_254' title='bbox 191 1820 300 1851; x_wconf 71' lang='lat' dir='ltr'><strong>gmenta</strong></span> <span class='ocrx_word' id='word_1_255' title='bbox 316 1817 344 1844; x_wconf 93' lang='lat' dir='ltr'><strong>in</strong></span> <span class='ocrx_word' id='word_1_256' title='bbox 356 1817 431 1844; x_wconf 78' lang='lat' dir='ltr'><strong>Actis</strong></span> <span class='ocrx_word' id='word_1_257' title='bbox 446 1818 549 1852; x_wconf 69' lang='lat' dir='ltr'><strong>quintae</strong></span> <span class='ocrx_word' id='word_1_258' title='bbox 561 1818 670 1853; x_wconf 86' lang='lat' dir='ltr'><strong>synodi.</strong></span> <span class='ocrx_word' id='word_1_259' title='bbox 696 1819 814 1846; x_wconf 82' lang='lat' dir='ltr'><strong>Joannes</strong></span> <span class='ocrx_word' id='word_1_260' title='bbox 834 1819 980 1846; x_wconf 88' lang='lat' dir='ltr'><strong>Theodoro</strong></span> 
     </span>
    </p>
   </div>
   <div class='ocr_carea' id='block_1_42' title="bbox 194 1861 980 1898">
    <p class='ocr_par' dir='ltr' id='par_1_42' title="bbox 194 1861 980 1898">
     <span class='ocr_line' id='line_1_42' title="bbox 194 1861 980 1898; baseline 0.006 -11"><span class='ocrx_word' id='word_1_261' title='bbox 194 1861 269 1888; x_wconf 88' lang='lat' dir='ltr'><strong>visus</strong></span> <span class='ocrx_word' id='word_1_262' title='bbox 285 1866 328 1889; x_wconf 80' lang='lat' dir='ltr'><strong>est</strong></span> <span class='ocrx_word' id='word_1_263' title='bbox 349 1862 431 1897; x_wconf 86' lang='lat' dir='ltr'><strong>paulo</strong></span> <span class='ocrx_word' id='word_1_264' title='bbox 442 1863 556 1898; x_wconf 55' lang='lat' dir='ltr'><strong>mquior.</strong></span> <span class='ocrx_word' id='word_1_265' title='bbox 573 1863 688 1891; x_wconf 89' lang='lat' dir='ltr'><strong>Proclus</strong></span> <span class='ocrx_word' id='word_1_266' title='bbox 698 1864 786 1891; x_wconf 89' lang='lat' dir='ltr'><strong>edidit</strong></span> <span class='ocrx_word' id='word_1_267' title='bbox 799 1864 833 1891; x_wconf 86' lang='lat' dir='ltr'><strong>ad</strong></span> <span class='ocrx_word' id='word_1_268' title='bbox 846 1865 980 1893; x_wconf 78' lang='lat' dir='ltr'><strong>Armenos</strong></span> 
     </span>
    </p>
   </div>
   <div class='ocr_carea' id='block_1_43' title="bbox 191 1906 980 1944">
    <p class='ocr_par' dir='ltr' id='par_1_43' title="bbox 191 1906 980 1944">
     <span class='ocr_line' id='line_1_43' title="bbox 191 1906 980 1944; baseline 0.005 -11"><span class='ocrx_word' id='word_1_269' title='bbox 191 1906 308 1934; x_wconf 87' lang='lat' dir='ltr'><strong>Tomum</strong></span> <span class='ocrx_word' id='word_1_270' title='bbox 324 1907 358 1934; x_wconf 83' lang='lat' dir='ltr'><strong>de</strong></span> <span class='ocrx_word' id='word_1_271' title='bbox 374 1907 437 1940; x_wconf 75' lang='lat' dir='ltr'><strong>ﬁde,</strong></span> <span class='ocrx_word' id='word_1_272' title='bbox 453 1908 497 1934; x_wconf 91' lang='lat' dir='ltr'><strong>cui</strong></span> <span class='ocrx_word' id='word_1_273' title='bbox 511 1908 654 1943; x_wconf 76' lang='lat' dir='ltr'><strong>subiunxit</strong></span> <span class='ocrx_word' id='word_1_274' title='bbox 665 1914 794 1944; x_wconf 76' lang='lat' dir='ltr'><strong>excerpta</strong></span> <span class='ocrx_word' id='word_1_275' title='bbox 809 1910 934 1944; x_wconf 65' lang='lat' dir='ltr'><strong>quaedam</strong></span> <span class='ocrx_word' id='word_1_276' title='bbox 947 1918 980 1937; x_wconf 79' lang='lat' dir='ltr'><strong>ex</strong></span> 
     </span>
    </p>
   </div>
   <div class='ocr_carea' id='block_1_44' title="bbox 192 1951 980 1991">
    <p class='ocr_par' dir='ltr' id='par_1_44' title="bbox 192 1951 980 1991">
     <span class='ocr_line' id='line_1_44' title="bbox 192 1951 980 1991; baseline 0.005 -12"><span class='ocrx_word' id='word_1_277' title='bbox 192 1951 352 1985; x_wconf 88' lang='lat' dir='ltr'><strong>Theodoro,</strong></span> <span class='ocrx_word' id='word_1_278' title='bbox 371 1953 457 1980; x_wconf 81' lang='lat' dir='ltr'><strong>tacito</strong></span> <span class='ocrx_word' id='word_1_279' title='bbox 468 1957 558 1981; x_wconf 86' lang='lat' dir='ltr'><strong>tamen</strong></span> <span class='ocrx_word' id='word_1_280' title='bbox 572 1955 724 1989; x_wconf 83' lang='lat' dir='ltr'><strong>prudenter</strong></span> <span class='ocrx_word' id='word_1_281' title='bbox 737 1955 848 1982; x_wconf 89' lang='lat' dir='ltr'><strong>nomine</strong></span> <span class='ocrx_word' id='word_1_282' title='bbox 870 1964 876 1982; x_wconf 78' lang='grc' dir='ltr'><strong>ε</strong></span> <span class='ocrx_word' id='word_1_283' title='bbox 899 1956 980 1991; x_wconf 85' lang='lat' dir='ltr'><strong>hujus</strong></span> 
     </span>
    </p>
   </div>
   <div class='ocr_carea' id='block_1_45' title="bbox 191 1997 980 2036">
    <p class='ocr_par' dir='ltr' id='par_1_45' title="bbox 191 1997 980 2036">
     <span class='ocr_line' id='line_1_45' title="bbox 191 1997 980 2036; baseline 0.008 -13"><span class='ocrx_word' id='word_1_284' title='bbox 191 1997 266 2024; x_wconf 83' lang='lat' dir='ltr'><strong>enim</strong></span> <span class='ocrx_word' id='word_1_285' title='bbox 281 2001 356 2025; x_wconf 87' lang='lat' dir='ltr'><strong>tanta</strong></span> <span class='ocrx_word' id='word_1_286' title='bbox 374 1998 426 2026; x_wconf 86' lang='lat' dir='ltr'><strong>fuit</strong></span> <span class='ocrx_word' id='word_1_287' title='bbox 442 1999 470 2026; x_wconf 91' lang='lat' dir='ltr'><strong>in</strong></span> <span class='ocrx_word' id='word_1_288' title='bbox 482 1999 595 2027; x_wconf 85' lang='lat' dir='ltr'><strong>Oriente</strong></span> <span class='ocrx_word' id='word_1_289' title='bbox 607 2001 761 2027; x_wconf 86' lang='lat' dir='ltr'><strong>reverentia</strong></span> <span class='ocrx_word' id='word_1_290' title='bbox 785 2006 813 2028; x_wconf 86' lang='lat' dir='ltr'><strong>et</strong></span> <span class='ocrx_word' id='word_1_291' title='bbox 825 2002 902 2036; x_wconf 86' lang='lat' dir='ltr'><strong>quasi</strong></span> <span class='ocrx_word' id='word_1_292' title='bbox 916 2009 980 2029; x_wconf 85' lang='lat' dir='ltr'><strong>san-</strong></span> 
     </span>
    </p>
   </div>
   <div class='ocr_carea' id='block_1_46' title="bbox 191 2042 979 2081">
    <p class='ocr_par' dir='ltr' id='par_1_46' title="bbox 191 2042 979 2081">
     <span class='ocr_line' id='line_1_46' title="bbox 191 2042 979 2081; baseline 0.006 -12"><span class='ocrx_word' id='word_1_293' title='bbox 191 2042 282 2074; x_wconf 76' lang='lat' dir='ltr'><strong>ctitas,</strong></span> <span class='ocrx_word' id='word_1_294' title='bbox 313 2048 353 2075; x_wconf 86' lang='lat' dir='ltr'><strong>ut,</strong></span> <span class='ocrx_word' id='word_1_295' title='bbox 374 2052 436 2071; x_wconf 88' lang='lat' dir='ltr'><strong>cum</strong></span> <span class='ocrx_word' id='word_1_296' title='bbox 458 2045 599 2080; x_wconf 74' lang='lat' dir='ltr'><strong>religionis</strong></span> <span class='ocrx_word' id='word_1_297' title='bbox 614 2046 815 2073; x_wconf 89' lang='lat' dir='ltr'><strong>incrementum</strong></span> <span class='ocrx_word' id='word_1_298' title='bbox 827 2051 979 2081; x_wconf 85' lang='lat' dir='ltr'><strong>optaretur,</strong></span> 
     </span>
    </p>
   </div>
   <div class='ocr_carea' id='block_1_47' title="bbox 192 2090 903 2127">
    <p class='ocr_par' dir='ltr' id='par_1_47' title="bbox 192 2090 903 2127">
     <span class='ocr_line' id='line_1_47' title="bbox 192 2090 903 2127; baseline 0.006 -11"><span class='ocrx_word' id='word_1_299' title='bbox 192 2090 387 2117; x_wconf 78' lang='lat' dir='ltr'><strong>reclamaretur</strong></span> <span class='ocrx_word' id='word_1_300' title='bbox 402 2091 429 2117; x_wconf 93' lang='lat' dir='ltr'><strong>in</strong></span> <span class='ocrx_word' id='word_1_301' title='bbox 442 2091 578 2118; x_wconf 86' lang='lat' dir='ltr'><strong>ecclesia:</strong></span> <span class='ocrx_word' id='word_1_302' title='bbox 600 2091 674 2119; x_wconf 79' lang='lat' dir='ltr'><strong>Vivat</strong></span> <span class='ocrx_word' id='word_1_303' title='bbox 689 2091 816 2120; x_wconf 78' lang='lat' dir='ltr'><strong>Theodori</strong></span> <span class='ocrx_word' id='word_1_304' title='bbox 827 2093 903 2127; x_wconf 75' lang='lat' dir='ltr'><strong>ﬁdes.</strong></span> 
     </span>
    </p>
   </div>
   <div class='ocr_carea' id='block_1_48' title="bbox 228 2135 979 2173">
    <p class='ocr_par' dir='ltr' id='par_1_48' title="bbox 228 2135 979 2173">
     <span class='ocr_line' id='line_1_48' title="bbox 228 2135 979 2173; baseline 0.004 -11"><span class='ocrx_word' id='word_1_305' title='bbox 228 2135 270 2162; x_wconf 85' lang='lat' dir='ltr'><strong>IV.</strong></span> <span class='ocrx_word' id='word_1_306' title='bbox 291 2135 365 2170; x_wconf 90' lang='lat' dir='ltr'><strong>Opus</strong></span> <span class='ocrx_word' id='word_1_307' title='bbox 376 2136 467 2163; x_wconf 88' lang='lat' dir='ltr'><strong>Procli</strong></span> <span class='ocrx_word' id='word_1_308' title='bbox 480 2137 598 2164; x_wconf 85' lang='lat' dir='ltr'><strong>Joannes</strong></span> <span class='ocrx_word' id='word_1_309' title='bbox 619 2137 646 2164; x_wconf 92' lang='lat' dir='ltr'><strong>in</strong></span> <span class='ocrx_word' id='word_1_310' title='bbox 661 2145 709 2164; x_wconf 86' lang='lat' dir='ltr'><strong>sua</strong></span> <span class='ocrx_word' id='word_1_311' title='bbox 722 2137 826 2173; x_wconf 78' lang='lat' dir='ltr'><strong>synodo</strong></span> <span class='ocrx_word' id='word_1_312' title='bbox 841 2139 979 2172; x_wconf 81' lang='lat' dir='ltr'><strong>probavit.</strong></span> 
     </span>
    </p>
   </div>
   <div class='ocr_carea' id='block_1_49' title="bbox 191 2180 1334 2218">
    <p class='ocr_par' dir='ltr' id='par_1_49' title="bbox 191 2180 1334 2218">
     <span class='ocr_line' id='line_1_49' title="bbox 191 2180 1334 2218; baseline 0.004 -11"><span class='ocrx_word' id='word_1_313' title='bbox 191 2180 321 2207; x_wconf 83' lang='lat' dir='ltr'><strong>Probavit</strong></span> <span class='ocrx_word' id='word_1_314' title='bbox 334 2185 362 2208; x_wconf 86' lang='lat' dir='ltr'><strong>et</strong></span> <span class='ocrx_word' id='word_1_315' title='bbox 375 2181 402 2208; x_wconf 93' lang='lat' dir='ltr'><strong>in</strong></span> <span class='ocrx_word' id='word_1_316' title='bbox 413 2181 538 2217; x_wconf 69' lang='lat' dir='ltr'><strong>Egyptia</strong></span> <span class='ocrx_word' id='word_1_317' title='bbox 549 2182 676 2217; x_wconf 80' lang='lat' dir='ltr'><strong>Cyrillus,</strong></span> <span class='ocrx_word' id='word_1_318' title='bbox 703 2183 809 2218; x_wconf 87' lang='lat' dir='ltr'><strong>quippe‘</strong></span> <span class='ocrx_word' id='word_1_319' title='bbox 819 2184 876 2210; x_wconf 89' lang='lat' dir='ltr'><strong>suis</strong></span> <span class='ocrx_word' id='word_1_320' title='bbox 891 2185 979 2211; x_wconf 81' lang='lat' dir='ltr'><strong>tribus</strong></span> <span class='ocrx_word' id='word_1_321' title='bbox 997 2190 1016 2216; x_wconf 90' lang='lat'><strong>[)</strong></span> <span class='ocrx_word' id='word_1_322' title='bbox 1031 2186 1102 2213; x_wconf 86' lang='lat' dir='ltr'><strong>fama</strong></span> <span class='ocrx_word' id='word_1_323' title='bbox 1126 2186 1334 2213; x_wconf 85' lang='lat' dir='ltr'><strong>celebrarentur</strong></span> 
     </span>
    </p>
   </div>
   <div class='ocr_carea' id='block_1_50' title="bbox 192 2226 978 2258">
    <p class='ocr_par' dir='ltr' id='par_1_50' title="bbox 192 2226 978 2258">
     <span class='ocr_line' id='line_1_50' title="bbox 192 2226 978 2258; baseline 0.004 -5"><span class='ocrx_word' id='word_1_324' title='bbox 192 2226 324 2255; x_wconf 81' lang='lat' dir='ltr'><strong>adversus</strong></span> <span class='ocrx_word' id='word_1_325' title='bbox 347 2227 523 2254; x_wconf 86' lang='lat' dir='ltr'><strong>Theodorum</strong></span> <span class='ocrx_word' id='word_1_326' title='bbox 542 2227 621 2258; x_wconf 87' lang='lat' dir='ltr'><strong>libris</strong></span> <span class='ocrx_word' id='word_1_327' title='bbox 636 2236 798 2256; x_wconf 81' lang='lat' dir='ltr'><strong>consonum.</strong></span> <span class='ocrx_word' id='word_1_328' title='bbox 818 2229 871 2256; x_wconf 88' lang='lat' dir='ltr'><strong>Sed</strong></span> <span class='ocrx_word' id='word_1_329' title='bbox 888 2230 978 2257; x_wconf 87' lang='lat' dir='ltr'><strong>Theo-</strong></span> 
     </span>
    </p>
   </div>
   <div class='ocr_carea' id='block_1_51' title="bbox 192 2268 980 2310">
    <p class='ocr_par' dir='ltr' id='par_1_51' title="bbox 192 2268 980 2310">
     <span class='ocr_line' id='line_1_51' title="bbox 192 2268 980 2310; baseline 0.004 -11"><span class='ocrx_word' id='word_1_330' title='bbox 192 2272 305 2300; x_wconf 86' lang='lat' dir='ltr'><strong>doretus</strong></span> <span class='ocrx_word' id='word_1_331' title='bbox 323 2273 387 2300; x_wconf 90' lang='lat' dir='ltr'><strong>inde</strong></span> <span class='ocrx_word' id='word_1_332' title='bbox 407 2273 499 2300; x_wconf 86' lang='lat' dir='ltr'><strong>animo</strong></span> <span class='ocrx_word' id='word_1_333' title='bbox 514 2272 657 2308; x_wconf 80' lang='lat' dir='ltr'><strong>permotus</strong></span> <span class='ocrx_word' id='word_1_334' title='bbox 670 2282 720 2309; x_wconf 90' lang='lat' dir='ltr'><strong>pro</strong></span> <span class='ocrx_word' id='word_1_335' title='bbox 733 2268 879 2302; x_wconf 78' lang='lat' dir='ltr'><strong>Theodoro</strong></span> <span class='ocrx_word' id='word_1_336' title='bbox 889 2296 896 2306; x_wconf 86' lang='lat'><strong>,</strong></span> <span class='ocrx_word' id='word_1_337' title='bbox 925 2284 980 2310; x_wconf 89' lang='lat' dir='ltr'><strong>quo</strong></span> 
     </span>
    </p>
   </div>
   <div class='ocr_carea' id='block_1_52' title="bbox 193 2319 980 2355">
    <p class='ocr_par' dir='ltr' id='par_1_52' title="bbox 193 2319 980 2355">
     <span class='ocr_line' id='line_1_52' title="bbox 193 2319 980 2355; baseline 0.003 -10"><span class='ocrx_word' id='word_1_338' title='bbox 193 2319 324 2354; x_wconf 73' lang='lat' dir='ltr'><strong>magistro</strong></span> <span class='ocrx_word' id='word_1_339' title='bbox 347 2327 456 2353; x_wconf 85' lang='lat' dir='ltr'><strong>semper</strong></span> <span class='ocrx_word' id='word_1_340' title='bbox 478 2319 612 2354; x_wconf 79' lang='lat' dir='ltr'><strong>gloriatus</strong></span> <span class='ocrx_word' id='word_1_341' title='bbox 632 2324 684 2351; x_wconf 89' lang='lat' dir='ltr'><strong>est,</strong></span> <span class='ocrx_word' id='word_1_342' title='bbox 712 2325 767 2347; x_wconf 87' lang='lat' dir='ltr'><strong>tres</strong></span> <span class='ocrx_word' id='word_1_343' title='bbox 781 2321 884 2355; x_wconf 88' lang='lat' dir='ltr'><strong>pariter</strong></span> <span class='ocrx_word' id='word_1_344' title='bbox 896 2321 980 2348; x_wconf 90' lang='lat' dir='ltr'><strong>libros</strong></span> 
     </span>
    </p>
   </div>
   <div class='ocr_carea' id='block_1_53' title="bbox 192 2364 981 2401">
    <p class='ocr_par' dir='ltr' id='par_1_53' title="bbox 192 2364 981 2401">
     <span class='ocr_line' id='line_1_53' title="bbox 192 2364 981 2401; baseline 0.004 -10"><span class='ocrx_word' id='word_1_345' title='bbox 192 2364 357 2398; x_wconf 84' lang='lat' dir='ltr'><strong>composuit.</strong></span> <span class='ocrx_word' id='word_1_346' title='bbox 383 2369 411 2392; x_wconf 89' lang='lat' dir='ltr'><strong>et</strong></span> <span class='ocrx_word' id='word_1_347' title='bbox 433 2373 482 2392; x_wconf 92' lang='lat' dir='ltr'><strong>eos</strong></span> <span class='ocrx_word' id='word_1_348' title='bbox 500 2366 611 2400; x_wconf 85' lang='lat' dir='ltr'><strong>quidem</strong></span> <span class='ocrx_word' id='word_1_349' title='bbox 634 2366 829 2397; x_wconf 81' lang='lat' dir='ltr'><strong>amarulentos,</strong></span> <span class='ocrx_word' id='word_1_350' title='bbox 848 2367 981 2401; x_wconf 89' lang='lat' dir='ltr'><strong>quemad—</strong></span> 
     </span>
    </p>
   </div>
   <div class='ocr_carea' id='block_1_54' title="bbox 193 2409 980 2448">
    <p class='ocr_par' dir='ltr' id='par_1_54' title="bbox 193 2409 980 2448">
     <span class='ocr_line' id='line_1_54' title="bbox 193 2409 980 2448; baseline 0.003 -11"><span class='ocrx_word' id='word_1_351' title='bbox 193 2409 304 2438; x_wconf 89' lang='lat' dir='ltr'><strong>modum</strong></span> <span class='ocrx_word' id='word_1_352' title='bbox 329 2411 482 2446; x_wconf 80' lang='lat' dir='ltr'><strong>intelligere</strong></span> <span class='ocrx_word' id='word_1_353' title='bbox 502 2412 566 2439; x_wconf 87' lang='lat' dir='ltr'><strong>licet</strong></span> <span class='ocrx_word' id='word_1_354' title='bbox 590 2420 623 2439; x_wconf 83' lang='lat' dir='ltr'><strong>ex</strong></span> <span class='ocrx_word' id='word_1_355' title='bbox 637 2411 809 2448; x_wconf 80' lang='lat' dir='ltr'><strong>fragmentis,</strong></span> <span class='ocrx_word' id='word_1_356' title='bbox 835 2413 936 2447; x_wconf 90' lang='lat' dir='ltr'><strong>quibus</strong></span> <span class='ocrx_word' id='word_1_357' title='bbox 953 2413 980 2439; x_wconf 91' lang='lat' dir='ltr'><strong>in</strong></span> 
     </span>
    </p>
   </div>
   <div class='ocr_carea' id='block_1_55' title="bbox 193 2455 980 2494">
    <p class='ocr_par' dir='ltr' id='par_1_55' title="bbox 193 2455 980 2494">
     <span class='ocr_line' id='line_1_55' title="bbox 193 2455 980 2494; baseline 0.005 -12"><span class='ocrx_word' id='word_1_358' title='bbox 193 2455 288 2490; x_wconf 85' lang='lat' dir='ltr'><strong>quinta</strong></span> <span class='ocrx_word' id='word_1_359' title='bbox 311 2457 416 2491; x_wconf 84' lang='lat' dir='ltr'><strong>synodo</strong></span> <span class='ocrx_word' id='word_1_360' title='bbox 439 2465 507 2484; x_wconf 85' lang='lat' dir='ltr'><strong>usus</strong></span> <span class='ocrx_word' id='word_1_361' title='bbox 526 2458 587 2489; x_wconf 87' lang='lat' dir='ltr'><strong>fuit,</strong></span> <span class='ocrx_word' id='word_1_362' title='bbox 611 2458 645 2484; x_wconf 91' lang='lat' dir='ltr'><strong>ad</strong></span> <span class='ocrx_word' id='word_1_363' title='bbox 662 2465 772 2485; x_wconf 83' lang='lat' dir='ltr'><strong>causam</strong></span> <span class='ocrx_word' id='word_1_364' title='bbox 785 2459 920 2486; x_wconf 82' lang='lat' dir='ltr'><strong>Theodori</strong></span> <span class='ocrx_word' id='word_1_365' title='bbox 935 2460 980 2494; x_wconf 91' lang='lat' dir='ltr'><strong>ju-</strong></span> 
     </span>
    </p>
   </div>
   <div class='ocr_carea' id='block_1_56' title="bbox 193 2499 983 2538">
    <p class='ocr_par' dir='ltr' id='par_1_56' title="bbox 193 2499 983 2538">
     <span class='ocr_line' id='line_1_56' title="bbox 193 2499 983 2538; baseline 0.004 -12"><span class='ocrx_word' id='word_1_366' title='bbox 193 2499 348 2527; x_wconf 82' lang='lat' dir='ltr'><strong>dicandam.</strong></span> <span class='ocrx_word' id='word_1_367' title='bbox 359 2500 425 2527; x_wconf 80' lang='lat' dir='ltr'><strong>Nam</strong></span> <span class='ocrx_word' id='word_1_368' title='bbox 437 2501 502 2535; x_wconf 91' lang='lat' dir='ltr'><strong>quid</strong></span> <span class='ocrx_word' id='word_1_369' title='bbox 515 2502 640 2529; x_wconf 87' lang='lat' dir='ltr'><strong>acerbius</strong></span> <span class='ocrx_word' id='word_1_370' title='bbox 650 2509 683 2529; x_wconf 89' lang='lat' dir='ltr'><strong>eo</strong></span> <span class='ocrx_word' id='word_1_371' title='bbox 698 2509 753 2536; x_wconf 86' lang='lat' dir='ltr'><strong>quo</strong></span> <span class='ocrx_word' id='word_1_372' title='bbox 764 2502 790 2529; x_wconf 93' lang='lat' dir='ltr'><strong>in</strong></span> <span class='ocrx_word' id='word_1_373' title='bbox 801 2502 931 2538; x_wconf 84' lang='lat' dir='ltr'><strong>Cyrillum</strong></span> <span class='ocrx_word' id='word_1_374' title='bbox 942 2503 983 2529; x_wconf 74' lang='lat' dir='ltr'><strong>in~</strong></span> 
     </span>
    </p>
   </div>
   <div class='ocr_carea' id='block_1_57' title="bbox 193 2543 983 2582">
    <p class='ocr_par' dir='ltr' id='par_1_57' title="bbox 193 2543 983 2582">
     <span class='ocr_line' id='line_1_57' title="bbox 193 2543 983 2582; baseline 0.003 -10"><span class='ocrx_word' id='word_1_375' title='bbox 193 2545 321 2572; x_wconf 84' lang='lat' dir='ltr'><strong>vehitur?</strong></span> <span class='ocrx_word' id='word_1_376' title='bbox 341 2555 349 2570; x_wconf 78' lang='grc' dir='ltr'>ι</span> <span class='ocrx_word' id='word_1_377' title='bbox 361 2545 431 2578; x_wconf 86' lang='lat' dir='ltr'><strong>Quid</strong></span> <span class='ocrx_word' id='word_1_378' title='bbox 444 2543 526 2582; x_wconf 76' lang='lat' dir='ltr'><strong>igitur&quot;</strong></span> <span class='ocrx_word' id='word_1_379' title='bbox 537 2555 637 2574; x_wconf 89' lang='lat' dir='ltr'><strong>novum</strong></span> <span class='ocrx_word' id='word_1_380' title='bbox 647 2547 716 2575; x_wconf 78' lang='lat' dir='ltr'><strong>dixit</strong></span> <span class='ocrx_word' id='word_1_381' title='bbox 727 2547 897 2579; x_wconf 88' lang='lat' dir='ltr'><strong>Theodorus,</strong></span> <span class='ocrx_word' id='word_1_382' title='bbox 910 2548 983 2582; x_wconf 88' lang='lat' dir='ltr'><strong>quod</strong></span> 
     </span>
    </p>
   </div>
   <div class='ocr_carea' id='block_1_58' title="bbox 195 2591 982 2628">
    <p class='ocr_par' dir='ltr' id='par_1_58' title="bbox 195 2591 982 2628">
     <span class='ocr_line' id='line_1_58' title="bbox 195 2591 982 2628; baseline 0.004 -11"><span class='ocrx_word' id='word_1_383' title='bbox 195 2591 278 2618; x_wconf 85' lang='lat' dir='ltr'><strong>tantis</strong></span> <span class='ocrx_word' id='word_1_384' title='bbox 292 2599 355 2618; x_wconf 87' lang='lat' dir='ltr'><strong>cum</strong></span> <span class='ocrx_word' id='word_1_385' title='bbox 369 2591 547 2627; x_wconf 87' lang='lat' dir='ltr'><strong>blasphemiis</strong></span> <span class='ocrx_word' id='word_1_386' title='bbox 557 2593 696 2628; x_wconf 89' lang='lat' dir='ltr'><strong>lapidasti,</strong></span> <span class='ocrx_word' id='word_1_387' title='bbox 717 2594 817 2628; x_wconf 88' lang='lat' dir='ltr'><strong>jubcns</strong></span> <span class='ocrx_word' id='word_1_388' title='bbox 831 2594 869 2620; x_wconf 91' lang='lat' dir='ltr'><strong>illi</strong></span> <span class='ocrx_word' id='word_1_389' title='bbox 885 2599 914 2620; x_wconf 89' lang='lat' dir='ltr'><strong>ut</strong></span> <span class='ocrx_word' id='word_1_390' title='bbox 928 2594 982 2620; x_wconf 85' lang='lat' dir='ltr'><strong>frc-</strong></span> 
     </span>
    </p>
   </div>
   <div class='ocr_carea' id='block_1_59' title="bbox 167 2637 981 2674">
    <p class='ocr_par' dir='ltr' id='par_1_59' title="bbox 167 2637 981 2674">
     <span class='ocr_line' id='line_1_59' title="bbox 167 2637 981 2674; baseline 0.001 -11"><span class='ocrx_word' id='word_1_391' title='bbox 167 2671 170 2673; x_wconf 16' lang='lat'><strong><em>&gt;</em></strong></span> <span class='ocrx_word' id='word_1_392' title='bbox 195 2642 273 2664; x_wconf 84' lang='lat' dir='ltr'><strong>naret</strong></span> <span class='ocrx_word' id='word_1_393' title='bbox 296 2637 427 2672; x_wconf 79' lang='lat' dir='ltr'><strong>linguam,</strong></span> <span class='ocrx_word' id='word_1_394' title='bbox 453 2639 564 2674; x_wconf 84' lang='lat' dir='ltr'><strong>quando</strong></span> <span class='ocrx_word' id='word_1_395' title='bbox 587 2644 661 2666; x_wconf 84' lang='lat' dir='ltr'><strong>tuam</strong></span> <span class='ocrx_word' id='word_1_396' title='bbox 681 2639 738 2674; x_wconf 89' lang='lat' dir='ltr'><strong>ipse</strong></span> <span class='ocrx_word' id='word_1_397' title='bbox 762 2646 875 2665; x_wconf 88' lang='lat' dir='ltr'><strong>currere</strong></span> <span class='ocrx_word' id='word_1_398' title='bbox 893 2638 928 2664; x_wconf 89' lang='lat' dir='ltr'><strong>ita</strong></span> <span class='ocrx_word' id='word_1_399' title='bbox 941 2638 981 2665; x_wconf 86' lang='lat' dir='ltr'><strong>ef-</strong></span> 
     </span>
    </p>
   </div>
   <div class='ocr_carea' id='block_1_60' title="bbox 1030 228 1818 263">
    <p class='ocr_par' dir='ltr' id='par_1_60' title="bbox 1030 228 1818 263">
     <span class='ocr_line' id='line_1_60' title="bbox 1030 228 1818 263; baseline -0.005 -5"><span class='ocrx_word' id='word_1_400' title='bbox 1030 232 1179 262; x_wconf 78' lang='lat' dir='ltr'><strong>existimet,</strong></span> <span class='ocrx_word' id='word_1_401' title='bbox 1193 231 1236 257; x_wconf 89' lang='lat' dir='ltr'><strong>his</strong></span> <span class='ocrx_word' id='word_1_402' title='bbox 1246 230 1376 257; x_wconf 78' lang='lat' dir='ltr'><strong>adversus</strong></span> <span class='ocrx_word' id='word_1_403' title='bbox 1387 230 1560 257; x_wconf 83' lang='lat' dir='ltr'><strong>Theodorum</strong></span> <span class='ocrx_word' id='word_1_404' title='bbox 1570 230 1608 255; x_wconf 86' lang='lat' dir='ltr'><strong>uti</strong></span> <span class='ocrx_word' id='word_1_405' title='bbox 1619 229 1736 263; x_wconf 74' lang='lat' dir='ltr'><strong>injuriis,</strong></span> <span class='ocrx_word' id='word_1_406' title='bbox 1745 228 1818 262; x_wconf 71' lang='lat' dir='ltr'><strong>quod</strong></span> 
     </span>
    </p>
   </div>
   <div class='ocr_carea' id='block_1_61' title="bbox 1030 274 1817 312">
    <p class='ocr_par' dir='ltr' id='par_1_61' title="bbox 1030 274 1817 312">
     <span class='ocr_line' id='line_1_61' title="bbox 1030 274 1817 312; baseline -0.005 -9"><span class='ocrx_word' id='word_1_407' title='bbox 1030 276 1240 312; x_wconf 78' lang='lat' dir='ltr'><strong>Apollinarium,</strong></span> <span class='ocrx_word' id='word_1_408' title='bbox 1267 281 1294 302; x_wconf 90' lang='lat' dir='ltr'><strong>et</strong></span> <span class='ocrx_word' id='word_1_409' title='bbox 1318 276 1364 310; x_wconf 89' lang='lat' dir='ltr'><strong>qui</strong></span> <span class='ocrx_word' id='word_1_410' title='bbox 1388 283 1430 307; x_wconf 86' lang='lat' dir='ltr'><strong>ea,</strong></span> <span class='ocrx_word' id='word_1_411' title='bbox 1447 283 1507 310; x_wconf 64' lang='lat' dir='ltr'><strong>quae</strong></span> <span class='ocrx_word' id='word_1_412' title='bbox 1522 280 1585 302; x_wconf 86' lang='lat' dir='ltr'><strong>sunt</strong></span> <span class='ocrx_word' id='word_1_413' title='bbox 1602 275 1684 303; x_wconf 82' lang='lat' dir='ltr'><strong>illius.</strong></span> <span class='ocrx_word' id='word_1_414' title='bbox 1699 274 1817 308; x_wconf 81' lang='lat' dir='ltr'><strong>sapiunt,</strong></span> 
     </span>
    </p>
   </div>
   <div class='ocr_carea' id='block_1_62' title="bbox 1030 318 1818 350">
    <p class='ocr_par' dir='ltr' id='par_1_62' title="bbox 1030 318 1818 350">
     <span class='ocr_line' id='line_1_62' title="bbox 1030 318 1818 350; baseline -0.005 -1"><span class='ocrx_word' id='word_1_415' title='bbox 1030 322 1259 349; x_wconf 81' lang='lat' dir='ltr'><strong>sceleratissimos</strong></span> <span class='ocrx_word' id='word_1_416' title='bbox 1275 321 1390 347; x_wconf 75' lang='lat' dir='ltr'><strong>vocavit.</strong></span> <span class='ocrx_word' id='word_1_417' title='bbox 1409 321 1436 348; x_wconf 85' lang='lat' dir='ltr'><strong>Si</strong></span> <span class='ocrx_word' id='word_1_418' title='bbox 1450 321 1501 346; x_wconf 89' lang='lat' dir='ltr'><strong>hoc</strong></span> <span class='ocrx_word' id='word_1_419' title='bbox 1517 328 1570 346; x_wconf 85' lang='lat' dir='ltr'><strong>non</strong></span> <span class='ocrx_word' id='word_1_420' title='bbox 1582 324 1633 350; x_wconf 88' lang='lat' dir='ltr'><strong>est,</strong></span> <span class='ocrx_word' id='word_1_421' title='bbox 1651 327 1699 345; x_wconf 90' lang='lat' dir='ltr'><strong>cur</strong></span> <span class='ocrx_word' id='word_1_422' title='bbox 1715 318 1818 346; x_wconf 87' lang='lat' dir='ltr'><strong>absono</strong></span> 
     </span>
    </p>
   </div>
   <div class='ocr_carea' id='block_1_63' title="bbox 1030 365 1820 402">
    <p class='ocr_par' dir='ltr' id='par_1_63' title="bbox 1030 365 1820 402">
     <span class='ocr_line' id='line_1_63' title="bbox 1030 365 1820 402; baseline -0.005 -7"><span class='ocrx_word' id='word_1_423' title='bbox 1030 368 1114 399; x_wconf 87' lang='lat' dir='ltr'><strong>dicto,</strong></span> <span class='ocrx_word' id='word_1_424' title='bbox 1141 368 1212 394; x_wconf 87' lang='lat' dir='ltr'><strong>sicut</strong></span> <span class='ocrx_word' id='word_1_425' title='bbox 1227 367 1382 402; x_wconf 81' lang='lat' dir='ltr'><strong>crapulam,</strong></span> <span class='ocrx_word' id='word_1_426' title='bbox 1413 371 1502 393; x_wconf 84' lang='lat' dir='ltr'><strong>tantas</strong></span> <span class='ocrx_word' id='word_1_427' title='bbox 1517 365 1672 400; x_wconf 73' lang='lat' dir='ltr'><strong>huiusmodi</strong></span> <span class='ocrx_word' id='word_1_428' title='bbox 1687 365 1820 392; x_wconf 80' lang='lat' dir='ltr'><strong>adversus</strong></span> 
     </span>
    </p>
   </div>
   <div class='ocr_carea' id='block_1_64' title="bbox 1029 412 1498 448">
    <p class='ocr_par' dir='ltr' id='par_1_64' title="bbox 1029 412 1498 448">
     <span class='ocr_line' id='line_1_64' title="bbox 1029 412 1498 448; baseline -0.006 -8"><span class='ocrx_word' id='word_1_429' title='bbox 1029 422 1092 441; x_wconf 89' lang='lat' dir='ltr'><strong>eum</strong></span> <span class='ocrx_word' id='word_1_430' title='bbox 1105 414 1290 448; x_wconf 85' lang='lat' dir='ltr'><strong>blasphemias</strong></span> <span class='ocrx_word' id='word_1_431' title='bbox 1300 413 1422 440; x_wconf 83' lang='lat' dir='ltr'><strong>etl&#39;udisti</strong></span> <span class='ocrx_word' id='word_1_432' title='bbox 1434 412 1476 438; x_wconf 65' lang='lat'><strong>“&#39;3</strong></span> <span class='ocrx_word' id='word_1_433' title='bbox 1490 422 1498 437; x_wconf 74' lang='grc' dir='ltr'>ι</span> 
     </span>
    </p>
   </div>
   <div class='ocr_carea' id='block_1_65' title="bbox 1064 457 1818 494">
    <p class='ocr_par' dir='ltr' id='par_1_65' title="bbox 1064 457 1818 494">
     <span class='ocr_line' id='line_1_65' title="bbox 1064 457 1818 494; baseline -0.005 -6"><span class='ocrx_word' id='word_1_434' title='bbox 1064 461 1095 488; x_wconf 85' lang='lat' dir='ltr'><strong>V.</strong></span> <span class='ocrx_word' id='word_1_435' title='bbox 1116 461 1154 488; x_wconf 86' lang='lat' dir='ltr'><strong>Ea</strong></span> <span class='ocrx_word' id='word_1_436' title='bbox 1168 461 1321 491; x_wconf 77' lang='lat' dir='ltr'><strong>occasione,</strong></span> <span class='ocrx_word' id='word_1_437' title='bbox 1339 460 1445 494; x_wconf 90' lang='lat' dir='ltr'><strong>opinor,</strong></span> <span class='ocrx_word' id='word_1_438' title='bbox 1460 459 1587 494; x_wconf 80' lang='lat' dir='ltr'><strong>Cyrillus,</strong></span> <span class='ocrx_word' id='word_1_439' title='bbox 1601 458 1672 484; x_wconf 90' lang='lat' dir='ltr'><strong>datis</strong></span> <span class='ocrx_word' id='word_1_440' title='bbox 1686 457 1718 484; x_wconf 90' lang='lat' dir='ltr'><strong>ad</strong></span> <span class='ocrx_word' id='word_1_441' title='bbox 1734 457 1818 485; x_wconf 83' lang='lat' dir='ltr'><strong>Joan—</strong></span> 
     </span>
    </p>
   </div>
   <div class='ocr_carea' id='block_1_66' title="bbox 1028 503 1819 539">
    <p class='ocr_par' dir='ltr' id='par_1_66' title="bbox 1028 503 1819 539">
     <span class='ocr_line' id='line_1_66' title="bbox 1028 503 1819 539; baseline -0.006 -5"><span class='ocrx_word' id='word_1_442' title='bbox 1028 514 1091 534; x_wconf 87' lang='lat' dir='ltr'><strong>nem</strong></span> <span class='ocrx_word' id='word_1_443' title='bbox 1103 506 1303 533; x_wconf 81' lang='lat' dir='ltr'><strong>Antiochenum</strong></span> <span class='ocrx_word' id='word_1_444' title='bbox 1317 505 1428 537; x_wconf 85' lang='lat' dir='ltr'><strong>litteris,</strong></span> <span class='ocrx_word' id='word_1_445' title='bbox 1441 510 1554 539; x_wconf 87' lang='lat' dir='ltr'><strong>questus</strong></span> <span class='ocrx_word' id='word_1_446' title='bbox 1566 508 1607 530; x_wconf 76' lang='lat' dir='ltr'><strong>cst</strong></span> <span class='ocrx_word' id='word_1_447' title='bbox 1618 504 1651 530; x_wconf 85' lang='lat' dir='ltr'><strong>de</strong></span> <span class='ocrx_word' id='word_1_448' title='bbox 1661 503 1819 530; x_wconf 82' lang='lat' dir='ltr'><strong>Theodore—</strong></span> 
     </span>
    </p>
   </div>
   <div class='ocr_carea' id='block_1_67' title="bbox 1028 547 1819 586">
    <p class='ocr_par' dir='ltr' id='par_1_67' title="bbox 1028 547 1819 586">
     <span class='ocr_line' id='line_1_67' title="bbox 1028 547 1819 586; baseline -0.004 -8"><span class='ocrx_word' id='word_1_449' title='bbox 1028 555 1057 578; x_wconf 75' lang='grc' dir='ltr'><strong>ιο</strong></span> <span class='ocrx_word' id='word_1_450' title='bbox 1083 555 1211 586; x_wconf 83' lang='lat' dir='ltr'><strong>tanquam</strong></span> <span class='ocrx_word' id='word_1_451' title='bbox 1225 550 1258 577; x_wconf 90' lang='lat' dir='ltr'><strong>de</strong></span> <span class='ocrx_word' id='word_1_452' title='bbox 1273 550 1383 578; x_wconf 81' lang='lat' dir='ltr'><strong>homine</strong></span> <span class='ocrx_word' id='word_1_453' title='bbox 1398 549 1526 579; x_wconf 82' lang='lat' dir='ltr'><strong>factioso,</strong></span> <span class='ocrx_word' id='word_1_454' title='bbox 1553 548 1599 583; x_wconf 86' lang='lat' dir='ltr'><strong>qui</strong></span> <span class='ocrx_word' id='word_1_455' title='bbox 1616 556 1670 574; x_wconf 90' lang='lat' dir='ltr'><strong>non</strong></span> <span class='ocrx_word' id='word_1_456' title='bbox 1683 547 1819 582; x_wconf 84' lang='lat' dir='ltr'><strong>cjurasset</strong></span> 
     </span>
    </p>
   </div>
   <div class='ocr_carea' id='block_1_68' title="bbox 1028 594 1817 629">
    <p class='ocr_par' dir='ltr' id='par_1_68' title="bbox 1028 594 1817 629">
     <span class='ocr_line' id='line_1_68' title="bbox 1028 594 1817 629; baseline -0.005 -5"><span class='ocrx_word' id='word_1_457' title='bbox 1028 596 1145 624; x_wconf 86' lang='lat' dir='ltr'><strong>Nestorii</strong></span> <span class='ocrx_word' id='word_1_458' title='bbox 1168 597 1334 627; x_wconf 70' lang='lat' dir='ltr'><strong>serietatem,</strong></span> <span class='ocrx_word' id='word_1_459' title='bbox 1361 595 1408 622; x_wconf 84' lang='lat' dir='ltr'><strong>sed</strong></span> <span class='ocrx_word' id='word_1_460' title='bbox 1430 602 1498 621; x_wconf 84' lang='lat' dir='ltr'><strong>vana</strong></span> <span class='ocrx_word' id='word_1_461' title='bbox 1512 595 1602 629; x_wconf 83' lang='lat' dir='ltr'><strong>potius</strong></span> <span class='ocrx_word' id='word_1_462' title='bbox 1615 594 1704 628; x_wconf 88' lang='lat' dir='ltr'><strong>specie</strong></span> <span class='ocrx_word' id='word_1_463' title='bbox 1721 594 1817 621; x_wconf 86' lang='lat' dir='ltr'><strong>defen-</strong></span> 
     </span>
    </p>
   </div>
   <div class='ocr_carea' id='block_1_69' title="bbox 1028 639 1818 677">
    <p class='ocr_par' dir='ltr' id='par_1_69' title="bbox 1028 639 1818 677">
     <span class='ocr_line' id='line_1_69' title="bbox 1028 639 1818 677; baseline -0.005 -8"><span class='ocrx_word' id='word_1_464' title='bbox 1028 642 1111 669; x_wconf 88' lang='lat' dir='ltr'><strong>dendi</strong></span> <span class='ocrx_word' id='word_1_465' title='bbox 1125 642 1278 677; x_wconf 77' lang='lat' dir='ltr'><strong>magistros,</strong></span> <span class='ocrx_word' id='word_1_466' title='bbox 1298 640 1422 675; x_wconf 77' lang='lat' dir='ltr'><strong>diScipuli</strong></span> <span class='ocrx_word' id='word_1_467' title='bbox 1435 640 1586 667; x_wconf 84' lang='lat' dir='ltr'><strong>doctrinam</strong></span> <span class='ocrx_word' id='word_1_468' title='bbox 1605 639 1745 666; x_wconf 86' lang='lat' dir='ltr'><strong>vindicare</strong></span> <span class='ocrx_word' id='word_1_469' title='bbox 1759 639 1818 665; x_wconf 82' lang='lat' dir='ltr'><strong>vel-</strong></span> 
     </span>
    </p>
   </div>
   <div class='ocr_carea' id='block_1_70' title="bbox 1027 685 1820 722">
    <p class='ocr_par' dir='ltr' id='par_1_70' title="bbox 1027 685 1820 722">
     <span class='ocr_line' id='line_1_70' title="bbox 1027 685 1820 722; baseline -0.006 -7"><span class='ocrx_word' id='word_1_470' title='bbox 1027 689 1065 716; x_wconf 91' lang='lat' dir='ltr'><strong>let</strong></span> <span class='ocrx_word' id='word_1_471' title='bbox 1088 689 1218 715; x_wconf 81' lang='lat' dir='ltr'><strong>adversus</strong></span> <span class='ocrx_word' id='word_1_472' title='bbox 1239 687 1314 722; x_wconf 82' lang='lat'><strong>171</strong></span> <span class='ocrx_word' id='word_1_473' title='bbox 1333 686 1461 713; x_wconf 62' lang='lat' dir='ltr'><strong>Ecclesiae</strong></span> <span class='ocrx_word' id='word_1_474' title='bbox 1479 685 1650 712; x_wconf 84' lang='lat' dir='ltr'><strong>sententiam.</strong></span> <span class='ocrx_word' id='word_1_475' title='bbox 1681 685 1820 711; x_wconf 64' lang='lat' dir='ltr'><strong>Litterae”</strong></span> 
     </span>
    </p>
   </div>
   <div class='ocr_carea' id='block_1_71' title="bbox 1028 731 1819 765">
    <p class='ocr_par' dir='ltr' id='par_1_71' title="bbox 1028 731 1819 765">
     <span class='ocr_line' id='line_1_71' title="bbox 1028 731 1819 765; baseline -0.005 -3"><span class='ocrx_word' id='word_1_476' title='bbox 1028 735 1066 762; x_wconf 88' lang='lat' dir='ltr'><strong>sic</strong></span> <span class='ocrx_word' id='word_1_477' title='bbox 1095 742 1124 762; x_wconf 87' lang='lat' dir='ltr'><strong>se</strong></span> <span class='ocrx_word' id='word_1_478' title='bbox 1150 734 1251 761; x_wconf 87' lang='lat' dir='ltr'><strong>habent</strong></span> <span class='ocrx_word' id='word_1_479' title='bbox 1276 742 1282 760; x_wconf 89' lang='lat'><strong>:</strong></span> <span class='ocrx_word' id='word_1_480' title='bbox 1307 732 1481 759; x_wconf 74' lang='lat' dir='ltr'><strong>(Arbitratus</strong></span> <span class='ocrx_word' id='word_1_481' title='bbox 1495 739 1554 758; x_wconf 91' lang='lat' dir='ltr'><strong>sum</strong></span> <span class='ocrx_word' id='word_1_482' title='bbox 1586 731 1613 757; x_wconf 94' lang='lat' dir='ltr'><strong>in</strong></span> <span class='ocrx_word' id='word_1_483' title='bbox 1642 731 1715 757; x_wconf 91' lang='lat' dir='ltr'><strong>hunc</strong></span> <span class='ocrx_word' id='word_1_484' title='bbox 1732 739 1819 765; x_wconf 70' lang='lat' dir='ltr'><strong>usque</strong></span> 
     </span>
    </p>
   </div>
   <div class='ocr_carea' id='block_1_72' title="bbox 1028 775 1821 810">
    <p class='ocr_par' dir='ltr' id='par_1_72' title="bbox 1028 775 1821 810">
     <span class='ocr_line' id='line_1_72' title="bbox 1028 775 1821 810; baseline -0.009 -3"><span class='ocrx_word' id='word_1_485' title='bbox 1028 780 1099 807; x_wconf 91' lang='lat' dir='ltr'><strong>dietn</strong></span> <span class='ocrx_word' id='word_1_486' title='bbox 1118 778 1378 806; x_wconf 81' lang='lat' dir='ltr'><strong>reverendissimum</strong></span> <span class='ocrx_word' id='word_1_487' title='bbox 1391 776 1605 807; x_wconf 85' lang='lat' dir='ltr'><strong>Tltcodoretum,</strong></span> <span class='ocrx_word' id='word_1_488' title='bbox 1621 775 1752 810; x_wconf 81' lang='lat' dir='ltr'><strong>depositis</strong></span> <span class='ocrx_word' id='word_1_489' title='bbox 1767 775 1821 801; x_wconf 80' lang='lat' dir='ltr'><strong>Ne-</strong></span> 
     </span>
    </p>
   </div>
   <div class='ocr_carea' id='block_1_73' title="bbox 1030 819 1818 858">
    <p class='ocr_par' dir='ltr' id='par_1_73' title="bbox 1030 819 1818 858">
     <span class='ocr_line' id='line_1_73' title="bbox 1030 819 1818 858; baseline -0.009 -6"><span class='ocrx_word' id='word_1_490' title='bbox 1030 825 1106 852; x_wconf 88' lang='lat' dir='ltr'><strong>storii</strong></span> <span class='ocrx_word' id='word_1_491' title='bbox 1120 824 1197 851; x_wconf 87' lang='lat' dir='ltr'><strong>vanis</strong></span> <span class='ocrx_word' id='word_1_492' title='bbox 1208 822 1393 858; x_wconf 85' lang='lat' dir='ltr'><strong>opinionibus,</strong></span> <span class='ocrx_word' id='word_1_493' title='bbox 1407 820 1541 847; x_wconf 86' lang='lat' dir='ltr'><strong>maculam</strong></span> <span class='ocrx_word' id='word_1_494' title='bbox 1553 819 1629 847; x_wconf 86' lang='lat' dir='ltr'><strong>exiis</strong></span> <span class='ocrx_word' id='word_1_495' title='bbox 1641 823 1818 849; x_wconf 85' lang='lat' dir='ltr'><strong>contractam,</strong></span> 
     </span>
    </p>
   </div>
   <div class='ocr_carea' id='block_1_74' title="bbox 1030 865 1816 904">
    <p class='ocr_par' dir='ltr' id='par_1_74' title="bbox 1030 865 1816 904">
     <span class='ocr_line' id='line_1_74' title="bbox 1030 865 1816 904; baseline -0.009 -6"><span class='ocrx_word' id='word_1_496' title='bbox 1030 870 1154 904; x_wconf 80' lang='lat' dir='ltr'><strong>exemplo</strong></span> <span class='ocrx_word' id='word_1_497' title='bbox 1165 868 1399 896; x_wconf 86' lang='lat' dir='ltr'><strong>sanctissimorum</strong></span> <span class='ocrx_word' id='word_1_498' title='bbox 1412 867 1526 894; x_wconf 88' lang='lat' dir='ltr'><strong>aliorum</strong></span> <span class='ocrx_word' id='word_1_499' title='bbox 1539 867 1696 901; x_wconf 63' lang='lat' dir='ltr'><strong>praasulum,</strong></span> <span class='ocrx_word' id='word_1_500' title='bbox 1707 865 1816 892; x_wconf 84' lang='lat' dir='ltr'><strong>eluisse.</strong></span> 
     </span>
    </p>
   </div>
   <div class='ocr_carea' id='block_1_75' title="bbox 1028 912 1820 948">
    <p class='ocr_par' dir='ltr' id='par_1_75' title="bbox 1028 912 1820 948">
     <span class='ocr_line' id='line_1_75' title="bbox 1028 912 1820 948; baseline -0.006 -5"><span class='ocrx_word' id='word_1_501' title='bbox 1028 918 1108 943; x_wconf 84' lang='lat' dir='ltr'><strong>Hunc</strong></span> <span class='ocrx_word' id='word_1_502' title='bbox 1127 915 1201 943; x_wconf 89' lang='lat' dir='ltr'><strong>enim</strong></span> <span class='ocrx_word' id='word_1_503' title='bbox 1225 913 1396 941; x_wconf 78' lang='lat' dir='ltr'><strong>credideram</strong></span> <span class='ocrx_word' id='word_1_504' title='bbox 1421 913 1501 948; x_wconf 73' lang='lat' dir='ltr'><strong>longe</strong></span> <span class='ocrx_word' id='word_1_505' title='bbox 1518 921 1532 939; x_wconf 90' lang='lat' dir='ltr'><strong>a</strong></span> <span class='ocrx_word' id='word_1_506' title='bbox 1543 921 1571 940; x_wconf 90' lang='lat' dir='ltr'><strong>se</strong></span> <span class='ocrx_word' id='word_1_507' title='bbox 1582 912 1741 943; x_wconf 80' lang='lat' dir='ltr'><strong>removisse,</strong></span> <span class='ocrx_word' id='word_1_508' title='bbox 1758 920 1820 946; x_wconf 63' lang='lat' dir='ltr'><strong>qua:</strong></span> 
     </span>
    </p>
   </div>
   <div class='ocr_carea' id='block_1_76' title="bbox 1028 957 1818 997">
    <p class='ocr_par' dir='ltr' id='par_1_76' title="bbox 1028 957 1818 997">
     <span class='ocr_line' id='line_1_76' title="bbox 1028 957 1818 997; baseline -0.006 -8"><span class='ocrx_word' id='word_1_509' title='bbox 1028 961 1089 997; x_wconf 85' lang='lat' dir='ltr'><strong>paci</strong></span> <span class='ocrx_word' id='word_1_510' title='bbox 1111 961 1273 991; x_wconf 87' lang='lat' dir='ltr'><strong>obstabant,</strong></span> <span class='ocrx_word' id='word_1_511' title='bbox 1295 959 1500 986; x_wconf 85' lang='lat' dir='ltr'><strong>conditionibus</strong></span> <span class='ocrx_word' id='word_1_512' title='bbox 1524 958 1705 992; x_wconf 87' lang='lat' dir='ltr'><strong>mutuisquea</strong></span> <span class='ocrx_word' id='word_1_513' title='bbox 1717 966 1759 984; x_wconf 89' lang='lat' dir='ltr'><strong>me</strong></span> <span class='ocrx_word' id='word_1_514' title='bbox 1773 957 1818 984; x_wconf 81' lang='lat' dir='ltr'><strong>lit-</strong></span> 
     </span>
    </p>
   </div>
   <div class='ocr_carea' id='block_1_77' title="bbox 1029 1002 1820 1040">
    <p class='ocr_par' dir='ltr' id='par_1_77' title="bbox 1029 1002 1820 1040">
     <span class='ocr_line' id='line_1_77' title="bbox 1029 1002 1820 1040; baseline -0.006 -7"><span class='ocrx_word' id='word_1_515' title='bbox 1029 1005 1093 1033; x_wconf 88' lang='lat' dir='ltr'><strong>teris</strong></span> <span class='ocrx_word' id='word_1_516' title='bbox 1112 1005 1240 1040; x_wconf 82' lang='lat' dir='ltr'><strong>receptis.</strong></span> <span class='ocrx_word' id='word_1_517' title='bbox 1257 1005 1369 1036; x_wconf 78' lang='lat' dir='ltr'><strong>Verum,</strong></span> <span class='ocrx_word' id='word_1_518' title='bbox 1387 1003 1523 1031; x_wconf 79' lang='lat' dir='ltr'><strong>referente</strong></span> <span class='ocrx_word' id='word_1_519' title='bbox 1537 1003 1581 1037; x_wconf 87' lang='lat' dir='ltr'><strong>pio</strong></span> <span class='ocrx_word' id='word_1_520' title='bbox 1592 1002 1752 1037; x_wconf 69' lang='lat' dir='ltr'><strong>presbytero</strong></span> <span class='ocrx_word' id='word_1_521' title='bbox 1765 1002 1820 1028; x_wconf 90' lang='lat' dir='ltr'><strong>Da-</strong></span> 
     </span>
    </p>
   </div>
   <div class='ocr_carea' id='block_1_78' title="bbox 1028 1048 1818 1085">
    <p class='ocr_par' dir='ltr' id='par_1_78' title="bbox 1028 1048 1818 1085">
     <span class='ocr_line' id='line_1_78' title="bbox 1028 1048 1818 1085; baseline -0.005 -7"><span class='ocrx_word' id='word_1_522' title='bbox 1028 1052 1110 1083; x_wconf 89' lang='lat' dir='ltr'><strong>niele,</strong></span> <span class='ocrx_word' id='word_1_523' title='bbox 1125 1051 1208 1078; x_wconf 91' lang='lat' dir='ltr'><strong>didici</strong></span> <span class='ocrx_word' id='word_1_524' title='bbox 1226 1051 1314 1085; x_wconf 90' lang='lat' dir='ltr'><strong>ipsum</strong></span> <span class='ocrx_word' id='word_1_525' title='bbox 1328 1058 1342 1076; x_wconf 86' lang='lat' dir='ltr'><strong>a</strong></span> <span class='ocrx_word' id='word_1_526' title='bbox 1355 1049 1479 1084; x_wconf 89' lang='lat' dir='ltr'><strong>pristinis</strong></span> <span class='ocrx_word' id='word_1_527' title='bbox 1489 1049 1586 1083; x_wconf 73' lang='lat' dir='ltr'><strong>agendi</strong></span> <span class='ocrx_word' id='word_1_528' title='bbox 1600 1048 1751 1075; x_wconf 88' lang='lat' dir='ltr'><strong>rationibtts</strong></span> <span class='ocrx_word' id='word_1_529' title='bbox 1764 1055 1818 1074; x_wconf 89' lang='lat' dir='ltr'><strong>non</strong></span> 
     </span>
    </p>
   </div>
   <div class='ocr_carea' id='block_1_79' title="bbox 1028 1086 1820 1128">
    <p class='ocr_par' dir='ltr' id='par_1_79' title="bbox 1028 1086 1820 1128">
     <span class='ocr_line' id='line_1_79' title="bbox 1028 1086 1820 1128; baseline -0.004 -7"><span class='ocrx_word' id='word_1_530' title='bbox 1028 1094 1185 1127; x_wconf 85' lang='lat' dir='ltr'><strong>recessisse,</strong></span> <span class='ocrx_word' id='word_1_531' title='bbox 1203 1094 1344 1121; x_wconf 66' lang='lat' dir='ltr'><strong>adllatrere</strong></span> <span class='ocrx_word' id='word_1_532' title='bbox 1358 1086 1470 1128; x_wconf 77' lang='lat' dir='ltr'><strong>perinde</strong></span> <span class='ocrx_word' id='word_1_533' title='bbox 1485 1101 1516 1120; x_wconf 84' lang='lat' dir='ltr'><strong>ac</strong></span> <span class='ocrx_word' id='word_1_534' title='bbox 1527 1093 1602 1127; x_wconf 85' lang='lat' dir='ltr'><strong>prius</strong></span> <span class='ocrx_word' id='word_1_535' title='bbox 1620 1093 1737 1119; x_wconf 75' lang='lat' dir='ltr'><strong>Nestorii</strong></span> <span class='ocrx_word' id='word_1_536' title='bbox 1762 1092 1820 1119; x_wconf 87' lang='lat' dir='ltr'><strong>bla-</strong></span> 
     </span>
    </p>
   </div>
   <div class='ocr_carea' id='block_1_80' title="bbox 1029 1138 1820 1175">
    <p class='ocr_par' dir='ltr' id='par_1_80' title="bbox 1029 1138 1820 1175">
     <span class='ocr_line' id='line_1_80' title="bbox 1029 1138 1820 1175; baseline -0.004 -8"><span class='ocrx_word' id='word_1_537' title='bbox 1029 1141 1170 1175; x_wconf 84' lang='lat' dir='ltr'><strong>sphemiis,</strong></span> <span class='ocrx_word' id='word_1_538' title='bbox 1184 1145 1211 1168; x_wconf 89' lang='lat' dir='ltr'><strong>et</strong></span> <span class='ocrx_word' id='word_1_539' title='bbox 1234 1144 1326 1175; x_wconf 87' lang='lat' dir='ltr'><strong>aperte</strong></span> <span class='ocrx_word' id='word_1_540' title='bbox 1343 1139 1500 1170; x_wconf 83' lang='lat' dir='ltr'><strong>ostendere,</strong></span> <span class='ocrx_word' id='word_1_541' title='bbox 1523 1147 1550 1166; x_wconf 90' lang='lat' dir='ltr'><strong>se</strong></span> <span class='ocrx_word' id='word_1_542' title='bbox 1570 1147 1657 1173; x_wconf 79' lang='lat' dir='ltr'><strong>neque</strong></span> <span class='ocrx_word' id='word_1_543' title='bbox 1675 1138 1820 1165; x_wconf 87' lang='lat' dir='ltr'><strong>anathema</strong></span> 
     </span>
    </p>
   </div>
   <div class='ocr_carea' id='block_1_81' title="bbox 1029 1184 1818 1221">
    <p class='ocr_par' dir='ltr' id='par_1_81' title="bbox 1029 1184 1818 1221">
     <span class='ocr_line' id='line_1_81' title="bbox 1029 1184 1818 1221; baseline -0.004 -8"><span class='ocrx_word' id='word_1_544' title='bbox 1029 1186 1078 1221; x_wconf 86' lang='lat' dir='ltr'><strong>ipsi</strong></span> <span class='ocrx_word' id='word_1_545' title='bbox 1090 1185 1199 1218; x_wconf 74' lang='lat' dir='ltr'><strong>dixisse,</strong></span> <span class='ocrx_word' id='word_1_546' title='bbox 1215 1193 1304 1220; x_wconf 85' lang='lat' dir='ltr'><strong>neque</strong></span> <span class='ocrx_word' id='word_1_547' title='bbox 1316 1185 1480 1220; x_wconf 88' lang='lat' dir='ltr'><strong>depositioni</strong></span> <span class='ocrx_word' id='word_1_548' title='bbox 1494 1185 1651 1211; x_wconf 72' lang='lat' dir='ltr'><strong>assensissc.</strong></span> <span class='ocrx_word' id='word_1_549' title='bbox 1667 1184 1741 1210; x_wconf 87' lang='lat' dir='ltr'><strong>llanc</strong></span> <span class='ocrx_word' id='word_1_550' title='bbox 1752 1184 1818 1210; x_wconf 91' lang='lat' dir='ltr'><strong>mihi</strong></span> 
     </span>
    </p>
   </div>
   <div class='ocr_carea' id='block_1_82' title="bbox 1029 1229 1820 1265">
    <p class='ocr_par' dir='ltr' id='par_1_82' title="bbox 1029 1229 1820 1265">
     <span class='ocr_line' id='line_1_82' title="bbox 1029 1229 1820 1265; baseline -0.003 -7"><span class='ocrx_word' id='word_1_551' title='bbox 1029 1236 1074 1258; x_wconf 89' lang='lat' dir='ltr'><strong>tua</strong></span> <span class='ocrx_word' id='word_1_552' title='bbox 1086 1232 1215 1259; x_wconf 83' lang='lat' dir='ltr'><strong>sanctitas</strong></span> <span class='ocrx_word' id='word_1_553' title='bbox 1230 1231 1303 1258; x_wconf 83' lang='lat' dir='ltr'><strong>fandi</strong></span> <span class='ocrx_word' id='word_1_554' title='bbox 1319 1235 1482 1265; x_wconf 87' lang='lat' dir='ltr'><strong>potestatem</strong></span> <span class='ocrx_word' id='word_1_555' title='bbox 1496 1229 1586 1260; x_wconf 80' lang='lat' dir='ltr'><strong>faciat,</strong></span> <span class='ocrx_word' id='word_1_556' title='bbox 1607 1229 1742 1264; x_wconf 84' lang='lat' dir='ltr'><strong>siquidem</strong></span> <span class='ocrx_word' id='word_1_557' title='bbox 1756 1230 1820 1256; x_wconf 87' lang='lat' dir='ltr'><strong>cha-</strong></span> 
     </span>
    </p>
   </div>
   <div class='ocr_carea' id='block_1_83' title="bbox 1029 1275 1818 1312">
    <p class='ocr_par' dir='ltr' id='par_1_83' title="bbox 1029 1275 1818 1312">
     <span class='ocr_line' id='line_1_83' title="bbox 1029 1275 1818 1312; baseline -0.005 -8"><span class='ocrx_word' id='word_1_558' title='bbox 1029 1277 1096 1304; x_wconf 83' lang='lat' dir='ltr'><strong>ritas</strong></span> <span class='ocrx_word' id='word_1_559' title='bbox 1107 1282 1185 1312; x_wconf 82' lang='lat' dir='ltr'><strong>urget</strong></span> <span class='ocrx_word' id='word_1_560' title='bbox 1197 1277 1229 1303; x_wconf 86' lang='lat' dir='ltr'><strong>ad</strong></span> <span class='ocrx_word' id='word_1_561' title='bbox 1242 1276 1410 1310; x_wconf 88' lang='lat' dir='ltr'><strong>loquendum</strong></span> <span class='ocrx_word' id='word_1_562' title='bbox 1425 1285 1430 1302; x_wconf 94' lang='lat'><strong>:</strong></span> <span class='ocrx_word' id='word_1_563' title='bbox 1445 1283 1524 1310; x_wconf 81' lang='lat' dir='ltr'><strong>quant</strong></span> <span class='ocrx_word' id='word_1_564' title='bbox 1536 1275 1570 1301; x_wconf 85' lang='lat' dir='ltr'><strong>ol)</strong></span> <span class='ocrx_word' id='word_1_565' title='bbox 1580 1282 1688 1301; x_wconf 73' lang='lat' dir='ltr'><strong>causam</strong></span> <span class='ocrx_word' id='word_1_566' title='bbox 1701 1275 1818 1301; x_wconf 86' lang='lat' dir='ltr'><strong>nonnul-</strong></span> 
     </span>
    </p>
   </div>
   <div class='ocr_carea' id='block_1_84' title="bbox 1029 1320 1818 1351">
    <p class='ocr_par' dir='ltr' id='par_1_84' title="bbox 1029 1320 1818 1351">
     <span class='ocr_line' id='line_1_84' title="bbox 1029 1320 1818 1351; baseline -0.003 -2"><span class='ocrx_word' id='word_1_567' title='bbox 1029 1322 1047 1349; x_wconf 97' lang='lat' dir='ltr'><strong>li</strong></span> <span class='ocrx_word' id='word_1_568' title='bbox 1065 1323 1136 1349; x_wconf 81' lang='lat' dir='ltr'><strong>ciata</strong></span> <span class='ocrx_word' id='word_1_569' title='bbox 1150 1322 1256 1348; x_wconf 87' lang='lat' dir='ltr'><strong>cervice</strong></span> <span class='ocrx_word' id='word_1_570' title='bbox 1272 1321 1409 1348; x_wconf 85' lang='lat' dir='ltr'><strong>laudabile</strong></span> <span class='ocrx_word' id='word_1_571' title='bbox 1426 1326 1501 1347; x_wconf 89' lang='lat' dir='ltr'><strong>tuum</strong></span> <span class='ocrx_word' id='word_1_572' title='bbox 1518 1320 1673 1351; x_wconf 84' lang='lat' dir='ltr'><strong>consilium,</strong></span> <span class='ocrx_word' id='word_1_573' title='bbox 1692 1320 1719 1346; x_wconf 93' lang='lat' dir='ltr'><strong>in</strong></span> <span class='ocrx_word' id='word_1_574' title='bbox 1735 1320 1818 1347; x_wconf 87' lang='lat' dir='ltr'><strong>rebus</strong></span> 
     </span>
    </p>
   </div>
   <div class='ocr_carea' id='block_1_85' title="bbox 1029 1366 1820 1401">
    <p class='ocr_par' dir='ltr' id='par_1_85' title="bbox 1029 1366 1820 1401">
     <span class='ocr_line' id='line_1_85' title="bbox 1029 1366 1820 1401; baseline -0.005 -7"><span class='ocrx_word' id='word_1_575' title='bbox 1029 1367 1063 1394; x_wconf 87' lang='lat' dir='ltr'><strong>ad</strong></span> <span class='ocrx_word' id='word_1_576' title='bbox 1078 1373 1152 1394; x_wconf 88' lang='lat' dir='ltr'><strong>tuam</strong></span> <span class='ocrx_word' id='word_1_577' title='bbox 1164 1366 1338 1401; x_wconf 88' lang='lat' dir='ltr'><strong>prudentiant</strong></span> <span class='ocrx_word' id='word_1_578' title='bbox 1354 1366 1566 1401; x_wconf 86' lang='lat' dir='ltr'><strong>pertinentibus,</strong></span> <span class='ocrx_word' id='word_1_579' title='bbox 1584 1373 1638 1392; x_wconf 88' lang='lat' dir='ltr'><strong>non</strong></span> <span class='ocrx_word' id='word_1_580' title='bbox 1650 1366 1820 1399; x_wconf 77' lang='lat' dir='ltr'><strong>sequuntur?</strong></span> 
     </span>
    </p>
   </div>
   <div class='ocr_carea' id='block_1_86' title="bbox 1028 1410 1819 1447">
    <p class='ocr_par' dir='ltr' id='par_1_86' title="bbox 1028 1410 1819 1447">
     <span class='ocr_line' id='line_1_86' title="bbox 1028 1410 1819 1447; baseline -0.004 -8"><span class='ocrx_word' id='word_1_581' title='bbox 1028 1412 1093 1444; x_wconf 88' lang='lat' dir='ltr'><strong>Cur,</strong></span> <span class='ocrx_word' id='word_1_582' title='bbox 1111 1413 1195 1439; x_wconf 79' lang='lat' dir='ltr'><strong>instar</strong></span> <span class='ocrx_word' id='word_1_583' title='bbox 1215 1412 1351 1447; x_wconf 88' lang='lat' dir='ltr'><strong>pecudum</strong></span> <span class='ocrx_word' id='word_1_584' title='bbox 1375 1420 1390 1439; x_wconf 85' lang='lat' dir='ltr'><strong>a</strong></span> <span class='ocrx_word' id='word_1_585' title='bbox 1406 1419 1487 1447; x_wconf 82' lang='lat' dir='ltr'><strong>grege</strong></span> <span class='ocrx_word' id='word_1_586' title='bbox 1505 1419 1533 1438; x_wconf 87' lang='lat' dir='ltr'><strong>se.</strong></span> <span class='ocrx_word' id='word_1_587' title='bbox 1553 1411 1760 1441; x_wconf 86' lang='lat' dir='ltr'><strong>abducentium,</strong></span> <span class='ocrx_word' id='word_1_588' title='bbox 1781 1410 1819 1436; x_wconf 91' lang='lat' dir='ltr'><strong>nil</strong></span> 
     </span>
    </p>
   </div>
   <div class='ocr_carea' id='block_1_87' title="bbox 1029 1455 1819 1493">
    <p class='ocr_par' dir='ltr' id='par_1_87' title="bbox 1029 1455 1819 1493">
     <span class='ocr_line' id='line_1_87' title="bbox 1029 1455 1819 1493; baseline -0.004 -8"><span class='ocrx_word' id='word_1_589' title='bbox 1029 1458 1082 1486; x_wconf 88' lang='lat' dir='ltr'><strong>nisi</strong></span> <span class='ocrx_word' id='word_1_590' title='bbox 1097 1458 1170 1493; x_wconf 89' lang='lat' dir='ltr'><strong>quod</strong></span> <span class='ocrx_word' id='word_1_591' title='bbox 1181 1458 1249 1484; x_wconf 90' lang='lat' dir='ltr'><strong>libet</strong></span> <span class='ocrx_word' id='word_1_592' title='bbox 1261 1458 1468 1492; x_wconf 79' lang='lat' dir='ltr'><strong>exsequuntur?</strong></span> <span class='ocrx_word' id='word_1_593' title='bbox 1497 1457 1524 1483; x_wconf 85' lang='lat' dir='ltr'><strong>Si</strong></span> <span class='ocrx_word' id='word_1_594' title='bbox 1544 1465 1608 1484; x_wconf 89' lang='lat' dir='ltr'><strong>vera</strong></span> <span class='ocrx_word' id='word_1_595' title='bbox 1620 1461 1684 1484; x_wconf 85' lang='lat' dir='ltr'><strong>sunt</strong></span> <span class='ocrx_word' id='word_1_596' title='bbox 1703 1465 1764 1491; x_wconf 70' lang='lat' dir='ltr'><strong>qum</strong></span> <span class='ocrx_word' id='word_1_597' title='bbox 1777 1455 1819 1482; x_wconf 84' lang='lat' dir='ltr'><strong>di-</strong></span> 
     </span>
    </p>
   </div>
   <div class='ocr_carea' id='block_1_88' title="bbox 1030 1502 1821 1535">
    <p class='ocr_par' dir='ltr' id='par_1_88' title="bbox 1030 1502 1821 1535">
     <span class='ocr_line' id='line_1_88' title="bbox 1030 1502 1821 1535; baseline -0.003 -5"><span class='ocrx_word' id='word_1_598' title='bbox 1030 1503 1094 1535; x_wconf 90' lang='lat' dir='ltr'><strong>dici,</strong></span> <span class='ocrx_word' id='word_1_599' title='bbox 1119 1511 1160 1530; x_wconf 69' lang='lat' dir='ltr'><strong>naz</strong></span> <span class='ocrx_word' id='word_1_600' title='bbox 1176 1503 1420 1530; x_wconf 83' lang='lat' dir='ltr'><strong>reverendissimus</strong></span> <span class='ocrx_word' id='word_1_601' title='bbox 1436 1502 1479 1529; x_wconf 82' lang='lat' dir='ltr'><strong>ille</strong></span> <span class='ocrx_word' id='word_1_602' title='bbox 1504 1502 1585 1529; x_wconf 69' lang='lat' dir='ltr'><strong>debet</strong></span> <span class='ocrx_word' id='word_1_603' title='bbox 1601 1502 1754 1529; x_wconf 83' lang='lat' dir='ltr'><strong>sanctitatis</strong></span> <span class='ocrx_word' id='word_1_604' title='bbox 1768 1506 1821 1528; x_wconf 69' lang='lat' dir='ltr'><strong>tua:</strong></span> 
     </span>
    </p>
   </div>
   <div class='ocr_carea' id='block_1_89' title="bbox 1030 1547 1558 1582">
    <p class='ocr_par' dir='ltr' id='par_1_89' title="bbox 1030 1547 1558 1582">
     <span class='ocr_line' id='line_1_89' title="bbox 1030 1547 1558 1582; baseline -0.004 -8"><span class='ocrx_word' id='word_1_605' title='bbox 1030 1548 1171 1575; x_wconf 88' lang='lat' dir='ltr'><strong>stimulum</strong></span> <span class='ocrx_word' id='word_1_606' title='bbox 1188 1553 1215 1575; x_wconf 89' lang='lat' dir='ltr'><strong>et</strong></span> <span class='ocrx_word' id='word_1_607' title='bbox 1232 1548 1279 1575; x_wconf 68' lang='lat' dir='ltr'><strong>ira:</strong></span> <span class='ocrx_word' id='word_1_608' title='bbox 1288 1548 1399 1575; x_wconf 83' lang='lat' dir='ltr'><strong>aculeos</strong></span> <span class='ocrx_word' id='word_1_609' title='bbox 1410 1547 1558 1582; x_wconf 67' lang='lat' dir='ltr'><strong>experiri.)</strong></span> 
     </span>
    </p>
   </div>
   <div class='ocr_carea' id='block_1_90' title="bbox 1064 1591 1821 1622">
    <p class='ocr_par' dir='ltr' id='par_1_90' title="bbox 1064 1591 1821 1622">
     <span class='ocr_line' id='line_1_90' title="bbox 1064 1591 1821 1622; baseline -0.004 -3"><span class='ocrx_word' id='word_1_610' title='bbox 1064 1592 1107 1619; x_wconf 83' lang='lat' dir='ltr'><strong>Vl.</strong></span> <span class='ocrx_word' id='word_1_611' title='bbox 1127 1592 1212 1618; x_wconf 82' lang='lat' dir='ltr'><strong>Porro</strong></span> <span class='ocrx_word' id='word_1_612' title='bbox 1227 1596 1316 1618; x_wconf 87' lang='lat' dir='ltr'><strong>autem</strong></span> <span class='ocrx_word' id='word_1_613' title='bbox 1331 1600 1392 1618; x_wconf 89' lang='lat' dir='ltr'><strong>cum</strong></span> <span class='ocrx_word' id='word_1_614' title='bbox 1403 1596 1527 1619; x_wconf 84' lang='lat' dir='ltr'><strong>cerneret</strong></span> <span class='ocrx_word' id='word_1_615' title='bbox 1541 1591 1740 1622; x_wconf 87' lang='lat' dir='ltr'><strong>&#39;l‘hcodoretus,</strong></span> <span class='ocrx_word' id='word_1_616' title='bbox 1753 1591 1821 1618; x_wconf 88' lang='lat' dir='ltr'><strong>scri-</strong></span> 
     </span>
    </p>
   </div>
   <div class='ocr_carea' id='block_1_91' title="bbox 1030 1637 1822 1673">
    <p class='ocr_par' dir='ltr' id='par_1_91' title="bbox 1030 1637 1822 1673">
     <span class='ocr_line' id='line_1_91' title="bbox 1030 1637 1822 1673; baseline 0.001 -10"><span class='ocrx_word' id='word_1_617' title='bbox 1030 1637 1084 1671; x_wconf 87' lang='lat' dir='ltr'><strong>ptis</strong></span> <span class='ocrx_word' id='word_1_618' title='bbox 1106 1644 1166 1670; x_wconf 73' lang='lat' dir='ltr'><strong>quze</strong></span> <span class='ocrx_word' id='word_1_619' title='bbox 1188 1637 1308 1664; x_wconf 79' lang='lat' dir='ltr'><strong>diximus</strong></span> <span class='ocrx_word' id='word_1_620' title='bbox 1333 1638 1477 1673; x_wconf 80' lang='lat' dir='ltr'><strong>evulgatis,</strong></span> <span class='ocrx_word' id='word_1_621' title='bbox 1504 1646 1558 1664; x_wconf 90' lang='lat' dir='ltr'><strong>non</strong></span> <span class='ocrx_word' id='word_1_622' title='bbox 1573 1637 1701 1664; x_wconf 67' lang='lat' dir='ltr'><strong>etl‘cctum</strong></span> <span class='ocrx_word' id='word_1_623' title='bbox 1717 1645 1776 1665; x_wconf 82' lang='lat' dir='ltr'><strong>esse</strong></span> <span class='ocrx_word' id='word_1_624' title='bbox 1794 1637 1822 1664; x_wconf 92' lang='lat' dir='ltr'><strong>id</strong></span> 
     </span>
    </p>
   </div>
   <div class='ocr_carea' id='block_1_92' title="bbox 1030 1682 1822 1717">
    <p class='ocr_par' dir='ltr' id='par_1_92' title="bbox 1030 1682 1822 1717">
     <span class='ocr_line' id='line_1_92' title="bbox 1030 1682 1822 1717; baseline -0.001 -8"><span class='ocrx_word' id='word_1_625' title='bbox 1030 1682 1223 1709; x_wconf 88' lang='lat' dir='ltr'><strong>commotionis</strong></span> <span class='ocrx_word' id='word_1_626' title='bbox 1239 1682 1311 1717; x_wconf 88' lang='lat' dir='ltr'><strong>quod</strong></span> <span class='ocrx_word' id='word_1_627' title='bbox 1323 1687 1455 1717; x_wconf 84' lang='lat' dir='ltr'><strong>speraret,</strong></span> <span class='ocrx_word' id='word_1_628' title='bbox 1480 1683 1526 1710; x_wconf 91' lang='lat' dir='ltr'><strong>sed</strong></span> <span class='ocrx_word' id='word_1_629' title='bbox 1539 1688 1634 1710; x_wconf 86' lang='lat' dir='ltr'><strong>contra</strong></span> <span class='ocrx_word' id='word_1_630' title='bbox 1653 1692 1695 1710; x_wconf 81' lang='lat' dir='ltr'><strong>res</strong></span> <span class='ocrx_word' id='word_1_631' title='bbox 1708 1688 1822 1710; x_wconf 67' lang='lat' dir='ltr'><strong>cunctas</strong></span> 
     </span>
    </p>
   </div>
   <div class='ocr_carea' id='block_1_93' title="bbox 1030 1728 1816 1763">
    <p class='ocr_par' dir='ltr' id='par_1_93' title="bbox 1030 1728 1816 1763">
     <span class='ocr_line' id='line_1_93' title="bbox 1030 1728 1816 1763; baseline 0.003 -9"><span class='ocrx_word' id='word_1_632' title='bbox 1030 1728 1069 1755; x_wconf 89' lang='lat' dir='ltr'><strong>ire</strong></span> <span class='ocrx_word' id='word_1_633' title='bbox 1081 1728 1214 1762; x_wconf 82' lang='lat' dir='ltr'><strong>pacatius,</strong></span> <span class='ocrx_word' id='word_1_634' title='bbox 1227 1729 1358 1763; x_wconf 72' lang='lat' dir='ltr'><strong>peruesis,</strong></span> <span class='ocrx_word' id='word_1_635' title='bbox 1372 1732 1400 1755; x_wconf 89' lang='lat' dir='ltr'><strong>ut</strong></span> <span class='ocrx_word' id='word_1_636' title='bbox 1414 1729 1452 1760; x_wconf 83' lang='lat' dir='ltr'><strong>fit,</strong></span> <span class='ocrx_word' id='word_1_637' title='bbox 1468 1729 1660 1756; x_wconf 88' lang='lat' dir='ltr'><strong>dinturnarum</strong></span> <span class='ocrx_word' id='word_1_638' title='bbox 1673 1730 1816 1756; x_wconf 82' lang='lat' dir='ltr'><strong>turbarum</strong></span> 
     </span>
    </p>
   </div>
   <div class='ocr_carea' id='block_1_94' title="bbox 1030 1775 1822 1811">
    <p class='ocr_par' dir='ltr' id='par_1_94' title="bbox 1030 1775 1822 1811">
     <span class='ocr_line' id='line_1_94' title="bbox 1030 1775 1822 1811; baseline 0.001 -10"><span class='ocrx_word' id='word_1_639' title='bbox 1030 1775 1172 1809; x_wconf 87' lang='lat' dir='ltr'><strong>plurimis,</strong></span> <span class='ocrx_word' id='word_1_640' title='bbox 1202 1783 1254 1802; x_wconf 85' lang='lat' dir='ltr'><strong>nec</strong></span> <span class='ocrx_word' id='word_1_641' title='bbox 1273 1776 1326 1810; x_wconf 83' lang='lat' dir='ltr'><strong>jam</strong></span> <span class='ocrx_word' id='word_1_642' title='bbox 1354 1776 1448 1803; x_wconf 79' lang='lat' dir='ltr'><strong>faciles</strong></span> <span class='ocrx_word' id='word_1_643' title='bbox 1467 1777 1527 1811; x_wconf 82' lang='lat' dir='ltr'><strong>ejus</strong></span> <span class='ocrx_word' id='word_1_644' title='bbox 1547 1777 1719 1804; x_wconf 81' lang='lat' dir='ltr'><strong>sermonibus</strong></span> <span class='ocrx_word' id='word_1_645' title='bbox 1741 1785 1822 1804; x_wconf 77' lang='lat' dir='ltr'><strong>aures</strong></span> 
     </span>
    </p>
   </div>
   <div class='ocr_carea' id='block_1_95' title="bbox 1030 1820 1822 1857">
    <p class='ocr_par' dir='ltr' id='par_1_95' title="bbox 1030 1820 1822 1857">
     <span class='ocr_line' id='line_1_95' title="bbox 1030 1820 1822 1857; baseline 0.003 -10"><span class='ocrx_word' id='word_1_646' title='bbox 1030 1820 1228 1855; x_wconf 64' lang='lat' dir='ltr'><strong>praebentibus.</strong></span> <span class='ocrx_word' id='word_1_647' title='bbox 1247 1826 1333 1849; x_wconf 87' lang='lat' dir='ltr'><strong>totum</strong></span> <span class='ocrx_word' id='word_1_648' title='bbox 1349 1830 1378 1848; x_wconf 86' lang='lat' dir='ltr'><strong>se</strong></span> <span class='ocrx_word' id='word_1_649' title='bbox 1391 1822 1468 1849; x_wconf 87' lang='lat' dir='ltr'><strong>dedit</strong></span> <span class='ocrx_word' id='word_1_650' title='bbox 1481 1823 1678 1857; x_wconf 77' lang='lat' dir='ltr'><strong>componendis</strong></span> <span class='ocrx_word' id='word_1_651' title='bbox 1692 1823 1780 1854; x_wconf 87' lang='lat' dir='ltr'><strong>libris,</strong></span> <span class='ocrx_word' id='word_1_652' title='bbox 1795 1828 1822 1850; x_wconf 71' lang='lat' dir='ltr'><strong>et</strong></span> 
     </span>
    </p>
   </div>
   <div class='ocr_carea' id='block_1_96' title="bbox 1031 1867 1821 1904">
    <p class='ocr_par' dir='ltr' id='par_1_96' title="bbox 1031 1867 1821 1904">
     <span class='ocr_line' id='line_1_96' title="bbox 1031 1867 1821 1904; baseline 0.001 -10"><span class='ocrx_word' id='word_1_653' title='bbox 1031 1867 1117 1894; x_wconf 85' lang='lat' dir='ltr'><strong>sacris</strong></span> <span class='ocrx_word' id='word_1_654' title='bbox 1139 1867 1288 1902; x_wconf 85' lang='lat' dir='ltr'><strong>Scripturis</strong></span> <span class='ocrx_word' id='word_1_655' title='bbox 1307 1868 1521 1903; x_wconf 85' lang='lat' dir='ltr'><strong>interpretandis</strong></span> <span class='ocrx_word' id='word_1_656' title='bbox 1536 1878 1541 1895; x_wconf 95' lang='lat'><strong>:</strong></span> <span class='ocrx_word' id='word_1_657' title='bbox 1555 1877 1610 1904; x_wconf 89' lang='lat' dir='ltr'><strong>quo</strong></span> <span class='ocrx_word' id='word_1_658' title='bbox 1625 1869 1651 1895; x_wconf 91' lang='lat' dir='ltr'><strong>in</strong></span> <span class='ocrx_word' id='word_1_659' title='bbox 1663 1877 1762 1904; x_wconf 79' lang='lat' dir='ltr'><strong>genere</strong></span> <span class='ocrx_word' id='word_1_660' title='bbox 1777 1869 1821 1895; x_wconf 73' lang='lat' dir='ltr'><strong>vix</strong></span> 
     </span>
    </p>
   </div>
   <div class='ocr_carea' id='block_1_97' title="bbox 1031 1913 1820 1949">
    <p class='ocr_par' dir='ltr' id='par_1_97' title="bbox 1031 1913 1820 1949">
     <span class='ocr_line' id='line_1_97' title="bbox 1031 1913 1820 1949; baseline 0.001 -9"><span class='ocrx_word' id='word_1_661' title='bbox 1031 1913 1116 1940; x_wconf 89' lang='lat' dir='ltr'><strong>ullum</strong></span> <span class='ocrx_word' id='word_1_662' title='bbox 1131 1913 1228 1941; x_wconf 87' lang='lat' dir='ltr'><strong>habuit</strong></span> <span class='ocrx_word' id='word_1_663' title='bbox 1241 1914 1425 1949; x_wconf 87' lang='lat' dir='ltr'><strong>superiorem,</strong></span> <span class='ocrx_word' id='word_1_664' title='bbox 1451 1915 1507 1941; x_wconf 86' lang='lat' dir='ltr'><strong>sive</strong></span> <span class='ocrx_word' id='word_1_665' title='bbox 1523 1923 1620 1942; x_wconf 86' lang='lat' dir='ltr'><strong>sensus</strong></span> <span class='ocrx_word' id='word_1_666' title='bbox 1634 1915 1761 1941; x_wconf 75' lang='lat' dir='ltr'><strong>litteratis</strong></span> <span class='ocrx_word' id='word_1_667' title='bbox 1773 1923 1820 1941; x_wconf 75' lang='lat' dir='ltr'><strong>cx-</strong></span> 
     </span>
    </p>
   </div>
   <div class='ocr_carea' id='block_1_98' title="bbox 1031 1958 1821 1993">
    <p class='ocr_par' dir='ltr' id='par_1_98' title="bbox 1031 1958 1821 1993">
     <span class='ocr_line' id='line_1_98' title="bbox 1031 1958 1821 1993; baseline 0 -9"><span class='ocrx_word' id='word_1_668' title='bbox 1031 1958 1151 1993; x_wconf 86' lang='lat' dir='ltr'><strong>planatio</strong></span> <span class='ocrx_word' id='word_1_669' title='bbox 1163 1963 1304 1993; x_wconf 84' lang='lat' dir='ltr'><strong>spectetur</strong></span> <span class='ocrx_word' id='word_1_670' title='bbox 1314 1979 1321 1991; x_wconf 87' lang='lat'><strong>,</strong></span> <span class='ocrx_word' id='word_1_671' title='bbox 1351 1959 1407 1986; x_wconf 84' lang='lat' dir='ltr'><strong>sive</strong></span> <span class='ocrx_word' id='word_1_672' title='bbox 1423 1959 1543 1986; x_wconf 86' lang='lat' dir='ltr'><strong>brevitas</strong></span> <span class='ocrx_word' id='word_1_673' title='bbox 1554 1979 1560 1990; x_wconf 84' lang='lat'><strong>,</strong></span> <span class='ocrx_word' id='word_1_674' title='bbox 1590 1959 1647 1986; x_wconf 80' lang='lat' dir='ltr'><strong>sive</strong></span> <span class='ocrx_word' id='word_1_675' title='bbox 1660 1959 1821 1986; x_wconf 64' lang='lat' dir='ltr'><strong>elocutionis</strong></span> 
     </span>
    </p>
   </div>
   <div class='ocr_carea' id='block_1_99' title="bbox 1031 2004 1820 2039">
    <p class='ocr_par' dir='ltr' id='par_1_99' title="bbox 1031 2004 1820 2039">
     <span class='ocr_line' id='line_1_99' title="bbox 1031 2004 1820 2039; baseline 0 -9"><span class='ocrx_word' id='word_1_676' title='bbox 1031 2004 1151 2031; x_wconf 86' lang='lat' dir='ltr'><strong>claritas.</strong></span> <span class='ocrx_word' id='word_1_677' title='bbox 1164 2005 1277 2031; x_wconf 89' lang='lat' dir='ltr'><strong>Interim</strong></span> <span class='ocrx_word' id='word_1_678' title='bbox 1288 2012 1342 2031; x_wconf 89' lang='lat' dir='ltr'><strong>non</strong></span> <span class='ocrx_word' id='word_1_679' title='bbox 1353 2004 1496 2031; x_wconf 88' lang='lat' dir='ltr'><strong>desinebat</strong></span> <span class='ocrx_word' id='word_1_680' title='bbox 1507 2004 1624 2039; x_wconf 75' lang='lat' dir='ltr'><strong>synodos</strong></span> <span class='ocrx_word' id='word_1_681' title='bbox 1635 2004 1820 2039; x_wconf 77' lang='lat' dir='ltr'><strong>frequentare,</strong></span> 
     </span>
    </p>
   </div>
   <div class='ocr_carea' id='block_1_100' title="bbox 1031 2050 1820 2085">
    <p class='ocr_par' dir='ltr' id='par_1_100' title="bbox 1031 2050 1820 2085">
     <span class='ocr_line' id='line_1_100' title="bbox 1031 2050 1820 2085; baseline 0 -9"><span class='ocrx_word' id='word_1_682' title='bbox 1031 2058 1083 2084; x_wconf 88' lang='lat' dir='ltr'><strong>qua</strong></span> <span class='ocrx_word' id='word_1_683' title='bbox 1095 2055 1170 2084; x_wconf 88' lang='lat' dir='ltr'><strong>parte</strong></span> <span class='ocrx_word' id='word_1_684' title='bbox 1182 2055 1283 2084; x_wconf 83' lang='lat' dir='ltr'><strong>posset.</strong></span> <span class='ocrx_word' id='word_1_685' title='bbox 1294 2054 1374 2084; x_wconf 87' lang='lat' dir='ltr'><strong>atque</strong></span> <span class='ocrx_word' id='word_1_686' title='bbox 1386 2050 1466 2077; x_wconf 87' lang='lat' dir='ltr'><strong>etiam</strong></span> <span class='ocrx_word' id='word_1_687' title='bbox 1481 2050 1595 2076; x_wconf 83' lang='lat' dir='ltr'><strong>consilio</strong></span> <span class='ocrx_word' id='word_1_688' title='bbox 1604 2058 1694 2085; x_wconf 79' lang='lat' dir='ltr'><strong>agere,</strong></span> <span class='ocrx_word' id='word_1_689' title='bbox 1707 2054 1820 2076; x_wconf 84' lang='lat' dir='ltr'><strong>utsuaut</strong></span> 
     </span>
    </p>
   </div>
   <div class='ocr_carea' id='block_1_101' title="bbox 1032 2095 1820 2130">
    <p class='ocr_par' dir='ltr' id='par_1_101' title="bbox 1032 2095 1820 2130">
     <span class='ocr_line' id='line_1_101' title="bbox 1032 2095 1820 2130; baseline -0.001 -8"><span class='ocrx_word' id='word_1_690' title='bbox 1032 2095 1059 2122; x_wconf 94' lang='lat' dir='ltr'><strong>in</strong></span> <span class='ocrx_word' id='word_1_691' title='bbox 1072 2097 1235 2122; x_wconf 86' lang='lat' dir='ltr'><strong>sententiam</strong></span> <span class='ocrx_word' id='word_1_692' title='bbox 1254 2095 1414 2126; x_wconf 86' lang='lat' dir='ltr'><strong>adduceret,</strong></span> <span class='ocrx_word' id='word_1_693' title='bbox 1429 2103 1500 2130; x_wconf 89' lang='lat' dir='ltr'><strong>qttos</strong></span> <span class='ocrx_word' id='word_1_694' title='bbox 1514 2095 1634 2127; x_wconf 80' lang='lat' dir='ltr'><strong>valeret;</strong></span> <span class='ocrx_word' id='word_1_695' title='bbox 1653 2095 1700 2123; x_wconf 83' lang='lat' dir='ltr'><strong>sed</strong></span> <span class='ocrx_word' id='word_1_696' title='bbox 1718 2095 1751 2122; x_wconf 87' lang='lat' dir='ltr'><strong>iis</strong></span> <span class='ocrx_word' id='word_1_697' title='bbox 1763 2104 1820 2122; x_wconf 86' lang='lat' dir='ltr'><strong>Ina-</strong></span> 
     </span>
    </p>
   </div>
   <div class='ocr_carea' id='block_1_102' title="bbox 1031 2140 1823 2180">
    <p class='ocr_par' dir='ltr' id='par_1_102' title="bbox 1031 2140 1823 2180">
     <span class='ocr_line' id='line_1_102' title="bbox 1031 2140 1823 2180; baseline 0.003 -14"><span class='ocrx_word' id='word_1_698' title='bbox 1031 2140 1102 2167; x_wconf 82' lang='lat' dir='ltr'><strong>xime</strong></span> <span class='ocrx_word' id='word_1_699' title='bbox 1126 2140 1305 2168; x_wconf 88' lang='lat' dir='ltr'><strong>conciliandis</strong></span> <span class='ocrx_word' id='word_1_700' title='bbox 1329 2140 1468 2180; x_wconf 77' lang='lat' dir='ltr'><strong>studebat,</strong></span> <span class='ocrx_word' id='word_1_701' title='bbox 1494 2140 1540 2174; x_wconf 91' lang='lat' dir='ltr'><strong>qui</strong></span> <span class='ocrx_word' id='word_1_702' title='bbox 1554 2141 1656 2176; x_wconf 87' lang='lat' dir='ltr'><strong>majore</strong></span> <span class='ocrx_word' id='word_1_703' title='bbox 1670 2141 1823 2168; x_wconf 60' lang='lat' dir='ltr'><strong>sanctitatis</strong></span> 
     </span>
    </p>
   </div>
   <div class='ocr_carea' id='block_1_103' title="bbox 1359 2185 1822 2222">
    <p class='ocr_par' dir='ltr' id='par_1_103' title="bbox 1359 2185 1822 2222">
     <span class='ocr_line' id='line_1_103' title="bbox 1359 2185 1822 2222; baseline 0.004 -10"><span class='ocrx_word' id='word_1_704' title='bbox 1359 2195 1365 2212; x_wconf 90' lang='lat'><strong>:</strong></span> <span class='ocrx_word' id='word_1_705' title='bbox 1388 2195 1474 2220; x_wconf 90' lang='lat' dir='ltr'><strong>quare</strong></span> <span class='ocrx_word' id='word_1_706' title='bbox 1495 2190 1523 2213; x_wconf 88' lang='lat' dir='ltr'><strong>et</strong></span> <span class='ocrx_word' id='word_1_707' title='bbox 1536 2185 1664 2221; x_wconf 82' lang='lat' dir='ltr'><strong>frequens</strong></span> <span class='ocrx_word' id='word_1_708' title='bbox 1678 2191 1737 2214; x_wconf 91' lang='lat' dir='ltr'><strong>erat</strong></span> <span class='ocrx_word' id='word_1_709' title='bbox 1751 2187 1822 2222; x_wconf 70' lang='lat' dir='ltr'><strong>apud</strong></span> 
     </span>
    </p>
   </div>
   <div class='ocr_carea' id='block_1_104' title="bbox 1033 2232 1822 2266">
    <p class='ocr_par' dir='ltr' id='par_1_104' title="bbox 1033 2232 1822 2266">
     <span class='ocr_line' id='line_1_104' title="bbox 1033 2232 1822 2266; baseline 0.001 -8"><span class='ocrx_word' id='word_1_710' title='bbox 1033 2232 1122 2266; x_wconf 89' lang='lat' dir='ltr'><strong>ipsos,</strong></span> <span class='ocrx_word' id='word_1_711' title='bbox 1147 2236 1175 2259; x_wconf 89' lang='lat' dir='ltr'><strong>et</strong></span> <span class='ocrx_word' id='word_1_712' title='bbox 1197 2232 1343 2266; x_wconf 82' lang='lat' dir='ltr'><strong>asperioris</strong></span> <span class='ocrx_word' id='word_1_713' title='bbox 1365 2232 1428 2258; x_wconf 72' lang='lat' dir='ltr'><strong>vitae</strong></span> <span class='ocrx_word' id='word_1_714' title='bbox 1456 2232 1648 2260; x_wconf 87' lang='lat' dir='ltr'><strong>communione</strong></span> <span class='ocrx_word' id='word_1_715' title='bbox 1670 2237 1822 2260; x_wconf 76' lang='lat' dir='ltr'><strong>ascetarunt</strong></span> 
     </span>
    </p>
   </div>
   <div class='ocr_carea' id='block_1_105' title="bbox 1035 2277 1753 2313">
    <p class='ocr_par' dir='ltr' id='par_1_105' title="bbox 1035 2277 1753 2313">
     <span class='ocr_line' id='line_1_105' title="bbox 1035 2277 1753 2313; baseline 0.003 -10"><span class='ocrx_word' id='word_1_716' title='bbox 1035 2277 1150 2308; x_wconf 87' lang='lat' dir='ltr'><strong>animos,</strong></span> <span class='ocrx_word' id='word_1_717' title='bbox 1166 2277 1349 2311; x_wconf 87' lang='lat' dir='ltr'><strong>simpliciores</strong></span> <span class='ocrx_word' id='word_1_718' title='bbox 1361 2286 1442 2312; x_wconf 88' lang='lat' dir='ltr'><strong>quam</strong></span> <span class='ocrx_word' id='word_1_719' title='bbox 1457 2278 1605 2307; x_wconf 85' lang='lat' dir='ltr'><strong>doctiores.</strong></span> <span class='ocrx_word' id='word_1_720' title='bbox 1619 2279 1753 2313; x_wconf 87' lang='lat' dir='ltr'><strong>captabat.</strong></span> 
     </span>
    </p>
   </div>
   <div class='ocr_carea' id='block_1_106' title="bbox 1071 2321 1822 2356">
    <p class='ocr_par' dir='ltr' id='par_1_106' title="bbox 1071 2321 1822 2356">
     <span class='ocr_line' id='line_1_106' title="bbox 1071 2321 1822 2356; baseline 0.001 -9"><span class='ocrx_word' id='word_1_721' title='bbox 1071 2321 1141 2354; x_wconf 87' lang='lat' dir='ltr'><strong>Quin</strong></span> <span class='ocrx_word' id='word_1_722' title='bbox 1162 2321 1244 2348; x_wconf 88' lang='lat' dir='ltr'><strong>etiam</strong></span> <span class='ocrx_word' id='word_1_723' title='bbox 1271 2321 1341 2348; x_wconf 89' lang='lat' dir='ltr'><strong>bona</strong></span> <span class='ocrx_word' id='word_1_724' title='bbox 1361 2322 1490 2349; x_wconf 69' lang='lat' dir='ltr'><strong>Ecclesiae</strong></span> <span class='ocrx_word' id='word_1_725' title='bbox 1517 2322 1544 2348; x_wconf 91' lang='lat' dir='ltr'><strong>in</strong></span> <span class='ocrx_word' id='word_1_726' title='bbox 1563 2330 1646 2356; x_wconf 89' lang='lat' dir='ltr'><strong>opera</strong></span> <span class='ocrx_word' id='word_1_727' title='bbox 1659 2323 1766 2356; x_wconf 87' lang='lat' dir='ltr'><strong>publica</strong></span> <span class='ocrx_word' id='word_1_728' title='bbox 1783 2323 1822 2349; x_wconf 91' lang='lat' dir='ltr'><strong>ci-</strong></span> 
     </span>
    </p>
   </div>
   <div class='ocr_carea' id='block_1_107' title="bbox 1035 2366 1823 2399">
    <p class='ocr_par' dir='ltr' id='par_1_107' title="bbox 1035 2366 1823 2399">
     <span class='ocr_line' id='line_1_107' title="bbox 1035 2366 1823 2399; baseline 0.003 -7"><span class='ocrx_word' id='word_1_729' title='bbox 1035 2366 1112 2393; x_wconf 88' lang='lat' dir='ltr'><strong>vitati</strong></span> <span class='ocrx_word' id='word_1_730' title='bbox 1124 2375 1180 2394; x_wconf 70' lang='lat' dir='ltr'><strong>suae</strong></span> <span class='ocrx_word' id='word_1_731' title='bbox 1189 2368 1345 2394; x_wconf 85' lang='lat' dir='ltr'><strong>necessaria</strong></span> <span class='ocrx_word' id='word_1_732' title='bbox 1356 2368 1472 2394; x_wconf 86' lang='lat' dir='ltr'><strong>contulit</strong></span> <span class='ocrx_word' id='word_1_733' title='bbox 1485 2376 1491 2393; x_wconf 87' lang='lat'>:</span> <span class='ocrx_word' id='word_1_734' title='bbox 1505 2375 1577 2399; x_wconf 86' lang='lat' dir='ltr'><strong>nam,</strong></span> <span class='ocrx_word' id='word_1_735' title='bbox 1590 2375 1652 2393; x_wconf 90' lang='lat' dir='ltr'><strong>cum</strong></span> <span class='ocrx_word' id='word_1_736' title='bbox 1664 2367 1749 2394; x_wconf 78' lang='grc' dir='ltr'><strong>Νοιηο</strong></span> <span class='ocrx_word' id='word_1_737' title='bbox 1759 2375 1823 2394; x_wconf 90' lang='lat' dir='ltr'><strong>con-</strong></span> 
     </span>
    </p>
   </div>
   <div class='ocr_carea' id='block_1_108' title="bbox 1035 2412 1820 2447">
    <p class='ocr_par' dir='ltr' id='par_1_108' title="bbox 1035 2412 1820 2447">
     <span class='ocr_line' id='line_1_108' title="bbox 1035 2412 1820 2447; baseline 0 -9"><span class='ocrx_word' id='word_1_738' title='bbox 1035 2412 1088 2439; x_wconf 91' lang='lat' dir='ltr'><strong>suli</strong></span> <span class='ocrx_word' id='word_1_739' title='bbox 1105 2412 1279 2443; x_wconf 80' lang='lat' dir='ltr'><strong>scriberet”,</strong></span> <span class='ocrx_word' id='word_1_740' title='bbox 1309 2412 1446 2439; x_wconf 84' lang='lat' dir='ltr'><strong>recensuit</strong></span> <span class='ocrx_word' id='word_1_741' title='bbox 1459 2413 1589 2447; x_wconf 87' lang='lat' dir='ltr'><strong>porticus,</strong></span> <span class='ocrx_word' id='word_1_742' title='bbox 1618 2417 1716 2447; x_wconf 88' lang='lat' dir='ltr'><strong>pontes</strong></span> <span class='ocrx_word' id='word_1_743' title='bbox 1741 2412 1820 2443; x_wconf 84' lang='lat' dir='ltr'><strong>duos,</strong></span> 
     </span>
    </p>
   </div>
   <div class='ocr_carea' id='block_1_109' title="bbox 1035 2457 1822 2492">
    <p class='ocr_par' dir='ltr' id='par_1_109' title="bbox 1035 2457 1822 2492">
     <span class='ocr_line' id='line_1_109' title="bbox 1035 2457 1822 2492; baseline 0.001 -9"><span class='ocrx_word' id='word_1_744' title='bbox 1035 2457 1170 2484; x_wconf 68' lang='lat' dir='ltr'><strong>halnaaum</strong></span> <span class='ocrx_word' id='word_1_745' title='bbox 1197 2462 1225 2484; x_wconf 89' lang='lat' dir='ltr'><strong>et</strong></span> <span class='ocrx_word' id='word_1_746' title='bbox 1245 2458 1437 2492; x_wconf 61' lang='lat' dir='ltr'><strong>aquaeductum</strong></span> <span class='ocrx_word' id='word_1_747' title='bbox 1463 2467 1468 2484; x_wconf 91' lang='lat'>:</span> <span class='ocrx_word' id='word_1_748' title='bbox 1497 2466 1550 2492; x_wconf 89' lang='lat' dir='ltr'><strong>qua</strong></span> <span class='ocrx_word' id='word_1_749' title='bbox 1576 2458 1602 2485; x_wconf 93' lang='lat' dir='ltr'><strong>in</strong></span> <span class='ocrx_word' id='word_1_750' title='bbox 1625 2458 1822 2492; x_wconf 77' lang='lat' dir='ltr'><strong>magnificentia</strong></span> 
     </span>
    </p>
   </div>
   <div class='ocr_carea' id='block_1_110' title="bbox 1036 2501 1824 2537">
    <p class='ocr_par' dir='ltr' id='par_1_110' title="bbox 1036 2501 1824 2537">
     <span class='ocr_line' id='line_1_110' title="bbox 1036 2501 1824 2537; baseline 0 -9"><span class='ocrx_word' id='word_1_751' title='bbox 1036 2501 1204 2528; x_wconf 87' lang='lat' dir='ltr'><strong>desideraret</strong></span> <span class='ocrx_word' id='word_1_752' title='bbox 1216 2502 1348 2537; x_wconf 83' lang='lat' dir='ltr'><strong>quispiam</strong></span> <span class='ocrx_word' id='word_1_753' title='bbox 1361 2503 1559 2530; x_wconf 82' lang='lat' dir='ltr'><strong>xcnodocbium</strong></span> <span class='ocrx_word' id='word_1_754' title='bbox 1574 2503 1684 2537; x_wconf 90' lang='lat' dir='ltr'><strong>aliquod</strong></span> <span class='ocrx_word' id='word_1_755' title='bbox 1697 2507 1743 2530; x_wconf 87' lang='lat' dir='ltr'><strong>aut</strong></span> <span class='ocrx_word' id='word_1_756' title='bbox 1754 2503 1824 2530; x_wconf 86' lang='lat' dir='ltr'><strong>basi-</strong></span> 
     </span>
    </p>
   </div>
   <div class='ocr_carea' id='block_1_111' title="bbox 1036 2547 1823 2583">
    <p class='ocr_par' dir='ltr' id='par_1_111' title="bbox 1036 2547 1823 2583">
     <span class='ocr_line' id='line_1_111' title="bbox 1036 2547 1823 2583; baseline 0 -10"><span class='ocrx_word' id='word_1_757' title='bbox 1036 2547 1117 2573; x_wconf 90' lang='lat' dir='ltr'><strong>licam</strong></span> <span class='ocrx_word' id='word_1_758' title='bbox 1134 2547 1176 2574; x_wconf 90' lang='lat' dir='ltr'><strong>vel</strong></span> <span class='ocrx_word' id='word_1_759' title='bbox 1191 2548 1388 2575; x_wconf 86' lang='lat' dir='ltr'><strong>monasterium</strong></span> <span class='ocrx_word' id='word_1_760' title='bbox 1398 2569 1405 2579; x_wconf 84' lang='lat'><strong>,</strong></span> <span class='ocrx_word' id='word_1_761' title='bbox 1423 2553 1454 2575; x_wconf 90' lang='lat' dir='ltr'><strong>ut</strong></span> <span class='ocrx_word' id='word_1_762' title='bbox 1465 2548 1626 2575; x_wconf 70' lang='lat' dir='ltr'><strong>Christiana:</strong></span> <span class='ocrx_word' id='word_1_763' title='bbox 1640 2549 1701 2583; x_wconf 88' lang='lat' dir='ltr'><strong>plus</strong></span> <span class='ocrx_word' id='word_1_764' title='bbox 1715 2547 1823 2582; x_wconf 77' lang='lat' dir='ltr'><strong>pietatis</strong></span> 
     </span>
    </p>
   </div>
   <div class='ocr_carea' id='block_1_112' title="bbox 1036 2593 1822 2629">
    <p class='ocr_par' dir='ltr' id='par_1_112' title="bbox 1036 2593 1822 2629">
     <span class='ocr_line' id='line_1_112' title="bbox 1036 2593 1822 2629; baseline -0.001 -9"><span class='ocrx_word' id='word_1_765' title='bbox 1036 2593 1253 2628; x_wconf 82' lang='lat' dir='ltr'><strong>cpiscopalisque</strong></span> <span class='ocrx_word' id='word_1_766' title='bbox 1268 2595 1447 2629; x_wconf 68' lang='lat' dir='ltr'><strong>providentia:</strong></span> <span class='ocrx_word' id='word_1_767' title='bbox 1459 2595 1581 2621; x_wconf 81' lang='lat' dir='ltr'><strong>eluceret</strong></span> <span class='ocrx_word' id='word_1_768' title='bbox 1603 2603 1609 2619; x_wconf 85' lang='lat'><strong>:</strong></span> <span class='ocrx_word' id='word_1_769' title='bbox 1633 2594 1680 2622; x_wconf 88' lang='lat' dir='ltr'><strong>sed</strong></span> <span class='ocrx_word' id='word_1_770' title='bbox 1697 2594 1739 2621; x_wconf 87' lang='lat' dir='ltr'><strong>his</strong></span> <span class='ocrx_word' id='word_1_771' title='bbox 1753 2593 1822 2620; x_wconf 81' lang='lat' dir='ltr'><strong>forte</strong></span> 
     </span>
    </p>
   </div>
   <div class='ocr_carea' id='block_1_113' title="bbox 1037 2639 1823 2674">
    <p class='ocr_par' dir='ltr' id='par_1_113' title="bbox 1037 2639 1823 2674">
     <span class='ocr_line' id='line_1_113' title="bbox 1037 2639 1823 2674; baseline -0.001 -9"><span class='ocrx_word' id='word_1_772' title='bbox 1037 2643 1102 2665; x_wconf 88' lang='lat' dir='ltr'><strong>tunc</strong></span> <span class='ocrx_word' id='word_1_773' title='bbox 1113 2640 1245 2673; x_wconf 85' lang='lat' dir='ltr'><strong>temporis</strong></span> <span class='ocrx_word' id='word_1_774' title='bbox 1255 2647 1309 2666; x_wconf 90' lang='lat' dir='ltr'><strong>non</strong></span> <span class='ocrx_word' id='word_1_775' title='bbox 1318 2644 1377 2666; x_wconf 88' lang='lat' dir='ltr'><strong>erat</strong></span> <span class='ocrx_word' id='word_1_776' title='bbox 1385 2648 1453 2674; x_wconf 90' lang='lat' dir='ltr'><strong>opus</strong></span> <span class='ocrx_word' id='word_1_777' title='bbox 1466 2640 1539 2667; x_wconf 89' lang='lat' dir='ltr'><strong>illius</strong></span> <span class='ocrx_word' id='word_1_778' title='bbox 1550 2640 1663 2672; x_wconf 89' lang='lat' dir='ltr'><strong>civitati,</strong></span> <span class='ocrx_word' id='word_1_779' title='bbox 1677 2639 1823 2674; x_wconf 72' lang='lat' dir='ltr'><strong>provincia:</strong></span> 
     </span>
    </p>
   </div>
   <div class='ocr_carea' id='block_1_114' title="bbox 867 2718 1161 2747">
    <p class='ocr_par' dir='ltr' id='par_1_114' title="bbox 867 2718 1161 2747">
     <span class='ocr_line' id='line_1_114' title="bbox 867 2718 1161 2747; baseline 0.007 -2"><span class='ocrx_word' id='word_1_780' title='bbox 867 2718 1026 2745; x_wconf 75' lang='lat' dir='ltr'><strong>SCllULZII</strong></span> <span class='ocrx_word' id='word_1_781' title='bbox 1049 2719 1161 2747; x_wconf 65' lang='lat' dir='ltr'><strong>NOTAE.</strong></span> 
     </span>
    </p>
   </div>
   <div class='ocr_carea' id='block_1_115' title="bbox 230 2797 945 2832">
    <p class='ocr_par' dir='ltr' id='par_1_115' title="bbox 230 2797 945 2832">
     <span class='ocr_line' id='line_1_115' title="bbox 230 2797 945 2832; baseline -0.003 -7"><span class='ocrx_word' id='word_1_782' title='bbox 230 2798 252 2813; x_wconf 80' lang='lat'><strong>&quot;‘</strong></span> <span class='ocrx_word' id='word_1_783' title='bbox 263 2797 348 2828; x_wconf 84' lang='lat' dir='ltr'><strong>Nam.</strong></span> <span class='ocrx_word' id='word_1_784' title='bbox 371 2804 422 2825; x_wconf 75' lang='lat' dir='ltr'><strong>etc.</strong></span> <span class='ocrx_word' id='word_1_785' title='bbox 443 2797 502 2823; x_wconf 80' lang='lat' dir='ltr'><strong>Vid.</strong></span> <span class='ocrx_word' id='word_1_786' title='bbox 531 2797 661 2828; x_wconf 76' lang='lat' dir='ltr'><strong>Libera:.,</strong></span> <span class='ocrx_word' id='word_1_787' title='bbox 689 2805 748 2832; x_wconf 75' lang='lat' dir='ltr'><strong>cap.</strong></span> <span class='ocrx_word' id='word_1_788' title='bbox 774 2797 804 2823; x_wconf 87' lang='lat' dir='ltr'><strong>l0</strong></span> <span class='ocrx_word' id='word_1_789' title='bbox 827 2797 945 2824; x_wconf 82' lang='lat' dir='ltr'><strong>Breviar.</strong></span> 
     </span>
    </p>
   </div>
   <div class='ocr_carea' id='block_1_116' title="bbox 195 2832 723 2867">
    <p class='ocr_par' dir='ltr' id='par_1_116' title="bbox 195 2832 723 2867">
     <span class='ocr_line' id='line_1_116' title="bbox 195 2832 723 2867; baseline 0 -9"><span class='ocrx_word' id='word_1_790' title='bbox 195 2837 335 2865; x_wconf 42' lang='grc' dir='ltr'><strong>σιγμοῖς.</strong></span> <span class='ocrx_word' id='word_1_791' title='bbox 362 2833 419 2860; x_wconf 76' lang='lat' dir='ltr'><strong>Vid.</strong></span> <span class='ocrx_word' id='word_1_792' title='bbox 448 2837 466 2859; x_wconf 89' lang='lat' dir='ltr'><strong>t.</strong></span> <span class='ocrx_word' id='word_1_793' title='bbox 488 2832 531 2863; x_wconf 82' lang='lat' dir='ltr'><strong>IV,</strong></span> <span class='ocrx_word' id='word_1_794' title='bbox 557 2832 636 2867; x_wconf 77' lang='lat' dir='ltr'><strong>epist.</strong></span> <span class='ocrx_word' id='word_1_795' title='bbox 665 2833 723 2859; x_wconf 80' lang='grc'><strong>179.</strong></span> 
     </span>
    </p>
   </div>
   <div class='ocr_carea' id='block_1_117' title="bbox 984 2796 1670 2831">
    <p class='ocr_par' dir='ltr' id='par_1_117' title="bbox 984 2796 1670 2831">
     <span class='ocr_line' id='line_1_117' title="bbox 984 2796 1670 2831; baseline -0.004 -6"><span class='ocrx_word' id='word_1_796' title='bbox 984 2798 1005 2812; x_wconf 59' lang='grc' dir='ltr'><strong><em>⁸η</em></strong></span> <span class='ocrx_word' id='word_1_797' title='bbox 1037 2798 1114 2830; x_wconf 81' lang='lat' dir='ltr'><strong>Quid.</strong></span> <span class='ocrx_word' id='word_1_798' title='bbox 1140 2801 1191 2824; x_wconf 82' lang='lat' dir='ltr'><strong>etc.</strong></span> <span class='ocrx_word' id='word_1_799' title='bbox 1216 2797 1274 2823; x_wconf 77' lang='lat' dir='ltr'><strong>Vid.</strong></span> <span class='ocrx_word' id='word_1_800' title='bbox 1295 2796 1358 2823; x_wconf 64' lang='lat' dir='ltr'><strong>Acta</strong></span> <span class='ocrx_word' id='word_1_801' title='bbox 1378 2796 1472 2831; x_wconf 75' lang='lat' dir='ltr'><strong>synodi</strong></span> <span class='ocrx_word' id='word_1_802' title='bbox 1491 2805 1516 2827; x_wconf 90' lang='lat' dir='ltr'><strong>v,</strong></span> <span class='ocrx_word' id='word_1_803' title='bbox 1535 2796 1614 2823; x_wconf 79' lang='lat' dir='ltr'><strong>eollat</strong></span> <span class='ocrx_word' id='word_1_804' title='bbox 1645 2796 1670 2822; x_wconf 63' lang='lat' dir='ltr'><strong>.l.</strong></span> 
     </span>
    </p>
   </div>
   <div class='ocr_carea' id='block_1_118' title="bbox 780 2832 1320 2867">
    <p class='ocr_par' dir='ltr' id='par_1_118' title="bbox 780 2832 1320 2867">
     <span class='ocr_line' id='line_1_118' title="bbox 780 2832 1320 2867; baseline -0.002 -9"><span class='ocrx_word' id='word_1_805' title='bbox 780 2833 799 2847; x_wconf 90' lang='grc'><strong>⁷¹</strong></span> <span class='ocrx_word' id='word_1_806' title='bbox 813 2832 876 2858; x_wconf 82' lang='lat' dir='ltr'><strong>Cum</strong></span> <span class='ocrx_word' id='word_1_807' title='bbox 887 2833 1062 2861; x_wconf 70' lang='lat' dir='ltr'><strong>—-srriherrt.</strong></span> <span class='ocrx_word' id='word_1_808' title='bbox 1084 2833 1162 2862; x_wconf 85' lang='lat' dir='ltr'><strong>lbid.,</strong></span> <span class='ocrx_word' id='word_1_809' title='bbox 1179 2834 1259 2867; x_wconf 79' lang='lat' dir='ltr'><strong>epist.</strong></span> <span class='ocrx_word' id='word_1_810' title='bbox 1278 2832 1320 2857; x_wconf 67' lang='lat'><strong>8|.</strong></span> 
     </span>
    </p>
   </div>
   <div class='ocr_carea' id='block_1_119' title="bbox 1723 2795 1822 2823">
    <p class='ocr_par' dir='ltr' id='par_1_119' title="bbox 1723 2795 1822 2823">
     <span class='ocr_line' id='line_1_119' title="bbox 1723 2795 1822 2823; baseline 0 -1"><span class='ocrx_word' id='word_1_811' title='bbox 1723 2795 1746 2810; x_wconf 84' lang='lat'><strong>&quot;&#39;</strong></span> <span class='ocrx_word' id='word_1_812' title='bbox 1771 2795 1822 2823; x_wconf 65' lang='grc' dir='ltr'><em>ιλιι</em></span> 
     </span>
    </p>
   </div>
  </div>
