1969 3052
159 151 210 183 125

750 155 932 185 HISTORIA
951 155 1206 186 THEODORETI.

1737 151 1786 183 1‘26

155 207 249 242 capiti.
281 207 383 234 Deinde
410 208 542 236 conduxit
566 209 702 236 medicum
716 230 723 242 ,
754 217 809 245 quo
834 210 947 237 carebat
962 212 984 239 Α
998 211 1109 239 Litterae
1122 212 1195 239 enim
1207 211 1294 239 Procli
1320 211 1478 237 referuntur
1499 210 1526 236 in
1541 209 1658 236 concilio
1671 208 1786 240 Chalce-

154 253 284 288 Cyriilus,
301 258 330 280 et
346 253 488 280 basilicam
503 255 634 288 apostolis
647 255 736 282 erexit
748 261 842 290 postea
855 264 861 282 :
873 255 947 290 quod

156 299 184 325 in
197 299 287 333 elogia
298 298 423 326 Jacobi"
439 303 466 326 et
479 300 603 334 epistolis
610 301 633 316 ⁷³
652 301 785 335 scriptum
798 302 920 336 reliquit.

191 344 247 370 VII.
267 344 390 371 Meminit
408 344 543 372 Baronins
565 345 599 372 ad
615 354 718 374 annum
733 347 946 382 quadringente-

155 388 256 415 simum
273 389 443 416 tricesimum
458 397 561 417 nonum
577 391 667 425 magni
681 392 824 426 cujusdam
837 392 946 419 cencilii

155 441 172 460 a
198 434 297 461 Proclo
323 435 351 461 in
380 435 449 462 urbe
474 436 549 470 regia
570 437 669 469 coacti,
694 437 728 464 de
743 445 797 472 quo
809 438 946 472 inquirere

154 486 247 513 opera:
261 480 379 514 pretium
391 485 444 512 est,
457 481 586 515 quoniam
595 483 681 509 sancti
689 482 782 518 Cyrilli
794 491 838 510 res
846 484 945 517 agitur,

154 528 180 550 et
206 524 259 551 odii
285 533 300 551 a
318 524 448 552 Dioscoro
465 526 543 560 172
561 525 589 553 in
605 526 809 554 Theodoretum
821 528 945 562 concepti

155 569 217 596 fons
240 569 342 604 aperiri
364 570 474 598 dicitur.
510 570 614 598 Scribit
636 571 719 606 igitur
746 572 947 600 illustrissimus

154 615 305 642 cardinalis
324 624 331 642 :
351 616 375 642 I.
389 616 518 643 Proclum
540 616 573 643 ad
585 617 732 643 concilium
745 625 873 644 evocasse
891 625 945 644 non

154 661 325 688 mediocrem
338 662 530 696 episcoporum
541 663 756 694 multitudinem,
770 667 800 690 ut
810 671 865 690 sum
874 663 946 690 sedis

153 707 280 742 dignitati
295 709 463 735 consuleret.
491 708 518 735 2.
538 709 566 735 1η
583 716 615 735 eo
632 713 723 736 actum
736 709 867 736 adversus
882 709 945 736 Ale-

153 752 297 780 xandrina:
309 753 438 780 Ecclesize
450 754 615 786 molitiones,
631 754 708 788 quasi
726 755 809 781 totius
821 754 946 781 Orienta-

153 797 188 825 iis
200 798 328 826 Ecclesiae
344 799 491 833 primatum
505 799 624 834 Cyrillus
636 800 763 826 ambiret.
794 800 821 826 5.
836 801 916 827 Datas
930 808 944 828 a

153 843 273 871 concilio
282 844 388 872 litteras
398 845 432 871 ad
442 845 657 872 Alexandrinum
669 846 829 877 antistitem,
844 846 945 880 quibus

156 893 318 916 moneretur
346 897 482 918 canonum
505 891 604 925 prioris
618 891 762 926 utriusque
775 891 884 918 concilii
898 900 944 926 ge—
964 887 983 915 It

154 935 259 962 ueralis
283 935 385 962 Niczeni
414 939 443 962 et
457 935 754 971 Constantinopolitani
777 946 782 962 :
804 941 831 963 et
844 937 946 964 Nica-ni

154 980 278 1016 quidem,
295 981 352 1007 suis
369 981 491 1016 singulas
505 981 640 1009 dioeceses
657 982 791 1009 limitibus
805 987 947 1010 conteittas

153 1033 215 1053 esse
228 1026 425 1060 praecipientis;
454 1027 748 1062 Constantinopolitani
773 1036 848 1060 vero,
877 1037 948 1063 prie-

153 1071 242 1097 sulem
258 1079 336 1098 nova:
348 1071 441 1098 Romae
455 1072 607 1099 secundum
622 1081 636 1099 a
648 1073 749 1100 veteris
760 1073 881 1101 antistite
896 1082 946 1109 po-

152 1116 256 1143 nentis.
288 1117 314 1143 4.
337 1117 456 1144 Litteras
481 1118 515 1144 ab
529 1117 709 1146 Antiochcnis
726 1124 849 1154 receptas
862 1119 946 1147 fuisse

152 1166 180 1188 et
200 1162 359 1189 assensione
373 1162 557 1189 confirmatas.
589 1164 615 1190 5.
632 1163 804 1196 Dioscorum,
822 1164 868 1198 qui
882 1168 947 1191 tunc

152 1207 343 1235 Alexandrinae
366 1208 532 1236 Ecclesiaein
558 1209 627 1236 urbe
649 1209 724 1245 regia
745 1210 947 1244 apocrisiarius

151 1257 236 1284 esset.
268 1253 373 1289 magnis
393 1254 501 1282 viribus
524 1254 682 1287 obstitisse;
712 1256 770 1287 sed,
795 1264 859 1282 cum
876 1256 945 1283 nihil

150 1298 313 1333 proﬁceret,
347 1299 375 1326 in
403 1300 605 1333 Antiochenos,
633 1309 750 1335 quorum
777 1302 944 1329 incentorem

151 1344 284 1372 credebat
296 1345 512 1377 Theodoretum,
527 1346 651 1374 dolorem
667 1347 750 1374 animi
764 1348 944 1380 convertisse,

149 1398 254 1424 eosque
270 1391 437 1425 proditionis
454 1391 480 1418 in
495 1400 571 1419 suam
585 1400 617 1419 ac
629 1392 839 1420 Alexandrinam
853 1394 946 1421 Eccle-

151 1443 220 1462 sram
237 1444 395 1464 accusasse.

186 1481 287 1508 Verum
305 1486 335 1508 ut
351 1482 496 1515 Baronius,
526 1483 700 1511 auctoritatis
719 1492 775 1511 suae,
795 1489 943 1514 momento.

151 1527 274 1562 potuerit
285 1528 393 1554 Binium
407 1533 578 1564 ceterosque
590 1529 771 1556 conciliorum
783 1530 944 1557 collectores

149 1581 178 1600 III
190 1581 268 1600 suam
282 1574 445 1601 sententiam
463 1575 616 1607 adducere;
644 1583 703 1602 eam
721 1579 810 1602 tamen
827 1576 944 1603 curiosis

150 1619 190 1646 rei
205 1619 422 1654 indagatoribus,
438 1620 482 1646 vix
495 1628 527 1648 ac
541 1628 575 1647 ne
588 1621 633 1647 vix
641 1620 752 1655 quidem
765 1621 941 1655 persuaserit.

149 1663 218 1692 Nam
233 1664 400 1692 Theodoreti
414 1665 531 1700 epistola
543 1665 586 1697 86,
610 1673 662 1700 qua
675 1673 728 1692 una
740 1666 837 1697 utitur,
857 1665 883 1692 id
898 1674 943 1693 rc-

149 1710 209 1745 ipsa
226 1718 281 1737 non
292 1710 426 1743 continet,
441 1711 514 1745 quod
529 1711 662 1738 cardinali
678 1711 768 1738 visum
781 1716 837 1744 est;
854 1719 943 1746 neque

150 1756 224 1783 ullus
245 1756 364 1791 scriptor
384 1757 451 1784 tanti
467 1757 570 1792 negotii
586 1757 731 1784 meminit:
745 1765 834 1792 neque
848 1757 942 1793 Cyl-illi

150 1802 286 1829 modestia
314 1806 368 1829 tam
390 1802 568 1829 ambitiosum
583 1803 729 1830 consilium
746 1802 818 1830 ferre
835 1804 941 1838 potuit;

148 1855 241 1882 neque
256 1848 413 1875 Christiana
428 1848 549 1876 Charitas
565 1848 740 1876 sanctissimo
754 1849 864 1876 vinculo
879 1857 942 1876 san-

149 1893 289 1921 ctissimos
302 1895 433 1937 prtesules
448 1895 576 1922 Proclum
587 1899 615 1923 et
626 1895 758 1930 Cyrillum
771 1896 941 1928 devinciens,

149 1943 205 1965 tam
228 1939 388 1975 injuriosam
410 1941 575 1968 sententiam
597 1941 690 1968 dicere
713 1942 820 1974 valuit;
852 1949 942 1976 neque

148 1983 262 2011 tandem
277 1985 331 2012 ulla
344 1993 404 2013 sese
420 1993 451 2013 ea
465 1991 626 2021 tempestate
639 1986 754 2014 dederat
768 1987 876 2014 occasio
889 1984 943 2015 hoc

149 2030 185 2057 de
196 2030 258 2065 jure
274 2032 437 2066 praesidendi
449 2033 575 2060 conciliis
588 2033 737 2061 Orientalis
747 2034 876 2061 Ecclesia:
887 2034 944 2062 dis-

150 2076 279 2110 ceptandi
295 2086 300 2104 :
317 2085 378 2112 qua:
392 2078 443 2105 tria
458 2079 611 2113 posteriora
627 2087 689 2106 cum
704 2083 778 2107 certa
791 2080 871 2111 sint,‘
884 2081 942 2115 pri-

150 2128 226 2148 mum
242 2130 297 2149 non
312 2131 410 2158 magno
421 2124 532 2159 negotio
548 2124 577 2151 in
591 2125 752 2152 recensione
766 2125 888 2160 epistola.-
898 2125 941 2157 86,

149 2167 321 2195 conficiatur.
339 2178 348 2194 ‹
360 2169 444 2201 Scito,
457 2169 578 2202 domine,
591 2170 661 2197 hanc
671 2170 747 2197 illum
761 2171 941 2205 (Dioscorum)

150 2212 284 2240 adversus
301 2222 351 2242 nos
366 2215 622 2250 pusillanimitatem
640 2224 745 2251 gerere.
763 2224 797 2244 ex
811 2224 865 2252 quo
878 2225 943 2252 syn—

150 2257 240 2286 odicis
248 2260 348 2288 vestris
365 2261 415 2288 sub
429 2261 665 2289 beattememoria:
677 2262 774 2289 Proclo
787 2262 867 2289 factis
880 2270 943 2289 san-

151 2309 260 2332 ctorum
280 2305 391 2333 Patrum
409 2307 512 2341 regulis
526 2307 693 2335 inhaerentes
706 2308 873 2334 assensiinus
890 2317 896 2334 :
913 2316 945 2336 ac

153 2351 187 2378 de
200 2351 253 2378 hoc
266 2359 316 2378 nos
327 2353 413 2379 semel
429 2357 510 2388 atque
523 2353 624 2381 iterum
639 2354 807 2388 increpasse,
825 2354 903 2388 quasi
917 2358 945 2381 et

152 2396 399 2430 Antiochenorum,
413 2402 443 2425 ut
456 2398 503 2431 ait,
516 2401 544 2425 et
553 2397 800 2426 Alexandrinorum
812 2399 873 2433 jura
883 2406 945 2433 pro-

152 2441 314 2469 diderimus.
330 2452 339 2468 ›

188 2486 262 2520 Quas
273 2495 339 2516 vero
362 2488 554 2517 Theodorctus
567 2489 712 2524 synodicas
727 2489 779 2516 sub
790 2490 888 2517 Proclo
902 2490 943 2517 Γει-

154 2539 212 2560 etas
225 2533 473 2570 Constantinopoli,
498 2539 526 2563 et
539 2535 573 2563 ab
586 2535 767 2562 Antiochenis
780 2536 944 2570 approbatas

154 2584 306 2612 memorat,
336 2587 392 2607 non
411 2580 488 2613 alias,
510 2581 618 2615 opinor,
641 2588 723 2615 quam
746 2589 807 2616 quae
820 2581 847 2607 in
861 2589 942 2609 causa

153 2624 295 2652 Athanasii
320 2626 522 2654 Perrhenorum
536 2626 659 2662 episcopi
684 2626 815 2654 confectae
830 2631 894 2654 sunt
915 2627 942 2654 in

153 2671 281 2702 concilio,
296 2671 370 2698 unde
382 2673 495 2700 Proclus
507 2672 540 2699 ad
551 2671 687 2699 Domnum
697 2679 729 2699 ea
740 2672 774 2699 de
785 2679 814 2699 re
823 2672 942 2707 scripsit.

1000 255 1116 283 donensi
1135 256 1187 283 hoc
1207 255 1287 282 titulo
1311 263 1317 282 :
1347 254 1525 290 ’Λντῐγραφον
1541 253 1682 279 συνοδικοῦ
1696 253 1787 288 γράμ-

1002 309 1095 335 ματος.
1124 301 1169 336 Τῷ
1189 301 1339 336 ὀσιωτάτῳ,
1365 299 1412 326 καὶ
1429 299 1639 334 θεοφιλεστάτῳ,
1664 299 1710 324 καὶ
1725 297 1788 324 συλ-

999 346 1149 381 λειτῡυργῷ
1163 347 1257 381 Δὸμνῳ
1271 345 1391 380 Πρόκλος
1405 346 1433 371 ὲν
1450 344 1546 379 Κυρίῳ
1557 344 1706 378 χαίρειν⁷“.

1036 393 1128 419 Potest
1144 396 1234 419 tamen
1257 391 1376 418 suboriri
1392 390 1522 418 nonnulla
1536 391 1661 424 quaestio.
1685 388 1786 422 Quam-

999 438 1105 469 obrem,
1118 438 1141 464 si
1153 445 1196 464 res
1208 437 1244 464 ita
1255 444 1284 464 se
1294 436 1401 467 habuit,
1415 441 1445 463 ut
1457 436 1585 467 diximus.
1597 434 1788 462 Theoderetus

1000 481 1142 517 scripserit
1167 481 1354 509 Antiochenos
1380 480 1458 515 173
1481 486 1622 506 assensum
1637 476 1787 512 praebuisse

1000 527 1088 554 Procli
1104 525 1261 561 synodicis?
1284 526 1339 556 τοῖς
1354 524 1407 550 τῶν
1426 524 1511 558 ἁγίων
1526 523 1657 557 Πατέρων
1676 521 1787 547 κανόσιν

999 572 1244 607 ἀκολουθήσαντας.
1258 571 1313 598 Cur
1324 570 1435 598 eosdem
1447 569 1633 596 Antiochenos
1640 568 1788 594 Dioscorus

999 619 1115 653 proditae
1126 625 1182 644 suae
1203 625 1235 644 ac
1248 616 1438 643 Alexandrinae
1451 615 1578 642 Ecclesiae
1596 621 1657 640 reos
1671 613 1766 640 fecerit
1778 621 1785 638 :

999 669 1027 691 et
1040 672 1095 698 quo
1111 664 1138 690 in
1152 663 1238 698 gradu
1257 667 1321 689 tunc
1336 661 1468 696 temporis
1489 660 1637 687 Dioscortis
1651 659 1787 686 constitu-

1000 714 1044 736 tus
1059 709 1146 736 esset?
1161 709 1272 739 Verum,
1289 712 1318 734 ut
1333 715 1348 734 a
1364 712 1502 742 postremo
1514 705 1617 736 erdiar,
1629 705 1786 736 Dioscorus,

999 763 1061 782 cuin
1080 755 1259 781 Antiochenis
1283 753 1389 780 crimen
1401 752 1566 787 proditionis
1577 752 1723 786 olijiceret,
1744 758 1787 777 re-

999 809 1064 828 cens
1079 805 1250 828 successerat
1272 800 1297 826 in
1314 798 1408 834 Cyrilli
1423 799 1513 826 locum
1528 818 1534 830 ,
1558 798 1602 824 die
1617 796 1652 823 28
1668 795 1788 824 Ianuarii

999 855 1071 875 anno
1080 847 1133 874 4M
1146 847 1278 873 defuncti.
1292 845 1398 880 Objecit
1409 852 1486 876 vero,
1497 844 1561 879 quia
1574 843 1712 879 synodieis
1723 842 1788 869 Pro—

999 892 1032 920 cli
1049 892 1150 918 litteris
1171 892 1293 918 Domnus
1306 891 1463 917 admonitus
1477 889 1653 923 dijudicalam
1666 887 1787 914 Athana-

999 937 1031 964 sii
1043 936 1203 963 Perrhensis
1215 943 1324 962 causam
1337 932 1526 969 recognoverit
1540 942 1545 958 :
1556 939 1610 967 quo
1620 932 1692 958 facto
1700 930 1787 958 videri

998 981 1088 1017 potuit
1108 981 1255 1016 primatum
1281 981 1380 1007 Proclo
1402 979 1553 1007 concedere
1566 999 1573 1010 ,
1603 976 1739 1012 siquidem
1758 982 1788 1004 ut

997 1028 1112 1063 privatis
1125 1027 1226 1054 litteris
1236 1034 1350 1053 monere
1364 1026 1398 1053 de
1410 1025 1498 1053 olIicio
1510 1024 1591 1052 amici
1603 1028 1655 1055 est,
1674 1024 1710 1050 ita
1723 1031 1786 1058 syn-

997 1074 1095 1105 odicis,
1105 1073 1266 1108 superioris.
1281 1073 1339 1100 Jam
1352 1080 1427 1104 vero,
1440 1079 1502 1099 cum
1514 1070 1698 1098 Alexandrina
1709 1070 1787 1097 sedes

997 1118 1116 1146 secunda
1128 1118 1212 1144 fuerit
1224 1122 1286 1152 post
1297 1117 1457 1149 Romanam,
1471 1116 1642 1143 Antiochena
1655 1119 1716 1150 post
1726 1115 1787 1141 Ale-

997 1163 1157 1190 xandrinam
1180 1163 1271 1194 tertia,
1298 1162 1380 1197 idque
1395 1166 1533 1189 servatum
1549 1160 1631 1188 fuerit
1651 1161 1706 1195 jam
1723 1160 1786 1187 inde

997 1217 1012 1236 a
1026 1208 1123 1244 primis
1137 1208 1267 1235 Ecclesiae
1280 1207 1450 1242 temporibus
1463 1214 1470 1233 :
1483 1205 1785 1240 Constantinopoiilana

997 1261 1094 1281 recens
1115 1253 1279 1285 constituta,
1302 1253 1325 1280 si
1340 1253 1491 1280 secundum
1504 1253 1595 1279 locum
1610 1255 1711 1282 teneat,
1725 1251 1785 1285 jus-

996 1306 1049 1333 que
1073 1298 1160 1332 ipsius
1185 1298 1237 1325 liac
1259 1299 1285 1325 in
1308 1303 1384 1332 parte
1406 1303 1587 1333 agnoscatur;
1616 1304 1728 1323 necesse
1745 1299 1786 1322 est

997 1349 1143 1380 utramque
1158 1344 1239 1372 aliam
1251 1344 1344 1371 sedem
1359 1343 1569 1379 patriarchalem
1586 1342 1714 1377 deprimi.

1291 1399 1403 1427 CAPUT
1419 1399 1488 1427 VIII.

996 1445 1016 1473 I.
1042 1446 1142 1473 Joanni
1165 1446 1324 1473 Antiocheno
1348 1446 1461 1472 succedit
1483 1445 1610 1471 Domnus.
1641 1443 1673 1470 II.
1687 1442 1787 1478 Cyrilla

1032 1481 1213 1508 Alexandrino
1223 1481 1373 1507 Dioscorus.
1396 1480 1439 1506 111.
1452 1479 1552 1515 Cyrillo
1563 1483 1665 1515 mortuo
1674 1478 1787 1504 insultat

1032 1516 1215 1547 Tlieadorettts,
1234 1524 1284 1542 non
1297 1519 1400 1542 tantum
1413 1513 1506 1541 litteris
1517 1514 1585 1541 datis
1599 1514 1632 1540 ad
1644 1513 1785 1539 Donumm.

1031 1551 1076 1578 IV.
1098 1550 1149 1577 Sed
1163 1551 1241 1577 etiam
1255 1551 1377 1577 conciam:
1388 1550 1476 1576 habita
1488 1549 1642 1576 Antiochiet.
1671 1548 1703 1574 ν.
1718 1548 1787 1574 Eam

1034 1586 1064 1613 ob
1078 1594 1132 1612 rem
1149 1585 1218 1612 male
1233 1585 1316 1612 audit.
1346 1585 1389 1611 V'l.
1416 1584 1449 1610 Et
1463 1584 1494 1610 ab
1510 1585 1670 1617 imperatore
1680 1583 1788 1616 jnlwtur

1031 1630 1058 1647 se
1074 1621 1206 1647 continere
1220 1619 1297 1655 Cyro.
1319 1619 1471 1655 VIILPtirrt
1487 1616 1570 1655 intrita
1584 1622 1698 1652 questus.
1718 1616 1785 1643 VIII.

1033 1655 1175 1682 Eranisten
1190 1653 1331 1689 coniponit.
1359 1654 1404 1680 IX.
1419 1653 1495 1688 Aptul
1510 1653 1661 1689 Dioscorum
1677 1659 1787 1678 accusa-

1033 1695 1086 1717 tur.
1117 1689 1150 1716 Χ.
1166 1687 1261 1717 Scribit
1288 1689 1426 1721 Flaviano,
1443 1687 1496 1722 'qui
1512 1687 1603 1714 Proclo
1617 1691 1786 1722 successerint,

1033 1729 1122 1760 petens
1133 1733 1208 1760 opem
1219 1724 1342 1751 adversus
1355 1721 1518 1760 Dioscorum.
1542 1722 1585 1748 XI.
1599 1721 1687 1760 ΕῙρι-ἰι
1699 1725 1727 1746 ut
1738 1721 1787 1760 Dp-

1032 1755 1110 1786 innus
1132 1755 1246 1794 legatum
1260 1760 1346 1786 mittat
1365 1759 1606 1793 udintperatomn.
1632 1756 1728 1791 Legata
1742 1755 1789 1782 dat

1033 1795 1134 1822 litteras
1150 1794 1183 1821 art
1197 1795 1345 1829 optimates.

1199 1846 1235 1870 Ah
1247 1853 1310 1870 anno
1321 1844 1410 1870 Christi
1423 1845 1465 1869 ΗΟ
1477 1846 1506 1869 :ul
1522 1845 1572 1868 H7.

1031 1898 1051 1925 l.
1072 1898 1222 1925 inclinante
1236 1906 1308 1924 anno
1320 1897 1421 1924 Christi
1436 1895 1707 1931 quadringentesimo
1720 1903 1788 1929 qua-

997 1944 1168 1979 dragesimo,
1196 1948 1243 1970 aut
1266 1944 1358 1978 politis
1373 1943 1484 1970 ineunte
1502 1942 1548 1976 qui
1563 1942 1697 1976 sequitur,
1715 1941 1787 1968 diem

996 1993 1149 2016 extremum
1172 1989 1271 2016 clausit
1290 1989 1424 2021 Joannes,
1453 1994 1596 2023 postquam
1611 1987 1789 2014 Antiocltena:

996 2035 1126 2062 Ecclesia:
1150 2043 1237 2061 annos
1261 2035 1392 2062 tredecim
1418 2039 1489 2061 totos
1504 2034 1537 2060 ab
1560 2034 1636 2061 obitu
1650 2032 1787 2060 Theodori

997 2080 1161 2116 prefuisset.
1194 2080 1328 2106 Defuncto
1349 2079 1483 2106 successit
1504 2079 1625 2105 Domnus
1648 2086 1681 2104 ex
1695 2084 1788 2104 sorore

996 2134 1092 2161 nepos,
1113 2126 1155 2153 vir
1182 2130 1212 2152 ut.
1224 2126 1315 2153 dubia:
1329 2125 1403 2156 fidei,
1420 2125 1459 2152 sic
1471 2123 1654 2158 imprudentis
1667 2122 1786 2153 consilii,

996 2172 1134 2206 variatque
1143 2172 1270 2203 fortunte,
1279 2175 1308 2198 et
1318 2170 1434 2198 infelicis
1442 2169 1534 2197 sortis.
1544 2169 1611 2196 Nam
1622 2176 1683 2194 cum
1692 2175 1786 2203 pacem

961 2229 980 2256 ῃ
996 2217 1030 2245 ab
1045 2217 1182 2244 avunculo
1194 2217 1374 2251 compositam
1397 2223 1453 2242 non
1469 2213 1641 2242 sanctissime
1653 2215 1789 2240 servasset

996 2264 1162 2300 (incertum,
1188 2272 1236 2290 sua
1256 2267 1364 2298 sponte,
1388 2270 1421 2288 an
1442 2260 1608 2288 Theodoreti
1625 2258 1786 2291 instinctu),

995 2309 1128 2344 visusque
1141 2312 1215 2336 esset
1240 2304 1390 2335 amicitiam
1402 2306 1497 2342 Cyrilli
1510 2306 1664 2341 negligere,
1683 2304 1709 2331 in
1723 2305 1786 2331 Alc—

995 2355 1193 2382 xandrinorum
1208 2354 1387 2381 olTensionem
1401 2352 1529 2384 incurrit,
1545 2359 1599 2386 qua
1613 2350 1786 2386 p0stmoduin

996 2401 1024 2427 in
1036 2407 1162 2435 apertum
1176 2400 1269 2427 odium
1283 2399 1489 2430 exardescente,
1503 2406 1518 2424 a
1529 2396 1683 2424 latrocinali
1695 2396 1787 2423 conci-

997 2445 1035 2472 lio
1050 2445 1191 2480 Eplicsino
1206 2453 1258 2471 una
1274 2452 1336 2471 cum
1352 2443 1527 2470 'I‘lieodoreto
1544 2442 1576 2469 de
1588 2441 1652 2468 sede
1666 2441 1788 2476 dejectus

997 2495 1054 2522 est,
1072 2494 1100 2518 et
1113 2498 1232 2518 maerore
1244 2490 1386 2517 confectus
1401 2489 1516 2516 interiit.

1033 2535 1145 2563 Occulta
1168 2535 1231 2562 facti
1253 2542 1336 2562 causa
1349 2538 1405 2565 est;
1427 2539 1551 2568 apertum
1568 2538 1657 2560 tamen
1671 2531 1742 2559 hanc
1760 2532 1786 2558 in

997 2589 1055 2609 rem
1073 2581 1159 2608 sancti
1173 2580 1312 2616 Eutliyniii
1327 2579 1500 2606 vaticinium.
1519 2579 1624 2605 Domno
1639 2578 1694 2610 ille,
1712 2584 1785 2606 cum.

997 2627 1105 2654 deserto
1117 2625 1281 2662 jampridem
1298 2624 1476 2656 monasterio,
1493 2623 1667 2650 Antiochiam
1682 2625 1787 2656 peteret

997 2672 1155 2700 ambitionis
1164 2671 1259 2703 ductu,
1275 2670 1430 2706 praedixit"
1441 2669 1498 2698 fore
1515 2679 1524 2695 ‹
1541 2673 1570 2696 ut
1581 2668 1709 2696 avunculi
1726 2667 1788 2702 qui—

823 2749 981 2778 SCIIULZII
1003 2748 1118 2777 NOTAE.

189 2817 212 2855 ’_‘
228 2817 258 2843 In
270 2817 336 2855 eleg.
352 2817 413 2855 ‘Jac.
430 2819 503 2850 Vid.,
522 2824 541 2846 t.
561 2819 606 2853 III,
622 2827 650 2855 p.
671 2819 739 2847 1245
754 2827 810 2854 seq.

879 2819 901 2862 '3
915 2819 943 2862 El

1009 2818 1129 2860 lia.'_\’id.
1147 2823 1166 2846 t.
1182 2819 1226 2851 iv,
1247 2819 1327 2854 epist.
1343 2818 1387 2850 ρο,
1417 2817 1461 2850 42,
1480 2817 1523 2850 ts,
1547 2817 1591 2849 το,
1615 2815 1662 2842 115
1679 2822 1705 2841 ει
1726 2811 1783 2840 Hs.

155 2847 269 2879 “conc.
290 2847 392 2886 citata,
408 2859 459 2881 act.
480 2847 522 2882 tit.
561 2855 583 2870 τι
599 2847 739 2882 Ῥὶωάίλ-ῑι.
759 2847 863 2882 tn'vn.
885 2855 911 2882 s.
932 2847 943 2881 t‘

1006 2854 1080 2890 ymii.
