1969 3052
174 139 224 173 ενῃ

736 145 925 176 GARNERII
945 146 1194 178 DlSSERTATIO
1214 147 1236 177 ῐ.

1747 149 1798 182 123

173 200 236 228 dom
247 200 388 228 obtineret
401 201 503 234 sedem,
518 202 565 230 scd
579 209 637 230 eam
651 201 703 238 ipsi
715 209 810 231 rursus
819 205 961 232 auferrent.
976 208 996 236 Α
1012 204 1138 238 pluribus
1159 205 1233 232 enim
1260 204 1322 232 tidei
1345 204 1474 240 pacisque
1488 204 1644 233 amantibus
1668 205 1738 234 velle
1754 206 1791 234 vi.-

176 246 256 282 ι’]ἀ,
271 247 334 274 mali
347 247 473 275 homines
487 251 568 282 atque
582 247 962 285 przestigiatores,.postquam

174 293 208 320 ab
223 292 278 320 illis
291 292 369 327 prius
382 301 437 328 pra:
450 293 605 328 ignorantia
620 295 750 322 seductus
762 301 845 323 esset.
862 306 870 322 ι

209 338 241 365 ΙΙ.
254 337 400 366 Emuxerat
409 339 465 366 fere
476 340 689 373 quadriennium
702 341 737 368 ab
749 342 826 369 obitu
837 342 960 374 Joannis,

174 391 236 410 cum
257 383 302 411 die
323 392 394 411 nona
414 385 488 412 Junii
514 386 642 421 migravit
663 387 696 414 ad
707 395 822 422 superos
833 387 961 423 Cyrillus,

174 434 318 464 postquam
346 430 558 459 Alexandrinam
581 433 732 461 Ecclesiam
761 433 871 469 triginta
893 434 963 461 duos

175 482 262 502 annos
278 475 404 503 rexisset.
424 476 511 504 Flevit
525 477 658 513 {Egyptus
670 479 826 513 praesulem,
840 479 962 506 Ecclesia

175 521 324 552 doctorem,
334 521 409 548 orbis
418 522 507 549 virum
516 523 667 550 constantis
676 523 749 555 iidei,
760 524 851 559 magni
862 523 958 556 animi,

175 566 340 594 eruditionis
359 567 477 600 eximite,
504 568 612 596 invictae
634 569 743 603 pietatis
769 569 796 596 in
811 569 962 602 Christum,

175 612 322 647 singularis
342 621 406 648 erga
422 614 565 648 Deiparam
580 615 679 647 studii;
706 623 768 642 eum
781 616 899 650 denique
916 616 963 650 qui

175 661 268 692 posset
283 658 455 686 conﬁdenter
471 667 600 694 vereque,
618 664 685 688 teste
698 661 779 694 ewlq,
796 661 889 688 dicere
901 669 963 688 cum

176 702 306 736 Apostolo
319 711 326 729 :
341 703 434 730 Certus
447 713 516 735 sum,
533 705 601 739 quod
615 713 698 740 neque
714 714 793 736 mors,
806 714 888 740 neque
899 706 963 738 vita,

176 755 259 782 neque
271 748 376 783 Angeli,
390 757 472 784 neque
486 750 667 786 Prirtcipatus,
684 759 767 786 neque
783 751 905 783 Virtutes,
918 760 964 778 ne-

176 801 226 827 que
245 794 385 826 instantia,
410 803 493 830 neque
513 796 615 830 futura,
633 805 715 832 neque
730 797 867 831 fortitudo,
883 805 965 832 neque

177 838 301 872 altitudo,
319 849 402 875 neque
419 842 591 876 profundum,
609 851 693 877 neque
708 847 832 869 creatura
847 842 902 869 alia
917 851 965 878 po—

177 884 237 911 terit
254 893 301 911 nos
314 893 439 920 separare
456 895 471 913 a
487 887 615 914 c/taritate
627 887 685 921 Dei,
701 895 759 922 qua:
772 892 810 914 est
822 888 849 914 in
863 886 964 915 Christo

176 929 238 956 Iesu
254 930 366 958 Domino
380 937 468 958 nostro
480 931 500 958 ι.

212 974 257 1002 lli.
284 975 336 1003 Ubi
359 977 480 1010 primum
511 977 608 1005 mortis
630 978 744 1005 nuntius
776 978 802 1005 in
826 977 964 1005 Orientem

179 1020 271 1049 venit.
300 1021 444 1048 continere
457 1029 486 1049 se
503 1029 559 1049 non
573 1023 663 1057 potuit
676 1023 879 1055 Theodoretus,
899 1023 966 1058 quin

179 1067 280 1101 scripto
297 1067 389 1094 statim
406 1072 554 1096 testaretur
578 1069 661 1096 animi
677 1070 720 1097 sui
735 1077 855 1097 sensum.
887 1069 969 1096 Dedit

180 1111 263 1146 igitur
273 1112 410 1140 Domno"
421 1113 574 1141 Antiochia:
584 1115 714 1149 episcopo
721 1115 875 1150 epistolam,
884 1121 967 1149 quam

178 1163 229 1191 ego
240 1156 291 1191 ipsi
304 1158 397 1184 malim
407 1166 470 1186 cum
481 1159 599 1186 concilio
609 1160 729 1195 generali
743 1160 876 1192 tribucre,
885 1167 967 1195 quam

179 1202 222 1229 vel
245 1203 405 1238 abjudicare
419 1212 482 1232 cum
498 1204 631 1238 Baronio,
654 1205 697 1233 vel
712 1206 717 1215 ‘
730 1214 793 1233 cum
808 1206 869 1233 aliis
884 1214 968 1234 vanas

179 1247 215 1274 ob
228 1255 326 1275 causas
336 1254 491 1283 suspectam
505 1249 617 1277 habere.
633 1250 679 1277 Illa
690 1258 755 1277 vero
767 1258 829 1277 cum
842 1251 921 1285 plena
933 1251 969 1278 sit

180 1291 302 1318 collectae
324 1300 358 1319 ex
381 1293 462 1328 longo
487 1298 609 1328 tempore
630 1294 703 1326 bilis,
730 1295 850 1325 ostendit
863 1300 966 1330 aperte,

180 1344 324 1372 quousque
340 1337 432 1365 eﬁ‘erri
445 1339 533 1373 possit
553 1343 601 1366 aut
613 1339 704 1366 furere
719 1339 811 1374 potius
828 1340 907 1367 illusa
925 1348 968 1368 re-

180 1380 246 1416 ligio
260 1391 265 1407 :
281 1381 365 1408 habet
376 1382 450 1409 enim
467 1383 540 1410 unde
554 1384 642 1410 valeat
655 1392 748 1411 creare
765 1384 905 1411 horrorem
919 1385 969 1412 im-

180 1427 321 1463 potentiae,
348 1436 401 1462 qua
421 1436 510 1456 caecus
529 1429 604 1456 zelus
620 1429 721 1464 abripit
733 1430 879 1465 aliquando
895 1431 971 1458 viros

181 1473 271 1507 magni
283 1472 395 1507 quidem
408 1473 503 1506 animi,
520 1474 567 1501 sed
584 1475 724 1501 commoti.

216 1519 261 1546 ιν.
280 1518 375 1554 Neque
388 1527 454 1546 vero
469 1519 612 1554 scripsisse
623 1524 769 1547 contentus
782 1524 836 1553 est;
855 1521 901 1548 sed
916 1521 968 1547 im-

180 1567 279 1599 potens
302 1564 386 1591 animi
413 1564 551 1592 advolavit
575 1565 707 1592 continuo
732 1565 914 1597 Antiochiam,
941 1570 970 1593 et

180 1609 345 1644 praesidente
369 1610 483 1642 Domno,
509 1611 670 1638 concionem
690 1610 786 1637 habuit
811 1611 838 1637 in
854 1611 968 1638 ecclesia

180 1655 302 1690 epistola:
325 1657 461 1692 parem".
493 1657 600 1684 «Nemo
615 1657 671 1692 jam
694 1656 844 1686 neminem.
869 1656 968 1691 inquit,

182 1702 373 1737 blasphemare
387 1702 528 1736 compellit
545 1711 552 1728 :
571 1702 616 1729 ubi
632 1706 706 1734 sunt,
723 1702 770 1737 qui
783 1702 887 1733 dicunt,
905 1702 970 1736 quia

182 1746 254 1773 Deus
276 1751 328 1779 est,
360 1747 408 1781 qui
435 1746 583 1774 cruciﬁxus
596 1751 659 1779 est;
684 1755 738 1774 non
754 1751 796 1774 est
823 1746 970 1774 cruciﬁxus

183 1791 266 1822 Deus,
287 1791 334 1821 sed
357 1792 439 1818 homo
464 1791 645 1819 cruciﬁxus".
670 1796 712 1819 est
734 1792 813 1820 Jesus
833 1791 968 1819 Christus.

183 1836 256 1863 Deus
271 1841 363 1863 autem
393 1837 526 1871 templum
541 1844 621 1864 suum
648 1845 682 1864 ex
702 1837 804 1864 Davide
817 1837 969 1869 suscitavit,

183 1882 254 1909 sicut
266 1882 338 1910 idem
352 1883 437 1909 David
452 1887 516 1909 ante
530 1883 672 1917 przedixit;
692 1883 774 1909 homo
793 1888 906 1918 generat
921 1883 971 1910 ho-

184 1927 302 1959 minem;
320 1931 419 1954 natura
434 1927 574 1963 quidem"
592 1928 678 1954 Filius
692 1928 738 1955 Dei
754 1932 796 1955 est
816 1927 888 1955 Deus
902 1929 970 1955 Ver-

184 1971 248 1998 bum
262 1992 270 2004 ,
298 1971 426 1999 Christus
441 1979 505 1999 vero
533 1977 576 1999 est
594 1972 666 1999 ﬁlius
679 1973 803 2005 Davidis;
822 1973 870 2000 sed
887 1972 973 2000 Filius

184 2017 232 2044 Dei
250 2018 382 2054 templum
401 2026 455 2045 non
468 2022 519 2045 est.
538 2018 684 2046 Contentio
697 2019 767 2046 ultra
780 2019 832 2054 iam
847 2027 900 2046 non
912 2022 971 2046 est:

184 2063 236 2090 sub
250 2071 305 2090 uno
319 2063 384 2098 jugo
397 2063 495 2091 Oriens
507 2068 535 2091 et
547 2063 679 2100 Egyptns
691 2069 888 2096 convenerunt,
901 2072 973 2091 mor-

185 2114 231 2136 tua
244 2114 285 2137 est
297 2109 410 2142 invidia,
425 2114 453 2137 et
466 2111 625 2145 consepulta
637 2111 675 2138 illi
690 2111 801 2138 hmresis
812 2111 883 2146 :jam
895 2111 972 2146 quic-

184 2159 274 2186 scunt,
292 2154 339 2189 qui
351 2162 462 2189 passum
473 2154 559 2182 Deum
572 2155 732 2190 praedicant,
747 2165 756 2181 ι
775 2160 829 2182 etc.

1013 252 1140 284 debatur,
1159 252 1201 279 vel
1218 252 1243 278 in
1260 251 1381 287 synodis,
1401 259 1469 286 quas
1480 251 1609 286 frequens
1622 259 1672 279 suo
1682 252 1797 279 consilio

1013 297 1142 332 cogebat,
1169 297 1298 332 pristinas
1313 297 1407 324 turbas
1419 297 1554 330 excitare;
1586 297 1627 324 vel
1641 298 1724 324 etiam
1739 298 1797 325 elo-

1013 343 1124 378 quentia
1142 348 1170 370 et
1189 343 1352 371 auctoritate
1369 347 1533 377 prostratam
1547 343 1663 370 hazresin
1679 343 1794 378 erigere.

1048 388 1198 420 VLQuare,
1211 392 1270 422 post
1282 387 1345 414 anni
1359 387 1458 421 integri
1468 386 1638 421 patientiam,
1650 387 1799 422 imperator

1014 433 1161 460 Antiochia
1178 433 1316 460 abstinere
1336 432 1523 460 turbulentum
1550 433 1688 459 hominem
1704 433 1798 467 jussit,

1014 479 1125 513 suisque
1143 479 1280 513 paroehiis
1293 478 1333 506 sic
1356 482 1484 512 tanquam
1506 477 1622 504 honesto
1644 485 1752 505 carcere
1770 486 1797 505 se

1014 523 1166 550 continere.
1185 523 1252 548 Item
1270 527 1364 548 narrat
1380 521 1570 548 Theodoretus
1583 521 1641 556 ipse
1656 522 1682 548 in
1701 522 1799 549 litteris

1014 569 1048 596 ad
1061 568 1210 596 Eusebium
1234 568 1346 602 Ancyra:
1359 568 1528 602 episcopum.
1552 577 1560 592 ι
1574 567 1624 600 Qui
1644 567 1797 599 Marcionis.

1015 614 1148 649 inquit",
1159 619 1187 642 et
1200 614 1336 641 Valentini
1352 618 1380 641 et
1392 613 1516 645 Manetis,
1533 614 1703 647 aliorumque
1721 614 1798 640 Doci-

1017 665 1104 688 tarum
1116 659 1232 686 haeresin
1247 659 1297 687 hac
1309 663 1400 686 nostra
1410 663 1570 693 tempestate
1578 663 1719 689 renovant,
1729 666 1799 693 aegre

1015 705 1133 732 ferentes
1148 705 1289 733 haeresina
1305 712 1347 731 me
1366 712 1442 732 suam
1465 708 1558 739 aperte
1579 704 1724 735 confutari.
1752 705 1800 731 im-

1015 751 1150 786 peratoris
1160 758 1241 778 aures
1258 750 1456 778 circumvenire
1472 750 1561 777 conati
1575 750 1800 782 sunt,ba3reticos

1016 804 1065 823 nos
1077 796 1255 830 appellantes,
1270 800 1298 823 et
1307 803 1392 823 unum
1409 795 1554 823 Dominum
1566 799 1689 822 nostrum
1708 795 1800 823 Iesum

1016 840 1166 872 Christum,
1181 841 1356 867 incarnatum
1372 840 1458 867 Deum
1474 839 1595 866 Verbum
1608 839 1636 866 in
1648 839 1718 866 duos
1732 840 1802 867 ﬁlios

1017 885 1139 912 dividere
1160 885 1369 912 calumniantes.
1386 884 1440 912 Sed
1461 884 1554 911 verbis
1579 884 1647 915 suis,
1664 888 1695 911 ut
1709 892 1801 919 spera-

1018 929 1093 960 bant,
1110 937 1163 956 non
1177 933 1395 964 persuaserunt:
1409 936 1494 963 quare
1517 929 1649 963 scriptum
1668 934 1710 956 est
1726 937 1801 956 com-

1017 973 1194 999 monitorium
1229 972 1499 1009 magniﬁcentissimo
1542 977 1571 1000 et
1606 973 1803 1008 gloriosissimo

1017 1018 1147 1054 magistro
1174 1018 1291 1045 militum
1316 1017 1434 1050 consuli,
1462 1017 1574 1044 haeresis
1599 1018 1802 1045 accusationem

1017 1064 1119 1090 nullam
1133 1063 1287 1094 continens,
1305 1063 1351 1090 sed
1360 1063 1427 1089 alias
1442 1063 1572 1097 quasdam
1583 1071 1688 1094 causas,
1702 1071 1802 1097 easque

1018 1109 1108 1135 falsas.
1123 1107 1248 1143 Synodos
1264 1107 1337 1135 enim
1361 1108 1471 1135 aiebant
1487 1116 1530 1135 me
1555 1107 1714 1142 frequentes
1731 1108 1798 1142 apud

1018 1153 1192 1181 Antiochiam
1207 1161 1369 1186 convocare,
1382 1157 1409 1180 et
1420 1161 1452 1180 ea
1470 1161 1499 1181 re
1516 1153 1618 1181 oﬁ‘endi
1637 1154 1801 1184 nonnullos;

1019 1199 1133 1233 proinde
1150 1200 1291 1234 quiescere
1305 1207 1348 1227 me
1362 1204 1500 1234 oportere,
1515 1203 1543 1226 et
1556 1199 1715 1227 commissas
1736 1199 1803 1230 mihi

1020 1245 1156 1272 l-lcclesias
1173 1245 1337 1280 gubernare.
1350 1244 1407 1272 Hoc
1419 1245 1502 1280 igitur
1516 1249 1628 1272 ostenso
1649 1245 1715 1271 mihi
1728 1252 1803 1271 com-

1019 1292 1176 1324 monitorio,
1185 1292 1326 1319 decretum
1337 1292 1411 1319 velut
1418 1292 1661 1322 bonorumfontem
1670 1291 1784 1326 arripui.
1791 1301 1800 1316 ι

1053 1339 1297 1367 Commonitorium
1311 1339 1368 1374 ipsa
1380 1339 1554 1374 imperatoris
1569 1346 1662 1370 manu,
1675 1338 1742 1365 tanti
1762 1346 1806 1364 res

1019 1389 1087 1416 erat,
1106 1389 1248 1412 exaratum
1273 1384 1358 1411 fuisse
1382 1387 1611 1418 testaturzquare
1630 1383 1670 1410 rei
1683 1383 1805 1410 insolen-

1021 1431 1084 1457 tiam
1105 1430 1232 1463 miratus,
1246 1438 1279 1457 ex
1290 1430 1416 1457 Anatolio
1434 1429 1548 1464 patricio
1563 1429 1664 1456 litteris
1679 1429 1804 1456 sciscita-

1021 1480 1064 1503 tus
1077 1479 1129 1507 est,
1148 1483 1213 1512 num
1230 1483 1299 1502 vana
1311 1475 1382 1502 foret
1396 1483 1445 1502 sua
1462 1474 1566 1502 fraudis
1576 1475 1707 1509 suspicio.
1727 1484 1736 1500 ι
1753 1475 1805 1502 Ve-

1021 1525 1099 1551 strae,
1113 1520 1222 1555 inquit,
1238 1520 1407 1547 excellentiae
1424 1519 1605 1548 indicavimus
1623 1520 1806 1547 commonito-

1022 1567 1091 1593 rium
1107 1566 1187 1597 nobis
1200 1566 1352 1594 ostendisse
1367 1566 1468 1593 Rufum
1487 1567 1615 1593 comitem
1629 1566 1807 1601 magniﬁcen-

1022 1612 1167 1644 tissimum,
1180 1612 1358 1647 imperatoria
1376 1620 1458 1639 manu
1473 1617 1624 1645 exaratum,
1643 1620 1697 1647 quo
1713 1612 1808 1639 fortis-

1020 1658 1089 1684 simo
1107 1657 1236 1692 magistro
1261 1657 1379 1684 militum
1403 1657 1589 1692 prtecipiebat,
1604 1661 1633 1684 ut
1657 1657 1808 1692 prudenter

1020 1703 1143 1737 sciteque
1160 1706 1270 1730 curaret
1291 1711 1342 1730 nos
1364 1702 1427 1738 Cyri
1449 1703 1612 1735 consistere,
1627 1711 1679 1730 nec
1693 1703 1727 1729 ad
1740 1703 1808 1730 alias

1020 1747 1146 1774 civitates
1165 1747 1319 1782 proﬁcisci,
1337 1752 1366 1773 ut
1380 1747 1425 1781 qui
1455 1747 1574 1782 synodos
1601 1746 1711 1774 assidue
1734 1745 1807 1780 apud

1022 1792 1193 1820 Antiochiam
1211 1800 1381 1827 cogeremus,
1397 1796 1424 1819 et
1439 1791 1606 1819 orthodoxos
1622 1791 1807 1818 turbare-mus.

1021 1837 1099 1864 Nunc
1123 1836 1215 1864 indico
1238 1844 1281 1863 me
1305 1837 1388 1871 regiis
1407 1836 1568 1864 obsecutum
1592 1836 1691 1864 litteris
1708 1835 1809 1870 Cyrum

1021 1883 1139 1915 venisse,
1150 1891 1182 1910 ac
1194 1883 1292 1910 diebus
1309 1891 1355 1910 sev
1365 1888 1505 1918 septemve
1518 1883 1673 1913 transactis,
1683 1882 1808 1909 missoad

1023 1935 1065 1955 me
1087 1928 1264 1955 devotissimo
1282 1928 1443 1963 Euphronio
1459 1928 1646 1962 magistriano,
1663 1927 1809 1961 ﬂagitasse.

1023 1978 1054 2000 ut
1074 1974 1179 2008 scripto
1193 1973 1350 2006 conﬁterer,
1367 1974 1505 2001 exhibitas
1515 1973 1583 2000 mihi
1596 1973 1684 2008 regias
1704 1973 1810 1999 litteras

1023 2019 1117 2047 fuisse.
1132 2020 1188 2055 Ego
1212 2028 1278 2047 vero
1307 2020 1359 2047 hoc
1382 2021 1465 2047 etiam
1496 2019 1562 2051 feci,
1578 2024 1606 2046 et
1627 2019 1741 2054 promisi
1767 2026 1810 2045 me

1023 2065 1095 2100 apud
1118 2065 1219 2101 Cyrum
1241 2070 1268 2093 et
1289 2066 1317 2093 in
1340 2066 1391 2093 hac
1408 2066 1517 2100 regione
1545 2072 1765 2099 permansurum,
1783 2070 1810 2091 et

1024 2111 1161 2146 pascendo
1177 2111 1252 2147 gregi
1279 2107 1348 2139 mihi
1373 2111 1519 2139 commisso
1540 2111 1718 2137 inharsurnm.
1736 2110 1811 2144 Rogo

1024 2157 1118 2192 itaque
1131 2157 1363 2193 magniﬁcentiam
1379 2161 1463 2188 tuam.
1486 2161 1613 2184 accurate
1628 2160 1659 2182 ut
1672 2155 1810 2190 exquirat.

219 2200 250 2227 V.
269 2200 343 2227 Fecit
356 2201 401 2227 illa
420 2205 477 2228 tum
490 2201 615 2235 epistola,
632 2209 693 2236 quae
712 2199 790 2235 175
804 2200 885 2236 vulgo
895 2200 970 2228 edita
988 2212 1008 2239 ι)
1023 2208 1057 2231 et-
1067 2211 1100 2230 an
1110 2211 1175 2231 vere
1193 2204 1251 2231 haec
1264 2203 1301 2230 ita
1317 2203 1449 2238 imperata
1467 2203 1539 2235 sint,
1557 2206 1586 2229 ct
1597 2209 1678 2236 quam
1695 2201 1731 2229 ob
1746 2209 1810 2228 can-

183 2250 239 2278 ent;
259 2251 316 2273 tum
333 2247 441 2279 concio,
459 2255 520 2282 quae
539 2246 572 2273 ad
588 2247 751 2274 immensam
765 2246 799 2273 de
810 2253 886 2273 more
902 2245 972 2273 mul-

185 2291 329 2319 titudinem
351 2293 459 2324 habita,
487 2297 518 2320 ut
537 2292 727 2319 Theodoretus
745 2291 771 2318 in
788 2292 971 2326 suspicionem

184 2338 375 2365 consensionis
388 2345 451 2365 cum
467 2338 595 2366 Nestorio
609 2339 726 2370 venerit,
743 2338 821 2373 quasi
837 2337 973 2365 divideret

183 2384 324 2411 Christum
339 2379 448 2412 in'duos
462 2384 542 2417 ﬁlios,
556 2392 674 2420 quorum
688 2384 756 2411 alter
769 2384 972 2417 sitcruciﬁxus,

184 2430 254 2457 alter
280 2435 420 2458 mortuum
440 2431 623 2458 suscitaverit.
644 2430 718 2458 Fecit
740 2430 822 2457 etiam
845 2435 876 2458 ut
899 2430 972 2465 apud

186 2475 379 2508 imperatorem
391 2475 540 2511 impietatis
555 2483 586 2503 ac
597 2475 740 2503 seditionis
755 2483 819 2502 reus
829 2480 970 2510 ageretur:

228 2549 235 2570 ¹
257 2545 334 2579 Robi.
347 2560 404 2585 vtn,
419 2552 463 2585 38,
477 2552 521 2580 39.

1024 2257 1092 2277 sam.
1112 2259 1120 2276 1

1063 2295 1143 2330 176
1154 2294 1240 2327 Quale
1259 2302 1325 2321 vero
1340 2294 1437 2325 fuerit,
1449 2293 1605 2328 quibusque
1627 2292 1720 2319 verbis
1742 2292 1811 2319 scric

1026 2336 1114 2374 ptum,
1137 2340 1227 2374 legere
1256 2339 1320 2367 licet
1347 2339 1374 2366 in
1401 2339 1517 2373 epistola
1541 2337 1574 2365 ad
1598 2337 1776 2364 Eutrechinm
1790 2337 1812 2351 "'

1026 2385 1195 2420 prmfcctum.
1213 2394 1221 2410 ι
1237 2384 1359 2419 Relegati
1373 2392 1404 2411 ac
1415 2383 1616 2417 circumscripti
1627 2382 1697 2418 Cyro
1707 2389 1812 2411 sumus.

1026 2429 1048 2457 si
1065 2437 1158 2457 verum
1176 2433 1218 2456 est
1235 2429 1485 2461 commonitorium,
1499 2428 1572 2463 quod
1593 2428 1706 2454 victoris
1727 2426 1813 2461 ipsius

1026 2475 1141 2510 Augusti
1162 2482 1245 2502 manu
1265 2475 1399 2510 scriptum
1425 2474 1527 2506 ferunt,
1545 2478 1574 2501 et
1596 2474 1633 2500 ita
1657 2481 1686 2501 se
1709 2473 1810 2500 habet:

859 2609 1016 2638 SCllUI.le
1037 2609 1150 2637 NOTAE.

224 2666 246 2682 "
257 2665 367 2703 Dormio.
386 2667 437 2703 VAd
466 2668 598 2695 Joannem
625 2668 822 2695 Antiochenum
858 2670 949 2703 potius
980 2669 1050 2695 hanc
1079 2666 1383 2703 episwlalnrscripsisse
1410 2665 1614 2703 dicitur.__(‘.mn
1641 2669 1732 2703 autem
1756 2663 1812 2703 haec

189 2701 328 2738 inscriptio
341 2702 406 2738 satis
417 2708 509 2738 aperte
521 2703 618 2737 prodat
630 2703 732 2729 νοθείαν
744 2704 824 2736 hujus
839 2698 970 2738 epistolae,
982 2698 1130 2731 Garneribs
1145 2702 1286 2730 substituit
1298 2698 1514 2738 iiogntcn‘Domni.
1526 2700 1617 2727 Exstat
1629 2699 1742 2734 cpistola
1758 2698 1813 2727 illa,

191 2741 211 2762 ι.
227 2737 270 2767 IV,
289 2744 315 2770 p.
337 2737 418 2773 1362.7
433 2735 440 2737 ⁷
452 2737 475 2753 ⁷⁷
495 2735 622 2773 Epistolw
644 2746 745 2772 parem.
764 2735 891 2770 Omnino,
906 2743 962 2765 tum

1021 2742 1152 2773 iumento,
1182 2742 1238 2764 tum
1265 2736 1364 2773 vellat}.
1391 2735 1457 2773 Qua}

543 2773 591 2799 arii
605 2772 772 2799 Mereatoris.
788 2773 853 2800 Vide
869 2782 961 2807 supra,
975 2781 1001 2807 p.
1015 2772 1060 2800 illl.

190 2776 253 2807 sunt
263 2772 340 2807 juxta
351 2772 502 2799 versionem

1343 2744 1364 2770 τ..
1391 2740 1457 2768 Qum
1488 2740 1656 2769 sequuntur.
1686 2740 1813 2770 expressa

1099 2773 1120 2788 7"
1137 2772 1234 2806 Crrtcif.
1257 2776 1303 2798 est.
1323 2768 1383 2806 lliec
1403 2768 1533 2806 addenda
1555 2770 1674 2806 l'ttcrltnt.
1696 2769 1736 2806 _""

191 2802 306 2843 quidr'm.
324 2812 377 2833 etc.
391 2807 480 2843 Paulo
494 2808 573 2834 aliter
586 2808 636 2840 leg.
657 2816 749 2842 supra,
767 2808 785 2834 l.
807 2816 831 2834 ‹·.
869 2808 890 2823 ⁵¹⁰
902 2802 967 2843 Ῐηηὶλ

1031 2809 1090 2835 Vid.
1113 2808 1193 2842 epist.
1299 2810 1319 2832 t.
1343 2805 1386 2836 IV,
1408 2813 1433 2841 p.
1455 2805 1531 2833 ΗΒ.
1570 2804 1590 2819 ¹¹¹
1625 2803 1723 2838 luquil.
1754 2802 1812 2831 Vid.

190 2841 270 2876 Epist.
292 2843 370 2872 79.1.
389 2842 432 2873 IV,
452 2851 478 2877 p.
498 2842 572 2869 H515.
611 2844 632 2859 θ’
650 2841 697 2869 Αοΐ
712 2843 786 2869 Eutr.
808 2843 867 2869 Viti.
893 2841 972 2877 epist.
991 2843 1035 2873 80,
1051 2847 1070 2869 t.
1090 2841 1136 2874 IV,
1154 2851 1178 2877 p.
1198 2842 1273 2869 “3‘5.
