1969 3052
148 141 196 172 1‘39

723 137 905 170 HISTORIA
924 136 1178 168 THEODORETI.

1722 139 1773 171 130

147 197 279 231 Quoniam
293 197 336 224 illc
351 196 472 224 civitatis
488 197 562 224 illius
579 197 725 231 episcopus
745 195 854 223 assidue
867 201 932 220 con-
951 195 972 220 Α
987 196 1039 220 tam
1055 201 1220 229 posuerunt,
1235 196 1311 230 quasi
1329 196 1355 222 in
1373 196 1442 223 duos
1459 195 1529 223 ﬁlios
1547 195 1686 223 Christum
1702 196 1773 223 divi-

147 247 239 278 gregat
266 243 396 277 synodos,
415 243 562 277 turbatque
580 250 612 269 ea
637 251 666 269 re.
690 242 874 272 orthodoxos,
900 239 934 267 da

147 296 256 325 operam
273 288 436 323 congruenti
448 288 636 321 moderatione
647 296 678 315 ac
692 287 849 322 prudentia,
866 291 896 313 ut
912 287 935 313 is

147 334 215 369 Cyro
230 342 259 362 se
278 333 430 366 contineat,
449 341 500 361 nec
512 334 546 361 ad
566 334 646 361 aliam
663 334 802 360 civitatem
823 331 934 367 proﬁci-

148 386 248 407 εεειιιτ.
266 390 274 405 ι

182 427 237 454 VII.
252 427 280 454 In
298 426 480 455 domesticum
493 426 560 454 illud
571 426 709 457 exsilium,
727 425 798 452 sicut
816 425 874 460 ipse
893 424 933 450 lo-

147 472 250 506 quitur,
269 472 374 506 eiectus
398 476 441 499 est
461 478 535 498 anno
561 471 622 502 M5,
639 479 694 505 quo
724 477 797 497 anno
822 469 935 504 gerebat

147 516 319 543 consulatum
334 516 447 543 Nomus.
460 516 516 543 Etsi
538 520 629 543 autem
637 514 707 550 ,‘pra:
724 523 753 542 se
770 515 855 542 ferret
869 522 934 541 con-

148 561 275 589 stantiam
292 561 376 588 animi
394 561 420 589 in
435 562 487 588 hac
502 562 672 593 calamitate,
690 561 827 588 neminem
843 565 934 587 tamen

147 614 201 633 non
226 606 374 637 invocavit,
401 606 474 633 unde
493 610 618 640 speraret
642 605 797 632 auxilium:
821 612 883 631 nam
908 609 934 631 et

146 651 273 679 Anatolio
285 652 307 668 ⁸³
318 652 445 686 patricio,
458 655 486 678 et
497 651 646 679 Eutrechio
658 651 797 686 praefecto,
809 655 837 677 et
849 650 935 677 Nomo

147 698 251 724 consuli
261 697 474 725 lamentabiliter
481 700 595 731 questus
603 701 655 727 est,
668 704 696 723 se
716 695 839 723 inaudita
854 703 935 723 causa

147 744 316 776 damnatum,
332 751 395 770 cum
405 751 439 770 ne
454 743 617 770 incendiarii
634 742 746 777 quidem
763 746 844 776 atque
852 741 935 768 etl‘os-

147 797 223 817 sores
245 789 447 824 sepulcrorum,
460 789 514 815 imo
539 795 568 815 et
593 787 736 822 parricidae
758 787 933 817 damnentur,

148 836 305 870 priusquam
319 835 351 862 ad
370 834 507 869 objectum
524 834 628 861 crimen
643 833 833 868 responderint
847 842 854 859 :
868 832 935 867 quin

147 886 173 908 et
191 880 325 916 synodum
334 881 526 915 episcoporum
542 879 602 914 cogi
619 878 748 913 postulat,
762 877 808 904 sed
826 885 933 909 eorum,

146 927 193 960 qui
207 926 343 960 judicium
361 925 433 952 ferre
449 925 557 960 possint
578 925 612 952 de
637 924 771 956 doctrina,
784 928 812 950 et
832 924 859 950 in
881 931 934 958 qua

148 973 323 1007 magistratus
351 972 539 1006 pronuntient,
567 979 628 1006 quae
655 970 856 1005 disputantium
887 969 936 996 do-

147 1019 236 1045 ctrina
252 1017 409 1052 apostolicae
421 1017 587 1044 conformior
605 1017 650 1044 sit.
667 1016 707 1043 Ad
727 1015 786 1043 haec
805 1016 935 1042 innocen-

148 1065 213 1091 tiam
233 1072 309 1091 suam
324 1064 500 1099 depraadicat,
509 1071 628 1098 suosque
643 1070 694 1098 pro
710 1062 763 1090 ﬁde
779 1062 888 1089 labores
904 1069 936 1088 ac

147 1110 240 1137 eilicax
265 1110 292 1137 in
308 1110 446 1137 haereticis
468 1109 664 1137 convertendis
680 1108 812 1141 studium,
827 1115 934 1135 nccnon

147 1157 209 1183 vitae
220 1157 255 1183 ab
271 1156 351 1184 initio
361 1161 429 1183 acta:
441 1156 644 1191 integritatem;
665 1157 674 1166 ‘
688 1155 806 1189 denique
827 1154 934 1181 infracti

147 1201 226 1227 malis
232 1201 316 1227 animi
328 1200 481 1227 ﬁrmitatem
493 1204 629 1227 snstentat
637 1198 841 1233 exspectatione
850 1198 935 1225 divini

144 1247 253 1281 judicii,
266 1246 300 1273 ad
314 1246 386 1281 quod
404 1246 586 1277 adversarios,
601 1246 658 1273 sive
670 1245 717 1280 qui
728 1249 867 1277 accusant,
879 1244 935 1271 sive

146 1289 194 1324 qui
205 1289 347 1323 damnant,
358 1290 501 1318 autetiam
513 1290 642 1318 damnare
652 1290 755 1322 sinunt,
768 1289 936 1317 conﬁdenter

146 1335 223 1362 citat.

182 1381 250 1408 VIII.
266 1381 301 1409 Ut
317 1385 419 1415 aegrum
439 1381 558 1408 animum
578 1381 722 1413 solaretur,
740 1389 810 1416 opus
823 1388 935 1416 compo-

146 1427 212 1457 suit,
227 1427 272 1454 cui
293 1435 394 1454 nomen
414 1427 478 1454 fecit
492 1427 626 1454 Eranisttc
640 1435 687 1454 seu
703 1426 888 1462 Polyniorphi.
906 1426 935 1453 In

146 1474 201 1501 hoc
214 1473 237 1488 ⁸⁸
248 1474 316 1500 mira
330 1474 447 1508 quadam
459 1478 517 1501 arte
529 1474 674 1501 Consilium
685 1473 858 1501 dissimulat:
872 1481 935 1500 nam

986 241 1075 272 sisset,
1090 246 1117 267 ct
1130 242 1281 268 latitantem
1298 242 1323 269 in
1337 242 1431 270 Cilicia
1441 242 1635 270 Nestorianum
1650 251 1773 271 errorem

985 287 1164 321 propalasset.
1177 287 1204 314 ld
1217 289 1339 316 criminis
1350 293 1379 315 ut
1391 289 1573 324 propulsaret,
1583 289 1688 316 litteras
1699 289 1776 316 dedit

985 331 1114 358 Dioscoro
1129 333 1151 347 ’⁷⁵
1169 332 1196 358 in
1219 332 1278 360 haec
1294 333 1377 360 verba
1393 343 1398 359 :
1419 343 1427 358 ι
1448 334 1510 361 llzec
1522 333 1643 361 scribere
1664 338 1776 361 coactus

985 386 1132 410 sum,eum
1155 379 1310 406 sanctitatis
1333 384 1386 407 tua:
1402 380 1510 407 litteras
1521 380 1648 415 legissem
1670 380 1704 407 ad
1726 381 1775 408 Dei

984 425 1201 453 amantissimum
1237 426 1496 462 sanctissimumque
1534 427 1773 463 archiepiscopum

985 471 1125 499 domitium
1137 473 1273 500 Domuum
1289 473 1415 508 scriptas.
1429 473 1458 500 In
1475 473 1529 500 illis
1543 474 1617 500 enim
1635 473 1688 500 hoc
1701 473 1775 500 inter

985 521 1083 544 caetera
1094 519 1295 550 continebatur,
1308 518 1440 553 quosdam
1453 519 1485 545 ad
1503 519 1647 546 maximam
1665 519 1773 551 urbem,

985 571 1046 598 quae
1059 572 1074 591 a
1088 565 1232 592 sanctitate
1246 569 1292 592 tua
1308 565 1421 600 regitur,
1440 573 1501 592 cum
1518 566 1668 598 venissent,
1691 573 1774 593 accu—

985 617 1060 636 sasse
1080 617 1140 640 nos.
1155 611 1233 644 quasi
1249 611 1276 637 in
1301 611 1369 638 duos
1396 611 1465 639 ﬁlios
1486 611 1670 639 divideremus
1689 619 1774 638 unum

985 655 1131 684 Dominum
1157 662 1281 684 nostrum
1308 658 1400 685 Jesum
1421 658 1561 685 Christum
1582 667 1588 684 :
1606 657 1688 692 idque
1711 666 1774 685 cum

986 701 1057 736 apud
1070 702 1243 729 Antiochiam
1253 703 1461 735 disserercmns,
1472 703 1517 730 ubi
1534 704 1626 730 multa:
1636 704 1774 739 myriades

986 746 1142 774 auditorum
1157 748 1190 775 ad
1202 749 1361 776 concionem
1376 754 1575 776 convenerunt.
1588 749 1623 776 At
1639 758 1688 784 ego
1715 750 1776 778 illos

986 792 1095 826 quidem
1103 792 1252 828 deploravi,
1262 795 1308 829 qui
1323 794 1494 822 manifestam
1503 795 1667 822 calumniam
1683 800 1775 822 texere

987 838 1045 864 ausi
1063 843 1146 865 sunt:
1169 839 1244 866 dolui
1270 848 1345 873 vero,
1369 846 1396 868 et
1419 841 1540 876 ignosce,
1563 841 1688 872 Domine,
1710 841 1774 875 quia

986 892 1081 911 vocem
1098 886 1226 919 exprimit
1249 885 1337 918 dolor,
1351 886 1424 922 quod
1449 886 1515 913 mihi
1538 894 1632 913 aurem
1659 886 1774 913 alteram

985 933 1031 956 tua
1045 930 1195 957 secundum
1211 931 1296 957 Deum
1309 931 1442 966 perfectio
1462 932 1594 966 integram
1608 938 1661 957 non
1684 938 1775 957 rescr-

984 975 1073 1007 vavit;
1085 975 1132 1002 sed
1145 975 1178 1002 iis
1192 983 1253 1011 qua:
1264 976 1333 1003 falso
1345 976 1378 1003 ab
1391 976 1445 1004 illis
1458 976 1530 1004 dicta
1543 980 1616 1006 sunt.
1632 975 1712 1002 ﬁdem
1725 976 1774 1003 ha—

986 1020 1055 1047 buit.
1078 1030 1086 1044 ι

1021 1066 1122 1094 I‘labuit
1150 1075 1216 1094 vero
1244 1068 1445 1095 Alexandrinus
1471 1068 1578 1096 clericis
1602 1077 1635 1097 eo
1668 1070 1775 1098 facilius

986 1112 1078 1144 ﬁdem,
1098 1120 1153 1147 quo
1179 1113 1256 1148 pejus
1279 1114 1370 1140 animo
1392 1119 1451 1141 erat
1480 1122 1543 1149 erga
1570 1114 1774 1143 Thcodoretum

986 1158 1100 1186 affectus
1114 1167 1120 1185 :
1134 1166 1197 1186 eum
1223 1159 1295 1185 enim
1320 1160 1423 1186 sciebat
1445 1159 1547 1196 Cyl-illo
1560 1161 1660 1195 passim
1673 1161 1775 1188 calum-

986 1203 1067 1235 niari,
1080 1203 1165 1230 totius
1177 1203 1323 1231 Orientalis
1338 1204 1466 1232 dicecesis
1479 1205 1625 1240 prtesulum
1637 1206 1775 1233 mentibus

986 1255 1055 1282 pene
1074 1248 1220 1280 dominari,
1237 1248 1264 1275 in
1287 1256 1350 1276 suas
1371 1254 1464 1284 partes
1480 1251 1668 1278 sanctissimos
1691 1259 1775 1286 quos-

985 1300 1039 1327 que
1063 1293 1221 1325 monachos,
1243 1294 1341 1328 partim
1355 1294 1417 1321 vitre
1441 1295 1585 1322 sanctitate
1603 1300 1630 1323 et
1643 1296 1775 1324 doctrinm

987 1337 1066 1370 fama,
1079 1340 1178 1372 partim
1193 1339 1350 1372 eloquentia
1362 1339 1389 1365 in
1402 1339 1592 1371 concionibus.
1606 1341 1775 1376 laudumque

986 1382 1064 1417 quasi
1077 1382 1244 1415 adulatione,
1258 1383 1285 1410 in
1299 1383 1413 1410 historia
1429 1384 1577 1417 Philothei,
1596 1386 1720 1413 traxisse.
1735 1386 1775 1413 Ad

987 1426 1044 1454 haec
1057 1432 1172 1454 noverat
1187 1427 1272 1455 fuisse
1284 1427 1464 1456 Antiochenis
1480 1433 1630 1461 auctorem,
1646 1435 1675 1457 ut
1689 1430 1777 1457 tribu-

987 1476 1041 1499 tam
1075 1471 1382 1508 Constantinopolitanae
1409 1473 1466 1500 sedi
1493 1481 1507 1500 a
1529 1475 1647 1502 secunda
1672 1475 1775 1511 synodo

145 1527 210 1547 cum
225 1527 274 1554 per
290 1519 482 1555 dialogismum
495 1520 522 1547 in
535 1519 744 1554 Apollinaristas
755 1519 896 1554 disputare
906 1526 934 1546 se
949 1524 972 1554 (ι
987 1518 1114 1545 secundae
1128 1523 1189 1552 post
1202 1519 1352 1545 Romanam
1377 1519 1451 1546 sedis
1472 1520 1678 1555 praerogativam
1693 1529 1789 1556 agno-I

147 1565 235 1600 lingit,
250 1565 381 1601 Cyrillum
396 1573 492 1593 revera
505 1569 533 1593 et
547 1565 703 1592 Catholicos
716 1565 866 1600 impugnat,
881 1563 936 1590 imo

145 1611 301 1638 doctrinam
314 1611 434 1638 Nestorii
447 1610 692 1642 demonstratione,
708 1614 739 1637 ut
754 1610 811 1644 ipse
825 1609 935 1644 quidem

145 1657 278 1691 loquitur,
295 1656 458 1683 conﬁrmare
475 1655 581 1683 nititur.
598 1655 703 1683 Laudat
718 1654 829 1689 quidem
851 1654 936 1690 Cyril-

145 1703 202 1729 lum
226 1702 252 1728 in
273 1702 381 1737 dialogo
395 1701 528 1734 secundo,
542 1701 591 1728 sed
614 1701 731 1736 maligna
745 1700 835 1727 laude.
849 1700 934 1733 Quem

144 1749 219 1775 enim
238 1749 343 1776 sciebat
362 1748 396 1775 ab
414 1747 544 1774 omnibus
559 1746 655 1774 audire
670 1746 752 1773 unius
771 1745 934 1781 hypostattis,

146 1794 173 1820 id
187 1799 239 1825 est,
253 1799 283 1820 ut
293 1794 373 1829 vulgo
382 1793 533 1825 ferebatur,
546 1792 628 1820 unius
637 1797 742 1819 natura;
753 1791 935 1824 defensorem,

147 1842 221 1867 hunc
239 1845 367 1874 tanquam
380 1838 579 1867 inconfusionis
589 1838 697 1866 hostem
711 1838 840 1872 praedicat
853 1845 859 1863 :
872 1844 936 1863 nam

146 1885 315 1920 prudentum
335 1884 438 1919 judicio
456 1883 582 1911 convinci
594 1891 675 1918 posse
686 1891 719 1910 ex
738 1890 771 1909 eo
782 1882 936 1909 arbitraba-

146 1937 192 1958 tur
204 1931 292 1966 egisse
305 1931 444 1962 Proteum,
456 1930 483 1957 id
503 1933 556 1961 est,
570 1934 617 1956 aut
634 1936 746 1956 errores
760 1928 825 1955 olim
839 1927 935 1955 defen-

144 1977 231 2008 disse,
248 1980 276 2003 et
296 1975 468 2010 postmodum
495 1975 628 2010 ejurasse,
647 1979 694 2001 aut
713 1973 809 2000 iisdem
830 1977 935 2008 tempo-

145 2022 225 2048 ribus
237 2021 385 2056 pugnantia
399 2021 532 2048 locutum.
546 2020 635 2054 Atque
652 2019 734 2047 etiam
749 2019 807 2046 luec
821 2019 935 2045 fortasse

144 2073 230 2093 causa
255 2064 315 2097 fuit,
334 2073 384 2093 cur
406 2064 483 2100 operi
506 2063 707 2100 Polymorphus
728 2063 934 2094 inscriberetur,

145 2118 306 2145 quanquam
321 2115 349 2137 et
361 2109 445 2137 altera
461 2117 522 2137 esse
540 2109 639 2143 potuit,
658 2117 710 2143 qua
732 2116 786 2135 non
809 2108 936 2134 adversa-

145 2157 205 2183 rius
225 2160 343 2188 tantum,
361 2156 409 2183 sed
428 2156 499 2183 liber
516 2155 575 2190 ipse
589 2155 772 2190 appellaretur
786 2163 792 2181 :
807 2154 935 2189 quoniam

990 1567 1099 1591 scerent
1115 1572 1121 1590 :
1141 1568 1257 1590 noverat
1276 1564 1358 1592 etiam
1375 1568 1567 1599 opportunam,
1582 1565 1713 1593 exsistere
1725 1574 1774 1593 oc-

989 1610 1125 1637 casionem
1138 1610 1254 1637 nocendi
1269 1610 1383 1642 homini,
1397 1619 1478 1644 quem
1494 1611 1666 1646 imperatoris
1677 1612 1774 1640 oﬂ‘cnsi

990 1656 1030 1683 ira
1052 1660 1274 1690 persequeretur,
1292 1655 1433 1691 jussioqne
1451 1657 1586 1683 inclusum
1612 1658 1690 1692 quasi
1714 1665 1774 1685 car-

990 1708 1053 1728 cere
1077 1705 1192 1731 teneret,
1213 1704 1294 1734 atque
1317 1700 1385 1727 adeo
1407 1700 1565 1728 defensione
1588 1701 1774 1729 interdiceret.

989 1746 1078 1780 Quare
1093 1746 1164 1773 datis
1184 1746 1217 1773 ad
1236 1746 1370 1773 Domuum
1386 1746 1499 1781 ejusque
1514 1746 1649 1782 synodum
1663 1747 1774 1780 litteris,

989 1797 1104 1828 questus
1120 1796 1163 1820 est
1176 1792 1297 1828 graviter
1318 1792 1352 1818 de
1373 1791 1476 1819 Ciliciae
1492 1792 1640 1827 episcopis,
1661 1792 1776 1827 ipsoque

990 1837 1152 1865 nominatim
1179 1836 1391 1867 Theodoreto,a
1417 1843 1472 1870 quo
1496 1842 1558 1862 cum
1584 1835 1690 1862 litteras
1700 1843 1776 1863 acce-

989 1883 1083 1919 pisset,
1099 1882 1187 1917 magni
1206 1881 1290 1909 animi
1306 1880 1526 1915 calumniamque
1538 1880 1707 1915 indignantis
1718 1881 1776 1915 ple-

989 1938 1048 1962 nas,
1066 1937 1098 1956 e0
1111 1936 1198 1963 usque
1210 1927 1388 1955 exacerbatus
1402 1930 1455 1957 est,
1472 1930 1502 1952 ut
1515 1926 1614 1960 ipsum,
1631 1925 1695 1953 licet
1707 1933 1776 1961 prae-

989 1975 1075 2002 sulem
1097 1973 1211 2001 alterius
1237 1971 1372 2003 ditecesis,
1394 1972 1421 1998 in
1444 1971 1566 1998 Ecclesia
1591 1970 1774 1998 Alexandrina

989 2029 1072 2048 ausus
1087 2020 1123 2048 sit
1145 2019 1318 2046 anathemate
1331 2018 1415 2044 ferire
1434 2026 1440 2043 :
1457 2024 1511 2044 non
1534 2017 1605 2051 quod
1620 2018 1775 2045 exercuerit

989 2067 1022 2094 de
1039 2066 1211 2093 Thcodoreto
1224 2064 1369 2101 judicium,
1381 2063 1428 2098 qui
1444 2063 1540 2090 fuisset
1556 2070 1690 2090 canonum
1705 2063 1774 2090 into-

988 2113 1111 2139 lerabilis
1122 2114 1313 2145 contemptus;
1329 2109 1376 2137 sed
1394 2108 1491 2136 callide
1504 2108 1663 2140 monachos,
1679 2108 1725 2142 qui
1741 2117 1774 2136 ex

988 2158 1101 2186 Oriente
1115 2159 1273 2183 accusatum
1284 2158 1428 2185 venerant,
1445 2153 1471 2179 in
1485 2152 1629 2179 ecclesiam
1647 2153 1772 2186 induxit;

144 2202 251 2229 striata:
267 2202 355 2229 instar
378 2201 504 2236 imaginis
519 2201 608 2228 varias
639 2207 688 2235 pro
704 2201 780 2227 vario
804 2199 936 2227 intuentis
951 2199 975 2228 D
988 2210 1137 2237 eorumque
1152 2201 1232 2236 178
1245 2204 1302 2227 arte
1324 2200 1360 2227 ita
1372 2198 1518 2226 concitavit
1531 2199 1673 2233 populum,
1686 2202 1716 2225 υι
1732 2202 1774 2225 ιιι-

144 2254 260 2284 aspectu
273 2249 377 2276 formas
393 2249 514 2276 exhibet.
529 2249 631 2276 Verum
644 2248 696 2275 hac
706 2247 740 2274 de
752 2255 781 2274 re
796 2247 824 2273 in
838 2254 934 2274 recen-

144 2295 226 2322 sione
240 2295 303 2322 libri
326 2294 460 2329 prolixius
473 2294 571 2329 agitur.

186 2339 265 2374 177
281 2339 326 2366 IX.
340 2338 400 2366 Non
415 2342 521 2366 tantum
536 2338 607 2373 apud
623 2338 817 2373 imperatorem
829 2337 933 2372 ipsum—

143 2393 201 2419 que
218 2385 344 2413 Proclum
362 2385 443 2420 regis:
456 2385 532 2414 urbis
554 2385 711 2420 episcopum
733 2385 934 2419 expostulatum

142 2436 189 2458 est
203 2431 236 2458 de
249 2431 433 2463 Theodorcto,
449 2431 497 2458 sed
511 2431 583 2466 apud
594 2431 809 2458 Alexandrinum
824 2437 934 2465 quoque

144 2476 319 2509 Dioscorum;
333 2476 367 2503 ad
380 2484 462 2512 quem
475 2484 538 2504 cum
562 2476 743 2504 accessissent
762 2476 856 2503 clerici
872 2476 934 2510 qni-

143 2523 212 2549 dam
235 2522 399 2555 Osdroenes,
425 2523 608 2551 anathematis
636 2522 771 2550 sententia
794 2529 809 2549 a
831 2522 935 2549 Domno

144 2569 282 2603 percussi,
304 2568 491 2600 Theodoreto,
506 2568 603 2596 Domni
630 2567 719 2595 amico
739 2567 882 2602 singulari,
907 2567 934 2594 in

142 2614 264 2642 crimine
286 2615 391 2643 nefario
414 2615 575 2641 concionem
591 2613 620 2641 in
643 2613 720 2641 obitu
733 2613 829 2647 Cyrilli
853 2613 934 2640 habi-

989 2249 1143 2276 multnatim
1170 2246 1314 2273 anathema
1338 2244 1511 2271 Theodoreto
1545 2244 1771 2272 conclamaretur.

988 2293 1150 2321 Tumultum
1165 2299 1230 2319 vero
1246 2289 1345 2325 praesul
1369 2296 1423 2315 non
1446 2288 1529 2315 modo
1547 2296 1602 2315 non
1631 2289 1771 2323 repressit,

988 2340 1035 2367 sed
1050 2343 1126 2367 stans
1138 2338 1164 2364 in
1183 2336 1282 2363 throno
1295 2332 1526 2362 conclarnantlum
1539 2333 1619 2360 fidem
1634 2333 1771 2360 laudavit:

989 2393 1039 2413 nec
1053 2392 1086 2412 eo
1099 2387 1255 2413 contentus,
1270 2379 1535 2414 Constantinopolim
1552 2379 1711 2414 episcopum
1735 2379 1774 2406 le-

987 2431 1071 2467 gavit,
1095 2428 1141 2464 qui
1170 2427 1204 2454 de
1225 2425 1412 2454 Orientalibus
1426 2425 1631 2459 expostularet,
1657 2428 1685 2451 et
1709 2424 1773 2451 facti

987 2478 1119 2505 adversus
1132 2474 1334 2502 Theodoretum
1352 2472 1487 2499 rationem
1500 2471 1637 2498 redderet.

1022 2522 1057 2549 Χ.
1075 2522 1144 2548 Dum
1157 2520 1214 2547 htec
1225 2521 1358 2554 geruntur
1370 2517 1402 2549 κε,
1422 2520 1469 2543 aut
1483 2516 1565 2551 paulo
1579 2520 1653 2547 ante,
1669 2522 1703 2542 ex
1721 2515 1773 2543 hac

987 2568 1044 2594 vita
1069 2565 1186 2593 decessit
1216 2563 1345 2594 Proelus,
1369 2562 1412 2589 vir
1439 2561 1562 2596 apprime
1585 2560 1737 2588 catholicus
1760 2570 1770 2588 -.

988 2611 1110 2642 succedit
1125 2611 1152 2637 in
1173 2609 1265 2638 sedem
1277 2607 1355 2636 urbis
1373 2608 1453 2643 regia:
1475 2606 1630 2638 Flavianus,
1650 2606 1773 2642 martyrii

819 2695 976 2725 SCHULZII
997 2693 1112 2722 NOTAE.

185 2775 210 2812 εξ
222 2775 356 2809 Anatolio,
375 2781 428 2804 etc.
443 2777 505 2804 Vid.
525 2778 607 2812 epist.
625 2777 668 2810 79,
687 2776 732 2809 80,
750 2776 796 2812 8i,
810 2776 854 2804 9|.

145 2809 202 2847 Sed
227 2812 329 2838 nemini
351 2807 427 2839 vana:
453 2820 510 2847 suae
534 2807 696 2847 conjectura:
724 2807 866 2838 veritatem
891 2809 1056 2847 persuadere
1083 2807 1182 2847 potuit.

901 2775 923 2791 ⁸⁸
939 2775 972 2802 Ιη
991 2775 1048 2806 hoc,
1064 2777 1118 2800 etc.
1133 2760 1266 2799 Eamdemi
1273 2769 1369 2806 tibiam
1386 2769 1498 2806 inﬂatin
1516 2767 1661 2806 dis§._2,c.
1675 2767 1702 2806 6Z
1711 2767 1768 2806 .

1227 2807 1250 2822 ⁸⁵
1267 2805 1402 2832 Dioscoro.
1428 2804 1487 2832 Vid.
1513 2808 1532 2830 ι.
1562 2803 1612 2836 IV,
1636 2811 1664 2838 p.
1690 2801 1765 2829 ΠΗ.

143 2847 170 2862 ³⁸
193 2846 261 2872 Dum
278 2847 332 2874 hwc
347 2851 484 2882 geruntur.
501 2840 610 2874 Scilicét
622 2854 693 2874 anno
705 2846 767 2878 447,
787 2850 817 2873 ιιι
840 2847 867 2873 ἱιι
887 2840 1007 2881 margine
1022 2840 1127 2870 monuit
1151 2840 1311 2869 Garnerius.
