1969 3052
185 167 232 199 131

747 162 937 194 GARNERII
957 161 1207 191 DISSERTATIO
1228 162 1252 190 I.

1763 158 1814 191 132

182 225 272 261 palma
285 225 394 252 futurus
405 225 516 252 nobilis.
534 224 573 252 Ad
586 224 659 251 hunc
671 223 872 254 Theodoretus,
886 229 968 256 quem
986 224 1006 249 A
1021 227 1126 251 errore.
1139 220 1222 251 hunc,
1236 218 1423 246 admonitione
1440 223 1608 254 contempta,
1622 218 1759 246 obstinate
1773 227 1818 247 re-

183 271 235 298 sibi
254 271 435 298 faventiorem
452 271 549 297 Proclo
565 269 703 304 sperabat,
724 269 801 296 dedit
820 268 927 295 litteras
941 268 975 299 ⁸⁷,

183 315 378 350 gratulatorias
399 315 529 350 primum,
553 321 616 340 mox
641 311 854 348 deprecatorias,
878 311 979 345 quibus

186 360 348 394 imploraret
363 367 455 394 opem,
470 363 644 394 peteretque,
662 366 696 385 ne
717 358 861 385 audiretur
878 356 979 383 missus

187 405 214 431 in
229 405 327 431 urbem
345 405 448 439 regiam
462 412 476 430 a
491 404 622 431 Dioscoro
641 403 798 438 episcopus,
810 402 857 436 qui
873 405 901 429 et
915 409 979 428 cau-

183 459 227 478 sas
252 450 318 477 dicti
342 450 515 477 Alexandria;
531 450 557 477 in
573 450 778 477 Theodoretum
795 448 979 476 anatltematis

182 499 343 530 exponeret,
365 500 393 522 et
408 495 602 530 imperatorem
624 494 735 530 gravius
750 498 871 530 urgeret.
892 504 901 518 ι
917 495 980 521 Dio-

184 550 292 574 scorus.
317 543 408 577 inquit
431 542 465 575 ⁸⁸,
493 542 727 569 calumniantibus
753 550 834 569 aures
858 542 978 574 tradens,

184 595 242 614 rem
258 596 404 624 aggressus
416 593 467 620 est,
481 596 541 622 quae
554 588 628 615 credi
646 589 803 615 nullatenus
817 593 910 622 queat,
927 588 980 615 nisi

188 638 286 660 testem
310 634 425 660 haberet
444 634 604 660 Ecclesium.
629 634 703 661 Tulit
729 635 802 661 enitn
828 634 907 666 illos,
933 633 981 669 qui

190 679 270 706 nobis
282 679 443 706 'anatltema
454 679 592 711 dicebant,
605 687 776 714 surgensque
790 684 816 706 et
828 680 982 707 acclamans

185 725 295 751 illorum
313 733 396 752 voces
412 725 587 752 confirmavit
602 735 607 751 :
622 725 656 752 ad
682 725 739 753 haec
757 725 864 760 aliquos
879 733 913 752 ex
925 725 981 752 Deo

186 770 357 797 charissimis
371 770 509 805 episcopis
520 771 546 797 in
563 771 659 798 urbem
673 770 775 806 regiam
790 771 874 802 misit.
891 775 922 797 ut
938 778 983 798 ac-

186 816 320 850 cepimus.
342 816 459 851 majores
479 824 593 850 sperans
608 821 704 843 contra
725 823 775 842 nos
790 816 923 843 tumultus
936 824 983 844 ex-

187 862 320 888 citandos.
341 872 350 887 ι

222 907 267 933 XI.
282 907 383 934 Eodem
396 910 558 942 argumento
567 908 677 942 scripsit
689 907 710 923 ⁸³
724 907 814 934 Tauro
824 911 852 934 et
866 907 979 934 Floren—

188 953 227 979 tio
243 953 377 987 patriciis,
394 952 529 988 Lupicino
549 953 680 988 magistro
700 952 866 984 ofliciorum,
880 953 979 980 Eutre-

188 999 251 1025 chio
272 1000 414 1033 prtefecto,
429 1004 455 1026 et
477 999 604 1026 Anatolio
625 999 749 1034 patricio.
772 999 886 1034 Scripsit
909 999 932 1014 ⁹⁰
953 999 981 1026 in

189 1045 312 1072 eamdem
325 1046 489 1072 sententiam
506 1045 539 1072 ad
554 1045 624 1071 alios
636 1046 717 1071 etiam
732 1045 836 1079 plures,
852 1045 909 1072 sive
925 1053 982 1072 ma-

189 1095 295 1125 gnatcs,
308 1091 365 1118 sive
380 1091 539 1125 episcopos,
553 1091 610 1118 sive
636 1091 718 1117 etiam
747 1091 868 1118 illustres
890 1091 982 1118 diaco-

190 1137 278 1164 nissas
290 1137 367 1168 duas,
379 1141 408 1164 ut
419 1145 451 1163 nc
465 1137 605 1164 videretur
617 1137 715 1164 famam
729 1145 805 1164 suam
819 1137 981 1172 neglexisse,

190 1189 270 1215 quam
285 1181 417 1216 integram
430 1180 563 1215 prtestari,
573 1180 685 1215 putabat
696 1180 824 1207 Ecclesia:
837 1181 980 1207 interesse.

190 1226 261 1259 Quin
278 1231 305 1253 et
322 1227 408 1260 ipsius
423 1226 540 1260 impulsu
561 1227 685 1252 Domuus
705 1226 894 1252 Antiochenus
907 1225 983 1253 misit

191 1280 240 1299 sua
255 1280 288 1298 ex
304 1271 415 1298 dimcesi
432 1273 587 1306 episcopos,
605 1271 651 1305 qui
672 1271 752 1297 simul
765 1275 794 1297 et
817 1271 983 1298 Theodoreti

191 1317 376 1351 patrocinium
403 1316 585 1351 susciperent,
611 1320 638 1342 ct
670 1315 772 1342 illatam
799 1316 984 1344 Orientalibus

192 1361 360 1389 Nestoriante
389 1361 501 1388 haeresis
526 1360 690 1387 calumniam
714 1359 861 1391 diluerent,
878 1364 905 1386 et
929 1364 983 1386 tota

193 1414 275 1441 opum
298 1406 324 1432 vi
349 1413 376 1433 se
402 1410 572 1440 opponerent
596 1405 716 1432 Dioscori
744 1405 870 1435 ausibus.
890 1405 985 1432 aliena:

195 1451 323 1479 dimcesis
336 1451 363 1478 iu
377 1452 438 1486 jura
451 1451 606 1478 involantis.

501 1505 614 1533 CAPUT
631 1506 676 1532 IX.

194 1551 216 1579 I.
232 1551 385 1589 -ῘςῃῃοίζκεΔ
407 1551 635 1589 Constantinoppii
673 1552 798 1589 adversus
839 1550 982 1589 Eutychen.
998 1561 1019 1589 ρ

232 1586 342 1618 ILQnis
378 1587 458 1621 ipsius
485 1595 569 1613 error.
602 1587 645 1613 III.
673 1586 823 1613 Damnatur
852 1587 984 1613 obnitente

231 1621 393 1656 Chrysnphio
407 1622 531 1647 eunucho.
546 1622 590 1648 IV.
606 1621 722 1648 Laborat
736 1621 909 1648 Tlteozloretns
921 1630 983 1656 pro-

232 1660 290 1691 pter
304 1657 497 1683 ordinationem
512 1657 734 1692 Irenatirdignmi.
753 1656 784 1683 ν.
801 1656 930 1683 Ιηίίίεἱιιιν
943 1665 985 1692 sy-

232 1691 315 1718 nodus
337 1692 469 1725 Ephesina
495 1699 523 1718 ll.
539 1692 579 1720 νι,
604 1691 678 1718 Vetat
695 1692 850 1726 imperator,
860 1699 899 1726 ine
917 1691 985 1718 adsit

230 1726 413 1761 'Iflteodorrtus.
431 1726 486 1753 VII.
500 1726 536 1752 De
548 1726 721 1761 metropolitis
733 1725 849 1761 ASgypti.
859 1725 925 1752 VIII.
938 1726 986 1753 Ιη-

234 1735 413 1752 uteoaorrzus.
434 1735 486 1753 \tt.
500 1735 536 1752 ue
548 1735 721 1761 metropotms
733 1735 783 1761 Iug
803 1735 849 1759 pit.
864 1735 925 1752 uti.
938 1735 986 1753 1n-

234 1759 372 1788 dictionrm
389 1769 456 1795 wgre
474 1761 521 1794 fert
537 1761 720 1787 Tlteodoretus.
731 1735 826 1792 IX,&.
837 1761 987 1788 Dnmnatur

231 1796 365 1831 conontiis
388 1796 415 1821 in
429 1796 538 1829 synodo,
556 1797 583 1821 in
601 1804 653 1830 qua
676 1795 744 1830 ﬁunt
757 1796 845 1822 omnia
862 1804 908 1831 per
924 1797 985 1823 vim.

234 1829 279 1866 tu.
293 1829 350 1856 XII.
368 1831 433 1857 Acta
450 1831 573 1857 rescindit
587 1829 693 1857 sanctus
711 1830 772 1866 Leo,
788 1831 834 1866 qui
850 1829 939 1858 scribit
953 1832 988 1858 ad

233 1864 402 1900 Theodosium
415 1865 446 1891 de
456 1865 554 1900 synodo
563 1865 725 1900 abroganda.
734 1864 803 1892 XIII.
815 1865 987 1894 Theodoretus

233 1899 351 1935 appellat
383 1899 685 1935 mlrmiapostolicum,
716 1900 867 1935 legatosque
897 1902 985 1928 mittit.

233 1933 302 1961 XIV.
316 1934 384 1961 Petit
415 1933 568 1969 facultatem
583 1935 661 1969 179
688 1936 736 1961 sibi
756 1933 909 1962 dnrieundi
934 1936 988 1962 Ro-

234 1978 316 1999 mam,
330 1974 375 1995 aut
395 1970 429 1996 ad
443 1971 640 1996 monasterium.
654 1970 869 2005 XVJmperator
884 1971 988 2005 repellit

233 2004 384 2040 petitionem
397 2006 481 2040 sancti
495 2005 595 2031 Leonis.
608 2004 677 2031 XVI.
690 2005 831 2031 Pulclteriu
847 2004 925 2040 fratri
937 2015 988 2033 non

233 2038 343 2065 obsistit.
360 2039 440 2066 XVII.
461 2039 632 2066 Theodorum;
648 2048 675 2066 se
700 2045 723 2066 et
740 2041 836 2067 anticus
847 2038 988 2068 consortes

233 2072 345 2100 solatur.
366 2073 458 2101 XVIII.
483 2074 577 2101 Scribit
602 2074 746 2101 Historiam
771 2075 986 2103 ecclesiasticam.

401 2130 438 2154 Ab
451 2138 515 2155 attuo
528 2129 618 2156 Christi
634 2131 678 2155 419
690 2131 720 2155 ad
733 2131 788 2155 451.

232 2183 254 2210 1.
270 2182 369 2210 Coacta
383 2188 426 2210 est
445 2183 554 2210 interim
573 2183 810 2218 Constantinopoli
829 2192 843 2210 a
860 2184 989 2211 Flaviano

1029 266 1160 292 tinuerat.

1064 312 1096 338 II.
1112 313 1177 339 Erat
1194 313 1331 348 Eutyches
1354 312 1566 340 archimandrita
1582 311 1754 339 celeberrimi
1773 321 1817 339 cu-

1026 357 1135 392 jusdam
1153 358 1180 384 in
1196 359 1263 385 urbe
1287 358 1360 393 regia
1381 357 1549 389 monasterii,
1564 357 1610 392 qui
1633 357 1698 384 olim
1723 357 1818 384 Nesto-

1031 404 1113 431 rianze
1127 404 1223 432 haeresi
1239 404 1416 439 proﬂiganda;
1427 411 1483 430 non
1500 402 1667 430 mediocrem
1682 410 1743 431 cum
1755 411 1820 430 san-

1031 454 1076 476 cto
1089 449 1223 476 Dalntatio
1236 454 1349 476 navarat
1359 457 1480 484 operam.
1500 448 1694 476 Partiebantur
1708 448 1746 475 illi
1764 448 1820 475 duo

1031 495 1158 522 monachi
1180 496 1372 522 auctoritatem
1384 495 1469 528 aulae;
1484 499 1512 522 et
1525 499 1658 529 quantum
1671 494 1821 522 Dalmatius

1031 541 1105 575 apud
1126 542 1319 576 imperatorem
1347 546 1460 577 propter
1479 541 1631 568 sanctitatis
1651 541 1820 575 opinionem,

1033 591 1138 613 tantum
1154 587 1291 622 Eutychos
1303 586 1374 621 apud
1397 586 1596 621 Chrysaphium
1610 586 1717 620 imperii
1731 586 1821 613 admi-

1032 632 1160 663 nistrum,
1175 640 1309 667 suumque
1326 632 1353 658 in
1372 632 1510 666 baptismo
1527 636 1696 666 susceptum,
1708 633 1821 667 propter

1033 678 1223 712 cognationem
1236 677 1404 713 spiritualem
1420 677 1537 704 valebat.
1554 676 1675 711 Uterque
1685 684 1752 703 vero
1770 676 1822 703 fuit

1036 723 1241 751 addietissimus
1268 723 1370 758 Cyrillo
1392 731 1398 749 :
1420 730 1482 750 nam
1508 722 1551 749 vir
1577 721 1820 756 prudentissimus,

1032 774 1213 804 praterquam
1233 769 1307 804 quod
1329 777 1378 804 pro
1394 768 1446 796 fide
1467 768 1568 795 acriter
1583 768 1730 803 pugnabat,
1747 768 1820 802 quod

1033 814 1085 841 fuit
1105 815 1172 842 viris
1194 815 1275 842 bonis
1298 815 1466 842 incentivum
1490 814 1524 842 ad
1555 822 1693 846 amorem,
1722 814 1822 841 litteris

1034 861 1091 888 suis
1106 860 1304 888 monachorum
1316 860 1392 887 urbis
1411 860 1492 895 regia:
1502 860 1606 891 Patres,
1620 867 1689 894 quos
1708 864 1822 886 noverat

1033 906 1061 933 in
1079 906 1140 932 aula
1158 906 1285 941 religiosa
1301 906 1369 932 nihil
1383 913 1439 932 non
1452 913 1546 940 posse,
1565 907 1592 932 in
1611 908 1714 939 partem
1730 905 1822 932 consi-

1031 952 1133 978 liorum
1147 957 1174 979 et
1187 959 1285 986 pugna:
1299 959 1411 983 vocans,
1422 952 1522 978 mirum
1541 955 1674 985 quantum
1689 950 1741 978 sibi
1755 958 1822 978 con-

1032 997 1181 1024 ciliaverat.
1198 997 1234 1024 Ut
1248 1001 1338 1023 autem
1352 997 1415 1024 fidei
1427 997 1512 1028 zelus,
1530 997 1708 1031 virorumque
1729 996 1824 1023 docto-

1033 1050 1094 1069 rum
1122 1049 1207 1073 amor,
1224 1042 1245 1069 si
1268 1042 1379 1076 quando
1403 1041 1530 1069 inciderit
1554 1042 1580 1068 in
1602 1041 1727 1069 homines
1745 1041 1823 1069 valde

1034 1087 1136 1119 bonos,
1158 1095 1206 1114 eos
1233 1087 1324 1114 reddit
1350 1087 1445 1114 faciles
1466 1087 1556 1122 decipi
1584 1095 1598 1115 a
1625 1088 1824 1115 vetcraloribus

1033 1133 1162 1168 pietatem
1183 1133 1324 1164 mentitis;
1337 1133 1376 1160 sic
1387 1133 1530 1168 Eutychen
1539 1134 1688 1168 propensio
1699 1133 1725 1160 in
1738 1132 1825 1168 Cyril-

1032 1180 1100 1211 lum,
1113 1179 1243 1206 etodium
1257 1179 1387 1210 Nestorii.
1400 1179 1542 1206 monachis
1552 1179 1677 1206 Armenis
1692 1179 1824 1214 Cyrillum

1034 1233 1104 1260 pene
1127 1225 1316 1256 adorantibus,
1342 1225 1498 1252 Nestorium
1523 1225 1599 1252 velut
1619 1225 1694 1252 orbis
1720 1229 1824 1260 pestem

1034 1268 1252 1300 exsecrantibus,
1265 1268 1312 1295 sed
1328 1269 1487 1303 Apollinarii
1505 1269 1599 1295 morbo
1616 1269 1731 1302 affectis,
1744 1277 1826 1296 aures

1035 1314 1156 1348 praebere
1173 1314 1316 1348 compulit,
1330 1322 1362 1341 ac
1375 1314 1549 1341 sermonibus
1561 1314 1641 1341 fidem
1654 1314 1730 1341 dare.

1072 1358 1187 1393 Propter
1206 1359 1352 1386 nonnullas
1372 1359 1456 1394 igitur
1477 1358 1571 1394 Cyrilli
1592 1359 1742 1386 sententias
1756 1360 1825 1386 male

1037 1406 1200 1438 intellectas,
1213 1406 1321 1434 somnio
1337 1406 1454 1433 similem
1466 1405 1530 1432 fecit
1543 1405 1668 1437 ltmresin.
1689 1409 1736 1432 aut
1750 1405 1827 1434 facta

1035 1451 1129 1486 potius
1142 1451 1176 1478 ab
1197 1451 1326 1478 Armenis
1341 1450 1483 1478 monachis
1498 1458 1597 1477 nomen
1620 1450 1706 1478 dedit.
1719 1450 1825 1483 Aiebat,

1036 1501 1067 1523 ut
1087 1496 1189 1528 ferunt,
1203 1496 1272 1523 duas
1293 1495 1375 1523 fuisse
1392 1495 1502 1530 quidem
1517 1500 1580 1522 ante
1596 1495 1725 1523 unionem
1748 1501 1827 1522 natu-

1037 1550 1092 1574 ras,
1105 1541 1152 1569 sed
1175 1542 1209 1569 ab
1227 1541 1352 1569 unitione
1372 1549 1454 1568 unam
1480 1549 1622 1568 remanere
1650 1541 1677 1569 in
1700 1540 1825 1571 Christo:

1036 1587 1096 1621 ejus
1109 1594 1220 1614 carnem
1234 1594 1290 1613 non
1303 1595 1364 1614 esse
1378 1591 1480 1614 nostrae
1493 1587 1765 1616 consubstantialem.
1778 1585 1826 1613 sed

1036 1633 1106 1660 ctelo
1119 1633 1232 1667 lapsam,
1256 1640 1305 1667 per
1322 1633 1443 1668 Virginis
1458 1636 1567 1659 uterum
1585 1633 1726 1660 lransiisse
1742 1633 1826 1659 veluti

1036 1685 1086 1712 per
1098 1678 1220 1705 canalem
1232 1698 1238 1710 ,
1257 1682 1285 1704 et
1296 1678 1333 1705 ita
1352 1678 1379 1704 in
1396 1678 1484 1705 lucem
1499 1677 1632 1712 prodiisse
1646 1687 1652 1704 :
1671 1686 1731 1712 qua:
1746 1686 1827 1705 causa

1037 1722 1101 1754 fuit,
1113 1727 1143 1750 ut
1157 1731 1171 1750 a
1185 1723 1278 1760 _Leone
1295 1723 1392 1758 Magno
1406 1724 1428 1739 ³³
1447 1723 1586 1750 diceretur
1601 1723 1681 1758 180
1695 1724 1721 1750 in
1735 1731 1827 1751 veram

1039 1767 1156 1803 Virginis
1179 1762 1394 1802 maternitatem,
1420 1770 1534 1804 perinde
1560 1777 1592 1796 ac
1609 1769 1762 1801 Nestorius,
1786 1777 1829 1796 er-

1039 1820 1125 1840 rasse.
1145 1813 1249 1840 Verum
1283 1814 1404 1841 hominis
1431 1814 1595 1849 desipientis
1622 1815 1655 1841 ab
1681 1818 1771 1847 astate,
1801 1820 1829 1842 et

1039 1859 1127 1894 ignari
1144 1867 1194 1894 per
1213 1867 1253 1892 se,
1264 1864 1293 1887 et
1305 1868 1320 1887 a
1336 1860 1581 1895 prwstigiatoribus
1592 1860 1718 1887 Armenis
1728 1860 1828 1893 delusi,

1039 1908 1066 1931 et
1085 1905 1143 1932 suis
1167 1905 1276 1933 duobus
1298 1906 1441 1933 monachis
1461 1906 1642 1933 Constantino
1665 1909 1693 1932 et
1719 1906 1829 1933 Eleusio

1039 1951 1161 1982 creduli,
1180 1951 1284 1986 opinio,
1301 1959 1352 1979 nec
1376 1960 1430 1979 una
1456 1951 1524 1984 fuit,
1542 1959 1594 1978 nec
1617 1956 1756 1984 constans,
1780 1951 1829 1979 sed

1040 1997 1252 2030 commutabilis,
1269 2001 1351 2032 prout
1367 1998 1537 2024 contrarium
1549 1996 1679 2031 quiddam
1696 1997 1739 2023 vel
1757 1996 1830 2031 obji-

1040 2047 1163 2075 ceretur,
1181 2043 1224 2070 vel
1235 2043 1319 2069 etiam
1334 2043 1485 2070 diceretur.

1074 2089 1119 2116 Ill.
1134 2090 1283 2116 Damnatus
1297 2093 1339 2116 est
1353 2096 1367 2116 a
1381 2089 1500 2115 Flaviani
1513 2087 1626 2123 synodo,
1643 2087 1828 2122 nequidquam

1041 2135 1184 2163 obtinente
1206 2135 1377 2171 Chrysaphio
1402 2134 1541 2165 eunucho,
1563 2141 1645 2168 quem
1667 2133 1757 2160 minus
1772 2132 1829 2159 Eu-

1043 2181 1132 2216 tychis
1152 2188 1332 2214 amor,quam
1359 2179 1479 2207 Flaviani
1499 2179 1592 2206 odium
1614 2179 1738 2218 urgebat.
1751 2179 1831 2205 Dam-

200 2228 330 2263 synodus,
352 2237 412 2262 qua:
440 2229 615 2264 consignatur
637 2229 747 2256 Zenone
763 2233 791 2255 et
813 2229 989 2256 Posutmiano
1005 2237 1029 2266 ι)
1043 2227 1180 2253 nationctn
1198 2231 1352 2253 consecuta:
1369 2230 1434 2252 sunt
1445 2225 1541 2258 turbae,
1551 2229 1664 2259 propter
1675 2231 1743 2259 quas
1756 2229 1830 2259 post-

200 2281 270 2300 coss.
289 2281 324 2300 l\'.
342 2271 381 2300 Id.
394 2273 526 2300 Novemb.
541 2274 601 2301 Non
623 2274 674 2301 fuit
701 2273 817 2301 fortasse
838 2274 989 2307 ordinaria,

201 2319 249 2346 sed
260 2323 290 2345 ut
306 2319 408 2346 habent
419 2323 489 2351 acta,
503 2319 666 2354 ὲνδημοῦσα,
680 2327 713 2346 ex
728 2320 762 2346 iis
775 2327 872 2354 nempe
884 2319 992 2354 episco-

201 2363 253 2399 pis,
267 2364 314 2398 qui
337 2365 438 2398 reperti
463 2369 527 2392 sunt
549 2365 577 2392 in
599 2365 743 2393 comitatu.
757 2365 842 2392 Erant
868 2373 934 2392 vero
957 2366 992 2393 de

202 2417 278 2436 more
303 2409 424 2444 plurimi.
448 2409 626 2437 Occasionem
647 2410 669 2426 ⁹¹
692 2410 821 2445 cogendae
843 2410 908 2437 fecit
931 2414 990 2438 orta

202 2455 318 2489 quzestio
342 2455 413 2483 inter
429 2456 600 2483 Florentium
631 2456 757 2483 Sardium
784 2456 945 2488 antistitem,
965 2460 992 2483 et

203 2499 273 2527 duos
290 2501 350 2536 ejus
365 2501 514 2536 provincia:
537 2501 682 2536 episcopos
691 2501 824 2528 Joannem
848 2505 876 2528 et
895 2501 988 2528 Cossi-

204 2545 281 2572 nium
298 2555 304 2572 :
321 2554 373 2580 qua
391 2546 469 2574 facile
489 2546 574 2579 ﬁnita,
590 2551 680 2574 aetum
703 2551 755 2578 est,
775 2550 921 2574 accusante
938 2546 993 2573 Eu-

206 2590 283 2617 sebio
298 2591 411 2626 Dorylazi
423 2592 564 2626 episcopo,
576 2591 610 2618 de
623 2591 745 2626 Eutyche
760 2591 930 2626 presbytero,
945 2591 992 2625 qui

206 2634 306 2669 saepius
321 2635 355 2663 ab
370 2636 488 2664 Eusebio
506 2637 593 2664 amice
614 2636 770 2663 admonitus
788 2636 822 2663 de
839 2636 994 2671 abjiciendo

1044 2271 1155 2298 modutn
1181 2271 1349 2298 latrocinalis
1371 2271 1490 2305 primum
1516 2270 1636 2306 synodus
1660 2270 1797 2304 Ephesina
1815 2277 1829 2296 a

1045 2318 1211 2349 Theodosio,
1232 2317 1332 2344 deinde
1355 2317 1587 2344 Chalcedonensis
1613 2315 1782 2343 (Βονωεηὶοδ
1816 2323 1832 2341 a

1045 2363 1191 2394 Marc-iano.
1207 2362 1508 2397 Constantinopolitano
1531 2364 1538 2371 ‘
1555 2361 1674 2396 denique
1697 2361 1832 2397 generalis

1046 2409 1166 2436 secunda
1191 2409 1271 2443 longo
1295 2412 1357 2443 post
1372 2413 1493 2443 tempore
1516 2415 1531 2434 a
1556 2407 1710 2434 Justiniano
1738 2411 1831 2434 coacta

1044 2458 1096 2481 est.

1081 2501 1126 2528 IV.
1152 2502 1264 2529 Interim
1281 2502 1472 2529 Theodoretus
1493 2500 1730 2536 Constantinopoli
1762 2499 1833 2527 male

1046 2547 1185 2579 audiebat,
1195 2556 1249 2574 non
1266 2552 1371 2574 tantum
1383 2547 1515 2574 doctrinm
1526 2555 1608 2574 causa
1623 2547 1832 2580 turbarumque,

1047 2600 1115 2627 quas
1131 2592 1230 2625 ciebat.
1248 2593 1294 2620 sed
1311 2593 1393 2620 etiam
1417 2597 1531 2628 propter
1553 2592 1756 2620 ordinationem
1778 2591 1834 2619 Ire-

1047 2638 1097 2664 ntei
1111 2638 1222 2673 digami.
1244 2638 1306 2665 Fuit
1330 2639 1449 2666 Ircmeus
1463 2645 1557 2665 comes
1580 2638 1625 2665 ille
1636 2658 1643 2670 ,
1657 2638 1736 2673 cujus
1762 2636 1834 2664 inter

871 2712 1027 2740 SCIIULZII
1049 2714 1164 2742 NOTAE.

249 2770 272 2786 ⁸⁷
290 2769 413 2796 Litteras.
428 2769 487 2796 Vid.
507 2769 587 2804 epist.
608 2777 626 2795 Il
649 2773 677 2796 et
704 2770 747 2801 86,
772 2774 791 2796 t.
807 2771 850 2797 IV.

208 2805 288 2840 epist.
306 2806 340 2831 88
357 2805 400 2831 9|.

722 2771 747 2808 β,
772 2774 791 2796 ι.
807 2771 850 2808 l_\_'_.
904 2771 926 2808 "_“
944 2771 1125 2808 quun._vid.
1154 2772 1243 2808 LJV,

456 2805 478 2820 νο
491 2804 612 2840 Scripsit.
630 2810 682 2831 etc.
699 2805 756 2832 Vid.
775 2810 794 2832 t.
818 2806 861 2836 tv,
876 2806 956 2840 epist.
974 2804 1086 2834 93-l08.

1281 2792 1286 2798 .
1321 2772 1398 2798 1156.
1450 2773 1471 2788 ευ
1487 2772 1607 2807 Scripsit.
1641 2772 1750 2807 Vidut.
1786 2771 1831 2804 tv,

1138 2808 1157 2822 ⁰¹
1177 2806 1354 2836 Occasionem.
1373 2812 1426 2834 etc.
1443 2807 1504 2835 Vid.
1528 2807 1588 2834 Art.
1604 2815 1681 2834 conc.
1699 2806 1833 2835 Constan—

210 2839 381 2877 ιῖιιφροῇῐιηιί
401 2840 503 2867 inserta
532 2839 607 2866 Actis
627 2847 703 2867 conc.
730 2839 973 2868 Chalcedonensis.
1011 2841 1033 2856 "
1054 2841 1085 2867 fit
1105 2850 1120 2867 η
1136 2842 1222 2868 Lrone
1248 2846 1299 2868 etc.
1328 2841 1386 2868 \‘id.
1407 2843 1507 2870 Leonis
1531 2842 1565 2870 Μ.
1581 2842 1735 2877 epistolam,
1751 2846 1771 2868 t.
1787 2840 1832 2873 IV,

211 2883 237 2909 ρ.
259 2874 324 2901 H293
340 2882 416 2908 seqq.
