1969 3052
135 125 178 157 133
701 125 882 155 HISTORIA
901 125 1155 157 THEODORETI.

1709 128 1760 159 i134.

133 179 262 214 agendum
279 179 313 206 de
342 177 448 214 synodo
467 177 604 212 Ephesina
629 178 731 204 mentio
755 178 815 208 fuit.
838 179 920 205 homo
936 183 956 207 Λ
972 181 1016 214 qui
1036 181 1081 206 sub
1097 181 1176 215 ipsiet
1193 182 1315 216 (trgi-rent
1332 183 1443 214 dimensi,
1460 188 1483 209 rt
1499 183 1559 210 aliis
1580 183 1700 211 similiter
1715 186 1761 212 de—

133 231 239 261 propter
254 224 396 259 perﬁdiam
418 224 577 258 imperatori
595 224 709 255 invisus,
725 223 772 258 qui
786 224 919 258 dignitate

133 269 235 300 comitis
252 272 386 307 privatus,
400 276 428 298 et
448 272 553 306 eiectus
572 271 644 301 aula,
667 270 693 297 in
713 270 853 297 Orientem
878 278 920 297 se—

133 323 247 346 cesserat
258 318 330 353 apud
343 326 400 345 sua»,
414 317 540 344 factionis
560 317 672 344 amicos.
687 316 836 344 Ordinatus
849 322 890 344 est
905 325 918 344 a

133 364 302 391 Theodoreto
317 363 463 398 episcopus
479 362 554 398 Tyri,
577 370 731 397 quanquam
749 370 801 389 non
818 368 871 389 tam
884 363 919 390 ob

132 410 262 437 secundas
278 418 341 437 suas
356 410 476 444 nuptias,
492 417 574 443 quam
597 409 632 435 ob
657 414 811 443 suspectata
838 409 919 436 [idem

133 461 157 482 et
179 455 296 483 Nestorii
322 455 448 490 pertinax
473 454 595 481 studium
625 454 753 489 indignus
778 459 849 486 erat,
872 454 919 488 qui

131 502 277 529 Ecclesiam
294 501 377 528 ullam
395 505 512 535 regeret,
533 501 620 526 multo
632 500 724 526 minus
736 500 844 536 Tyriam
861 508 920 526 me-

132 548 295 583 tropolitano
306 547 369 582 jure
387 546 507 573 nobilem
527 555 533 572 :
553 554 637 581 quare
653 546 828 581 imperatoris
842 547 920 582 jussu

132 596 158 622 in
182 594 306 621 ordinem
326 593 453 620 redactus
472 597 531 624 est,
549 600 580 619 ac
606 593 696 627 patrio
715 593 773 619 solo
800 592 920 619 cireum-

132 640 258 675 scriptus.

165 687 240 714 Fecit
267 690 298 713 ea
327 689 390 717 tes,
413 690 442 712 ut
463 685 655 712 Theodoretus
679 685 814 719 penderet
836 684 920 711 anilni

131 731 239 764 dubius,
254 731 320 766 quid
341 735 403 766 post
428 730 608 766 dejectionem
631 730 725 757 lren:ci
746 734 838 764 ageret
860 739 865 755 ε
887 738 921 756 an

131 778 271 805 ordinaret
289 777 404 804 alterum
416 797 423 808 ,
437 776 578 811 profectus
604 776 722 811 Tyrum;
739 783 774 802 an
799 783 828 802 sc
850 775 921 811 Cyro

131 824 294 855 contineret,
311 827 340 850 ut
364 827 424 850 erat
443 823 553 858 jussus,
579 821 744 856 viduamque
773 821 836 857 Tyri
872 822 922 849 lic-

131 871 240 897 clesiam
268 869 449 904 relinqueret.
470 868 603 902 Utrinque
626 868 786 902 perplexum
809 868 921 895 videbat

131 915 280 950 negotium,
292 923 354 942 cum
369 919 466 941 neutra
486 921 549 948 pars
572 912 674 939 invidia
691 917 813 945 careret,
826 918 854 939 et
865 913 923 938 ani—

131 970 192 989 mus
217 967 308 989 tamen
331 961 358 988 in
371 961 515 993 Irenaeum,
530 959 708 987 consiliorum
732 959 796 986 olim
817 959 923 994 adjuto—

131 1015 197 1039 rem,
215 1007 408 1042 propenderet.
885 1001 889 1004 ”

167 1054 196 1081 ν.
212 1053 323 1081 interim
336 1053 358 1068 "’
374 1052 539 1088 Chrysaphii
559 1051 681 1079 eunuchi
695 1051 812 1081 artibus,
828 1049 921 1077 Eudo-

132 1100 235 1134 xiacque
258 1099 370 1133 reginm,
387 1098 517 1125 muliebri
535 1098 564 1125 in
591 1098 749 1124 Flavianum
771 1096 923 1123 Pulcheria:

131 1147 265 1174 faventem
281 1146 345 1172 odio
360 1145 461 1172 factum
476 1149 527 1177 est,
540 1149 569 1171 ut
581 1144 676 1171 uxoria
690 1143 820 1170 facilitate
831 1142 922 1168 Theo~

131 1193 225 1219 dosius
236 1192 369 1227 Eutychis
381 1199 490 1218 causam
508 1191 666 1226 recognosci
681 1189 771 1220 vellet,
787 1188 922 1222 simulque

132 1237 165 1263 de
190 1237 319 1264 Flaviano
342 1236 438 1262 haberi
456 1235 600 1270 judicium.
621 1235 648 1261 Id
671 1241 737 1260 vero
755 1233 846 1260 aiebat
867 1240 923 1266 prre

132 1283 259 1309 illusione
282 1280 310 1308 id
330 1281 419 1316 ipsum
442 1289 519 1312 esse,
549 1279 622 1314 quod
649 1279 814 1313 Ephesiuam
842 1277 922 1304 [idem

131 1327 235 1354 ﬁrmari
250 1336 256 1353 :
269 1334 354 1362 quare
367 1326 440 1361 quod
450 1325 611 1361 jamdudum
626 1329 783 1358 susceperat
796 1323 924 1358 cogendae

131 1374 226 1409 synodi
240 1373 418 1400 oecumenica:
430 1372 588 1403 consilium,
600 1371 821 1406 deposueratque
835 1369 921 1404 gravi-

132 1421 184 1448 bus
205 1420 238 1447 dc
252 1420 352 1450 causis,
373 1419 520 1453 resumpsit
544 1417 664 1449 tandem,
678 1416 866 1452 synodumque
889 1416 921 1442 ad

131 1465 266 1493 lialendas
291 1465 405 1500 Augusti
436 1464 536 1499 Ephesi
559 1462 762 1493 celebrandam,
792 1462 923 1488 Dioscoro

131 1512 247 1547 praeside
268 1512 375 1538 indixit.

167 1558 246 1585 Missa
258 1558 281 1573 “
294 1562 337 1586 cst
361 1557 518 1584 evocatoria
530 1556 634 1584 sanctio
653 1556 688 1583 ad
700 1563 796 1583 omnes
811 1562 922 1590 magna-

132 1612 194 1631 rum
225 1604 334 1632 sedium
362 1603 510 1636 antistites,
530 1602 557 1630 id
572 1607 626 1635 est,
643 1602 678 1629 ad
700 1607 824 1629 sanctum
852 1601 923 1629 Leo-

131 1657 196 1676 nem
219 1650 323 1682 Romae,
339 1649 418 1684 181
438 1649 599 1676 Dioscorum
615 1647 801 1680 Alexandriae,
816 1647 923 1674 Flavia-

130 1702 198 1722 num
211 1694 497 1729 Constantinopoleos,
516 1694 652 1721 Donmum
667 1693 829 1723 Antiochia,
842 1693 924 1720 Juve-

131 1741 223 1767 nalem
254 1740 505 1775 Hierosolymorum
536 1738 697 1774 episcopum
724 1747 731 1764 :
760 1738 854 1769 missa,
880 1738 924 1764 in—

130 1793 226 1820 quam,
251 1785 350 1819 partim
378 1783 521 1814 eadem.si
545 1783 615 1810 ratio
637 1783 772 1810 habeatur
792 1783 923 1817 prmcipui

130 1830 254 1865 negotii;
271 1829 369 1864 partim
385 1829 505 1861 diversa,
522 1829 545 1856 si
561 1829 688 1863 specialia
713 1828 837 1863 quaedam
863 1835 923 1855 mo-

131 1877 189 1903 nita
206 1881 233 1903 et
246 1876 321 1910 jussa
334 1880 502 1910 spectantur.
517 1875 546 1902 ld
560 1875 763 1909 intelligiturex
777 1875 846 1902 actis
857 1882 924 1902 con-

130 1922 200 1949 cilii.
219 1921 347 1948 Eamdem
371 1920 552 1952 demonstrat,
575 1920 649 1954 quod
664 1924 726 1954 post
750 1920 848 1947 lectam
860 1927 924 1947 san-

130 1968 256 1996 ctionum
286 1975 385 2000 unam,
404 1967 602 1994 Constantinus
628 1966 738 1994 concilii
762 1967 926 1994 secretarius

131 2013 215 2045 dixit,
231 2013 321 2039 eodem
340 2017 430 2039 tenore
442 2013 571 2047 sqiptum
589 2020 643 2039 esse
663 2011 723 2038 aliis
738 2012 924 2038 reverendissi-

131 2059 184 2085 mis
200 2059 336 2093 episcopis,
347 2063 375 2085 ut
392 2059 419 2084 in
438 2058 568 2093 synodum
583 2058 759 2084 convenirent.
777 2057 924 2084 Diversita-

131 2109 190 2132 tem
215 2105 346 2137 ostendit,
370 2104 443 2139 quod
463 2108 544 2131 antea
570 2103 681 2138 legitur,
701 2103 796 2130 haberi
827 2110 924 2137 nempe

131 2157 189 2185 prze
209 2149 335 2176 manibus
362 2149 396 2175 τὰ
411 2149 470 2175 Θείει
486 2148 638 2184 Γράμματα
661 2148 695 2174 τὰ
708 2148 842 2183 διαφόρως
855 2149 925 2174 ἀπο-

970 234 1024 252 cem
1039 227 1137 252 sancti:
1153 228 1288 262 episcopis,
1303 237 1424 254 sermone
1439 235 1462 255 cl
1479 231 1530 255 vita
1547 231 1658 261 ornatis,
1674 232 1718 265 qui
1735 232 1761 258 in

970 272 1090 299 doctrina
1113 278 1137 299 ιι
1164 275 1272 301 scientia
1300 280 1376 301 γένεια
1399 280 1479 311 atque
1500 276 1680 303 immaculata:
1700 277 1763 311 ﬁdei

971 319 1042 354 apud
1061 323 1165 345 cunctos
1185 321 1338 350 eminerent.
1357 322 1482 356 proximis
1505 322 1632 350 Kalendis
1652 324 1763 358 Auguin

971 364 1104 399 Ephesum
1123 366 1260 392 convenire.
1284 367 1429 400 fc-stinarct.
1452 367 1520 394 Cum
1546 369 1642 395 eodem
1670 373 1763 396 tenore

971 410 1104 445 scriptum
1122 410 1158 437 sit
1174 416 1198 438 ct
1219 412 1281 438 aliis
1296 412 1442 447 episcopis,
1462 413 1489 440 id
1508 421 1541 441 eo
1560 422 1642 441 sensu
1660 415 1763 442 intelli-

971 457 1090 491 gendum
1106 457 1200 492 procul
1217 458 1301 485 dubio
1321 462 1375 490 est,
1395 467 1450 494 quo
1468 460 1609 494 pertinere
1625 461 1715 495 potuit
1728 460 1763 488 ad

972 503 1104 537 singulos,
1123 511 1221 539 nempe
1247 509 1276 531 ut
1296 504 1342 539 qui
1358 506 1546 540 metropolitas
1566 506 1680 533 haberet
1700 514 1763 541 pro-

972 549 1031 583 prie
1052 549 1157 581 dictos,
1184 554 1215 577 ut
1231 550 1435 582 Antiochenus,
1456 559 1504 578 eos
1529 552 1692 584 adduceret;
1714 553 1763 587 qui

972 599 1089 626 careret,
1105 595 1306 630 prmcipuarum
1330 596 1472 623 civitatum
1494 598 1658 632 praasulibus
1677 599 1763 625 comi-

973 639 1095 666 tantibus
1114 640 1230 667 veniret.

1007 685 1062 712 Vll.
1084 686 1254 713 Evocatorize
1273 687 1323 714 ista
1343 687 1534 722 interpretatio
1551 689 1651 717 evertit
1669 689 1766 718 funda-

972 734 1107 762 mentum,
1123 738 1178 765 quo
1197 738 1274 758 suam
1297 736 1424 758 astruunt
1446 733 1617 767 opinionem,
1637 733 1684 768 qui
1706 742 1765 761 me-

973 776 1117 811 tropolitas
1134 777 1243 811 proprie
1258 777 1346 804 dictos
1363 777 1407 805 his
1423 779 1593 813 temporibus
1608 780 1634 806 in
1652 779 1764 808 dioecesi

972 822 1129 858 Egyptiaca
1143 822 1226 850 fuisse
1238 823 1344 858 aliquos
1359 825 1493 852 scribunt.
1507 825 1685 859 Metropolita‘.
1699 833 1765 861 pro-

973 868 1032 902 prie
1044 868 1183 901 dicuntur,
1200 876 1255 896 non
1267 870 1313 904 qui
1327 870 1526 905 prmeipuarum
1539 871 1648 898 urbium
1660 871 1766 906 episco-

974 918 1067 948 patum
1087 919 1194 949 gerant,
1215 915 1264 942 scd
1285 916 1332 950 qui
1353 916 1522 943 convocandi
1545 924 1599 944 sua:
1620 917 1766 952 provincias

973 960 1101 992 concilii,
1124 961 1326 996 exercendique
1349 961 1383 988 de
1407 962 1537 996 subjectis
1562 962 1700 997 episcopis
1719 963 1765 998 ju-

973 1005 1038 1031 dicii
1062 1005 1107 1038 jus
1131 1005 1284 1033 obtineant.
1305 1006 1373 1033 Nam
1400 1007 1508 1034 tametsi
1532 1007 1674 1040 noverim,
1694 1007 1766 1035 inter

973 1049 1097 1076 eruditos
1114 1049 1142 1076 in
1158 1051 1376 1078 controversiam
1391 1051 1494 1083 vocari,
1509 1059 1544 1078 an
1558 1052 1634 1078 solus
1646 1052 1765 1079 Alexan-

973 1094 1071 1122 drinus
1085 1095 1131 1130 jus
1144 1095 1267 1128 haberet,
1283 1097 1357 1130 quod
1373 1096 1476 1124 dictum
1492 1101 1543 1129 est,
1555 1097 1655 1132 aliique
1670 1105 1766 1124 omnes

974 1141 1058 1167 totius
1076 1141 1242 1176 Aigyptiacze
1262 1141 1391 1169 dioecesis
1411 1143 1542 1177 praesules
1560 1151 1641 1177 pares
1658 1143 1765 1177 aliqua-

974 1191 1054 1214 tenus
1074 1191 1180 1219 essent;
1206 1188 1329 1214 noverim
1355 1189 1459 1223 paritcr
1481 1196 1564 1223 super
1585 1197 1617 1216 ea
1641 1197 1670 1216 re
1691 1189 1766 1216 viros

974 1232 1043 1259 duos
1066 1232 1173 1267 egregie
1196 1232 1291 1259 doctos
1316 1233 1425 1267 scriptis
1440 1241 1596 1268 pugnasse:
1614 1233 1701 1260 dicam
1723 1238 1765 1260 ta-

974 1286 1048 1310 men,
1068 1278 1169 1312 quibus
1195 1278 1346 1305 rationibus
1369 1278 1505 1305 adductus
1525 1278 1586 1311 sim,
1607 1279 1641 1306 ad
1660 1279 1765 1314 negati-

973 1332 1034 1352 vam
1054 1330 1158 1359 partem
1177 1323 1388 1351 defendendam.

1008 1371 1198 1398 Animadverti
1216 1371 1306 1406 primo
1319 1371 1347 1398 in
1359 1371 1499 1406 prioribus
1511 1376 1629 1406 quatuor
1642 1371 1766 1399 conciliis

974 1417 1161 1449 meumenicis,
1178 1417 1278 1451 quibus
1296 1418 1484 1445 interfuerunt
1503 1417 1572 1445 bene
1588 1417 1667 1445 multi
1686 1417 1767 1453 Egy-

973 1462 1033 1496 ptii,
1045 1463 1280 1498 metropolitarum
1288 1463 1477 1498 Egyptiorum
1497 1463 1598 1490 nullam
1614 1463 1674 1490 tleri
1687 1471 1765 1490 men-

976 1508 1092 1539 tionem,
1109 1508 1153 1534 ubi
1172 1509 1286 1536 maxime
1299 1509 1381 1540 solet,
1398 1517 1497 1543 nempe
1509 1509 1536 1535 in
1551 1508 1766 1543 subscriptioni-

975 1553 1026 1580 bus
1040 1562 1046 1580 ;
1063 1554 1163 1581 nullam
1177 1554 1303 1581 similiter
1316 1554 1342 1581 in
1355 1554 1492 1588 Ephesino
1510 1554 1666 1581 Latrocinio
1680 1563 1686 1580 :
1702 1554 1768 1581 nul-

973 1599 1027 1626 lam
1041 1600 1068 1626 in
1081 1599 1205 1626 conciliis
1218 1600 1297 1634 182
1312 1599 1529 1634 pr0vincialibus
1544 1600 1571 1626 in
1581 1599 1700 1635 Egypto
1717 1599 1765 1627 ha-

974 1645 1039 1672 bitis
1058 1654 1063 1672 :
1082 1645 1184 1672 nullam
1210 1645 1237 1671 in
1260 1645 1368 1678 litteris,
1386 1646 1444 1672 sive
1462 1645 1617 1677 Athanasii,
1639 1645 1697 1672 sive
1712 1645 1766 1681 Cy-

974 1691 1028 1718 rilli
1057 1691 1090 1717 ad
1111 1699 1167 1718 suae
1187 1691 1335 1726 provinciae
1352 1691 1510 1726 episcopos;
1528 1691 1628 1719 deinde
1651 1698 1699 1718 eos
1718 1691 1766 1726 qui

974 1740 1162 1764 memorantur
1177 1744 1192 1763 a
1209 1737 1369 1763 recentioris
1379 1737 1430 1763 aevi
1450 1736 1641 1772 scriptoribus,
1660 1737 1668 1746 ‘
1685 1736 1766 1763 insti-

975 1787 1049 1810 tutos
1067 1791 1122 1810 non
1134 1790 1196 1810 esse
1207 1786 1269 1810 ante
1289 1782 1436 1809 Justiniani
1449 1783 1623 1817 imperatoris
1633 1786 1765 1816 tempora.

975 1829 1032 1856 lmo
1046 1829 1119 1864 quod
1132 1828 1165 1856 ad
1197 1836 1255 1855 rem
1271 1833 1435 1863 praesentem
1458 1828 1532 1860 facit,
1553 1836 1568 1855 a
1593 1828 1702 1855 nemine
1725 1835 1768 1854 re-

976 1875 1127 1902 centiorum
1158 1874 1345 1908 metropolitas
1365 1874 1461 1900 decem
1487 1873 1629 1908 appellari,
1653 1873 1700 1900 sed
1724 1873 1767 1900 vel

976 1925 1042 1953 tres,
1064 1920 1182 1955 Egypti,
1204 1920 1395 1954 Pentapoleos,
1407 1923 1434 1946 et
1446 1919 1559 1955 Libyes;
1577 1919 1620 1946 vel
1632 1922 1704 1951 octo,
1722 1918 1766 1945 vel

976 1966 1010 1994 ad
1028 1975 1166 1993 summum
1181 1974 1289 1993 novem.
1310 1966 1410 1994 Verum
1428 1965 1462 1993 de
1480 1966 1522 1992 his
1538 1965 1681 1993 hactenus.

1011 2013 1080 2040 Vﬂl.
1097 2013 1196 2040 Audita
1213 2012 1362 2040 indictione
1376 2012 1472 2048 synodi
1486 2012 1678 2040 Theodoretus
1688 2013 1768 2041 haesit

976 2059 1109 2086 attonitus
1130 2067 1136 2085 :
1159 2058 1288 2085 credebat
1312 2057 1386 2085 enim
1409 2058 1602 2092 imperatorem
1621 2059 1766 2086 consilium

976 2104 1011 2133 de
1028 2105 1176 2132 indictione
1198 2105 1311 2132 omnino
1332 2105 1503 2139 deposuisse,
1523 2112 1556 2131 ex
1573 2112 1629 2140 quo
1642 2105 1767 2132 reconci-

977 2151 1058 2179 liatus
1068 2155 1128 2178 erat
1140 2158 1201 2177 cum
1216 2150 1353 2182 Flaviano,
1367 2150 1538 2177 abalienatus
1552 2150 1642 2177 fuerat
1656 2155 1768 2185 propter

131 2195 278 2226 σταλέντα,
305 2202 397 2221 sacras
423 2194 542 2221 Litteras
563 2201 625 2221 cum
647 2193 802 2220 diderentia
817 2194 923 2221 missas.
941 2208 963 2235 ι)
978 2197 1123 2224 indicatam
1143 2196 1293 2223 Pulcheriae
1311 2195 1491 2227 molitionem,
1505 2195 1539 2222 de
1554 2195 1612 2230 ipsa
1627 2195 1653 2222 in
1673 2195 1767 2223 diaco-

170 2240 214 2267 Vl.
245 2240 391 2267 Prohibuit
422 2240 582 2275 imperator,
609 2247 643 2267 ne
675 2240 867 2267 admitteretur
899 2241 926 2267 in

129 2294 295 2314 consessum
313 2285 513 2318 Theodoretus,
528 2285 616 2312 donec
635 2284 763 2312 concordi
785 2285 870 2312 totius
885 2293 928 2321 sy-

131 2332 201 2360 nodi
226 2332 364 2359 sententia
386 2331 575 2359 admittcndus
600 2331 750 2358 diceretur.
771 2330 927 2358 Observan-

130 2378 201 2406 dum
225 2385 291 2406 vero
315 2377 342 2405 id
362 2377 490 2413 prmpti
516 2376 630 2412 singulis
654 2376 843 2403 sanctionibus
862 2384 926 2404 con-

131 2424 219 2455 tineri
237 2432 244 2450 :
261 2425 420 2451 continetur
445 2431 478 2450 ea
498 2427 590 2454 certe,
613 2430 674 2456 qua:
697 2422 730 2448 ad
755 2421 926 2455 Dioscorum,

130 2477 252 2505 quaeque
271 2469 306 2497 ad
324 2469 485 2497 Juvenalem
500 2472 527 2495 et
543 2467 716 2494 Thalassium
730 2467 763 2494 de
779 2467 928 2502 praesiden-

132 2516 175 2543 tia
190 2515 293 2550 scripta
313 2520 369 2548 est;
388 2522 440 2542 nec
458 2513 573 2541 dubium
592 2513 659 2548 quin
679 2513 740 2540 aliis
757 2513 876 2546 duabus,
893 2514 926 2542 ad

131 2561 258 2589 Leonem
274 2565 303 2588 et
322 2561 491 2588 Flavianum.

173 2607 318 2634 Mandabat
332 2608 354 2622 "
373 2615 439 2642 ergo
456 2606 604 2641 imperator
619 2605 760 2639 Dioscoro,
774 2610 803 2633 ut
816 2608 927 2642 sumptis

131 2661 224 2680 aecum
248 2653 335 2680 decem
353 2652 572 2680 reverendissimis
594 2651 765 2688 metropolitis
789 2653 926 2689 episcopis.

976 2244 1078 2270 nissam
1101 2242 1266 2274 ordinanda,
1283 2245 1311 2268 et
1335 2249 1350 2268 a
1376 2241 1494 2276 publicis
1517 2241 1600 2268 rebus
1622 2249 1671 2276 per
1697 2242 1767 2269 hanc

976 2292 1064 2315 artem
1087 2286 1254 2314 removenda
1276 2295 1282 2313 :
1299 2294 1384 2321 quare
1405 2286 1481 2313 velut
1499 2294 1586 2321 augur
1605 2286 1702 2318 futuri,
1721 2291 1767 2313 aut

976 2332 1143 2360 conscientia
1166 2332 1257 2366 potius
1277 2332 1434 2364 instinctus,
1454 2333 1566 2367 scripsit
1580 2333 1686 2360 Domno
1707 2333 1766 2367 epi-

976 2379 1084 2410 stolam,
1101 2386 1154 2413 qua
1176 2383 1204 2406 et
1224 2378 1262 2405 rei
1284 2378 1438 2411 historiam,
1454 2382 1482 2405 et
1497 2378 1578 2405 animi
1597 2379 1638 2405 sui
1656 2379 1769 2414 agritu-

977 2424 1070 2452 dinem
1085 2432 1149 2459 erga
1166 2423 1297 2459 Cyrillum
1318 2425 1432 2459 ejusque
1457 2432 1643 2452 successorem
1664 2424 1766 2459 prodit.

980 2481 989 2497 ‹
1010 2470 1149 2502 Cessasse,
1169 2469 1258 2505 inquit
1273 2471 1307 2502 ⁸⁸,
1327 2470 1416 2497 tristia
1441 2470 1620 2505 speravimus,
1639 2477 1701 2497 cum
1724 2470 1767 2498 in-

978 2517 1115 2545 dicassent
1139 2517 1219 2543 nobis
1242 2517 1364 2551 quidam,
1388 2517 1549 2544 exstinctam
1576 2524 1637 2544 esse
1655 2516 1767 2545 victoris

977 2562 1150 2597 imperatoris
1172 2562 1256 2589 animi
1285 2562 1494 2597 aegritudinem,
1510 2562 1665 2597 factamque
1695 2562 1768 2589 inter

979 2608 1126 2643 ipsummct
1144 2612 1173 2635 et
1189 2608 1244 2634 Deo
1260 2607 1450 2634 charissimam
1468 2607 1628 2642 episcopum
1645 2607 1767 2635 reconci-

978 2654 1134 2686 liationem;
1161 2661 1191 2681 ac
1216 2653 1310 2689 synodi
1334 2653 1443 2688 quidem
1469 2654 1691 2681 convocationem
1720 2653 1768 2680 de-

807 2732 965 2762 SCHULZII
986 2734 1100 2762 NOTAE.

174 2803 199 2820 "
213 2803 334 2834 Interim,
343 2806 396 2829 etc.
410 2782 470 2829 Viid.
486 2801 552 2829 Acta
565 2799 845 2836 eone.Chalc..part.
870 2809 888 2828 ι.
927 2802 947 2817 “'-
977 2802 1132 2834 Missa,ctc.
1157 2803 1217 2829 Vid.
1240 2804 1322 2831 (Ione.
1347 2804 1486 2836 Clialrcd.,
1512 2809 1565 2831 act.
1579 2803 1602 2834 Ι,
1635 2803 1662 2830 in
1691 2803 1765 2831 Actis

133 2839 239 2874 Ephes.
258 2837 418 2865 Latrocinii.
455 2837 478 2853 ”
493 2835 647 2867 Mandabat,
667 2839 720 2861 etc.
742 2835 768 2862 ln
785 2843 861 2862 saera
882 2837 914 2863 ad
936 2837 1095 2865 Dioscorum

1155 2839 1175 2852 "
1193 2838 1291 2873 Ini/nit.
1309 2839 1380 2871 \‘id.,
1402 2844 1466 2866 tom.
1491 2840 1534 2868 IV.
1549 2838 1629 2872 epist.
1645 2837 1704 2865 ili.
