1969 3052
198 166 248 199 135

739 159 929 191 GARNERII
945 158 1195 189 DISSERTATIO
1215 159 1238 188 Ι.

1769 154 1819 186 136

192 221 472 258 siisse,Ecclesiarum
497 227 562 247 vero
586 226 679 253 pacem
702 217 827 246 rediisse.
847 218 901 246 Sed
918 225 979 253 qum
994 217 1016 246 Α
1030 215 1119 242 oculis
1137 219 1333 250 usurpaverat;
1351 214 1398 242 sed
1416 215 1498 242 etiam
1517 214 1615 241 litteris
1631 214 1759 241 rescitum
1777 221 1819 243 est

196 269 277 296 modo
296 277 311 295 a
337 267 480 295 sanctitate
505 271 550 293 tua
573 265 674 299 scripta
696 269 770 295 sunt,
792 264 911 299 graviter
930 271 981 291 nos

196 315 416 342 contristarunt:
435 312 502 339 nihil
523 312 596 338 enim
621 311 686 338 boni
707 318 740 337 ex
760 311 860 345 jactata
877 309 981 346 synodo

196 364 354 394 exspectare
381 358 460 389 licet,
487 356 540 383 nisi
565 355 721 383 misericors
749 354 881 381 Dominus
903 354 982 381 solita

199 409 279 432 utens
306 403 487 439 providentia,
509 402 728 429 turbulentorum
750 400 903 428 daemonum
922 408 981 427 ma-

198 451 292 478 chinas
318 450 449 477 destruat.
471 459 480 475 ι
513 448 582 475 Τιιιιι
611 447 760 482 interjectis
786 447 925 475 nonnullis
948 446 982 474 de

198 496 298 524 infelici
312 496 386 523 exitu
405 495 524 530 plurium
540 494 706 530 synodorum
724 503 730 520 :
749 502 758 518 ι
781 493 844 521 Haec
861 493 980 526 intuens,

196 544 224 568 et
243 541 340 568 similia
359 540 538 575 prospiciens,
557 539 647 566 infelix
665 539 754 566 anima
774 547 832 566 mea
853 540 981 574 suspirat,

197 587 337 622 lugetque,
355 586 423 612 nihil
443 589 602 620 exspectans
627 585 691 612 boni
714 594 720 611 :
739 593 828 620 neque
846 583 919 613 enim
940 586 982 613 in-

197 633 281 659 situm
298 632 325 658 in
346 630 490 658 duodecim
506 631 643 665 capitibus
659 638 793 658 venenum
809 635 920 663 norunt,
936 632 983 666 qui

197 678 310 704 aliarqu
324 681 388 704 sunt
401 676 576 708 dioecesium;
594 675 641 703 sed
658 677 728 711 ejus,
744 676 790 710 qui
808 676 852 703 illa
863 676 982 711 scripsit,

198 722 348 750 claritatem
362 721 545 753 attendentes,
563 721 628 748 nihil
641 721 783 748 sinistrum
797 721 982 756 suspicantur,

198 772 226 794 et
246 767 294 802 qui
318 768 378 802 ejus
401 767 458 795 sedi
484 767 624 798 successit,
644 767 744 798 omnia,
763 767 872 802 opinor,
884 773 982 800 movet.

201 817 230 840 ut
244 814 328 840 altera
345 813 449 849 synodo
466 813 511 840 illa
528 812 670 840 conﬁrmet
685 821 692 839 :
710 812 757 847 qui
773 813 847 839 enim
866 821 915 847 pro
932 813 984 840 im-

199 860 276 894 perio
293 867 380 894 nuper
395 859 445 886 ista
461 859 580 893 scripsit,
595 863 624 885 et
642 858 675 885 iis
692 859 739 893 qui
755 858 928 894 acquiescere
942 858 986 886 his

199 906 317 937 nollent,
337 905 480 932 anathema
493 905 575 936 dixit,
592 905 672 940 quid,
689 905 838 940 praesidens
858 905 984 938 concilio,

199 960 253 979 non
271 952 350 987 aget?
365 951 399 978 At
416 952 495 982 scito,
514 951 634 982 demitte.
657 952 794 978 neminem
816 959 923 983 eorum,
938 952 986 986 qui

200 998 308 1025 insitam
325 997 352 1024 in
369 997 412 1024 his
427 997 543 1024 liaaresin
555 1001 667 1029 norunt,
684 997 833 1024 adductum
849 997 891 1029 iri,
908 1002 938 1024 ut
955 1005 986 1025 ea

202 1044 323 1078 recipiat,
342 1043 466 1078 quamvis
483 1043 565 1078 duplo
583 1044 675 1078 plures
691 1043 848 1070 decernant.
869 1053 877 1070 ι
897 1044 987 1079 Pergit

199 1094 295 1124 postea
313 1089 434 1116 animum
450 1089 548 1116 eii'erre
569 1089 595 1116 in
620 1089 747 1123 capitula.
766 1089 795 1116 id
812 1093 903 1116 autem
925 1097 986 1116 cum

200 1141 273 1161 anno
292 1134 343 1161 M9
363 1134 473 1161 ineunte
495 1133 654 1168 contigerit,
676 1133 766 1168 magni
789 1134 874 1160 refert
894 1133 988 1161 obser-

200 1187 288 1210 vasse,
303 1178 336 1205 ad
354 1178 570 1214 perspiciendam
588 1178 753 1206 Theodoreti
769 1183 898 1210 mentem,
916 1180 989 1214 ejus—

200 1231 255 1259 que
272 1224 299 1250 in
318 1225 454 1251 sententia
478 1224 512 1252 de
531 1224 659 1259 capitulis
677 1224 857 1252 constantiam
877 1229 925 1252 aut
940 1233 989 1260 po-

202 1270 256 1297 tius
274 1270 462 1304 pertinaciam.

237 1315 282 1342 IX.
302 1315 498 1343 Convenerunt
519 1316 601 1351 igitur
620 1316 757 1351 Ephesum
780 1317 901 1351 undique
921 1324 989 1351 prae-

203 1361 277 1388 sules
296 1369 358 1388 cum
377 1361 464 1388 tribus
490 1362 562 1389 sedis
583 1363 738 1397 apostolica:
761 1363 865 1398 legatis,
882 1362 989 1390 Juliano

202 1406 342 1441 episcopo,
369 1406 474 1433 Renato
497 1407 668 1442 presbytero,
686 1411 714 1434 et
735 1407 827 1434 Hilaro
849 1407 964 1434 diacono
981 1415 988 1432 :

205 1452 389 1479 interfuerunt
413 1453 546 1487 majorum
569 1453 674 1480 sedium
701 1453 837 1480 antistites
862 1457 988 1488 quatuor,

204 1497 352 1525 Dioscorus
378 1497 576 1529 Alexandrinae,
598 1498 717 1525 Domnns
736 1498 921 1529 Antiochenre,
940 1500 989 1526 Ju-

1031 260 1230 288 exsecrandum
1256 265 1284 287 et
1308 260 1455 288 nefandum
1480 260 1601 287 Dioscori
1626 259 1742 292 facinus,
1764 268 1819 295 quo

1031 317 1128 344 nempe
1145 317 1178 336 eo
1199 316 1286 344 usque
1306 308 1422 336 vesaniae
1438 308 1582 343 prolapsus
1595 313 1647 339 est,
1664 311 1692 334 ut
1707 315 1818 334 excom-

1031 355 1224 382 municationis
1257 354 1440 386 sententiam,
1474 354 1563 381 tribus
1591 358 1652 388 post
1684 353 1818 389 synodum

1032 401 1138 434 diebus,
1158 401 1185 428 in
1204 401 1325 428 Leonem
1347 401 1435 436 ipsum
1456 399 1570 432 diceret,
1592 399 1669 434 quasi
1691 399 1819 426 omnibus

1032 447 1196 483 patriarchis
1210 447 1320 479 attritis,
1334 447 1410 474 solus
1424 446 1558 473 dominari
1571 445 1662 472 vellet.

1068 493 1125 520 XII.
1140 493 1228 526 Quare
1243 499 1367 520 summus
1380 491 1501 527 pontifex
1514 492 1541 518 in
1555 491 1668 526 synodo.
1682 498 1742 526 qure
1755 495 1820 518 tunc

1034 541 1067 568 de
1090 548 1165 567 more
1183 548 1211 567 ιιι
1225 540 1281 567 Kal.
1300 539 1428 566 Octobris
1454 543 1628 570 convenerat,
1652 538 1782 565 rescindit
1797 539 1818 554 “

1034 591 1093 614 acta
1114 586 1267 621 Ephesina;
1291 585 1433 621 Eutychen
1460 592 1522 612 cum
1545 584 1674 611 Dioscoro
1697 583 1818 615 damnat,

1034 641 1129 661 omnes
1144 640 1194 667 pro
1213 632 1265 659 ﬁde
1281 639 1374 667 passos
1386 639 1462 658 suam
1477 631 1503 657 in
1517 629 1736 657 communionem
1753 629 1820 656 reci-

1034 680 1086 714 pit.
1108 683 1136 706 et
1162 679 1312 713 apostolico
1335 678 1429 712 vigore
1457 684 1514 704 rem
1542 675 1669 704 Ecclesia!
1694 675 1820 702 afflicum

1035 725 1155 752 restituit
1175 733 1182 751 :
1203 725 1361 758 litterasque
1380 723 1426 750 dat
1443 730 1475 749 ex
1499 721 1613 757 synodo,
1633 721 1725 748 Idibus
1740 720 1821 747 Octo-

1035 771 1103 802 bris,
1122 771 1155 798 ad
1177 770 1379 805 imperatorem,
1399 768 1432 795 ad
1457 767 1640 798 Pulcheriam,
1660 765 1693 793 ad
1718 765 1821 792 Flavia-

1035 826 1111 849 num,
1129 817 1163 844 ad
1187 814 1519 849 Constantinopolitanum
1543 813 1659 842 clerum,
1677 811 1710 838 ad
1733 811 1824 838 archi-

1037 862 1196 889 mandritas.
1214 861 1306 889 Vetuit
1323 859 1346 876 ⁹⁹
1366 867 1448 894 porro
1464 863 1523 886 aeta
1541 857 1686 893 propalari,
1703 856 1790 883 donec
1805 863 1820 882 a

1037 907 1191 934 Theodosio
1221 905 1382 940 rescriptum
1406 904 1487 931 foret.
1510 902 1621 930 Litteris
1646 901 1717 929 enim
1742 901 1821 928 enixe

1035 953 1150 988 petierat
1172 951 1372 980 meumenicum
1396 950 1540 977 concilium
1563 949 1633 976 intra
1653 947 1721 974 fines
1740 947 1823 974 Italiae

1036 1000 1105 1034 cogi,
1126 1007 1180 1034 quo
1205 999 1330 1033 ipsemet,
1348 996 1455 1031 cognita
1481 995 1654 1032 judicataque
1679 993 1822 1020 turbarum

1036 1054 1133 1076 causa,
1157 1052 1222 1080 pace
1248 1051 1342 1071 omnes
1367 1043 1503 1070 Ecclesias
1532 1041 1655 1068 donaret.
1678 1040 1779 1067 Verum
1807 1045 1822 1065 a

1037 1091 1192 1119 Theodosio
1205 1090 1352 1125 repulsam,
1362 1097 1375 1116 a
1389 1087 1532 1116 Pulcheria
1545 1087 1649 1114 nullum
1662 1093 1822 1120 responsum

1036 1138 1142 1172 accepit
1160 1145 1166 1164 :
1183 1134 1378 1171 iugemiscebat
1395 1134 1468 1161 enim
1493 1134 1520 1160 in
1544 1132 1684 1160 Hebdomo
1698 1130 1823 1165 religiosa

1037 1183 1168 1218 Augusta,
1186 1184 1192 1192 '
1211 1186 1249 1214 et,
1273 1185 1303 1208 ut
1323 1184 1402 1207 erant
1415 1185 1547 1214 tempora,
1567 1178 1694 1206 Eedcsite
1714 1175 1823 1203 calami-

1039 1234 1108 1255 tates
1120 1228 1173 1263 piis
1187 1227 1307 1262 quidem,
1326 1225 1373 1253 sed
1390 1226 1517 1253 inanibus
1533 1224 1660 1260 lacrymis
1675 1230 1821 1260 proseque-

1038 1275 1127 1302 batur.

1074 1321 1123 1347 Vix
1137 1328 1151 1347 a
1169 1320 1277 1354 scriptis
1290 1317 1389 1346 litteris
1403 1317 1504 1344 mensis
1517 1324 1588 1343 unus
1602 1315 1752 1346 efﬂuxerat,
1762 1322 1823 1341 cum

1039 1365 1246 1392 Valentinianus
1268 1364 1426 1398 imperator,
1445 1362 1639 1390 comitantibus
1660 1366 1745 1388 matre
1766 1361 1826 1388 Pla—

1041 1411 1111 1438 cidia
1128 1415 1155 1437 et
1171 1410 1292 1437 Eudoxia
1310 1409 1436 1444 conjuge,
1452 1409 1564 1436 Romam
1580 1408 1708 1435 Ravenna
1723 1406 1825 1441 ample—

1040 1456 1138 1483 ctenda?
1159 1455 1290 1490 religionis
1307 1463 1388 1481 causa
1408 1454 1492 1480 venit.
1507 1452 1666 1480 imminebat
1682 1452 1753 1479 enim
1776 1459 1826 1478 an—

1042 1501 1211 1528 niversarius
1229 1499 1308 1536 184
1325 1500 1384 1527 dies
1402 1499 1583 1526 dedicationis
1602 1498 1721 1525 basiliae
1734 1497 1826 1524 Sancti

204 1543 309 1570 venalis
336 1543 596 1578 liierolosymitanm,
616 1548 644 1570 et
669 1544 813 1571 Flavianus
836 1544 990 1572 Constanti-
1003 1550 1024 1579 (ς
1042 1548 1113 1575 Petri
1126 1557 1133 1579 ;
1146 1555 1200 1581 quo
1214 1551 1337 1580 tempore
1355 1546 1514 1580 frequentes
1528 1545 1722 1572 concursiones
1737 1543 1763 1570 in
1778 1542 1830 1571 Ur-

205 1587 384 1622 nopolitanae;
403 1587 450 1615 sed
469 1588 512 1614 hic
531 1593 561 1615 ut
577 1596 641 1616 reus
661 1593 776 1620 tantum,
794 1590 894 1624 quippe
913 1591 991 1624 cujus

205 1638 265 1660 acta
287 1634 315 1660 in
337 1633 490 1669 Eutychen,
509 1635 588 1669 183
606 1635 718 1669 ipsaque
738 1635 804 1662 ﬁdes
821 1635 854 1662 ad
876 1643 990 1662 examen

207 1680 326 1708 vocanda
339 1684 422 1707 esset.
435 1680 529 1707 Adfuit
541 1681 676 1716 Eutychos
690 1689 752 1708 cum
765 1682 826 1708 aliis
839 1682 990 1714 monachis,

206 1734 324 1760 quorum
348 1725 404 1752 dux
429 1726 573 1754 Barsumas
593 1735 600 1753 :
624 1727 807 1761 praesidebant
836 1728 991 1758 Dioscorus,

207 1771 365 1799 Thalassius
379 1776 407 1799 et
420 1772 569 1800 Juvenalis.
589 1772 659 1805 Quid
682 1773 776 1808 plura?
790 1773 885 1801 datum
903 1774 994 1801 conci-

209 1816 245 1843 lio
272 1817 379 1844 initium
407 1817 451 1844 die
477 1817 583 1845 decima
608 1818 736 1853 Augusti,
767 1819 829 1846 finis
851 1819 994 1854 impositus

209 1861 390 1895 duodecima;
411 1862 510 1890 reiecta
538 1862 645 1894 triduo,
674 1871 735 1898 qua:
759 1863 992 1898 Constantinopoli

209 1907 354 1934 Flavianus
379 1912 438 1934 aeta
468 1907 641 1941 confecerat;
672 1908 813 1936 absolutus
842 1909 993 1945 Eutyehcs;

211 1952 354 1980 damnatus
365 1952 508 1980 Flavianus
522 1957 549 1981 et
562 1954 588 1980 in
603 1954 726 1981 exsilium
741 1954 849 1989 pulsus;
863 1955 994 1989 episcopi,

212 1996 353 2024 intentatis
370 1997 464 2032 jugulo
488 1997 594 2032 gladiis,
621 1998 647 2025 in
673 2006 740 2032 pura
759 1999 855 2026 charta
875 1999 996 2027 subscri-

211 2043 277 2071 bere
294 2043 395 2076 coacti;
414 2044 536 2079 dcjectus
557 2052 572 2072 a
591 2045 690 2072 throno
716 2045 846 2077 Domnus,
864 2053 926 2073 eum
943 2046 997 2072 En-

212 2089 286 2116 sebio
310 2090 436 2125 Dorylazi,
456 2090 603 2118 Sabiniano
626 2091 746 2124 Perrha,
766 2091 813 2118 lba
830 2092 949 2123 Edessze,
966 2099 998 2119 ac

212 2134 386 2162 Theodoreto
421 2135 484 2170 Cyri
518 2136 673 2173 episcopis;
713 2138 846 2173 Evagrius
885 2139 999 2173 dejectis

212 2180 369 2215 Aquilinum
391 2181 466 2217 Bybli
484 2187 623 2216 accenset;
642 2184 782 2219 conjectus
807 2184 834 2211 in
859 2192 997 2211 carcerem

1042 1594 1103 1620 bem
1125 1593 1235 1620 fiebant.
1256 1592 1407 1619 Voluerunt
1424 1598 1522 1625 nempe
1540 1589 1734 1625 religiosissimi
1751 1587 1827 1623 prin-

1043 1639 1118 1673 cipes
1140 1637 1242 1673 templis
1259 1642 1410 1664 sanctorum
1427 1637 1594 1671 prementium
1608 1643 1683 1662 suam
1699 1634 1827 1664 exhibere,

1042 1685 1209 1719 sacrilegium
1225 1691 1279 1710 esse
1295 1683 1358 1714 rati,
1373 1683 1395 1709 si
1412 1681 1566 1708 solemnium
1582 1681 1698 1707 ordinem
1713 1679 1828 1713 denega-

1044 1733 1110 1755 Υιήΐ.

1078 1773 1159 1806 Quid,
1180 1772 1352 1800 occasionem
1366 1775 1463 1798 nactus
1477 1770 1608 1806 pontifex,
1625 1777 1685 1797 cum
1701 1769 1830 1804 Augustis

1044 1818 1133 1845 tribus
1162 1817 1266 1852 egerit,
1291 1821 1387 1844 narrat
1412 1816 1559 1850 imperator
1583 1815 1641 1849 ipse
1663 1814 1690 1841 in
1718 1814 1775 1841 suis
1795 1814 1830 1840 ad

1045 1863 1231 1890 Theodosium
1247 1862 1355 1889 litteris.
1378 1871 1386 1886 ι
1405 1861 1474 1888 Cum
1492 1861 1673 1891 advenissem.
1690 1859 1788 1894 inquit,
1802 1858 1830 1885 in

1045 1910 1142 1936 urbem
1157 1909 1269 1936 Romam
1285 1908 1318 1935 ad
1331 1907 1504 1934 Divinilatem
1520 1905 1691 1940 placandam,
1705 1904 1830 1939 sequenti

1045 1954 1090 1982 die
1115 1954 1148 1981 ad
1173 1953 1314 1981 basilicam
1334 1952 1449 1986 apostoli
1476 1951 1548 1978 Petri
1570 1950 1702 1985 processi,
1722 1953 1750 1976 et
1777 1949 1832 1976 illic

1045 2004 1108 2035 post
1120 1999 1301 2026 venerabilem
1316 2003 1424 2025 noctem
1436 1997 1490 2024 diei
1505 1996 1631 2030 apostoli,
1642 2000 1669 2022 et
1684 2002 1698 2022 a
1711 1996 1832 2022 Romano

1046 2046 1185 2081 episcopo,
1203 2050 1231 2072 et
1252 2045 1285 2072 ab
1300 2045 1360 2072 aliis
1372 2051 1434 2071 cum
1449 2050 1483 2070 eo
1501 2050 1534 2069 ex
1553 2042 1668 2068 diversis
1684 2040 1833 2076 provinciis

1048 2093 1218 2127 congregatis
1245 2096 1354 2127 rogatus
1372 2098 1432 2118 sum
1455 2089 1574 2116 scribere
1591 2092 1687 2114 vestra:
1707 2095 1833 2114 mansue-

1049 2137 1137 2163 tudini
1159 2137 1193 2163 de
1214 2135 1276 2163 fide.
1299 2145 1308 2161 ›
1328 2135 1397 2162 Tum
1421 2133 1587 2164 admonens,
1610 2139 1662 2167 qua
1688 2131 1833 2158 devotione

1050 2182 1162 2209 deberet
1186 2182 1345 2208 intemerata
1372 2179 1489 2214 propria:
1510 2177 1695 2205 venerationis
1717 2176 1834 2210 dignitas

213 2225 363 2259 Eusebius;
389 2227 533 2255 Flavianus
558 2228 744 2263 deportandus
768 2229 884 2256 militum
906 2221 997 2257 manui
1014 2220 1036 2246 D
1050 2228 1130 2255 beato
1147 2229 1229 2255 Petro
1246 2227 1280 2254 ab
1299 2225 1511 2260 imperatoribus
1530 2223 1697 2255 conservari,
1717 2231 1726 2248 α
1741 2227 1835 2257 quate-

213 2271 343 2304 traditus;
361 2273 452 2300 omnia
466 2273 542 2300 velut
562 2273 590 2300 iu
612 2274 763 2302 latrocinali
780 2275 898 2302 tumultu
912 2281 997 2311 gesta,

215 2318 286 2345 unde
300 2319 381 2345 etiam
395 2320 497 2354 synodo
513 2320 614 2348 factum
631 2320 731 2348 infame
748 2329 857 2349 nomen.

249 2363 282 2389 Χ.
304 2363 412 2391 Hilarus
431 2365 453 2380 '7
475 2365 627 2400 legatorum
650 2373 731 2398 unus,
750 2374 811 2393 cum
835 2367 881 2394 diu
900 2367 1001 2394 frustra

217 2409 345 2437 Dioscoro
371 2416 564 2446 repugnasset,
587 2411 706 2439 Leonem
728 2419 863 2439 summum
890 2413 1001 2448 pontiﬁ-

217 2463 276 2483 cem
295 2457 448 2485 moniturus
463 2457 547 2493 fugit;
566 2458 712 2490 incertum,
729 2458 795 2493 quid
815 2466 905 2493 operas
920 2467 1004 2487 nava-

217 2501 253 2527 rit
278 2501 418 2535 Julianus;
448 2503 569 2530 Renatus
596 2507 670 2531 certe
701 2510 805 2531 summa
837 2504 1002 2532 conﬁdentia

218 2546 324 2574 obstitit
347 2548 441 2583 synodi
462 2548 667 2583 malignantium
687 2549 805 2583 praesidi,
823 2554 851 2576 et
865 2550 927 2577 inde
946 2551 1003 2577 lau-

218 2592 280 2620 dem
295 2601 310 2620 a
324 2601 430 2621 summo
447 2594 575 2628 pontiﬁce
587 2595 746 2628 promeruit.

254 2638 300 2666 XI.
318 2639 377 2666 Non
403 2643 507 2666 tantum
531 2639 656 2671 Hilarus,
690 2647 752 2667 cum
769 2640 882 2667 Romam
903 2647 1001 2674 perve-

219 2683 315 2716 nisset,
327 2685 419 2712 retulit
437 2685 471 2712 ad
487 2689 610 2712 sanctum
624 2684 742 2712 Leonem
755 2685 788 2712 de
806 2693 835 2712 re
852 2689 907 2712 tota
922 2693 1003 2720 quam

1049 2281 1101 2300 nus
1125 2272 1300 2300 beatissimus
1323 2272 1451 2299 Romana:
1469 2270 1589 2298 civitatis
1606 2269 1767 2304 episcopus,
1790 2267 1835 2294 cui

1050 2320 1233 2354 principatum
1248 2317 1391 2345 sacerdotii
1404 2325 1488 2352 super
1499 2324 1594 2344 omnes
1606 2315 1754 2349 antiquitas
1769 2320 1836 2339 eon-

1051 2366 1125 2397 tulit,
1140 2366 1229 2392 locum
1249 2364 1347 2391 haheat
1364 2371 1395 2390 ac
1410 2363 1566 2390 facultatem
1584 2361 1617 2388 de
1634 2360 1686 2387 tide
1701 2364 1729 2386 et
1744 2366 1836 2386 sacer-

1053 2411 1165 2439 dotibus
1179 2410 1314 2445 judicare.
1335 2419 1343 2434 ι
1368 2407 1476 2443 pergit:
1499 2416 1508 2432 ε
1522 2406 1609 2442 Hujus
1623 2405 1663 2432 rei
1683 2404 1780 2439 gratia.
1797 2410 1838 2429 se-

1054 2456 1174 2484 cundum
1190 2455 1390 2482 solemnitatem
1407 2453 1596 2484 conciliorum,
1609 2450 1838 2484 Constantinopo-

1054 2503 1154 2529 litanus
1170 2501 1316 2536 episcopus
1337 2508 1400 2528 eum
1422 2498 1578 2535 appellavit,
1597 2500 1711 2532 propter
1725 2499 1839 2523 conten-

1056 2548 1168 2579 tionem,
1180 2555 1241 2582 qua:
1256 2550 1314 2573 orta
1328 2549 1370 2573 est
1380 2545 1413 2572 de
1425 2545 1488 2571 fide.
1503 2543 1571 2570 Huic
1585 2543 1678 2576 itaque
1691 2538 1839 2575 postulanti

1055 2599 1084 2622 et
1100 2594 1252 2629 conjuranti
1265 2593 1379 2620 salutem
1391 2595 1512 2618 nostram
1524 2595 1705 2619 communem,
1720 2591 1840 2613 annuere

1056 2647 1111 2666 non
1136 2639 1251 2674 negavi,
1279 2641 1416 2672 quatenus
1442 2635 1476 2662 ad
1503 2640 1576 2662 tuam
1605 2630 1839 2660 mansuetudinem

1058 2693 1144 2713 meam
1159 2686 1319 2719 petitionem
1335 2684 1497 2719 iugererem,
1508 2684 1539 2708 ut
1552 2680 1700 2715 praedictus
1714 2677 1841 2707 sacerdos

893 2760 1050 2790 SCHULZII
1071 2762 1188 2791 ΝΟΤιΕ.

257 2818 278 2833 ’⁷
293 2818 412 2849 Hilarus,
426 2822 480 2853 etc.
495 2817 556 2845 Vid.
574 2818 661 2853 Epist.
688 2818 715 2844 S.
739 2818 849 2848 Leonis.
869 2818 915 2848 Ἠ.
927 2820 972 2846 ‘25.
991 2820 1036 2851 26,
1051 2820 1086 2847 27
1103 2825 1131 2847 et
1156 2820 1201 2846 29.

222 2852 344 2887 "Vetuit,
362 2857 415 2880 etc.
433 2852 493 2879 Vid.
517 2854 535 2880 l.
557 2861 581 2880 c.
598 2852 678 2888 epist.
697 2853 733 2880 25
756 2859 783 2880 et
810 2854 854 2885 ‘26,
884 2858 937 2880 etc.

1259 2820 1282 2835 ’⁸
1293 2818 1437 2846 Rescindit.
1463 2817 1522 2846 Vid.
1535 2817 1555 2844 l.
1572 2823 1598 2844 c.
1614 2814 1694 2850 epist.
1708 2813 1743 2840 29
1754 2816 1782 2840 et
1797 2811 1840 2839 αδ.
