1969 3052
178 139 229 172 139

740 131 928 162 GABNERH
948 130 1195 160 DISSERTATIO
1217 130 1239 159 I.

1751 129 1802 162 140

177 195 280 222 εἰοιυειι
307 193 386 220 nobis
404 190 503 219 tradita
520 189 713 216 inviolabiliter
729 189 861 216 custodiri
878 197 883 213 :
901 196 963 222 ιιι-υ·
982 191 1000 216 Λ
1017 194 1069 220 que
1088 191 1273 221 paupertatem
1284 185 1372 220 plenis
1385 193 1513 213 rut-arum
1528 184 1631 212 divitiis
1650 190 1798 220 antepona-

177 245 238 275 pter
259 239 328 266 hanc
345 245 466 268 causam,
487 236 615 270 quoniam
636 234 767 269 quosdam
786 233 963 268 cognovimus

177 286 366 312 sanctissimas
394 282 530 310 Ecclesias
562 280 672 307 nucibili
702 279 823 306 novitate
842 278 961 308 turbare,

177 331 310 367 synodum
335 328 506 356 decrevimus
532 325 635 361 Ephesi
666 325 739 357 ﬁeri;
765 325 794 351 in
820 323 963 358 pra‘sentia

177 375 277 410 quippe
292 373 582 402 reverendissimorum
595 371 794 406 episcoporum,
804 377 865 396 cum
879 369 963 396 multa

176 421 302 448 libertate
321 428 352 447 ac
372 419 478 453 integra
496 417 622 447 veritate,
638 420 665 442 et
686 414 788 450 indigni
811 414 979 447 sacerdotio_

176 467 272 493 remoti
285 470 359 497 sunt,
375 469 402 492 et
414 465 460 499 qui
472 462 587 499 judicati
599 465 664 488 sunt
675 468 734 488 esse
745 460 830 494 digni,
844 460 963 494 suscepti

175 515 254 543 sunt;
272 510 340 537 nihil
364 509 448 545 igitur
470 508 503 535 ab
523 507 566 533 his
587 506 755 533 contrarium
780 505 879 540 regulae
900 505 963 532 ﬁdei

174 561 221 583 aut
238 555 352 591 justiti-az
372 555 472 582 factum
489 559 549 580 esse
569 552 760 587 cognovimus;
779 551 870 578 omnis
897 558 964 577 con-

175 601 260 628 tentio
285 607 362 628 sacro
384 599 488 634 judicio
512 597 665 625 examinata
681 600 732 623 est.
755 596 898 623 Flavianus
914 603 963 622 au-

176 650 245 676 tem,
271 645 319 680 qui
340 652 404 671 rens
432 644 561 670 inventus
596 645 638 669 est
667 641 789 668 laesihilis
820 640 961 671 novitatis,

175 691 294 718 debitam
304 697 413 725 poenam
429 689 548 723 recepit;
567 692 593 715 et
612 687 664 714 hoe
680 691 794 718 remoto,
812 686 901 712 omnis
912 694 963 720 pax

174 742 201 764 et
211 736 300 764 omnis
310 735 456 763 concordia
472 739 567 770 regnat
578 734 604 761 in
618 733 756 763 Eeelesiis,
769 737 795 759 ct
808 732 875 758 nihil
888 731 963 758 aliud

174 790 254 816 quam
273 781 373 808 veritas
388 781 472 815 viget.
492 789 500 805 ι

212 837 277 865 XVI.
299 836 369 870 Quid
396 835 505 863 interim
530 834 691 861 Pulcher-ia?
715 834 963 868 Quantumcunque

174 869 354 910 inclinaretur
380 882 407 909 in
431 886 525 916 partes
546 880 646 907 Summi
669 879 820 915 pontiﬁcis,
845 879 963 907 volentis
980 869 1000 896 Β

140 939 143 940 ⁷
173 929 343 957 tecumenico
357 927 475 956 concilio
491 923 665 954 latrocinimn
683 925 850 961 Ephesinum
868 933 963 952 emen-

174 973 247 1006 dari;
263 981 350 1008 eoque
367 972 487 1000 ferretur
504 971 602 1006 partim
621 971 721 998 Leonis
737 971 844 1001 litteris,
863 970 961 1006 partim

173 1018 335 1055 Chrysaphii
356 1016 430 1049 odio,
447 1018 545 1051 partim
565 1019 661 1050 sponte
685 1022 743 1045 sua,
759 1019 787 1041 et
804 1013 866 1041 ﬁdei
887 1013 959 1045 zelo;

175 1064 284 1092 uolebat
298 1069 389 1091 tamen
405 1070 448 1090 res
462 1062 616 1090 Orientales
630 1061 657 1087 in
672 1060 819 1087 Occidente
835 1059 888 1094 agi,
904 1063 960 1085 tum

174 1114 201 1136 ut
228 1112 387 1144 parceretur
414 1108 524 1135 Patrum
548 1106 631 1132 maris
654 1103 855 1140 impatientiam
882 1111 962 1131 vexa-

174 1155 256 1187 tioni;
278 1159 334 1181 tum
361 1161 395 1180 ne
415 1151 563 1180 Orientalis
582 1150 700 1185 imperii,
718 1149 890 1183 scniorisque
907 1150 962 1175 Au—

173 1201 244 1235 gusti
267 1200 394 1235 majestas
412 1199 593 1229 minueretur,
616 1201 674 1223 tum
698 1195 817 1230 denique
836 1202 870 1221 ne
894 1201 962 1229 prae-

172 1251 245 1274 esset
260 1246 390 1278 Placidia,
403 1245 446 1272 cui
467 1244 594 1271 muliebri
612 1241 785 1270 asmulatione
803 1248 872 1275 pene
889 1239 960 1266 invi-

173 1293 254 1319 debat
274 1302 280 1319 :
297 1299 382 1326 quare
411 1290 507 1318 maluit
534 1293 653 1317 mentem
678 1292 786 1322 tegere,
811 1294 845 1313 ne
868 1285 962 1312 fratris

172 1337 294 1364 animum
313 1335 507 1371 suspiciosum,
527 1341 577 1361 nec
598 1333 664 1360 satis
674 1339 784 1368 aequum
805 1329 894 1358 sorori
914 1337 961 1357 an-

172 1387 258 1418 geret,
275 1389 308 1408 eo
329 1380 480 1416 praesertim
501 1383 635 1413 tempore,
651 1384 706 1412 quo
717 1384 788 1412 aegra
805 1375 961 1403 valetudine

174 1429 312 1459 utebatur,
325 1434 377 1454 nec
396 1425 444 1453 diu
461 1426 586 1453 victurus
600 1424 686 1451 videri
701 1427 818 1459 poterat.

210 1485 288 1520 187
303 1483 385 1510 XVII.
397 1481 509 1509 Interim
525 1480 717 1508 Tlieodoretus
741 1478 919 1506 Sabinianum
933 1483 960 1505 et

1015 240 1086 259 lllllS.
1103 242 1112 258 ›

1052 289 1099 316 llis
1117 295 1142 317 ct
1155 289 1215 316 aliis
1235 289 1406 316 sustentabat
1422 289 1543 316 animum
1553 290 1608 325 jam
1635 289 1716 316 malis
1734 289 1801 315 edo—

1016 334 1128 364 mitum,
1144 338 1171 360 et
1189 341 1204 360 a
1219 333 1335 367 pristino
1362 341 1457 360 errore
1481 342 1578 369 magna
1596 342 1629 361 ex
1645 338 1723 369 parte
1738 342 1802 361 cor-

1015 384 1130 406 rectum.
1148 379 1273 406 Errorcm
1290 388 1354 407 vero
1370 380 1419 407 etsi
1433 379 1541 407 erudita
1567 380 1736 414 professione
1755 380 1800 406 lit-

1016 425 1084 451 teris
1103 425 1136 452 ad
1159 425 1332 453 Timotheum
1347 426 1366 442 "
1395 426 1554 460 episcopum
1582 426 1692 460 scriptis
1712 426 1802 460 reipsa

1016 474 1145 501 revocat,
1168 478 1311 498 revocasse
1332 475 1422 498 tamen
1445 471 1531 498 videri
1555 479 1609 497 non
1626 471 1703 504 vult;
1732 469 1802 499 adeo

1016 513 1125 540 difﬁcile
1140 518 1182 541 est
1195 515 1375 550 magnanimis
1392 517 1398 523 '
1412 514 1600 548 ptenitentiam
1613 514 1701 540 fateri.

1052 560 1091 586 Ad
1110 560 1297 587 discutiendas
1320 561 1422 588 erroris
1450 560 1566 587 nebulas
1591 560 1707 587 tntillum
1733 559 1802 586 lucis

1015 607 1132 633 contulit
1159 607 1272 641 epistola
1299 607 1386 634 sancti
1410 607 1510 647 Leonis
1532 606 1565 634 ad
1594 607 1752 635 Flavianum
1768 609 1802 634 de

1016 652 1203 679 incarnatione
1222 660 1303 680 :eam
1325 653 1398 680 enim
1413 653 1434 668 "
1457 652 1657 682 Theodoretus,
1676 654 1741 679 dum
1758 658 1800 679 ab

1016 698 1118 724 lentius
1130 698 1558 734 perlegeret,distinctionemque
1572 702 1731 726 naturarum
1745 706 1803 725 am-

1016 744 1124 776 barum,
1139 744 1240 779 quibus
1264 743 1391 771 Christus
1406 749 1523 777 constat,
1544 749 1638 779 aperte
1658 744 1801 779 praedicari

1015 788 1265 821 animadverteret,
1292 796 1369 816 suam
1389 789 1441 816 sibi
1463 797 1526 816 cum
1549 789 1699 817 Christiani
1724 788 1802 816 orbis

1016 833 1145 867 magistro
1158 833 1368 861 consensionem
1384 834 1546 869 gratulatus,
1571 834 1597 861 id
1613 834 1715 867 effecit,
1740 834 1806 869 opim

1015 888 1074 911 nor,
1097 879 1170 914 quod
1195 879 1341 914 aliquando
1356 880 1515 914 praestitisse
1532 884 1638 908 certum
1653 885 1695 908 est
1711 889 1718 907 :
1744 881 1802 916 epi-

1013 926 1090 953 stolae.
1102 926 1201 953 summi
1215 925 1354 960 pontiﬁcis
1367 926 1508 961 subjunxit
1528 934 1583 953 non
1595 934 1673 954 suam
1695 931 1801 954 tantum

1013 970 1258 1006 subscriptionem,
1271 971 1344 1006 quod
1361 972 1451 998 minus
1461 971 1622 1005 videbatur;
1648 972 1695 999 sed
1708 980 1740 999 ea
1760 972 1802 999 in-

1013 1024 1096 1050 super
1123 1016 1278 1043 testimonia
1300 1024 1360 1051 qum
1385 1025 1418 1043 ex
1442 1016 1598 1044 Occidentis
1626 1017 1800 1052 Orientisque

1013 1061 1140 1088 Patribus
1165 1066 1228 1088 ante
1251 1067 1370 1096 quatuor
1395 1070 1482 1090 annos
1510 1063 1666 1098 collegerat,
1694 1071 1800 1098 suoque

1013 1106 1130 1142 dialogo,
1147 1106 1192 1141 qui
1208 1107 1371 1134 lnconf‘usns
1390 1107 1559 1140 inscribitur,
1575 1108 1709 1136 adversus
1733 1117 1800 1136 con-

1012 1152 1147 1179 fusionem
1177 1153 1369 1187 imperitorum
1398 1153 1597 1181 monachorum
1628 1153 1798 1187 inseruerat,

1012 1205 1067 1233 quo
1078 1198 1281 1234 subscriptores
1293 1206 1386 1226 sccum
1404 1199 1564 1230 adduceret,
1586 1199 1714 1227 Ecclesia:
1733 1208 1801 1235 prte—

1013 1242 1197 1269 stantissimos
1210 1243 1364 1278 magistros.

1048 1298 1124 1326 Hanc
1137 1299 1261 1326 eamdem
1282 1299 1425 1334 epistolam
1442 1300 1595 1328 certissimo
1610 1308 1660 1328 suo
1683 1306 1800 1336 patrono

1012 1343 1138 1370 Anatolio
1152 1344 1268 1378 patricio
1281 1345 1547 1379 Constantinopolim
1563 1345 1714 1373 transmisit
1727 1355 1733 1372 :
1744 1353 1799 1373 non

1013 1387 1108 1421 utique
1142 1388 1256 1420 nudam,
1278 1386 1348 1415 sicut
1369 1395 1500 1422 venerat;
1518 1389 1584 1424 quid
1603 1390 1676 1417 enim
1704 1390 1800 1418 fuisset

1012 1441 1092 1468 opus,
1107 1441 1169 1461 cum
1203 1435 1230 1460 in
1249 1435 1316 1461 urbe
1338 1435 1411 1470 regia
1424 1440 1560 1462 tereretur
1575 1436 1698 1462 omnium
1713 1436 1800 1463 mani-

1012 1480 1084 1507 bus?
1097 1481 1178 1515 188
1192 1481 1239 1508 sed
1257 1474 1430 1514 testimoniis,
1447 1490 1507 1516 qua:
1520 1482 1587 1515 dixi,
1612 1482 1722 1510 Patrum
1741 1490 1800 1510 mu-

173 1531 258 1562 lham,
270 1529 446 1564 seipsumque
461 1527 560 1554 litteris
572 1525 722 1557 solabatur,
736 1529 764 1551 et
787 1524 866 1559 quasi
882 1523 959 1550 frue-
975 1534 995 1562 ρ
1011 1526 1108 1558 uitam,
1122 1532 1148 1554 ul
1164 1527 1243 1554 ﬁdem
1256 1535 1332 1554 suam
1345 1527 1467 1562 apertius
1480 1528 1649 1555 ostenderet.
1669 1538 1677 1553 ι
1696 1528 1798 1556 Rerum

173 1578 254 1604 batur
262 1575 481 1603 adversariorum
491 1574 541 1604 ira,
552 1572 578 1599 in
590 1572 624 1599 iis
635 1579 762 1607 magnum
776 1570 887 1605 quidem
897 1569 960 1596 ﬁdei

173 1621 304 1653 studium,
332 1627 512 1656 magnamque
527 1617 639 1645 honoris
658 1621 685 1644 et
711 1615 783 1644 sedis
805 1615 958 1650 despicien-

173 1668 238 1695 tiam
250 1662 431 1702 praeferebat;
444 1665 491 1693 sed
505 1664 640 1700 prodebat
666 1667 756 1690 tamen
775 1662 905 1693 indolem,
920 1661 962 1688 in-

172 1712 418 1748 situmque-animo
427 1711 549 1738 dolorem
563 1718 570 1736 :
586 1709 765 1744 quamobrem
780 1707 959 1734 Sabinianum

173 1759 260 1794 amice
273 1758 372 1793 arguit,
399 1756 471 1791 quod
490 1756 563 1783 sedis
580 1763 676 1782 amore
690 1762 723 1782 eo
749 1762 778 1781 se
803 1753 958 1788 abjecisset,

173 1813 227 1839 quo
241 1803 445 1838 magnanimum
455 1810 509 1828 non
521 1802 641 1828 deceret.
660 1810 668 1826 ι
682 1799 861 1827 Sanetitatem
875 1804 958 1830 tuam,

173 1849 261 1884 inquit
275 1849 296 1880 °,
308 1844 436 1875 laudibus
443 1847 539 1878 anuli,
551 1853 611 1873 cum
627 1845 788 1872 invidiosam
801 1845 959 1872 cathedrata

173 1895 303 1930 reliquit;
317 1901 378 1928 qua!
394 1893 468 1920 enim
483 1891 640 1920 veneranda
657 1892 722 1918 olim
740 1896 811 1922 erat,
833 1899 907 1918 nunc
919 1891 959 1918 fa-

172 1947 214 1969 cta
225 1946 268 1969 est
280 1940 407 1971 ridicula,
419 1939 545 1967 venalem
558 1939 659 1974 quippe
676 1938 750 1965 illam
769 1945 819 1965 nos
832 1937 958 1964 fecimus.

172 1988 285 2015 Miratus
299 1994 360 2014 sum
373 1990 476 2017 autem,
486 1989 633 2020 postquam
650 1983 776 2018 cognovi,
806 1987 831 2010 te
853 1983 886 2010 ad
901 1990 958 2013 eos,

172 2034 218 2069 qui
234 2032 376 2069 ejecerint,
386 2032 551 2059 accurrisse.
566 2030 632 2057 Nam
649 2029 817 2057 contrarium
830 2034 855 2055 te
871 2029 960 2055 facere

171 2079 327 2115 oportebat,
340 2082 370 2105 ut
387 2082 497 2112 rogatus
511 2076 697 2112 gubernacula
713 2075 844 2106 retinere,
861 2074 960 2110 guber-

171 2126 310 2154 nationem
322 2124 472 2159 rel‘ugercs,
483 2128 612 2157 tanquam
627 2121 749 2149 inimicis
763 2121 842 2149 factis
857 2121 901 2153 iis,
912 2120 958 2155 qui

171 2172 199 2199 in
215 2171 311 2199 eadem
336 2170 399 2198 navi
418 2173 492 2196 sunt.
513 2178 521 2194 ι
544 2169 577 2195 Ει
589 2172 684 2203 postea
699 2167 733 2194 de
751 2175 798 2195 se:
819 2177 827 2192 ι
847 2167 903 2202 Ego
921 2167 960 2193 fa-

1011 1579 1146 1604 ommum,
1164 1572 1253 1607 inquit
1268 1573 1300 1605 ¹¹,
1328 1578 1419 1600 rector
1442 1578 1470 1600 et
1487 1573 1645 1601 moderator
1667 1569 1800 1601 Dominus

1011 1617 1151 1653 patefecit.
1170 1622 1197 1645 et
1216 1619 1430 1653 apostolicorum
1455 1624 1612 1647 nostrorum
1641 1619 1799 1655 dogmatum

1011 1666 1165 1698 veritatem,
1184 1671 1212 1693 et
1222 1667 1330 1701 iactatae
1360 1666 1387 1693 in
1405 1674 1456 1694 nos
1475 1666 1619 1693 calumnia:
1639 1666 1797 1693 falsitatem.

1011 1711 1131 1744 Etenim,
1144 1719 1204 1746 qua:
1219 1719 1233 1738 a
1245 1712 1300 1738 Deo
1315 1711 1479 1738 charissimo
1494 1716 1521 1738 et
1538 1711 1712 1739 sanctissimo
1739 1719 1798 1738 ma-

1011 1765 1070 1792 gna:
1086 1757 1178 1784 Romae
1192 1757 1400 1791 archiepiscopo
1417 1757 1531 1784 domino
1547 1756 1637 1784 Leone
1656 1756 1689 1783 ad
1700 1761 1800 1784 sancta:

1012 1802 1151 1829 memoria:
1169 1802 1327 1829 Flavianum
1343 1802 1465 1837 aliosque
1479 1802 1551 1837 apud
1566 1801 1704 1837 Ephesum
1733 1810 1799 1829 con—

1011 1851 1137 1882 gregatos
1148 1846 1251 1881 scripta
1265 1851 1340 1877 sunt.
1353 1854 1416 1874 cum
1432 1846 1466 1874 iis
1478 1846 1588 1882 penitus
1612 1847 1799 1878 consentiunt,

1011 1899 1072 1926 qum
1089 1899 1139 1919 nos
1154 1892 1196 1919 vel
1209 1893 1437 1927 conscripsimus,
1449 1893 1491 1919 vel
1514 1892 1541 1919 in
1556 1892 1688 1920 Ecclesiis
1703 1901 1801 1928 perpe-

1011 1942 1059 1964 tuo
1075 1938 1230 1966 docuimus.
1245 1938 1381 1972 Quocirca
1397 1939 1479 1967 simul
1491 1947 1523 1966 ac
1544 1947 1592 1967 eas
1605 1940 1713 1966 litteras
1735 1940 1799 1975 legi,

1011 1984 1159 2020 benignum
1187 1985 1333 2012 Dominum
1357 1985 1477 2018 laudavi,
1500 1985 1572 2020 quod
1585 1984 1722 2012 Ecclesias
1745 1993 1801 2012 non

1011 2037 1125 2064 prorsus
1138 2031 1303 2064 deseruerit,
1319 2031 1367 2058 sed
1383 2035 1465 2058 rectae
1501 2031 1634 2058 doctrina:
1655 2031 1800 2058 scintillam

1011 2077 1139 2108 servarit,
1154 2077 1196 2104 vel
1210 2077 1303 2112 potius
1320 2085 1375 2104 non
1387 2077 1545 2109 scintillam,
1564 2077 1612 2104 sed
1639 2077 1726 2104 facem
1740 2085 1799 2104 ma-

1010 2121 1123 2153 ximam,
1137 2130 1198 2156 qute
1215 2123 1310 2150 orbem
1322 2126 1458 2150 terrarum
1472 2122 1623 2159 accendere
1645 2127 1672 2150 et
1695 2123 1799 2151 illumi-

1010 2175 1076 2195 nare
1091 2169 1186 2203 possit.
1208 2178 1216 2194 ›
1235 2169 1304 2196 Τιιηι
1322 2173 1383 2204 post
1397 2169 1535 2195 laudatam
1566 2170 1723 2204 apostolicae
1742 2170 1800 2204 epi-

171 2222 243 2244 ctam
257 2217 283 2244 in
296 2224 338 2244 mc
353 2215 482 2251 injuriam
498 2215 574 2242 velut
590 2214 714 2242 divinum
728 2213 892 2241 beneﬁcium
911 2221 959 2240 ex-
977 2209 997 2237 D
1011 2214 1089 2241 stola:
1112 2215 1265 2242 doctrinam
1283 2222 1346 2241 cum
1362 2214 1491 2241 Patribus
1507 2222 1655 2242 consonam
1672 2225 1679 2242 ι
1696 2225 1704 2241 ε
1730 2216 1798 2243 cum

169 2264 242 2299 cepi,
265 2271 320 2290 non
334 2270 399 2290 sane
415 2262 529 2298 gratiam
543 2261 647 2288 habens
668 2260 774 2295 injurire
789 2260 959 2292 auctoribus,

169 2309 236 2345 (quo
254 2309 328 2336 enim
344 2313 432 2343 pacto,
449 2307 598 2334 fratricidis
622 2311 650 2333 et
672 2305 750 2334 Caini
778 2310 883 2341 partem
900 2313 958 2332 am-

169 2354 284 2391 plexis?)
298 2354 346 2382 sed
369 2353 515 2381 Dominum
527 2361 618 2380 meum
632 2352 761 2379 laudibus
773 2352 901 2383 efferens,
912 2352 959 2386 qui

170 2409 213 2430 me
228 2401 356 2437 iniuriam
372 2400 535 2436 patientium
560 2404 632 2427 sorte
649 2399 776 2434 dignatus
789 2403 840 2426 est.
860 2409 868 2424 ι
885 2399 958 2426 Ibam

169 2455 234 2475 vero
254 2447 397 2482 alloquens
422 2445 570 2474 Sabiniano
597 2444 821 2480 generosiorem:
841 2453 849 2469 ι
869 2443 956 2471 Ceda-

169 2501 241 2524 Inus.
250 2493 288 2521 ait
304 2493 337 2526 ‘°,
353 2492 576 2528 peremptoribus
591 2491 723 2518 honorem
749 2494 776 2516 et
789 2489 911 2521 delicias,
929 2493 958 2515 ct

168 2539 243 2567 sedis
263 2539 471 2575 praerogativam
497 2541 524 2565 et
549 2537 662 2572 gloriam
688 2536 836 2567 infelicem,
854 2540 960 2562 tantum

169 2585 352 2613 inhasreamus
365 2584 530 2620 evangelicis
541 2583 726 2619 dogmatibus,
742 2586 769 2609 et
783 2590 845 2609 cum
858 2581 923 2613 illis,
938 2581 959 2608 si

169 2638 238 2666 opus
253 2635 304 2664 est,
319 2631 429 2666 quidvis
436 2637 566 2665 asperum
583 2629 764 2664 perferamus,
778 2627 960 2655 laudabilem-

1011 2260 1055 2287 his
1072 2261 1172 2288 litteris
1184 2261 1253 2288 meis
1268 2261 1405 2296 copulavi,
1422 2264 1462 2292 ut,
1475 2268 1537 2287 eum
1552 2261 1649 2296 legerit
1677 2262 1800 2297 magnifi-

1010 2306 1101 2333 centia
1114 2311 1170 2338 tua,
1187 2314 1282 2334 eorum
1300 2306 1471 2339 recordetur,
1490 2314 1551 2340 qua:
1564 2314 1578 2333 a
1598 2307 1679 2334 nobis
1694 2307 1720 2334 in
1747 2308 1800 2334 Ee-

1010 2352 1094 2378 clesia
1108 2352 1207 2387 saepius
1221 2356 1285 2379 sunt
1308 2351 1391 2384 dicta,
1407 2356 1435 2379 ct
1456 2352 1664 2379 consensionem
1690 2353 1800 2387 dogma-

1012 2401 1070 2424 tum
1086 2402 1225 2432 agnoscat.
1250 2407 1258 2423 ι
1285 2397 1417 2424 Eamdem
1443 2405 1552 2432 quoque
1578 2406 1627 2432 per
1647 2398 1751 2433 legatos
1765 2398 1799 2425 ad

1010 2446 1137 2470 sanctum
1165 2443 1297 2475 Leonem,
1319 2443 1345 2470 id
1361 2448 1413 2475 est,
1426 2443 1459 2471 ad
1482 2452 1641 2479 supremum
1667 2444 1798 2479 judicent,

1011 2489 1090 2524 cujus
1106 2489 1228 2516 tribunal
1260 2490 1427 2524 appellabat,
1446 2490 1543 2518 iisdem
1570 2490 1735 2518 testimoniis
1749 2499 1799 2517 au-

1011 2540 1084 2563 ctam
1101 2535 1216 2568 remisit,
1232 2536 1307 2563 velut
1321 2537 1499 2564 ineluctabile
1523 2544 1613 2563 causa!
1627 2545 1682 2564 suae
1698 2536 1800 2564 instru-

1011 2585 1136 2608 mentum
1165 2584 1390 2616 momentumque
1412 2581 1615 2616 gravissimum.
1634 2580 1705 2613 Quid
1725 2580 1799 2607 enim

1010 2626 1152 2661 potentius
1163 2627 1327 2662 graviusque
1341 2626 1435 2654 afferat
1452 2626 1587 2662 quispiam
1600 2626 1633 2654 ad
1656 2634 1712 2654 suae
1737 2626 1799 2654 fidei

835 2727 992 2756 SCHULZII
1011 2727 1127 2755 ΝΟΤᾹΞ.

203 2813 322 2848 'lnquil.
343 2810 406 2848 viti.
427 2814 460 2848 t._
476 2809 614 2848 lV,_epist.
634 2808 700 2848 ιρις.

167 2850 246 2880 enim,
264 2844 323 2876 ἐκ.
343 2845 402 2874 Vid.
418 2845 498 2881 epist.
519 2845 567 2872 156
590 2848 617 2871 et
632 2844 689 2871 l2l.

742 2809 762 2824 ‘°
775 2808 828 2836 Ait.
849 2807 910 2835 Vid.
932 2808 950 2834 1.
968 2815 993 2834 c.
1005 2807 1088 2841 epist.
1108 2807 1168 2833 155.

728 2844 750 2860 ¹³
763 2843 862 2878 Inquit.
876 2842 935 2869 \‘id.
956 2842 1036 2877 epist.
1060 2842 1117 2868 121.

1211 2806 1229 2821 "
1248 2805 1288 2832 Ad
1303 2805 1413 2833 Timollr.
1436 2804 1496 2832 Vid.
1513 2804 1594 2838 epist.
1614 2804 1672 2832 151.
1695 2804 1714 2819 “
1730 2803 1800 2832 [iam
