  <div class='ocr_page' id='page_1' title='image "/cluster/home/n/w/nwhite01/storage/ocr_20150623/84/njp.32101010943783/076.png"; bbox 0 0 1969 3052; ppageno 0'>
   <div class='ocr_carea' id='block_1_1' title="bbox 175 150 221 184">
    <p class='ocr_par' dir='ltr' id='par_1_1' title="bbox 175 150 221 184">
     <span class='ocr_line' id='line_1_1' title="bbox 175 150 221 184; baseline 0.022 -1"><span class='ocrx_word' id='word_1_1' title='bbox 175 150 221 184; x_wconf 66' lang='grc' dir='ltr'><strong>λιι</strong></span> 
     </span>
    </p>
   </div>
   <div class='ocr_carea' id='block_1_2' title="bbox 754 153 1208 184">
    <p class='ocr_par' dir='ltr' id='par_1_2' title="bbox 754 153 1208 184">
     <span class='ocr_line' id='line_1_2' title="bbox 754 153 1208 184; baseline -0.004 0"><span class='ocrx_word' id='word_1_2' title='bbox 754 153 936 184; x_wconf 74' lang='lat' dir='ltr'><strong>HISTORIA</strong></span> <span class='ocrx_word' id='word_1_3' title='bbox 954 153 1208 183; x_wconf 82' lang='lat' dir='ltr'><strong>THEODORETI.</strong></span> 
     </span>
    </p>
   </div>
   <div class='ocr_carea' id='block_1_3' title="bbox 1748 151 1798 183">
    <p class='ocr_par' dir='ltr' id='par_1_3' title="bbox 1748 151 1798 183">
     <span class='ocr_line' id='line_1_3' title="bbox 1748 151 1798 183; baseline 0 0"><span class='ocrx_word' id='word_1_4' title='bbox 1748 151 1798 183; x_wconf 71' lang='grc'><strong>142</strong></span> 
     </span>
    </p>
   </div>
   <div class='ocr_carea' id='block_1_4' title="bbox 174 209 1798 246">
    <p class='ocr_par' dir='ltr' id='par_1_4' title="bbox 174 209 1798 246">
     <span class='ocr_line' id='line_1_4' title="bbox 174 209 1798 246; baseline 0.001 -10"><span class='ocrx_word' id='word_1_5' title='bbox 174 210 321 246; x_wconf 87' lang='lat' dir='ltr'><strong>puritatem</strong></span> <span class='ocrx_word' id='word_1_6' title='bbox 352 209 530 245; x_wconf 86' lang='lat' dir='ltr'><strong>probandam,</strong></span> <span class='ocrx_word' id='word_1_7' title='bbox 558 217 639 245; x_wconf 87' lang='lat' dir='ltr'><strong>quam</strong></span> <span class='ocrx_word' id='word_1_8' title='bbox 667 210 875 237; x_wconf 83' lang='lat' dir='ltr'><strong>consensionem</strong></span> <span class='ocrx_word' id='word_1_9' title='bbox 898 217 960 236; x_wconf 81' lang='lat' dir='ltr'><strong>cum</strong></span> <span class='ocrx_word' id='word_1_10' title='bbox 977 214 996 239; x_wconf 77' lang='grc' dir='ltr'><strong>Α</strong></span> <span class='ocrx_word' id='word_1_11' title='bbox 1012 217 1072 236; x_wconf 85' lang='lat' dir='ltr'><strong>ese</strong></span> <span class='ocrx_word' id='word_1_12' title='bbox 1099 210 1227 245; x_wconf 76' lang='lat' dir='ltr'><strong>jusscral.</strong></span> <span class='ocrx_word' id='word_1_13' title='bbox 1251 209 1334 236; x_wconf 71' lang='lat' dir='ltr'><strong>Suam</strong></span> <span class='ocrx_word' id='word_1_14' title='bbox 1359 213 1386 236; x_wconf 83' lang='lat' dir='ltr'><strong>et</strong></span> <span class='ocrx_word' id='word_1_15' title='bbox 1405 209 1487 236; x_wconf 86' lang='lat' dir='ltr'><strong>totius</strong></span> <span class='ocrx_word' id='word_1_16' title='bbox 1516 209 1644 236; x_wconf 69' lang='lat' dir='ltr'><strong>Ecclesia:</strong></span> <span class='ocrx_word' id='word_1_17' title='bbox 1660 209 1798 237; x_wconf 55' lang='lat' dir='ltr'><strong>catholicae</strong></span> 
     </span>
    </p>
   </div>
   <div class='ocr_carea' id='block_1_5' title="bbox 174 254 961 289">
    <p class='ocr_par' dir='ltr' id='par_1_5' title="bbox 174 254 961 289">
     <span class='ocr_line' id='line_1_5' title="bbox 174 254 961 289; baseline -0.003 -6"><span class='ocrx_word' id='word_1_18' title='bbox 174 256 355 283; x_wconf 67' lang='lat' dir='ltr'><strong>sanctissimis</strong></span> <span class='ocrx_word' id='word_1_19' title='bbox 368 255 588 289; x_wconf 83' lang='lat' dir='ltr'><strong>doctissimisque</strong></span> <span class='ocrx_word' id='word_1_20' title='bbox 616 254 735 282; x_wconf 78' lang='lat' dir='ltr'><strong>Orientis</strong></span> <span class='ocrx_word' id='word_1_21' title='bbox 751 255 961 289; x_wconf 86' lang='lat' dir='ltr'><strong>Occidentisque</strong></span> 
     </span>
    </p>
   </div>
   <div class='ocr_carea' id='block_1_6' title="bbox 174 299 961 337">
    <p class='ocr_par' dir='ltr' id='par_1_6' title="bbox 174 299 961 337">
     <span class='ocr_line' id='line_1_6' title="bbox 174 299 961 337; baseline -0.003 -8"><span class='ocrx_word' id='word_1_22' title='bbox 174 302 311 334; x_wconf 83' lang='lat' dir='ltr'><strong>Patribus,</strong></span> <span class='ocrx_word' id='word_1_23' title='bbox 327 302 428 336; x_wconf 87' lang='lat' dir='ltr'><strong>quibus</strong></span> <span class='ocrx_word' id='word_1_24' title='bbox 443 302 518 329; x_wconf 86' lang='lat' dir='ltr'><strong>velut</strong></span> <span class='ocrx_word' id='word_1_25' title='bbox 535 302 561 328; x_wconf 94' lang='lat' dir='ltr'><strong>iu</strong></span> <span class='ocrx_word' id='word_1_26' title='bbox 572 301 707 337; x_wconf 78' lang='lat' dir='ltr'><strong>synodum</strong></span> <span class='ocrx_word' id='word_1_27' title='bbox 730 301 832 328; x_wconf 77' lang='lat' dir='ltr'><strong>coactis</strong></span> <span class='ocrx_word' id='word_1_28' title='bbox 858 299 961 328; x_wconf 84' lang='lat' dir='ltr'><strong>Christi</strong></span> 
     </span>
    </p>
   </div>
   <div class='ocr_carea' id='block_1_7' title="bbox 174 346 962 382">
    <p class='ocr_par' dir='ltr' id='par_1_7' title="bbox 174 346 962 382">
     <span class='ocr_line' id='line_1_7' title="bbox 174 346 962 382; baseline -0.001 -9"><span class='ocrx_word' id='word_1_29' title='bbox 174 347 294 374; x_wconf 77' lang='lat' dir='ltr'><strong>vicarius</strong></span> <span class='ocrx_word' id='word_1_30' title='bbox 305 347 470 382; x_wconf 68' lang='lat' dir='ltr'><strong>praesideat?</strong></span> <span class='ocrx_word' id='word_1_31' title='bbox 485 347 551 380; x_wconf 86' lang='lat' dir='ltr'><strong>Quis</strong></span> <span class='ocrx_word' id='word_1_32' title='bbox 567 355 581 373; x_wconf 91' lang='lat' dir='ltr'><strong>a</strong></span> <span class='ocrx_word' id='word_1_33' title='bbox 600 347 735 374; x_wconf 82' lang='lat' dir='ltr'><strong>catholica</strong></span> <span class='ocrx_word' id='word_1_34' title='bbox 749 347 864 374; x_wconf 84' lang='lat' dir='ltr'><strong>veritate</strong></span> <span class='ocrx_word' id='word_1_35' title='bbox 883 346 962 373; x_wconf 84' lang='lat' dir='ltr'><strong>aber—</strong></span> 
     </span>
    </p>
   </div>
   <div class='ocr_carea' id='block_1_8' title="bbox 176 391 961 425">
    <p class='ocr_par' dir='ltr' id='par_1_8' title="bbox 176 391 961 425">
     <span class='ocr_line' id='line_1_8' title="bbox 176 391 961 425; baseline -0.001 -6"><span class='ocrx_word' id='word_1_36' title='bbox 176 397 226 425; x_wconf 74' lang='lat' dir='ltr'><strong>ret,</strong></span> <span class='ocrx_word' id='word_1_37' title='bbox 244 398 355 420; x_wconf 88' lang='lat' dir='ltr'><strong>secutus</strong></span> <span class='ocrx_word' id='word_1_38' title='bbox 366 393 461 423; x_wconf 86' lang='lat' dir='ltr'><strong>duces,</strong></span> <span class='ocrx_word' id='word_1_39' title='bbox 478 393 623 424; x_wconf 81' lang='lat' dir='ltr'><strong>Hilarium,</strong></span> <span class='ocrx_word' id='word_1_40' title='bbox 637 392 828 424; x_wconf 80' lang='lat' dir='ltr'><strong>Athanasium,</strong></span> <span class='ocrx_word' id='word_1_41' title='bbox 844 391 961 418; x_wconf 77' lang='lat' dir='ltr'><strong>Ambro-</strong></span> 
     </span>
    </p>
   </div>
   <div class='ocr_carea' id='block_1_9' title="bbox 174 437 961 474">
    <p class='ocr_par' dir='ltr' id='par_1_9' title="bbox 174 437 961 474">
     <span class='ocr_line' id='line_1_9' title="bbox 174 437 961 474; baseline -0.003 -9"><span class='ocrx_word' id='word_1_42' title='bbox 174 439 256 471; x_wconf 77' lang='lat' dir='ltr'><strong>sium,</strong></span> <span class='ocrx_word' id='word_1_43' title='bbox 285 439 480 474; x_wconf 79' lang='lat' dir='ltr'><strong>Augustinum,</strong></span> <span class='ocrx_word' id='word_1_44' title='bbox 505 438 741 474; x_wconf 86' lang='lat' dir='ltr'><strong>Chrysostomum,</strong></span> <span class='ocrx_word' id='word_1_45' title='bbox 768 437 961 472; x_wconf 83' lang='lat' dir='ltr'><strong>Theophilum,</strong></span> 
     </span>
    </p>
   </div>
   <div class='ocr_carea' id='block_1_10' title="bbox 175 481 963 518">
    <p class='ocr_par' dir='ltr' id='par_1_10' title="bbox 175 481 963 518">
     <span class='ocr_line' id='line_1_10' title="bbox 175 481 963 518; baseline -0.003 -8"><span class='ocrx_word' id='word_1_46' title='bbox 175 483 388 515; x_wconf 72' lang='lat' dir='ltr'><strong>Nazianzcnum,</strong></span> <span class='ocrx_word' id='word_1_47' title='bbox 406 484 548 514; x_wconf 78' lang='lat' dir='ltr'><strong>Basiliam,</strong></span> <span class='ocrx_word' id='word_1_48' title='bbox 565 483 708 518; x_wconf 85' lang='lat' dir='ltr'><strong>Cyrillum,</strong></span> <span class='ocrx_word' id='word_1_49' title='bbox 733 487 761 509; x_wconf 91' lang='lat' dir='ltr'><strong>et</strong></span> <span class='ocrx_word' id='word_1_50' title='bbox 776 482 895 509; x_wconf 89' lang='lat' dir='ltr'><strong>Leonem</strong></span> <span class='ocrx_word' id='word_1_51' title='bbox 910 481 963 508; x_wconf 76' lang='lat' dir='ltr'><strong>illa-</strong></span> 
     </span>
    </p>
   </div>
   <div class='ocr_carea' id='block_1_11' title="bbox 174 528 962 564">
    <p class='ocr_par' dir='ltr' id='par_1_11' title="bbox 174 528 962 564">
     <span class='ocr_line' id='line_1_11' title="bbox 174 528 962 564; baseline -0.004 -8"><span class='ocrx_word' id='word_1_52' title='bbox 174 530 278 564; x_wconf 70' lang='lat' dir='ltr'><strong>gnum?</strong></span> <span class='ocrx_word' id='word_1_53' title='bbox 292 529 352 556; x_wconf 84' lang='lat' dir='ltr'><strong>lluc</strong></span> <span class='ocrx_word' id='word_1_54' title='bbox 370 529 469 556; x_wconf 86' lang='lat' dir='ltr'><strong>adduci</strong></span> <span class='ocrx_word' id='word_1_55' title='bbox 485 533 596 563; x_wconf 75' lang='lat' dir='ltr'><strong>possent</strong></span> <span class='ocrx_word' id='word_1_56' title='bbox 624 528 767 562; x_wconf 80' lang='lat' dir='ltr'><strong>Augustini</strong></span> <span class='ocrx_word' id='word_1_57' title='bbox 790 528 873 554; x_wconf 84' lang='lat' dir='ltr'><strong>verba</strong></span> <span class='ocrx_word' id='word_1_58' title='bbox 899 535 962 554; x_wconf 89' lang='lat' dir='ltr'><strong>cum</strong></span> 
     </span>
    </p>
   </div>
   <div class='ocr_carea' id='block_1_12' title="bbox 174 573 964 610">
    <p class='ocr_par' dir='ltr' id='par_1_12' title="bbox 174 573 964 610">
     <span class='ocr_line' id='line_1_12' title="bbox 174 573 964 610; baseline -0.005 -7"><span class='ocrx_word' id='word_1_59' title='bbox 174 576 282 604; x_wconf 84' lang='lat' dir='ltr'><strong>Juliauo</strong></span> <span class='ocrx_word' id='word_1_60' title='bbox 303 576 470 610; x_wconf 85' lang='lat' dir='ltr'><strong>disputantis</strong></span> <span class='ocrx_word' id='word_1_61' title='bbox 489 575 508 590; x_wconf 79' lang='lat'>&quot;</span> <span class='ocrx_word' id='word_1_62' title='bbox 526 584 532 600; x_wconf 90' lang='lat'>:</span> <span class='ocrx_word' id='word_1_63' title='bbox 551 584 559 600; x_wconf 77' lang='lat'><strong>(</strong></span> <span class='ocrx_word' id='word_1_64' title='bbox 583 574 609 602; x_wconf 88' lang='lat' dir='ltr'><strong>Si</strong></span> <span class='ocrx_word' id='word_1_65' title='bbox 623 583 656 601; x_wconf 81' lang='lat' dir='ltr'><strong>ex</strong></span> <span class='ocrx_word' id='word_1_66' title='bbox 671 575 737 601; x_wconf 90' lang='lat' dir='ltr'><strong>orbe</strong></span> <span class='ocrx_word' id='word_1_67' title='bbox 751 579 808 600; x_wconf 88' lang='lat' dir='ltr'><strong>toto</strong></span> <span class='ocrx_word' id='word_1_68' title='bbox 822 573 964 608; x_wconf 85' lang='lat' dir='ltr'><strong>episcopa-</strong></span> 
     </span>
    </p>
   </div>
   <div class='ocr_carea' id='block_1_13' title="bbox 176 617 964 655">
    <p class='ocr_par' dir='ltr' id='par_1_13' title="bbox 176 617 964 655">
     <span class='ocr_line' id='line_1_13' title="bbox 176 617 964 655; baseline -0.003 -9"><span class='ocrx_word' id='word_1_69' title='bbox 176 620 211 647; x_wconf 88' lang='lat' dir='ltr'><strong>lis</strong></span> <span class='ocrx_word' id='word_1_70' title='bbox 223 619 344 655; x_wconf 88' lang='lat' dir='ltr'><strong>syuodus</strong></span> <span class='ocrx_word' id='word_1_71' title='bbox 357 624 580 654; x_wconf 74' lang='lat' dir='ltr'><strong>congregaretur,</strong></span> <span class='ocrx_word' id='word_1_72' title='bbox 598 619 710 650; x_wconf 87' lang='lat' dir='ltr'><strong>mirum,</strong></span> <span class='ocrx_word' id='word_1_73' title='bbox 735 619 756 645; x_wconf 87' lang='lat' dir='ltr'><strong>si</strong></span> <span class='ocrx_word' id='word_1_74' title='bbox 781 622 893 652; x_wconf 55' lang='lat' dir='ltr'><strong>possunt</strong></span> <span class='ocrx_word' id='word_1_75' title='bbox 909 617 964 644; x_wconf 89' lang='lat' dir='ltr'><strong>illic</strong></span> 
     </span>
    </p>
   </div>
   <div class='ocr_carea' id='block_1_14' title="bbox 177 663 963 700">
    <p class='ocr_par' dir='ltr' id='par_1_14' title="bbox 177 663 963 700">
     <span class='ocr_line' id='line_1_14' title="bbox 177 663 963 700; baseline -0.004 -8"><span class='ocrx_word' id='word_1_76' title='bbox 177 666 254 692; x_wconf 80' lang='lat' dir='ltr'><strong>facile</strong></span> <span class='ocrx_word' id='word_1_77' title='bbox 268 666 363 692; x_wconf 87' lang='lat' dir='ltr'><strong>sedere</strong></span> <span class='ocrx_word' id='word_1_78' title='bbox 376 669 415 692; x_wconf 91' lang='lat' dir='ltr'><strong>tot</strong></span> <span class='ocrx_word' id='word_1_79' title='bbox 433 665 517 696; x_wconf 88' lang='lat' dir='ltr'><strong>docti,</strong></span> <span class='ocrx_word' id='word_1_80' title='bbox 537 672 642 700; x_wconf 75' lang='lat' dir='ltr'><strong>graves,</strong></span> <span class='ocrx_word' id='word_1_81' title='bbox 662 664 758 695; x_wconf 82' lang='lat' dir='ltr'><strong>sancti,</strong></span> <span class='ocrx_word' id='word_1_82' title='bbox 787 663 963 698; x_wconf 76' lang='lat' dir='ltr'><strong>veritatisque</strong></span> 
     </span>
    </p>
   </div>
   <div class='ocr_carea' id='block_1_15' title="bbox 178 711 518 738">
    <p class='ocr_par' dir='ltr' id='par_1_15' title="bbox 178 711 518 738">
     <span class='ocr_line' id='line_1_15' title="bbox 178 711 518 738; baseline -0.006 0"><span class='ocrx_word' id='word_1_83' title='bbox 178 711 305 738; x_wconf 80' lang='lat' dir='ltr'><strong>acerrimi</strong></span> <span class='ocrx_word' id='word_1_84' title='bbox 324 711 494 738; x_wconf 89' lang='lat' dir='ltr'><strong>defensores.</strong></span> <span class='ocrx_word' id='word_1_85' title='bbox 511 720 518 736; x_wconf 77' lang='grc' dir='ltr'><strong><em>ι</em></strong></span> 
     </span>
    </p>
   </div>
   <div class='ocr_carea' id='block_1_16' title="bbox 213 756 964 791">
    <p class='ocr_par' dir='ltr' id='par_1_16' title="bbox 213 756 964 791">
     <span class='ocr_line' id='line_1_16' title="bbox 213 756 964 791; baseline -0.003 -7"><span class='ocrx_word' id='word_1_86' title='bbox 213 757 306 784; x_wconf 80' lang='lat' dir='ltr'><strong>XVIII.</strong></span> <span class='ocrx_word' id='word_1_87' title='bbox 318 757 370 784; x_wconf 88' lang='lat' dir='ltr'><strong>Per</strong></span> <span class='ocrx_word' id='word_1_88' title='bbox 385 756 411 783; x_wconf 93' lang='lat' dir='ltr'><strong>id</strong></span> <span class='ocrx_word' id='word_1_89' title='bbox 429 761 536 791; x_wconf 89' lang='lat' dir='ltr'><strong>tempus</strong></span> <span class='ocrx_word' id='word_1_90' title='bbox 554 756 681 784; x_wconf 75' lang='lat' dir='ltr'><strong>Historiae</strong></span> <span class='ocrx_word' id='word_1_91' title='bbox 694 756 889 784; x_wconf 74' lang='lat' dir='ltr'><strong>ecclesiastica:</strong></span> <span class='ocrx_word' id='word_1_92' title='bbox 916 760 964 783; x_wconf 88' lang='lat' dir='ltr'><strong>aut</strong></span> 
     </span>
    </p>
   </div>
   <div class='ocr_carea' id='block_1_17' title="bbox 177 802 965 838">
    <p class='ocr_par' dir='ltr' id='par_1_17' title="bbox 177 802 965 838">
     <span class='ocr_line' id='line_1_17' title="bbox 177 802 965 838; baseline -0.003 -8"><span class='ocrx_word' id='word_1_93' title='bbox 177 803 382 838; x_wconf 57' lang='lat' dir='ltr'><strong>componenda},</strong></span> <span class='ocrx_word' id='word_1_94' title='bbox 396 803 469 838; x_wconf 90' lang='lat' dir='ltr'><strong>quod</strong></span> <span class='ocrx_word' id='word_1_95' title='bbox 498 803 585 838; x_wconf 76' lang='lat' dir='ltr'><strong>magis</strong></span> <span class='ocrx_word' id='word_1_96' title='bbox 609 811 681 833; x_wconf 87' lang='lat' dir='ltr'><strong>reor,</strong></span> <span class='ocrx_word' id='word_1_97' title='bbox 703 807 751 829; x_wconf 89' lang='lat' dir='ltr'><strong>aut</strong></span> <span class='ocrx_word' id='word_1_98' title='bbox 765 803 859 829; x_wconf 89' lang='lat' dir='ltr'><strong>saltem</strong></span> <span class='ocrx_word' id='word_1_99' title='bbox 875 802 965 829; x_wconf 90' lang='lat' dir='ltr'><strong>absol-</strong></span> 
     </span>
    </p>
   </div>
   <div class='ocr_carea' id='block_1_18' title="bbox 178 848 964 883">
    <p class='ocr_par' dir='ltr' id='par_1_18' title="bbox 178 848 964 883">
     <span class='ocr_line' id='line_1_18' title="bbox 178 848 964 883; baseline -0.004 -7"><span class='ocrx_word' id='word_1_100' title='bbox 178 849 272 876; x_wconf 74' lang='lat' dir='ltr'><strong>vendte</strong></span> <span class='ocrx_word' id='word_1_101' title='bbox 286 857 314 876; x_wconf 88' lang='lat' dir='ltr'><strong>se</strong></span> <span class='ocrx_word' id='word_1_102' title='bbox 329 848 414 876; x_wconf 91' lang='lat' dir='ltr'><strong>dedit.</strong></span> <span class='ocrx_word' id='word_1_103' title='bbox 444 849 501 880; x_wconf 84' lang='lat' dir='ltr'><strong>Illa,</strong></span> <span class='ocrx_word' id='word_1_104' title='bbox 527 853 557 875; x_wconf 92' lang='lat' dir='ltr'><strong>ut</strong></span> <span class='ocrx_word' id='word_1_105' title='bbox 573 849 687 883; x_wconf 82' lang='lat' dir='ltr'><strong>ipsemet</strong></span> <span class='ocrx_word' id='word_1_106' title='bbox 702 848 813 880; x_wconf 75' lang='lat' dir='ltr'><strong>fatetur,</strong></span> <span class='ocrx_word' id='word_1_107' title='bbox 843 848 964 882; x_wconf 88' lang='lat' dir='ltr'><strong>quinque</strong></span> 
     </span>
    </p>
   </div>
   <div class='ocr_carea' id='block_1_19' title="bbox 177 892 963 929">
    <p class='ocr_par' dir='ltr' id='par_1_19' title="bbox 177 892 963 929">
     <span class='ocr_line' id='line_1_19' title="bbox 177 892 963 929; baseline -0.004 -7"><span class='ocrx_word' id='word_1_108' title='bbox 177 900 206 923; x_wconf 86' lang='lat' dir='ltr'><strong>et</strong></span> <span class='ocrx_word' id='word_1_109' title='bbox 217 899 327 922; x_wconf 85' lang='lat' dir='ltr'><strong>centum</strong></span> <span class='ocrx_word' id='word_1_110' title='bbox 345 902 480 921; x_wconf 82' lang='lat' dir='ltr'><strong>annorum</strong></span> <span class='ocrx_word' id='word_1_111' title='bbox 497 899 604 929; x_wconf 86' lang='lat' dir='ltr'><strong>tempus</strong></span> <span class='ocrx_word' id='word_1_112' title='bbox 626 893 831 928; x_wconf 84' lang='lat' dir='ltr'><strong>complectitur,</strong></span> <span class='ocrx_word' id='word_1_113' title='bbox 846 893 880 919; x_wconf 87' lang='lat' dir='ltr'><strong>ab</strong></span> <span class='ocrx_word' id='word_1_114' title='bbox 904 892 963 919; x_wconf 74' lang='lat' dir='ltr'><strong>Arii</strong></span> 
     </span>
    </p>
   </div>
   <div class='ocr_carea' id='block_1_20' title="bbox 177 936 963 975">
    <p class='ocr_par' dir='ltr' id='par_1_20' title="bbox 177 936 963 975">
     <span class='ocr_line' id='line_1_20' title="bbox 177 936 963 975; baseline -0.006 -7"><span class='ocrx_word' id='word_1_115' title='bbox 177 941 287 968; x_wconf 82' lang='lat' dir='ltr'><strong>vesania</strong></span> <span class='ocrx_word' id='word_1_116' title='bbox 305 940 451 975; x_wconf 79' lang='lat' dir='ltr'><strong>incipiens,</strong></span> <span class='ocrx_word' id='word_1_117' title='bbox 470 939 653 974; x_wconf 87' lang='lat' dir='ltr'><strong>desinensque</strong></span> <span class='ocrx_word' id='word_1_118' title='bbox 678 938 706 965; x_wconf 90' lang='lat' dir='ltr'><strong>in</strong></span> <span class='ocrx_word' id='word_1_119' title='bbox 732 938 808 965; x_wconf 91' lang='lat' dir='ltr'><strong>obitu</strong></span> <span class='ocrx_word' id='word_1_120' title='bbox 826 936 963 964; x_wconf 88' lang='lat' dir='ltr'><strong>Theodori</strong></span> 
     </span>
    </p>
   </div>
   <div class='ocr_carea' id='block_1_21' title="bbox 177 983 964 1018">
    <p class='ocr_par' dir='ltr' id='par_1_21' title="bbox 177 983 964 1018">
     <span class='ocr_line' id='line_1_21' title="bbox 177 983 964 1018; baseline -0.003 -6"><span class='ocrx_word' id='word_1_121' title='bbox 177 991 205 1013; x_wconf 79' lang='lat' dir='ltr'><strong>et</strong></span> <span class='ocrx_word' id='word_1_122' title='bbox 220 985 367 1018; x_wconf 73' lang='lat' dir='ltr'><strong>Theodoti,</strong></span> <span class='ocrx_word' id='word_1_123' title='bbox 387 986 439 1012; x_wconf 91' lang='lat' dir='ltr'><strong>hoc</strong></span> <span class='ocrx_word' id='word_1_124' title='bbox 462 990 515 1017; x_wconf 86' lang='lat' dir='ltr'><strong>est,</strong></span> <span class='ocrx_word' id='word_1_125' title='bbox 529 985 564 1012; x_wconf 86' lang='lat' dir='ltr'><strong>ab</strong></span> <span class='ocrx_word' id='word_1_126' title='bbox 593 992 664 1012; x_wconf 90' lang='lat' dir='ltr'><strong>anno</strong></span> <span class='ocrx_word' id='word_1_127' title='bbox 688 984 860 1011; x_wconf 86' lang='lat' dir='ltr'><strong>Constantini</strong></span> <span class='ocrx_word' id='word_1_128' title='bbox 876 983 964 1018; x_wconf 76' lang='lat' dir='ltr'><strong>Magni</strong></span> 
     </span>
    </p>
   </div>
   <div class='ocr_carea' id='block_1_22' title="bbox 178 1029 965 1066">
    <p class='ocr_par' dir='ltr' id='par_1_22' title="bbox 178 1029 965 1066">
     <span class='ocr_line' id='line_1_22' title="bbox 178 1029 965 1066; baseline -0.003 -8"><span class='ocrx_word' id='word_1_129' title='bbox 178 1032 285 1058; x_wconf 83' lang='lat' dir='ltr'><strong>decimo</strong></span> <span class='ocrx_word' id='word_1_130' title='bbox 300 1031 427 1066; x_wconf 85' lang='lat' dir='ltr'><strong>septimo,</strong></span> <span class='ocrx_word' id='word_1_131' title='bbox 442 1031 488 1066; x_wconf 88' lang='lat' dir='ltr'><strong>qui</strong></span> <span class='ocrx_word' id='word_1_132' title='bbox 504 1031 605 1058; x_wconf 86' lang='lat' dir='ltr'><strong>Christi</strong></span> <span class='ocrx_word' id='word_1_133' title='bbox 622 1030 684 1061; x_wconf 63' lang='lat'><strong>529.,</strong></span> <span class='ocrx_word' id='word_1_134' title='bbox 703 1029 736 1056; x_wconf 81' lang='lat' dir='ltr'><strong>ad</strong></span> <span class='ocrx_word' id='word_1_135' title='bbox 755 1029 902 1056; x_wconf 86' lang='lat' dir='ltr'><strong>Theodosii</strong></span> <span class='ocrx_word' id='word_1_136' title='bbox 915 1029 965 1056; x_wconf 89' lang='lat' dir='ltr'><strong>Ju-</strong></span> 
     </span>
    </p>
   </div>
   <div class='ocr_carea' id='block_1_23' title="bbox 178 1074 966 1110">
    <p class='ocr_par' dir='ltr' id='par_1_23' title="bbox 178 1074 966 1110">
     <span class='ocr_line' id='line_1_23' title="bbox 178 1074 966 1110; baseline -0.003 -7"><span class='ocrx_word' id='word_1_137' title='bbox 178 1077 266 1104; x_wconf 88' lang='lat' dir='ltr'><strong>nioris</strong></span> <span class='ocrx_word' id='word_1_138' title='bbox 279 1084 381 1103; x_wconf 87' lang='lat' dir='ltr'><strong>annum</strong></span> <span class='ocrx_word' id='word_1_139' title='bbox 397 1076 570 1108; x_wconf 88' lang='lat' dir='ltr'><strong>vicesimum,</strong></span> <span class='ocrx_word' id='word_1_140' title='bbox 589 1075 636 1110; x_wconf 86' lang='lat' dir='ltr'><strong>qui</strong></span> <span class='ocrx_word' id='word_1_141' title='bbox 651 1075 754 1102; x_wconf 81' lang='lat' dir='ltr'><strong>Christi</strong></span> <span class='ocrx_word' id='word_1_142' title='bbox 769 1075 830 1102; x_wconf 72' lang='grc'><strong>427.</strong></span> <span class='ocrx_word' id='word_1_143' title='bbox 845 1074 875 1101; x_wconf 92' lang='lat' dir='ltr'>In</span> <span class='ocrx_word' id='word_1_144' title='bbox 892 1074 966 1101; x_wconf 83' lang='lat' dir='ltr'><strong>hunc</strong></span> 
     </span>
    </p>
   </div>
   <div class='ocr_carea' id='block_1_24' title="bbox 181 1119 964 1155">
    <p class='ocr_par' dir='ltr' id='par_1_24' title="bbox 181 1119 964 1155">
     <span class='ocr_line' id='line_1_24' title="bbox 181 1119 964 1155; baseline -0.004 -6"><span class='ocrx_word' id='word_1_145' title='bbox 181 1123 303 1149; x_wconf 86' lang='lat' dir='ltr'><strong>laborem</strong></span> <span class='ocrx_word' id='word_1_146' title='bbox 320 1121 448 1149; x_wconf 84' lang='lat' dir='ltr'><strong>incubuit</strong></span> <span class='ocrx_word' id='word_1_147' title='bbox 462 1121 626 1155; x_wconf 85' lang='lat' dir='ltr'><strong>Apamcensi</strong></span> <span class='ocrx_word' id='word_1_148' title='bbox 648 1120 815 1147; x_wconf 87' lang='lat' dir='ltr'><strong>monasterio</strong></span> <span class='ocrx_word' id='word_1_149' title='bbox 831 1119 964 1150; x_wconf 80' lang='lat' dir='ltr'><strong>inclusus,</strong></span> 
     </span>
    </p>
   </div>
   <div class='ocr_carea' id='block_1_25' title="bbox 179 1165 965 1198">
    <p class='ocr_par' dir='ltr' id='par_1_25' title="bbox 179 1165 965 1198">
     <span class='ocr_line' id='line_1_25' title="bbox 179 1165 965 1198; baseline -0.004 -4"><span class='ocrx_word' id='word_1_150' title='bbox 179 1169 236 1195; x_wconf 88' lang='lat' dir='ltr'><strong>sive</strong></span> <span class='ocrx_word' id='word_1_151' title='bbox 248 1172 278 1195; x_wconf 91' lang='lat' dir='ltr'><strong>ut</strong></span> <span class='ocrx_word' id='word_1_152' title='bbox 291 1176 433 1196; x_wconf 64' lang='lat' dir='ltr'><strong>aerumnas</strong></span> <span class='ocrx_word' id='word_1_153' title='bbox 450 1167 557 1194; x_wconf 85' lang='lat' dir='ltr'><strong>falleret</strong></span> <span class='ocrx_word' id='word_1_154' title='bbox 570 1166 747 1194; x_wconf 86' lang='lat' dir='ltr'><strong>contentione</strong></span> <span class='ocrx_word' id='word_1_155' title='bbox 771 1165 892 1198; x_wconf 85' lang='lat' dir='ltr'><strong>mentis;</strong></span> <span class='ocrx_word' id='word_1_156' title='bbox 907 1165 965 1191; x_wconf 86' lang='lat' dir='ltr'><strong>sive</strong></span> 
     </span>
    </p>
   </div>
   <div class='ocr_carea' id='block_1_26' title="bbox 180 1211 966 1248">
    <p class='ocr_par' dir='ltr' id='par_1_26' title="bbox 180 1211 966 1248">
     <span class='ocr_line' id='line_1_26' title="bbox 180 1211 966 1248; baseline -0.005 -7"><span class='ocrx_word' id='word_1_157' title='bbox 180 1219 209 1240; x_wconf 82' lang='lat' dir='ltr'><strong>ut</strong></span> <span class='ocrx_word' id='word_1_158' title='bbox 224 1214 382 1248; x_wconf 83' lang='lat' dir='ltr'><strong>patientiam</strong></span> <span class='ocrx_word' id='word_1_159' title='bbox 394 1213 528 1240; x_wconf 85' lang='lat' dir='ltr'><strong>solaretur</strong></span> <span class='ocrx_word' id='word_1_160' title='bbox 541 1219 699 1239; x_wconf 86' lang='lat' dir='ltr'><strong>sanctorum</strong></span> <span class='ocrx_word' id='word_1_161' title='bbox 709 1212 744 1239; x_wconf 91' lang='lat' dir='ltr'><strong>ab</strong></span> <span class='ocrx_word' id='word_1_162' title='bbox 759 1211 870 1238; x_wconf 83' lang='lat' dir='ltr'><strong>Arianis</strong></span> <span class='ocrx_word' id='word_1_163' title='bbox 884 1217 966 1238; x_wconf 83' lang='lat' dir='ltr'><strong>vexa-</strong></span> 
     </span>
    </p>
   </div>
   <div class='ocr_carea' id='block_1_27' title="bbox 179 1257 966 1294">
    <p class='ocr_par' dir='ltr' id='par_1_27' title="bbox 179 1257 966 1294">
     <span class='ocr_line' id='line_1_27' title="bbox 179 1257 966 1294; baseline -0.005 -8"><span class='ocrx_word' id='word_1_164' title='bbox 179 1264 268 1286; x_wconf 86' lang='lat' dir='ltr'><strong>torum</strong></span> <span class='ocrx_word' id='word_1_165' title='bbox 285 1259 410 1294; x_wconf 87' lang='lat' dir='ltr'><strong>exemplo</strong></span> <span class='ocrx_word' id='word_1_166' title='bbox 422 1268 429 1292; x_wconf 89' lang='lat'><strong>;</strong></span> <span class='ocrx_word' id='word_1_167' title='bbox 446 1259 504 1286; x_wconf 82' lang='lat' dir='ltr'><strong>sive</strong></span> <span class='ocrx_word' id='word_1_168' title='bbox 514 1263 544 1286; x_wconf 88' lang='lat' dir='ltr'><strong>ut</strong></span> <span class='ocrx_word' id='word_1_169' title='bbox 560 1266 610 1286; x_wconf 89' lang='lat' dir='ltr'><strong>suo</strong></span> <span class='ocrx_word' id='word_1_170' title='bbox 619 1258 729 1290; x_wconf 65' lang='lat' dir='ltr'><strong>saeculo,</strong></span> <span class='ocrx_word' id='word_1_171' title='bbox 743 1257 884 1292; x_wconf 76' lang='lat' dir='ltr'><strong>ingeniosa</strong></span> <span class='ocrx_word' id='word_1_172' title='bbox 897 1264 966 1291; x_wconf 82' lang='lat' dir='ltr'><strong>qua-</strong></span> 
     </span>
    </p>
   </div>
   <div class='ocr_carea' id='block_1_28' title="bbox 179 1301 966 1337">
    <p class='ocr_par' dir='ltr' id='par_1_28' title="bbox 179 1301 966 1337">
     <span class='ocr_line' id='line_1_28' title="bbox 179 1301 966 1337; baseline -0.001 -9"><span class='ocrx_word' id='word_1_173' title='bbox 179 1302 241 1328; x_wconf 90' lang='lat' dir='ltr'><strong>dam</strong></span> <span class='ocrx_word' id='word_1_174' title='bbox 255 1303 395 1337; x_wconf 79' lang='lat' dir='ltr'><strong>allegoria,</strong></span> <span class='ocrx_word' id='word_1_175' title='bbox 425 1302 559 1337; x_wconf 87' lang='lat' dir='ltr'><strong>objicerct</strong></span> <span class='ocrx_word' id='word_1_176' title='bbox 575 1301 755 1337; x_wconf 63' lang='lat' dir='ltr'><strong>praecedentis</strong></span> <span class='ocrx_word' id='word_1_177' title='bbox 773 1301 966 1332; x_wconf 89' lang='lat' dir='ltr'><strong>imitationem,</strong></span> 
     </span>
    </p>
   </div>
   <div class='ocr_carea' id='block_1_29' title="bbox 179 1347 965 1384">
    <p class='ocr_par' dir='ltr' id='par_1_29' title="bbox 179 1347 965 1384">
     <span class='ocr_line' id='line_1_29' title="bbox 179 1347 965 1384; baseline -0.003 -9"><span class='ocrx_word' id='word_1_178' title='bbox 179 1356 234 1382; x_wconf 83' lang='lat' dir='ltr'><strong>quo</strong></span> <span class='ocrx_word' id='word_1_179' title='bbox 249 1349 344 1376; x_wconf 76' lang='lat' dir='ltr'><strong>Ariani</strong></span> <span class='ocrx_word' id='word_1_180' title='bbox 357 1349 473 1384; x_wconf 74' lang='lat' dir='ltr'><strong>grassati</strong></span> <span class='ocrx_word' id='word_1_181' title='bbox 486 1353 550 1376; x_wconf 91' lang='lat' dir='ltr'><strong>sunt</strong></span> <span class='ocrx_word' id='word_1_182' title='bbox 563 1348 696 1376; x_wconf 87' lang='lat' dir='ltr'><strong>adversus</strong></span> <span class='ocrx_word' id='word_1_183' title='bbox 714 1347 776 1374; x_wconf 88' lang='lat' dir='ltr'><strong>ﬁdei</strong></span> <span class='ocrx_word' id='word_1_184' title='bbox 798 1347 965 1379; x_wconf 80' lang='lat' dir='ltr'><strong>defensores,</strong></span> 
     </span>
    </p>
   </div>
   <div class='ocr_carea' id='block_1_30' title="bbox 180 1393 965 1429">
    <p class='ocr_par' dir='ltr' id='par_1_30' title="bbox 180 1393 965 1429">
     <span class='ocr_line' id='line_1_30' title="bbox 180 1393 965 1429; baseline -0.003 -8"><span class='ocrx_word' id='word_1_185' title='bbox 180 1399 208 1421; x_wconf 83' lang='lat' dir='ltr'><strong>et</strong></span> <span class='ocrx_word' id='word_1_186' title='bbox 222 1395 344 1422; x_wconf 88' lang='lat' dir='ltr'><strong>sobolem</strong></span> <span class='ocrx_word' id='word_1_187' title='bbox 362 1398 538 1429; x_wconf 87' lang='lat' dir='ltr'><strong>pepererunt,</strong></span> <span class='ocrx_word' id='word_1_188' title='bbox 559 1399 590 1421; x_wconf 90' lang='lat' dir='ltr'><strong>ut</strong></span> <span class='ocrx_word' id='word_1_189' title='bbox 604 1394 656 1429; x_wconf 82' lang='lat' dir='ltr'><strong>ipsi</strong></span> <span class='ocrx_word' id='word_1_190' title='bbox 683 1393 794 1429; x_wconf 92' lang='lat' dir='ltr'><strong>quidem</strong></span> <span class='ocrx_word' id='word_1_191' title='bbox 809 1393 965 1424; x_wconf 82' lang='lat' dir='ltr'><strong>videbatur,</strong></span> 
     </span>
    </p>
   </div>
   <div class='ocr_carea' id='block_1_31' title="bbox 179 1438 967 1475">
    <p class='ocr_par' dir='ltr' id='par_1_31' title="bbox 179 1438 967 1475">
     <span class='ocr_line' id='line_1_31' title="bbox 179 1438 967 1475; baseline -0.004 -8"><span class='ocrx_word' id='word_1_192' title='bbox 179 1447 241 1475; x_wconf 75' lang='lat' dir='ltr'><strong>quae</strong></span> <span class='ocrx_word' id='word_1_193' title='bbox 251 1440 326 1467; x_wconf 88' lang='lat' dir='ltr'><strong>sanis</strong></span> <span class='ocrx_word' id='word_1_194' title='bbox 336 1440 510 1475; x_wconf 80' lang='lat' dir='ltr'><strong>dogmatibus</strong></span> <span class='ocrx_word' id='word_1_195' title='bbox 524 1445 588 1467; x_wconf 89' lang='lat' dir='ltr'><strong>tunc</strong></span> <span class='ocrx_word' id='word_1_196' title='bbox 604 1439 750 1466; x_wconf 86' lang='lat' dir='ltr'><strong>obsisteret</strong></span> <span class='ocrx_word' id='word_1_197' title='bbox 766 1448 772 1465; x_wconf 89' lang='lat'><strong>:</strong></span> <span class='ocrx_word' id='word_1_198' title='bbox 784 1446 879 1465; x_wconf 89' lang='lat' dir='ltr'><strong>verum</strong></span> <span class='ocrx_word' id='word_1_199' title='bbox 893 1446 924 1465; x_wconf 85' lang='lat' dir='ltr'><strong>ea</strong></span> <span class='ocrx_word' id='word_1_200' title='bbox 934 1438 967 1465; x_wconf 90' lang='lat' dir='ltr'><strong>de</strong></span> 
     </span>
    </p>
   </div>
   <div class='ocr_carea' id='block_1_32' title="bbox 181 1485 968 1521">
    <p class='ocr_par' dir='ltr' id='par_1_32' title="bbox 181 1485 968 1521">
     <span class='ocr_line' id='line_1_32' title="bbox 181 1485 968 1521; baseline -0.004 -8"><span class='ocrx_word' id='word_1_201' title='bbox 181 1495 210 1514; x_wconf 82' lang='lat' dir='ltr'><strong>re.</strong></span> <span class='ocrx_word' id='word_1_202' title='bbox 226 1485 365 1521; x_wconf 89' lang='lat' dir='ltr'><strong>copiosius</strong></span> <span class='ocrx_word' id='word_1_203' title='bbox 392 1485 420 1512; x_wconf 91' lang='lat' dir='ltr'><strong>in</strong></span> <span class='ocrx_word' id='word_1_204' title='bbox 439 1486 598 1513; x_wconf 80' lang='lat' dir='ltr'><strong>recensione</strong></span> <span class='ocrx_word' id='word_1_205' title='bbox 615 1485 745 1520; x_wconf 83' lang='lat' dir='ltr'><strong>Operam,</strong></span> <span class='ocrx_word' id='word_1_206' title='bbox 771 1485 817 1511; x_wconf 89' lang='lat' dir='ltr'><strong>ubi</strong></span> <span class='ocrx_word' id='word_1_207' title='bbox 834 1485 968 1519; x_wconf 73' lang='lat' dir='ltr'><strong>allegoria:</strong></span> 
     </span>
    </p>
   </div>
   <div class='ocr_carea' id='block_1_33' title="bbox 181 1532 508 1567">
    <p class='ocr_par' dir='ltr' id='par_1_33' title="bbox 181 1532 508 1567">
     <span class='ocr_line' id='line_1_33' title="bbox 181 1532 508 1567; baseline -0.006 -7"><span class='ocrx_word' id='word_1_208' title='bbox 181 1532 344 1567; x_wconf 75' lang='lat' dir='ltr'><strong>mysterium</strong></span> <span class='ocrx_word' id='word_1_209' title='bbox 359 1532 508 1566; x_wconf 76' lang='lat' dir='ltr'><strong>explicatur</strong></span> 
     </span>
    </p>
   </div>
   <div class='ocr_carea' id='block_1_34' title="bbox 447 1587 701 1623">
    <p class='ocr_par' dir='ltr' id='par_1_34' title="bbox 447 1587 701 1623">
     <span class='ocr_line' id='line_1_34' title="bbox 447 1587 701 1623; baseline 0 -8"><span class='ocrx_word' id='word_1_210' title='bbox 447 1588 527 1623; x_wconf 76' lang='lat'><strong>139</strong></span> <span class='ocrx_word' id='word_1_211' title='bbox 544 1587 655 1615; x_wconf 72' lang='lat' dir='ltr'><strong>CAPUT</strong></span> <span class='ocrx_word' id='word_1_212' title='bbox 668 1587 701 1615; x_wconf 68' lang='grc' dir='ltr'><strong>Χ.</strong></span> 
     </span>
    </p>
   </div>
   <div class='ocr_carea' id='block_1_35' title="bbox 182 1633 970 1669">
    <p class='ocr_par' dir='ltr' id='par_1_35' title="bbox 182 1633 970 1669">
     <span class='ocr_line' id='line_1_35' title="bbox 182 1633 970 1669; baseline 0.001 -9"><span class='ocrx_word' id='word_1_213' title='bbox 182 1634 202 1661; x_wconf 92' lang='grc'><strong>1.</strong></span> <span class='ocrx_word' id='word_1_214' title='bbox 219 1634 326 1669; x_wconf 78' lang='lat' dir='ltr'><strong>Legatio</strong></span> <span class='ocrx_word' id='word_1_215' title='bbox 355 1633 507 1660; x_wconf 80' lang='lat' dir='ltr'><strong>Theodoreti</strong></span> <span class='ocrx_word' id='word_1_216' title='bbox 522 1633 633 1669; x_wconf 58' lang='lat' dir='ltr'><strong>Romani</strong></span> <span class='ocrx_word' id='word_1_217' title='bbox 652 1635 731 1669; x_wconf 68' lang='lat' dir='ltr'><strong>vertit.</strong></span> <span class='ocrx_word' id='word_1_218' title='bbox 760 1634 793 1661; x_wconf 87' lang='lat' dir='ltr'><strong>ll.</strong></span> <span class='ocrx_word' id='word_1_219' title='bbox 809 1633 925 1660; x_wconf 79' lang='lat' dir='ltr'><strong>Auditur</strong></span> <span class='ocrx_word' id='word_1_220' title='bbox 954 1643 970 1661; x_wconf 84' lang='grc' dir='ltr'><em>α</em></span> 
     </span>
    </p>
   </div>
   <div class='ocr_carea' id='block_1_36' title="bbox 216 1668 971 1703">
    <p class='ocr_par' dir='ltr' id='par_1_36' title="bbox 216 1668 971 1703">
     <span class='ocr_line' id='line_1_36' title="bbox 216 1668 971 1703; baseline 0 -7"><span class='ocrx_word' id='word_1_221' title='bbox 216 1668 308 1696; x_wconf 72' lang='lat' dir='ltr'><strong>sancto</strong></span> <span class='ocrx_word' id='word_1_222' title='bbox 327 1669 410 1695; x_wconf 76' lang='lat' dir='ltr'><strong>Leone</strong></span> <span class='ocrx_word' id='word_1_223' title='bbox 436 1669 461 1695; x_wconf 87' lang='lat' dir='ltr'><strong>iu</strong></span> <span class='ocrx_word' id='word_1_224' title='bbox 475 1668 583 1703; x_wconf 76' lang='lat' dir='ltr'><strong>synodo.</strong></span> <span class='ocrx_word' id='word_1_225' title='bbox 599 1668 643 1695; x_wconf 92' lang='lat' dir='ltr'>III.</span> <span class='ocrx_word' id='word_1_226' title='bbox 667 1668 797 1696; x_wconf 74' lang='lat' dir='ltr'><strong>Judicium</strong></span> <span class='ocrx_word' id='word_1_227' title='bbox 821 1677 852 1695; x_wconf 74' lang='lat' dir='ltr'><strong>ex</strong></span> <span class='ocrx_word' id='word_1_228' title='bbox 867 1670 971 1702; x_wconf 76' lang='lat' dir='ltr'><strong>scriptis</strong></span> 
     </span>
    </p>
   </div>
   <div class='ocr_carea' id='block_1_37' title="bbox 216 1702 971 1738">
    <p class='ocr_par' dir='ltr' id='par_1_37' title="bbox 216 1702 971 1738">
     <span class='ocr_line' id='line_1_37' title="bbox 216 1702 971 1738; baseline 0 -7"><span class='ocrx_word' id='word_1_229' title='bbox 216 1709 362 1731; x_wconf 73' lang='lat' dir='ltr'><strong>eacrcctur.</strong></span> <span class='ocrx_word' id='word_1_230' title='bbox 394 1703 436 1730; x_wconf 91' lang='lat' dir='ltr'>IV.</span> <span class='ocrx_word' id='word_1_231' title='bbox 455 1702 605 1738; x_wconf 75' lang='lat' dir='ltr'><strong>Apostolica</strong></span> <span class='ocrx_word' id='word_1_232' title='bbox 633 1705 763 1731; x_wconf 75' lang='lat' dir='ltr'><strong>sententia</strong></span> <span class='ocrx_word' id='word_1_233' title='bbox 796 1703 971 1731; x_wconf 75' lang='lat' dir='ltr'><strong>Theodoretus</strong></span> 
     </span>
    </p>
   </div>
   <div class='ocr_carea' id='block_1_38' title="bbox 218 1738 970 1774">
    <p class='ocr_par' dir='ltr' id='par_1_38' title="bbox 218 1738 970 1774">
     <span class='ocr_line' id='line_1_38' title="bbox 218 1738 970 1774; baseline 0 -8"><span class='ocrx_word' id='word_1_234' title='bbox 218 1739 372 1766; x_wconf 75' lang='lat' dir='ltr'><strong>absolvitur.</strong></span> <span class='ocrx_word' id='word_1_235' title='bbox 387 1739 418 1766; x_wconf 73' lang='grc' dir='ltr'><strong>γ.</strong></span> <span class='ocrx_word' id='word_1_236' title='bbox 430 1738 470 1765; x_wconf 68' lang='lat' dir='ltr'><strong>Er</strong></span> <span class='ocrx_word' id='word_1_237' title='bbox 484 1738 583 1774; x_wconf 79' lang='lat' dir='ltr'><strong>synodo</strong></span> <span class='ocrx_word' id='word_1_238' title='bbox 608 1747 725 1774; x_wconf 65' lang='lat' dir='ltr'><strong>summus</strong></span> <span class='ocrx_word' id='word_1_239' title='bbox 743 1739 859 1774; x_wconf 71' lang='lat' dir='ltr'><strong>pontifex</strong></span> <span class='ocrx_word' id='word_1_240' title='bbox 872 1738 970 1773; x_wconf 75' lang='lat' dir='ltr'><strong>legatos</strong></span> 
     </span>
    </p>
   </div>
   <div class='ocr_carea' id='block_1_39' title="bbox 213 1773 970 1808">
    <p class='ocr_par' dir='ltr' id='par_1_39' title="bbox 213 1773 970 1808">
     <span class='ocr_line' id='line_1_39' title="bbox 213 1773 970 1808; baseline 0 -7"><span class='ocrx_word' id='word_1_241' title='bbox 213 1773 471 1808; x_wconf 75' lang='lat' dir='ltr'><strong>Comtantinpolint</strong></span> <span class='ocrx_word' id='word_1_242' title='bbox 489 1773 569 1800; x_wconf 78' lang='lat' dir='ltr'><strong>mittit</strong></span> <span class='ocrx_word' id='word_1_243' title='bbox 586 1773 621 1799; x_wconf 81' lang='lat' dir='ltr'><strong>ad</strong></span> <span class='ocrx_word' id='word_1_244' title='bbox 636 1774 801 1808; x_wconf 78' lang='lat' dir='ltr'><strong>probandam</strong></span> <span class='ocrx_word' id='word_1_245' title='bbox 817 1773 935 1808; x_wconf 76' lang='lat' dir='ltr'><strong>Anatolii</strong></span> <span class='ocrx_word' id='word_1_246' title='bbox 947 1780 970 1801; x_wconf 81' lang='lat' dir='ltr'><strong>et</strong></span> 
     </span>
    </p>
   </div>
   <div class='ocr_carea' id='block_1_40' title="bbox 218 1807 971 1843">
    <p class='ocr_par' dir='ltr' id='par_1_40' title="bbox 218 1807 971 1843">
     <span class='ocr_line' id='line_1_40' title="bbox 218 1807 971 1843; baseline -0.001 -7"><span class='ocrx_word' id='word_1_247' title='bbox 218 1809 332 1836; x_wconf 83' lang='lat' dir='ltr'><strong>aliorum</strong></span> <span class='ocrx_word' id='word_1_248' title='bbox 347 1807 493 1843; x_wconf 20' lang='lat' dir='ltr'><strong>ﬁdenttVI.</strong></span> <span class='ocrx_word' id='word_1_249' title='bbox 511 1807 640 1841; x_wconf 63' lang='grc' dir='ltr'><strong>Ποίαν-ιιιιὶ</strong></span> <span class='ocrx_word' id='word_1_250' title='bbox 657 1808 737 1843; x_wconf 83' lang='lat' dir='ltr'><strong>legati</strong></span> <span class='ocrx_word' id='word_1_251' title='bbox 755 1807 893 1843; x_wconf 75' lang='lat' dir='ltr'><strong>epistolam</strong></span> <span class='ocrx_word' id='word_1_252' title='bbox 907 1817 971 1835; x_wconf 79' lang='lat' dir='ltr'><strong>san-</strong></span> 
     </span>
    </p>
   </div>
   <div class='ocr_carea' id='block_1_41' title="bbox 217 1842 971 1878">
    <p class='ocr_par' dir='ltr' id='par_1_41' title="bbox 217 1842 971 1878">
     <span class='ocr_line' id='line_1_41' title="bbox 217 1842 971 1878; baseline 0.003 -8"><span class='ocrx_word' id='word_1_253' title='bbox 217 1845 252 1871; x_wconf 74' lang='lat' dir='ltr'><strong>cti</strong></span> <span class='ocrx_word' id='word_1_254' title='bbox 268 1843 359 1870; x_wconf 75' lang='lat' dir='ltr'><strong>Leonis</strong></span> <span class='ocrx_word' id='word_1_255' title='bbox 380 1843 414 1870; x_wconf 87' lang='lat' dir='ltr'><strong>ad</strong></span> <span class='ocrx_word' id='word_1_256' title='bbox 429 1842 595 1874; x_wconf 76' lang='lat' dir='ltr'><strong>Flavianum,</strong></span> <span class='ocrx_word' id='word_1_257' title='bbox 609 1842 736 1878; x_wconf 77' lang='lat' dir='ltr'><strong>tanquam</strong></span> <span class='ocrx_word' id='word_1_258' title='bbox 757 1842 899 1878; x_wconf 78' lang='lat' dir='ltr'><strong>formulam</strong></span> <span class='ocrx_word' id='word_1_259' title='bbox 910 1844 971 1878; x_wconf 79' lang='lat' dir='ltr'><strong>ﬁdei</strong></span> 
     </span>
    </p>
   </div>
   <div class='ocr_carea' id='block_1_42' title="bbox 219 1877 970 1906">
    <p class='ocr_par' dir='ltr' id='par_1_42' title="bbox 219 1877 970 1906">
     <span class='ocr_line' id='line_1_42' title="bbox 219 1877 970 1906; baseline 0 0"><span class='ocrx_word' id='word_1_260' title='bbox 219 1879 250 1906; x_wconf 73' lang='lat' dir='ltr'><strong>ab</strong></span> <span class='ocrx_word' id='word_1_261' title='bbox 264 1879 382 1905; x_wconf 76' lang='lat' dir='ltr'><strong>omnibus</strong></span> <span class='ocrx_word' id='word_1_262' title='bbox 397 1877 618 1904; x_wconf 72' lang='lat' dir='ltr'><strong>subscribendum.</strong></span> <span class='ocrx_word' id='word_1_263' title='bbox 632 1877 687 1905; x_wconf 89' lang='lat' dir='ltr'>VII.</span> <span class='ocrx_word' id='word_1_264' title='bbox 698 1877 970 1906; x_wconf 59' lang='lat' dir='ltr'><strong>Tltt&#39;odoretusAbun-</strong></span> 
     </span>
    </p>
   </div>
   <div class='ocr_carea' id='block_1_43' title="bbox 219 1912 656 1949">
    <p class='ocr_par' dir='ltr' id='par_1_43' title="bbox 219 1912 656 1949">
     <span class='ocr_line' id='line_1_43' title="bbox 219 1912 656 1949; baseline -0.005 -9"><span class='ocrx_word' id='word_1_265' title='bbox 219 1915 261 1940; x_wconf 83' lang='lat' dir='ltr'><strong>dio</strong></span> <span class='ocrx_word' id='word_1_266' title='bbox 278 1914 415 1949; x_wconf 69' lang='lat' dir='ltr'><strong>legationis</strong></span> <span class='ocrx_word' id='word_1_267' title='bbox 433 1913 545 1948; x_wconf 74' lang='lat' dir='ltr'><strong>principi</strong></span> <span class='ocrx_word' id='word_1_268' title='bbox 559 1912 656 1939; x_wconf 78' lang='lat' dir='ltr'><strong>scribit.</strong></span> 
     </span>
    </p>
   </div>
   <div class='ocr_carea' id='block_1_44' title="bbox 511 1958 645 1983">
    <p class='ocr_par' dir='ltr' id='par_1_44' title="bbox 511 1958 645 1983">
     <span class='ocr_line' id='line_1_44' title="bbox 511 1958 645 1983; baseline 0.007 -1"><span class='ocrx_word' id='word_1_269' title='bbox 511 1959 581 1982; x_wconf 77' lang='lat' dir='ltr'><strong>Anno</strong></span> <span class='ocrx_word' id='word_1_270' title='bbox 594 1958 645 1983; x_wconf 62' lang='lat'><strong>430.</strong></span> 
     </span>
    </p>
   </div>
   <div class='ocr_carea' id='block_1_45' title="bbox 220 2009 969 2045">
    <p class='ocr_par' dir='ltr' id='par_1_45' title="bbox 220 2009 969 2045">
     <span class='ocr_line' id='line_1_45' title="bbox 220 2009 969 2045; baseline 0.001 -8"><span class='ocrx_word' id='word_1_271' title='bbox 220 2010 239 2037; x_wconf 90' lang='lat' dir='ltr'><strong>I.</strong></span> <span class='ocrx_word' id='word_1_272' title='bbox 255 2010 306 2043; x_wconf 86' lang='lat' dir='ltr'><strong>Qui</strong></span> <span class='ocrx_word' id='word_1_273' title='bbox 319 2010 482 2045; x_wconf 76' lang='lat' dir='ltr'><strong>legationem</strong></span> <span class='ocrx_word' id='word_1_274' title='bbox 498 2009 664 2037; x_wconf 88' lang='lat' dir='ltr'><strong>Theodoreti</strong></span> <span class='ocrx_word' id='word_1_275' title='bbox 675 2009 799 2041; x_wconf 89' lang='lat' dir='ltr'><strong>obibant,</strong></span> <span class='ocrx_word' id='word_1_276' title='bbox 814 2010 969 2042; x_wconf 86' lang='lat' dir='ltr'><strong>Abramius,</strong></span> 
     </span>
    </p>
   </div>
   <div class='ocr_carea' id='block_1_46' title="bbox 183 2053 970 2090">
    <p class='ocr_par' dir='ltr' id='par_1_46' title="bbox 183 2053 970 2090">
     <span class='ocr_line' id='line_1_46' title="bbox 183 2053 970 2090; baseline 0.003 -10"><span class='ocrx_word' id='word_1_277' title='bbox 183 2054 316 2089; x_wconf 74' lang='lat' dir='ltr'><strong>Hypatius</strong></span> <span class='ocrx_word' id='word_1_278' title='bbox 327 2059 356 2081; x_wconf 86' lang='lat' dir='ltr'><strong>et</strong></span> <span class='ocrx_word' id='word_1_279' title='bbox 372 2054 496 2090; x_wconf 82' lang='lat' dir='ltr'><strong>Alypius,</strong></span> <span class='ocrx_word' id='word_1_280' title='bbox 511 2054 675 2082; x_wconf 88' lang='lat' dir='ltr'><strong>immensum</strong></span> <span class='ocrx_word' id='word_1_281' title='bbox 691 2053 743 2081; x_wconf 76' lang='lat' dir='ltr'><strong>it&#39;er</strong></span> <span class='ocrx_word' id='word_1_282' title='bbox 756 2055 871 2082; x_wconf 78' lang='lat' dir='ltr'><strong>Romam</strong></span> <span class='ocrx_word' id='word_1_283' title='bbox 883 2062 970 2090; x_wconf 89' lang='lat' dir='ltr'><strong>usque</strong></span> 
     </span>
    </p>
   </div>
   <div class='ocr_carea' id='block_1_47' title="bbox 182 2098 970 2134">
    <p class='ocr_par' dir='ltr' id='par_1_47' title="bbox 182 2098 970 2134">
     <span class='ocr_line' id='line_1_47' title="bbox 182 2098 970 2134; baseline 0 -8"><span class='ocrx_word' id='word_1_284' title='bbox 182 2098 253 2134; x_wconf 79' lang='lat' dir='ltr'><strong>Cyro</strong></span> <span class='ocrx_word' id='word_1_285' title='bbox 266 2098 382 2134; x_wconf 80' lang='lat' dir='ltr'><strong>ingressi</strong></span> <span class='ocrx_word' id='word_1_286' title='bbox 396 2103 460 2126; x_wconf 88' lang='lat' dir='ltr'><strong>sunt</strong></span> <span class='ocrx_word' id='word_1_287' title='bbox 471 2099 594 2126; x_wconf 87' lang='lat' dir='ltr'><strong>terrestri</strong></span> <span class='ocrx_word' id='word_1_288' title='bbox 608 2099 651 2126; x_wconf 85' lang='lat' dir='ltr'><strong>via</strong></span> <span class='ocrx_word' id='word_1_289' title='bbox 669 2108 676 2126; x_wconf 88' lang='lat'><strong>:</strong></span> <span class='ocrx_word' id='word_1_290' title='bbox 690 2107 745 2134; x_wconf 88' lang='lat' dir='ltr'><strong>qua</strong></span> <span class='ocrx_word' id='word_1_291' title='bbox 767 2100 841 2126; x_wconf 86' lang='lat' dir='ltr'><strong>enim</strong></span> <span class='ocrx_word' id='word_1_292' title='bbox 857 2099 909 2126; x_wconf 88' lang='lat' dir='ltr'><strong>alia</strong></span> <span class='ocrx_word' id='word_1_293' title='bbox 920 2107 970 2134; x_wconf 90' lang='lat' dir='ltr'><strong>po-</strong></span> 
     </span>
    </p>
   </div>
   <div class='ocr_carea' id='block_1_48' title="bbox 184 2143 970 2180">
    <p class='ocr_par' dir='ltr' id='par_1_48' title="bbox 184 2143 970 2180">
     <span class='ocr_line' id='line_1_48' title="bbox 184 2143 970 2180; baseline 0.001 -9"><span class='ocrx_word' id='word_1_294' title='bbox 184 2143 300 2171; x_wconf 87' lang='lat' dir='ltr'><strong>tuissent</strong></span> <span class='ocrx_word' id='word_1_295' title='bbox 327 2153 361 2172; x_wconf 88' lang='lat' dir='ltr'><strong>ea</strong></span> <span class='ocrx_word' id='word_1_296' title='bbox 384 2149 556 2179; x_wconf 87' lang='lat' dir='ltr'><strong>tempestate,</strong></span> <span class='ocrx_word' id='word_1_297' title='bbox 570 2145 637 2172; x_wconf 90' lang='lat' dir='ltr'><strong>mari</strong></span> <span class='ocrx_word' id='word_1_298' title='bbox 659 2152 757 2179; x_wconf 88' lang='lat' dir='ltr'><strong>nempe</strong></span> <span class='ocrx_word' id='word_1_299' title='bbox 781 2145 874 2173; x_wconf 84' lang='lat' dir='ltr'><strong>clauso</strong></span> <span class='ocrx_word' id='word_1_300' title='bbox 888 2150 970 2180; x_wconf 89' lang='lat' dir='ltr'><strong>atque</strong></span> 
     </span>
    </p>
   </div>
   <div class='ocr_carea' id='block_1_49' title="bbox 184 2190 968 2223">
    <p class='ocr_par' dir='ltr' id='par_1_49' title="bbox 184 2190 968 2223">
     <span class='ocr_line' id='line_1_49' title="bbox 184 2190 968 2223; baseline 0.003 -7"><span class='ocrx_word' id='word_1_301' title='bbox 184 2190 342 2218; x_wconf 85' lang='lat' dir='ltr'><strong>hiemante?</strong></span> <span class='ocrx_word' id='word_1_302' title='bbox 363 2190 495 2223; x_wconf 84' lang='lat' dir='ltr'><strong>Quocirca</strong></span> <span class='ocrx_word' id='word_1_303' title='bbox 519 2199 573 2218; x_wconf 89' lang='lat' dir='ltr'><strong>non</strong></span> <span class='ocrx_word' id='word_1_304' title='bbox 602 2190 731 2217; x_wconf 87' lang='lat' dir='ltr'><strong>videntur</strong></span> <span class='ocrx_word' id='word_1_305' title='bbox 749 2194 812 2218; x_wconf 89' lang='lat' dir='ltr'><strong>ante</strong></span> <span class='ocrx_word' id='word_1_306' title='bbox 847 2191 968 2218; x_wconf 82' lang='lat' dir='ltr'><strong>Februa-</strong></span> 
     </span>
    </p>
   </div>
   <div class='ocr_carea' id='block_1_50' title="bbox 184 2235 969 2270">
    <p class='ocr_par' dir='ltr' id='par_1_50' title="bbox 184 2235 969 2270">
     <span class='ocr_line' id='line_1_50' title="bbox 184 2235 969 2270; baseline 0 -8"><span class='ocrx_word' id='word_1_307' title='bbox 184 2235 256 2263; x_wconf 91' lang='lat' dir='ltr'><strong>rium</strong></span> <span class='ocrx_word' id='word_1_308' title='bbox 268 2236 396 2263; x_wconf 74' lang='lat' dir='ltr'><strong>aﬁ‘ectum</strong></span> <span class='ocrx_word' id='word_1_309' title='bbox 412 2235 569 2270; x_wconf 76' lang='lat' dir='ltr'><strong>pervertisse</strong></span> <span class='ocrx_word' id='word_1_310' title='bbox 582 2235 705 2262; x_wconf 79' lang='lat' dir='ltr'><strong>Romam.</strong></span> <span class='ocrx_word' id='word_1_311' title='bbox 723 2235 829 2268; x_wconf 88' lang='lat' dir='ltr'><strong>Quanta</strong></span> <span class='ocrx_word' id='word_1_312' title='bbox 841 2235 969 2270; x_wconf 82' lang='lat' dir='ltr'><strong>benigni-</strong></span> 
     </span>
    </p>
   </div>
   <div class='ocr_carea' id='block_1_51' title="bbox 183 2280 970 2316">
    <p class='ocr_par' dir='ltr' id='par_1_51' title="bbox 183 2280 970 2316">
     <span class='ocr_line' id='line_1_51' title="bbox 183 2280 970 2316; baseline -0.001 -8"><span class='ocrx_word' id='word_1_313' title='bbox 183 2287 239 2308; x_wconf 84' lang='lat' dir='ltr'><strong>tate</strong></span> <span class='ocrx_word' id='word_1_314' title='bbox 247 2281 353 2316; x_wconf 80' lang='lat' dir='ltr'><strong>excepti</strong></span> <span class='ocrx_word' id='word_1_315' title='bbox 367 2280 431 2312; x_wconf 89' lang='lat' dir='ltr'><strong>sint,</strong></span> <span class='ocrx_word' id='word_1_316' title='bbox 443 2283 449 2289; x_wconf 93' lang='lat'>&#39;</span> <span class='ocrx_word' id='word_1_317' title='bbox 462 2285 617 2315; x_wconf 88' lang='lat' dir='ltr'><strong>quantaque</strong></span> <span class='ocrx_word' id='word_1_318' title='bbox 639 2280 733 2307; x_wconf 64' lang='lat' dir='ltr'><strong>laetitia</strong></span> <span class='ocrx_word' id='word_1_319' title='bbox 748 2289 763 2307; x_wconf 84' lang='lat' dir='ltr'><strong>a</strong></span> <span class='ocrx_word' id='word_1_320' title='bbox 779 2288 886 2307; x_wconf 82' lang='lat' dir='ltr'><strong>suntme</strong></span> <span class='ocrx_word' id='word_1_321' title='bbox 903 2288 970 2315; x_wconf 89' lang='lat' dir='ltr'><strong>pon-</strong></span> 
     </span>
    </p>
   </div>
   <div class='ocr_carea' id='block_1_52' title="bbox 184 2326 969 2362">
    <p class='ocr_par' dir='ltr' id='par_1_52' title="bbox 184 2326 969 2362">
     <span class='ocr_line' id='line_1_52' title="bbox 184 2326 969 2362; baseline -0.001 -8"><span class='ocrx_word' id='word_1_322' title='bbox 184 2327 266 2359; x_wconf 90' lang='lat' dir='ltr'><strong>tiﬁce,</strong></span> <span class='ocrx_word' id='word_1_323' title='bbox 286 2332 387 2362; x_wconf 89' lang='lat' dir='ltr'><strong>quanta</strong></span> <span class='ocrx_word' id='word_1_324' title='bbox 402 2327 596 2362; x_wconf 88' lang='lat' dir='ltr'><strong>episcoporum</strong></span> <span class='ocrx_word' id='word_1_325' title='bbox 620 2326 648 2353; x_wconf 90' lang='lat' dir='ltr'><strong>in</strong></span> <span class='ocrx_word' id='word_1_326' title='bbox 662 2330 735 2354; x_wconf 76' lang='lat' dir='ltr'><strong>ctetu</strong></span> <span class='ocrx_word' id='word_1_327' title='bbox 748 2326 845 2358; x_wconf 85' lang='lat' dir='ltr'><strong>auditi,</strong></span> <span class='ocrx_word' id='word_1_328' title='bbox 869 2327 969 2360; x_wconf 86' lang='lat' dir='ltr'><strong>quibus</strong></span> 
     </span>
    </p>
   </div>
   <div class='ocr_carea' id='block_1_53' title="bbox 182 2373 968 2408">
    <p class='ocr_par' dir='ltr' id='par_1_53' title="bbox 182 2373 968 2408">
     <span class='ocr_line' id='line_1_53' title="bbox 182 2373 968 2408; baseline 0 -8"><span class='ocrx_word' id='word_1_329' title='bbox 182 2374 384 2406; x_wconf 81' lang='lat' dir='ltr'><strong>instrumentis,</strong></span> <span class='ocrx_word' id='word_1_330' title='bbox 397 2373 531 2407; x_wconf 89' lang='lat' dir='ltr'><strong>quibusve</strong></span> <span class='ocrx_word' id='word_1_331' title='bbox 557 2373 729 2408; x_wconf 86' lang='lat' dir='ltr'><strong>patrociniis,</strong></span> <span class='ocrx_word' id='word_1_332' title='bbox 745 2378 773 2400; x_wconf 87' lang='lat' dir='ltr'><strong>et</strong></span> <span class='ocrx_word' id='word_1_333' title='bbox 792 2381 847 2407; x_wconf 90' lang='lat' dir='ltr'><strong>quo</strong></span> <span class='ocrx_word' id='word_1_334' title='bbox 869 2378 968 2400; x_wconf 86' lang='lat' dir='ltr'><strong>eventu</strong></span> 
     </span>
    </p>
   </div>
   <div class='ocr_carea' id='block_1_54' title="bbox 181 2418 969 2454">
    <p class='ocr_par' dir='ltr' id='par_1_54' title="bbox 181 2418 969 2454">
     <span class='ocr_line' id='line_1_54' title="bbox 181 2418 969 2454; baseline -0.001 -8"><span class='ocrx_word' id='word_1_335' title='bbox 181 2427 302 2450; x_wconf 87' lang='lat' dir='ltr'><strong>causam,</strong></span> <span class='ocrx_word' id='word_1_336' title='bbox 313 2424 425 2454; x_wconf 88' lang='lat' dir='ltr'><strong>propter</strong></span> <span class='ocrx_word' id='word_1_337' title='bbox 433 2427 514 2454; x_wconf 87' lang='lat' dir='ltr'><strong>quam</strong></span> <span class='ocrx_word' id='word_1_338' title='bbox 525 2423 667 2450; x_wconf 87' lang='lat' dir='ltr'><strong>venerant,</strong></span> <span class='ocrx_word' id='word_1_339' title='bbox 679 2418 788 2446; x_wconf 81' lang='lat' dir='ltr'><strong>tandem</strong></span> <span class='ocrx_word' id='word_1_340' title='bbox 800 2419 969 2454; x_wconf 78' lang='lat' dir='ltr'><strong>peregerint:</strong></span> 
     </span>
    </p>
   </div>
   <div class='ocr_carea' id='block_1_55' title="bbox 181 2464 971 2500">
    <p class='ocr_par' dir='ltr' id='par_1_55' title="bbox 181 2464 971 2500">
     <span class='ocr_line' id='line_1_55' title="bbox 181 2464 971 2500; baseline 0.001 -9"><span class='ocrx_word' id='word_1_341' title='bbox 181 2465 233 2492; x_wconf 84' lang='lat' dir='ltr'><strong>etsi</strong></span> <span class='ocrx_word' id='word_1_342' title='bbox 248 2473 328 2492; x_wconf 90' lang='lat' dir='ltr'><strong>nemo</strong></span> <span class='ocrx_word' id='word_1_343' title='bbox 341 2469 463 2492; x_wconf 83' lang='lat' dir='ltr'><strong>veterum</strong></span> <span class='ocrx_word' id='word_1_344' title='bbox 485 2464 625 2492; x_wconf 86' lang='lat' dir='ltr'><strong>mandavit</strong></span> <span class='ocrx_word' id='word_1_345' title='bbox 639 2464 789 2494; x_wconf 77' lang='lat' dir='ltr'><strong>memorize,</strong></span> <span class='ocrx_word' id='word_1_346' title='bbox 817 2465 971 2500; x_wconf 77' lang='lat' dir='ltr'><strong>intelligere</strong></span> 
     </span>
    </p>
   </div>
   <div class='ocr_carea' id='block_1_56' title="bbox 182 2509 973 2545">
    <p class='ocr_par' dir='ltr' id='par_1_56' title="bbox 182 2509 973 2545">
     <span class='ocr_line' id='line_1_56' title="bbox 182 2509 973 2545; baseline 0.001 -9"><span class='ocrx_word' id='word_1_347' title='bbox 182 2515 273 2537; x_wconf 83' lang='lat' dir='ltr'><strong>tamen</strong></span> <span class='ocrx_word' id='word_1_348' title='bbox 285 2510 359 2542; x_wconf 89' lang='lat' dir='ltr'><strong>licet,</strong></span> <span class='ocrx_word' id='word_1_349' title='bbox 374 2510 473 2545; x_wconf 88' lang='lat' dir='ltr'><strong>partim</strong></span> <span class='ocrx_word' id='word_1_350' title='bbox 489 2518 522 2537; x_wconf 88' lang='lat' dir='ltr'><strong>ex</strong></span> <span class='ocrx_word' id='word_1_351' title='bbox 535 2509 672 2544; x_wconf 86' lang='lat' dir='ltr'><strong>adjunctis</strong></span> <span class='ocrx_word' id='word_1_352' title='bbox 687 2509 790 2544; x_wconf 75' lang='lat' dir='ltr'><strong>negotii</strong></span> <span class='ocrx_word' id='word_1_353' title='bbox 813 2514 842 2537; x_wconf 89' lang='lat' dir='ltr'><strong>et</strong></span> <span class='ocrx_word' id='word_1_354' title='bbox 856 2518 973 2537; x_wconf 80' lang='lat' dir='ltr'><strong>consuc-</strong></span> 
     </span>
    </p>
   </div>
   <div class='ocr_carea' id='block_1_57' title="bbox 182 2555 971 2591">
    <p class='ocr_par' dir='ltr' id='par_1_57' title="bbox 182 2555 971 2591">
     <span class='ocr_line' id='line_1_57' title="bbox 182 2555 971 2591; baseline -0.001 -8"><span class='ocrx_word' id='word_1_355' title='bbox 182 2556 277 2583; x_wconf 85' lang='lat' dir='ltr'><strong>tudine</strong></span> <span class='ocrx_word' id='word_1_356' title='bbox 288 2561 454 2591; x_wconf 87' lang='lat' dir='ltr'><strong>temporum,</strong></span> <span class='ocrx_word' id='word_1_357' title='bbox 478 2556 578 2590; x_wconf 89' lang='lat' dir='ltr'><strong>partim</strong></span> <span class='ocrx_word' id='word_1_358' title='bbox 593 2563 627 2582; x_wconf 85' lang='lat' dir='ltr'><strong>ex</strong></span> <span class='ocrx_word' id='word_1_359' title='bbox 643 2555 712 2582; x_wconf 87' lang='lat' dir='ltr'><strong>actis</strong></span> <span class='ocrx_word' id='word_1_360' title='bbox 731 2555 841 2582; x_wconf 92' lang='lat' dir='ltr'><strong>concilii</strong></span> <span class='ocrx_word' id='word_1_361' title='bbox 857 2555 971 2583; x_wconf 88' lang='lat' dir='ltr'><strong>Chalce-</strong></span> 
     </span>
    </p>
   </div>
   <div class='ocr_carea' id='block_1_58' title="bbox 181 2601 971 2636">
    <p class='ocr_par' dir='ltr' id='par_1_58' title="bbox 181 2601 971 2636">
     <span class='ocr_line' id='line_1_58' title="bbox 181 2601 971 2636; baseline 0 -8"><span class='ocrx_word' id='word_1_362' title='bbox 181 2602 322 2633; x_wconf 88' lang='lat' dir='ltr'><strong>donensis,</strong></span> <span class='ocrx_word' id='word_1_363' title='bbox 334 2602 379 2628; x_wconf 89' lang='lat' dir='ltr'><strong>ubi</strong></span> <span class='ocrx_word' id='word_1_364' title='bbox 396 2605 459 2628; x_wconf 86' lang='lat' dir='ltr'><strong>sunt</strong></span> <span class='ocrx_word' id='word_1_365' title='bbox 474 2609 559 2636; x_wconf 84' lang='lat' dir='ltr'><strong>pauca</strong></span> <span class='ocrx_word' id='word_1_366' title='bbox 575 2601 687 2636; x_wconf 85' lang='lat' dir='ltr'><strong>quidem</strong></span> <span class='ocrx_word' id='word_1_367' title='bbox 708 2601 741 2628; x_wconf 93' lang='lat' dir='ltr'><strong>de</strong></span> <span class='ocrx_word' id='word_1_368' title='bbox 760 2608 789 2628; x_wconf 88' lang='lat' dir='ltr'><strong>re</strong></span> <span class='ocrx_word' id='word_1_369' title='bbox 813 2601 906 2632; x_wconf 82' lang='lat' dir='ltr'><strong>verba,</strong></span> <span class='ocrx_word' id='word_1_370' title='bbox 923 2601 971 2628; x_wconf 91' lang='lat' dir='ltr'><strong>sed</strong></span> 
     </span>
    </p>
   </div>
   <div class='ocr_carea' id='block_1_59' title="bbox 180 2647 740 2682">
    <p class='ocr_par' dir='ltr' id='par_1_59' title="bbox 180 2647 740 2682">
     <span class='ocr_line' id='line_1_59' title="bbox 180 2647 740 2682; baseline -0.002 -8"><span class='ocrx_word' id='word_1_371' title='bbox 180 2647 348 2682; x_wconf 69' lang='lat' dir='ltr'><strong>amplissima</strong></span> <span class='ocrx_word' id='word_1_372' title='bbox 361 2652 452 2674; x_wconf 89' lang='lat' dir='ltr'><strong>tamen</strong></span> <span class='ocrx_word' id='word_1_373' title='bbox 469 2652 608 2682; x_wconf 73' lang='lat' dir='ltr'><strong>gestorum</strong></span> <span class='ocrx_word' id='word_1_374' title='bbox 629 2647 740 2674; x_wconf 89' lang='lat' dir='ltr'><strong>indicia.</strong></span> 
     </span>
    </p>
   </div>
   <div class='ocr_carea' id='block_1_60' title="bbox 217 2693 969 2728">
    <p class='ocr_par' dir='ltr' id='par_1_60' title="bbox 217 2693 969 2728">
     <span class='ocr_line' id='line_1_60' title="bbox 217 2693 969 2728; baseline -0.001 -8"><span class='ocrx_word' id='word_1_375' title='bbox 217 2694 420 2728; x_wconf 77' lang='lat' dir='ltr'><strong>llccognoverat</strong></span> <span class='ocrx_word' id='word_1_376' title='bbox 433 2693 593 2727; x_wconf 72' lang='lat' dir='ltr'><strong>jamdudum</strong></span> <span class='ocrx_word' id='word_1_377' title='bbox 609 2697 721 2720; x_wconf 86' lang='lat' dir='ltr'><strong>sanctus</strong></span> <span class='ocrx_word' id='word_1_378' title='bbox 734 2693 789 2720; x_wconf 92' lang='lat' dir='ltr'><strong>Leo</strong></span> <span class='ocrx_word' id='word_1_379' title='bbox 804 2697 864 2720; x_wconf 88' lang='lat' dir='ltr'><strong>acta</strong></span> <span class='ocrx_word' id='word_1_380' title='bbox 878 2693 969 2728; x_wconf 85' lang='lat' dir='ltr'><strong>Ephe—</strong></span> 
     </span>
    </p>
   </div>
   <div class='ocr_carea' id='block_1_61' title="bbox 181 2738 970 2773">
    <p class='ocr_par' dir='ltr' id='par_1_61' title="bbox 181 2738 970 2773">
     <span class='ocr_line' id='line_1_61' title="bbox 181 2738 970 2773; baseline 0.003 -10"><span class='ocrx_word' id='word_1_381' title='bbox 181 2738 234 2764; x_wconf 87' lang='lat' dir='ltr'><strong>sini</strong></span> <span class='ocrx_word' id='word_1_382' title='bbox 249 2738 400 2769; x_wconf 82' lang='lat' dir='ltr'><strong>latrocinii,</strong></span> <span class='ocrx_word' id='word_1_383' title='bbox 415 2746 503 2773; x_wconf 84' lang='lat' dir='ltr'><strong>eaque</strong></span> <span class='ocrx_word' id='word_1_384' title='bbox 521 2745 649 2772; x_wconf 86' lang='lat' dir='ltr'><strong>suprema</strong></span> <span class='ocrx_word' id='word_1_385' title='bbox 668 2746 716 2764; x_wconf 85' lang='lat' dir='ltr'><strong>sua</strong></span> <span class='ocrx_word' id='word_1_386' title='bbox 734 2742 868 2772; x_wconf 83' lang='lat' dir='ltr'><strong>potestate</strong></span> <span class='ocrx_word' id='word_1_387' title='bbox 894 2739 970 2765; x_wconf 88' lang='lat' dir='ltr'><strong>irrita</strong></span> 
     </span>
    </p>
   </div>
   <div class='ocr_carea' id='block_1_62' title="bbox 1014 256 1799 291">
    <p class='ocr_par' dir='ltr' id='par_1_62' title="bbox 1014 256 1799 291">
     <span class='ocr_line' id='line_1_62' title="bbox 1014 256 1799 291; baseline 0.003 -10"><span class='ocrx_word' id='word_1_388' title='bbox 1014 256 1234 283; x_wconf 79' lang='lat' dir='ltr'><strong>communionem</strong></span> <span class='ocrx_word' id='word_1_389' title='bbox 1249 256 1377 283; x_wconf 87' lang='lat' dir='ltr'><strong>omnibus</strong></span> <span class='ocrx_word' id='word_1_390' title='bbox 1390 264 1404 282; x_wconf 92' lang='lat' dir='ltr'><strong>a</strong></span> <span class='ocrx_word' id='word_1_391' title='bbox 1415 256 1546 283; x_wconf 89' lang='lat' dir='ltr'><strong>Dioscoro</strong></span> <span class='ocrx_word' id='word_1_392' title='bbox 1556 256 1729 283; x_wconf 84' lang='lat' dir='ltr'><strong>anathemate</strong></span> <span class='ocrx_word' id='word_1_393' title='bbox 1738 264 1799 291; x_wconf 81' lang='lat' dir='ltr'><strong>per-</strong></span> 
     </span>
    </p>
   </div>
   <div class='ocr_carea' id='block_1_63' title="bbox 1013 300 1799 336">
    <p class='ocr_par' dir='ltr' id='par_1_63' title="bbox 1013 300 1799 336">
     <span class='ocr_line' id='line_1_63' title="bbox 1013 300 1799 336; baseline 0 -8"><span class='ocrx_word' id='word_1_394' title='bbox 1013 301 1101 328; x_wconf 84' lang='lat' dir='ltr'><strong>cussis</strong></span> <span class='ocrx_word' id='word_1_395' title='bbox 1117 301 1271 335; x_wconf 87' lang='lat' dir='ltr'><strong>impertitus</strong></span> <span class='ocrx_word' id='word_1_396' title='bbox 1291 306 1348 328; x_wconf 85' lang='lat' dir='ltr'><strong>erat</strong></span> <span class='ocrx_word' id='word_1_397' title='bbox 1365 310 1370 327; x_wconf 91' lang='lat'>:</span> <span class='ocrx_word' id='word_1_398' title='bbox 1387 305 1470 336; x_wconf 88' lang='lat' dir='ltr'><strong>utque</strong></span> <span class='ocrx_word' id='word_1_399' title='bbox 1485 309 1516 328; x_wconf 89' lang='lat' dir='ltr'><strong>ea</strong></span> <span class='ocrx_word' id='word_1_400' title='bbox 1542 301 1647 328; x_wconf 89' lang='lat' dir='ltr'><strong>ﬁrmius</strong></span> <span class='ocrx_word' id='word_1_401' title='bbox 1661 300 1799 328; x_wconf 48' lang='lat' dir='ltr'><strong>constabi‘</strong></span> 
     </span>
    </p>
   </div>
   <div class='ocr_carea' id='block_1_64' title="bbox 1013 341 1800 381">
    <p class='ocr_par' dir='ltr' id='par_1_64' title="bbox 1013 341 1800 381">
     <span class='ocr_line' id='line_1_64' title="bbox 1013 341 1800 381; baseline 0.001 -9"><span class='ocrx_word' id='word_1_402' title='bbox 1013 345 1141 378; x_wconf 87' lang='lat' dir='ltr'><strong>lirentur,</strong></span> <span class='ocrx_word' id='word_1_403' title='bbox 1153 351 1180 372; x_wconf 87' lang='lat' dir='ltr'><strong>et</strong></span> <span class='ocrx_word' id='word_1_404' title='bbox 1193 346 1226 373; x_wconf 90' lang='lat' dir='ltr'><strong>de</strong></span> <span class='ocrx_word' id='word_1_405' title='bbox 1245 341 1304 381; x_wconf 76' lang='lat' dir='ltr'><strong>ipso</strong></span> <span class='ocrx_word' id='word_1_406' title='bbox 1321 346 1451 374; x_wconf 88' lang='lat' dir='ltr'><strong>Dioscoro</strong></span> <span class='ocrx_word' id='word_1_407' title='bbox 1464 347 1614 374; x_wconf 83' lang='lat' dir='ltr'><strong>solemnius</strong></span> <span class='ocrx_word' id='word_1_408' title='bbox 1629 346 1800 381; x_wconf 72' lang='lat' dir='ltr'><strong>qumstioha-</strong></span> 
     </span>
    </p>
   </div>
   <div class='ocr_carea' id='block_1_65' title="bbox 1015 392 1801 427">
    <p class='ocr_par' dir='ltr' id='par_1_65' title="bbox 1015 392 1801 427">
     <span class='ocr_line' id='line_1_65' title="bbox 1015 392 1801 427; baseline -0.001 -8"><span class='ocrx_word' id='word_1_409' title='bbox 1015 393 1136 425; x_wconf 82' lang='lat' dir='ltr'><strong>heretur,</strong></span> <span class='ocrx_word' id='word_1_410' title='bbox 1154 392 1269 427; x_wconf 87' lang='lat' dir='ltr'><strong>petierat</strong></span> <span class='ocrx_word' id='word_1_411' title='bbox 1292 392 1326 419; x_wconf 90' lang='lat' dir='ltr'><strong>ab</strong></span> <span class='ocrx_word' id='word_1_412' title='bbox 1339 392 1502 426; x_wconf 90' lang='lat' dir='ltr'><strong>imperatore</strong></span> <span class='ocrx_word' id='word_1_413' title='bbox 1528 392 1693 424; x_wconf 87' lang='lat' dir='ltr'><strong>Theodosio,</strong></span> <span class='ocrx_word' id='word_1_414' title='bbox 1717 392 1801 419; x_wconf 89' lang='lat' dir='ltr'><strong>totius</strong></span> 
     </span>
    </p>
   </div>
   <div class='ocr_carea' id='block_1_66' title="bbox 1014 437 1801 472">
    <p class='ocr_par' dir='ltr' id='par_1_66' title="bbox 1014 437 1801 472">
     <span class='ocr_line' id='line_1_66' title="bbox 1014 437 1801 472; baseline -0.001 -7"><span class='ocrx_word' id='word_1_415' title='bbox 1014 439 1089 466; x_wconf 90' lang='lat' dir='ltr'><strong>orbis</strong></span> <span class='ocrx_word' id='word_1_416' title='bbox 1104 438 1249 465; x_wconf 88' lang='lat' dir='ltr'><strong>concilium</strong></span> <span class='ocrx_word' id='word_1_417' title='bbox 1280 438 1306 464; x_wconf 94' lang='lat' dir='ltr'><strong>in</strong></span> <span class='ocrx_word' id='word_1_418' title='bbox 1322 438 1397 464; x_wconf 88' lang='lat' dir='ltr'><strong>Italia</strong></span> <span class='ocrx_word' id='word_1_419' title='bbox 1426 437 1496 472; x_wconf 77' lang='lat' dir='ltr'><strong>cogi,</strong></span> <span class='ocrx_word' id='word_1_420' title='bbox 1515 437 1559 465; x_wconf 90' lang='lat' dir='ltr'><strong>cui</strong></span> <span class='ocrx_word' id='word_1_421' title='bbox 1574 441 1656 472; x_wconf 90' lang='lat' dir='ltr'><strong>caput</strong></span> <span class='ocrx_word' id='word_1_422' title='bbox 1674 437 1801 464; x_wconf 65' lang='lat' dir='ltr'><strong>Ecclesiae</strong></span> 
     </span>
    </p>
   </div>
   <div class='ocr_carea' id='block_1_67' title="bbox 1014 483 1802 518">
    <p class='ocr_par' dir='ltr' id='par_1_67' title="bbox 1014 483 1802 518">
     <span class='ocr_line' id='line_1_67' title="bbox 1014 483 1802 518; baseline 0 -8"><span class='ocrx_word' id='word_1_423' title='bbox 1014 492 1063 518; x_wconf 90' lang='lat' dir='ltr'><strong>per</strong></span> <span class='ocrx_word' id='word_1_424' title='bbox 1077 492 1105 510; x_wconf 90' lang='lat' dir='ltr'><strong>se</strong></span> <span class='ocrx_word' id='word_1_425' title='bbox 1119 483 1288 518; x_wconf 71' lang='lat' dir='ltr'><strong>prmsiderct.</strong></span> <span class='ocrx_word' id='word_1_426' title='bbox 1316 484 1472 510; x_wconf 86' lang='lat' dir='ltr'><strong>Frustratus</strong></span> <span class='ocrx_word' id='word_1_427' title='bbox 1496 491 1554 518; x_wconf 91' lang='lat' dir='ltr'><strong>spe,</strong></span> <span class='ocrx_word' id='word_1_428' title='bbox 1579 492 1634 510; x_wconf 90' lang='lat' dir='ltr'><strong>non</strong></span> <span class='ocrx_word' id='word_1_429' title='bbox 1666 483 1802 510; x_wconf 75' lang='lat' dir='ltr'><strong>contraxit</strong></span> 
     </span>
    </p>
   </div>
   <div class='ocr_carea' id='block_1_68' title="bbox 1014 529 1803 564">
    <p class='ocr_par' dir='ltr' id='par_1_68' title="bbox 1014 529 1803 564">
     <span class='ocr_line' id='line_1_68' title="bbox 1014 529 1803 564; baseline 0 -8"><span class='ocrx_word' id='word_1_430' title='bbox 1014 530 1153 562; x_wconf 88' lang='lat' dir='ltr'><strong>animum;</strong></span> <span class='ocrx_word' id='word_1_431' title='bbox 1170 529 1217 556; x_wconf 87' lang='lat' dir='ltr'><strong>sed</strong></span> <span class='ocrx_word' id='word_1_432' title='bbox 1235 530 1367 556; x_wconf 83' lang='lat' dir='ltr'><strong>infractus</strong></span> <span class='ocrx_word' id='word_1_433' title='bbox 1382 529 1470 560; x_wconf 84' lang='lat' dir='ltr'><strong>malis,</strong></span> <span class='ocrx_word' id='word_1_434' title='bbox 1485 529 1611 561; x_wconf 86' lang='lat' dir='ltr'><strong>tentavit,</strong></span> <span class='ocrx_word' id='word_1_435' title='bbox 1625 529 1647 556; x_wconf 91' lang='lat' dir='ltr'><strong>si</strong></span> <span class='ocrx_word' id='word_1_436' title='bbox 1663 538 1717 564; x_wconf 89' lang='lat' dir='ltr'><strong>qua</strong></span> <span class='ocrx_word' id='word_1_437' title='bbox 1741 537 1803 564; x_wconf 87' lang='lat' dir='ltr'><strong>pos-</strong></span> 
     </span>
    </p>
   </div>
   <div class='ocr_carea' id='block_1_69' title="bbox 1014 574 1802 609">
    <p class='ocr_par' dir='ltr' id='par_1_69' title="bbox 1014 574 1802 609">
     <span class='ocr_line' id='line_1_69' title="bbox 1014 574 1802 609; baseline 0 -8"><span class='ocrx_word' id='word_1_438' title='bbox 1014 579 1056 602; x_wconf 88' lang='lat' dir='ltr'><strong>set</strong></span> <span class='ocrx_word' id='word_1_439' title='bbox 1070 575 1123 606; x_wconf 86' lang='lat' dir='ltr'><strong>via,</strong></span> <span class='ocrx_word' id='word_1_440' title='bbox 1146 574 1178 601; x_wconf 88' lang='lat' dir='ltr'><strong>ad</strong></span> <span class='ocrx_word' id='word_1_441' title='bbox 1198 574 1315 601; x_wconf 81' lang='lat' dir='ltr'><strong>oﬁicium</strong></span> <span class='ocrx_word' id='word_1_442' title='bbox 1335 574 1467 601; x_wconf 84' lang='lat' dir='ltr'><strong>reducere</strong></span> <span class='ocrx_word' id='word_1_443' title='bbox 1484 574 1637 609; x_wconf 90' lang='lat' dir='ltr'><strong>episcopos,</strong></span> <span class='ocrx_word' id='word_1_444' title='bbox 1654 575 1726 609; x_wconf 88' lang='lat' dir='ltr'><strong>quia</strong></span> <span class='ocrx_word' id='word_1_445' title='bbox 1739 574 1802 601; x_wconf 86' lang='lat' dir='ltr'><strong>Dio-</strong></span> 
     </span>
    </p>
   </div>
   <div class='ocr_carea' id='block_1_70' title="bbox 1014 620 1678 656">
    <p class='ocr_par' dir='ltr' id='par_1_70' title="bbox 1014 620 1678 656">
     <span class='ocr_line' id='line_1_70' title="bbox 1014 620 1678 656; baseline -0.002 -9"><span class='ocrx_word' id='word_1_446' title='bbox 1014 628 1092 647; x_wconf 88' lang='lat' dir='ltr'><strong>scoro</strong></span> <span class='ocrx_word' id='word_1_447' title='bbox 1104 628 1153 655; x_wconf 86' lang='lat' dir='ltr'><strong>per</strong></span> <span class='ocrx_word' id='word_1_448' title='bbox 1164 621 1218 647; x_wconf 88' lang='lat' dir='ltr'><strong>vim</strong></span> <span class='ocrx_word' id='word_1_449' title='bbox 1237 620 1461 656; x_wconf 74' lang='lat' dir='ltr'><strong>tyrannidcmque</strong></span> <span class='ocrx_word' id='word_1_450' title='bbox 1472 620 1577 647; x_wconf 86' lang='lat' dir='ltr'><strong>seducti</strong></span> <span class='ocrx_word' id='word_1_451' title='bbox 1590 624 1678 646; x_wconf 90' lang='lat' dir='ltr'><strong>erant.</strong></span> 
     </span>
    </p>
   </div>
   <div class='ocr_carea' id='block_1_71' title="bbox 1052 664 1804 700">
    <p class='ocr_par' dir='ltr' id='par_1_71' title="bbox 1052 664 1804 700">
     <span class='ocr_line' id='line_1_71' title="bbox 1052 664 1804 700; baseline -0.001 -8"><span class='ocrx_word' id='word_1_452' title='bbox 1052 666 1081 692; x_wconf 90' lang='lat' dir='ltr'><strong>ll.</strong></span> <span class='ocrx_word' id='word_1_453' title='bbox 1097 666 1166 693; x_wconf 89' lang='lat' dir='ltr'><strong>Dum</strong></span> <span class='ocrx_word' id='word_1_454' title='bbox 1175 666 1202 693; x_wconf 94' lang='lat' dir='ltr'><strong>in</strong></span> <span class='ocrx_word' id='word_1_455' title='bbox 1212 674 1245 693; x_wconf 91' lang='lat' dir='ltr'><strong>eo</strong></span> <span class='ocrx_word' id='word_1_456' title='bbox 1256 670 1298 692; x_wconf 81' lang='lat' dir='ltr'><strong>est</strong></span> <span class='ocrx_word' id='word_1_457' title='bbox 1314 666 1345 697; x_wconf 84' lang='grc'><strong>“⁸,</strong></span> <span class='ocrx_word' id='word_1_458' title='bbox 1358 665 1509 692; x_wconf 88' lang='lat' dir='ltr'><strong>adveniunt</strong></span> <span class='ocrx_word' id='word_1_459' title='bbox 1524 670 1677 700; x_wconf 86' lang='lat' dir='ltr'><strong>opportune</strong></span> <span class='ocrx_word' id='word_1_460' title='bbox 1687 672 1703 691; x_wconf 85' lang='lat' dir='ltr'><strong>a</strong></span> <span class='ocrx_word' id='word_1_461' title='bbox 1714 664 1804 692; x_wconf 85' lang='lat' dir='ltr'><strong>Theo-</strong></span> 
     </span>
    </p>
   </div>
   <div class='ocr_carea' id='block_1_72' title="bbox 1015 709 1804 746">
    <p class='ocr_par' dir='ltr' id='par_1_72' title="bbox 1015 709 1804 746">
     <span class='ocr_line' id='line_1_72' title="bbox 1015 709 1804 746; baseline -0.003 -8"><span class='ocrx_word' id='word_1_462' title='bbox 1015 711 1112 738; x_wconf 85' lang='lat' dir='ltr'><strong>doreto</strong></span> <span class='ocrx_word' id='word_1_463' title='bbox 1126 711 1218 746; x_wconf 75' lang='lat' dir='ltr'><strong>legati,</strong></span> <span class='ocrx_word' id='word_1_464' title='bbox 1236 711 1283 746; x_wconf 92' lang='lat' dir='ltr'><strong>qui</strong></span> <span class='ocrx_word' id='word_1_465' title='bbox 1300 715 1445 743; x_wconf 80' lang='lat' dir='ltr'><strong>testentur,</strong></span> <span class='ocrx_word' id='word_1_466' title='bbox 1463 711 1491 738; x_wconf 90' lang='lat' dir='ltr'><strong>in</strong></span> <span class='ocrx_word' id='word_1_467' title='bbox 1502 709 1614 738; x_wconf 89' lang='lat' dir='ltr'><strong>Oriente</strong></span> <span class='ocrx_word' id='word_1_468' title='bbox 1634 718 1719 745; x_wconf 87' lang='lat' dir='ltr'><strong>usque</strong></span> <span class='ocrx_word' id='word_1_469' title='bbox 1734 710 1804 738; x_wconf 90' lang='lat' dir='ltr'><strong>adeo</strong></span> 
     </span>
    </p>
   </div>
   <div class='ocr_carea' id='block_1_73' title="bbox 1016 755 1804 791">
    <p class='ocr_par' dir='ltr' id='par_1_73' title="bbox 1016 755 1804 791">
     <span class='ocr_line' id='line_1_73' title="bbox 1016 755 1804 791; baseline 0.001 -9"><span class='ocrx_word' id='word_1_470' title='bbox 1016 756 1132 789; x_wconf 90' lang='lat' dir='ltr'><strong>turbari,</strong></span> <span class='ocrx_word' id='word_1_471' title='bbox 1159 760 1189 783; x_wconf 90' lang='lat' dir='ltr'><strong>ut</strong></span> <span class='ocrx_word' id='word_1_472' title='bbox 1207 756 1270 783; x_wconf 84' lang='lat' dir='ltr'><strong>fidei</strong></span> <span class='ocrx_word' id='word_1_473' title='bbox 1302 763 1346 783; x_wconf 84' lang='lat' dir='ltr'><strong>res</strong></span> <span class='ocrx_word' id='word_1_474' title='bbox 1361 764 1415 783; x_wconf 92' lang='lat' dir='ltr'><strong>non</strong></span> <span class='ocrx_word' id='word_1_475' title='bbox 1428 760 1521 790; x_wconf 87' lang='lat' dir='ltr'><strong>posset</strong></span> <span class='ocrx_word' id='word_1_476' title='bbox 1538 755 1651 783; x_wconf 88' lang='lat' dir='ltr'><strong>aliunde</strong></span> <span class='ocrx_word' id='word_1_477' title='bbox 1668 763 1750 791; x_wconf 85' lang='lat' dir='ltr'><strong>quam</strong></span> <span class='ocrx_word' id='word_1_478' title='bbox 1769 756 1804 783; x_wconf 86' lang='lat' dir='ltr'><strong>ab</strong></span> 
     </span>
    </p>
   </div>
   <div class='ocr_carea' id='block_1_74' title="bbox 1015 801 1804 837">
    <p class='ocr_par' dir='ltr' id='par_1_74' title="bbox 1015 801 1804 837">
     <span class='ocr_line' id='line_1_74' title="bbox 1015 801 1804 837; baseline 0.001 -10"><span class='ocrx_word' id='word_1_479' title='bbox 1015 801 1162 828; x_wconf 86' lang='lat' dir='ltr'><strong>Occidente</strong></span> <span class='ocrx_word' id='word_1_480' title='bbox 1178 801 1285 829; x_wconf 87' lang='lat' dir='ltr'><strong>restitui</strong></span> <span class='ocrx_word' id='word_1_481' title='bbox 1301 810 1307 828; x_wconf 73' lang='grc' dir='ltr'><strong>ι</strong></span> <span class='ocrx_word' id='word_1_482' title='bbox 1323 802 1368 828; x_wconf 85' lang='lat' dir='ltr'><strong>vix</strong></span> <span class='ocrx_word' id='word_1_483' title='bbox 1384 809 1528 836; x_wconf 88' lang='lat' dir='ltr'><strong>superesse</strong></span> <span class='ocrx_word' id='word_1_484' title='bbox 1543 801 1667 829; x_wconf 81' lang='lat' dir='ltr'><strong>veritatis</strong></span> <span class='ocrx_word' id='word_1_485' title='bbox 1686 809 1804 837; x_wconf 73' lang='lat' dir='ltr'><strong>evange-</strong></span> 
     </span>
    </p>
   </div>
   <div class='ocr_carea' id='block_1_75' title="bbox 1018 847 1805 883">
    <p class='ocr_par' dir='ltr' id='par_1_75' title="bbox 1018 847 1805 883">
     <span class='ocr_line' id='line_1_75' title="bbox 1018 847 1805 883; baseline 0.001 -9"><span class='ocrx_word' id='word_1_486' title='bbox 1018 847 1079 874; x_wconf 62' lang='lat' dir='ltr'><strong>lica:</strong></span> <span class='ocrx_word' id='word_1_487' title='bbox 1098 847 1254 879; x_wconf 89' lang='lat' dir='ltr'><strong>scintillam,</strong></span> <span class='ocrx_word' id='word_1_488' title='bbox 1268 855 1318 875; x_wconf 83' lang='lat' dir='ltr'><strong>nec</strong></span> <span class='ocrx_word' id='word_1_489' title='bbox 1331 856 1409 882; x_wconf 88' lang='lat' dir='ltr'><strong>posse</strong></span> <span class='ocrx_word' id='word_1_490' title='bbox 1420 849 1585 875; x_wconf 86' lang='lat' dir='ltr'><strong>exstinctum</strong></span> <span class='ocrx_word' id='word_1_491' title='bbox 1597 848 1688 883; x_wconf 84' lang='lat' dir='ltr'><strong>jubar,</strong></span> <span class='ocrx_word' id='word_1_492' title='bbox 1707 848 1758 875; x_wconf 88' lang='lat' dir='ltr'><strong>nisi</strong></span> <span class='ocrx_word' id='word_1_493' title='bbox 1770 848 1805 875; x_wconf 79' lang='lat' dir='ltr'><strong>de</strong></span> 
     </span>
    </p>
   </div>
   <div class='ocr_carea' id='block_1_76' title="bbox 984 878 1805 928">
    <p class='ocr_par' dir='ltr' id='par_1_76' title="bbox 984 878 1805 928">
     <span class='ocr_line' id='line_1_76' title="bbox 984 878 1805 928; baseline 0.002 -11"><span class='ocrx_word' id='word_1_494' title='bbox 984 878 1002 905; x_wconf 71' lang='grc' dir='ltr'><strong>Β</strong></span> <span class='ocrx_word' id='word_1_495' title='bbox 1019 891 1148 919; x_wconf 73' lang='lat' dir='ltr'><strong>Romanae</strong></span> <span class='ocrx_word' id='word_1_496' title='bbox 1167 892 1295 919; x_wconf 61' lang='lat' dir='ltr'><strong>Ecclesia:</strong></span> <span class='ocrx_word' id='word_1_497' title='bbox 1307 892 1421 925; x_wconf 91' lang='lat' dir='ltr'><strong>lumine,</strong></span> <span class='ocrx_word' id='word_1_498' title='bbox 1437 892 1569 920; x_wconf 87' lang='lat' dir='ltr'><strong>accendi:</strong></span> <span class='ocrx_word' id='word_1_499' title='bbox 1594 893 1734 928; x_wconf 85' lang='lat' dir='ltr'><strong>implorari</strong></span> <span class='ocrx_word' id='word_1_500' title='bbox 1761 901 1805 920; x_wconf 86' lang='lat' dir='ltr'><strong>sc-</strong></span> 
     </span>
    </p>
   </div>
   <div class='ocr_carea' id='block_1_77' title="bbox 1019 937 1806 973">
    <p class='ocr_par' dir='ltr' id='par_1_77' title="bbox 1019 937 1806 973">
     <span class='ocr_line' id='line_1_77' title="bbox 1019 937 1806 973; baseline 0.003 -10"><span class='ocrx_word' id='word_1_501' title='bbox 1019 937 1061 964; x_wconf 90' lang='lat' dir='ltr'><strong>dis</strong></span> <span class='ocrx_word' id='word_1_502' title='bbox 1083 937 1237 971; x_wconf 77' lang='lat' dir='ltr'><strong>apostolicae</strong></span> <span class='ocrx_word' id='word_1_503' title='bbox 1261 937 1390 970; x_wconf 87' lang='lat' dir='ltr'><strong>tribunal,</strong></span> <span class='ocrx_word' id='word_1_504' title='bbox 1411 942 1539 973; x_wconf 90' lang='lat' dir='ltr'><strong>tanquam</strong></span> <span class='ocrx_word' id='word_1_505' title='bbox 1566 939 1677 966; x_wconf 88' lang='lat' dir='ltr'><strong>unicum</strong></span> <span class='ocrx_word' id='word_1_506' title='bbox 1703 943 1806 965; x_wconf 77' lang='lat' dir='ltr'><strong>vexata:</strong></span> 
     </span>
    </p>
   </div>
   <div class='ocr_carea' id='block_1_78' title="bbox 1019 982 1806 1020">
    <p class='ocr_par' dir='ltr' id='par_1_78' title="bbox 1019 982 1806 1020">
     <span class='ocr_line' id='line_1_78' title="bbox 1019 982 1806 1020; baseline 0.003 -11"><span class='ocrx_word' id='word_1_507' title='bbox 1019 983 1128 1017; x_wconf 86' lang='lat' dir='ltr'><strong>pictatis</strong></span> <span class='ocrx_word' id='word_1_508' title='bbox 1141 983 1293 1018; x_wconf 82' lang='lat' dir='ltr'><strong>perfugium</strong></span> <span class='ocrx_word' id='word_1_509' title='bbox 1316 993 1323 1011; x_wconf 86' lang='lat'><strong>:</strong></span> <span class='ocrx_word' id='word_1_510' title='bbox 1345 992 1412 1018; x_wconf 84' lang='lat' dir='ltr'><strong>opus</strong></span> <span class='ocrx_word' id='word_1_511' title='bbox 1433 992 1493 1012; x_wconf 87' lang='lat' dir='ltr'><strong>esse</strong></span> <span class='ocrx_word' id='word_1_512' title='bbox 1512 985 1637 1016; x_wconf 84' lang='lat' dir='ltr'><strong>concilio,</strong></span> <span class='ocrx_word' id='word_1_513' title='bbox 1652 982 1806 1020; x_wconf 66' lang='lat' dir='ltr'><strong>cujus&#39;modi</strong></span> 
     </span>
    </p>
   </div>
   <div class='ocr_carea' id='block_1_79' title="bbox 1019 1028 1806 1065">
    <p class='ocr_par' dir='ltr' id='par_1_79' title="bbox 1019 1028 1806 1065">
     <span class='ocr_line' id='line_1_79' title="bbox 1019 1028 1806 1065; baseline 0.001 -9"><span class='ocrx_word' id='word_1_514' title='bbox 1019 1028 1074 1056; x_wconf 83' lang='lat' dir='ltr'><strong>Leo</strong></span> <span class='ocrx_word' id='word_1_515' title='bbox 1090 1029 1203 1056; x_wconf 87' lang='lat' dir='ltr'><strong>haberet</strong></span> <span class='ocrx_word' id='word_1_516' title='bbox 1223 1029 1248 1056; x_wconf 95' lang='lat' dir='ltr'><strong>in</strong></span> <span class='ocrx_word' id='word_1_517' title='bbox 1266 1030 1336 1058; x_wconf 87' lang='lat' dir='ltr'><strong>votis</strong></span> <span class='ocrx_word' id='word_1_518' title='bbox 1352 1039 1360 1056; x_wconf 90' lang='lat'>:</span> <span class='ocrx_word' id='word_1_519' title='bbox 1381 1031 1519 1058; x_wconf 82' lang='lat' dir='ltr'><strong>vocandas</strong></span> <span class='ocrx_word' id='word_1_520' title='bbox 1546 1031 1641 1058; x_wconf 85' lang='lat' dir='ltr'><strong>saltem</strong></span> <span class='ocrx_word' id='word_1_521' title='bbox 1658 1030 1806 1065; x_wconf 85' lang='lat' dir='ltr'><strong>apostolica</strong></span> 
     </span>
    </p>
   </div>
   <div class='ocr_carea' id='block_1_80' title="bbox 1019 1075 1806 1112">
    <p class='ocr_par' dir='ltr' id='par_1_80' title="bbox 1019 1075 1806 1112">
     <span class='ocr_line' id='line_1_80' title="bbox 1019 1075 1806 1112; baseline 0.001 -10"><span class='ocrx_word' id='word_1_522' title='bbox 1019 1075 1181 1103; x_wconf 84' lang='lat' dir='ltr'><strong>auctoritate</strong></span> <span class='ocrx_word' id='word_1_523' title='bbox 1193 1076 1227 1103; x_wconf 84' lang='lat' dir='ltr'><strong>ad</strong></span> <span class='ocrx_word' id='word_1_524' title='bbox 1247 1076 1383 1111; x_wconf 80' lang='lat' dir='ltr'><strong>judicium</strong></span> <span class='ocrx_word' id='word_1_525' title='bbox 1408 1077 1544 1110; x_wconf 86' lang='lat' dir='ltr'><strong>homines,</strong></span> <span class='ocrx_word' id='word_1_526' title='bbox 1568 1085 1637 1112; x_wconf 86' lang='lat' dir='ltr'><strong>quos</strong></span> <span class='ocrx_word' id='word_1_527' title='bbox 1653 1085 1714 1104; x_wconf 88' lang='lat' dir='ltr'><strong>reos</strong></span> <span class='ocrx_word' id='word_1_528' title='bbox 1741 1085 1806 1112; x_wconf 86' lang='lat' dir='ltr'><strong>syn-</strong></span> 
     </span>
    </p>
   </div>
   <div class='ocr_carea' id='block_1_81' title="bbox 1020 1122 1807 1158">
    <p class='ocr_par' dir='ltr' id='par_1_81' title="bbox 1020 1122 1807 1158">
     <span class='ocr_line' id='line_1_81' title="bbox 1020 1122 1807 1158; baseline 0.001 -10"><span class='ocrx_word' id='word_1_529' title='bbox 1020 1122 1090 1149; x_wconf 88' lang='lat' dir='ltr'><strong>odus</strong></span> <span class='ocrx_word' id='word_1_530' title='bbox 1105 1126 1215 1149; x_wconf 87' lang='lat' dir='ltr'><strong>centum</strong></span> <span class='ocrx_word' id='word_1_531' title='bbox 1227 1128 1255 1150; x_wconf 89' lang='lat' dir='ltr'><strong>et</strong></span> <span class='ocrx_word' id='word_1_532' title='bbox 1271 1123 1381 1158; x_wconf 81' lang='lat' dir='ltr'><strong>triginta</strong></span> <span class='ocrx_word' id='word_1_533' title='bbox 1402 1123 1592 1157; x_wconf 80' lang='lat' dir='ltr'><strong>episcoporum</strong></span> <span class='ocrx_word' id='word_1_534' title='bbox 1605 1130 1654 1157; x_wconf 83' lang='lat' dir='ltr'><strong>per</strong></span> <span class='ocrx_word' id='word_1_535' title='bbox 1679 1123 1807 1157; x_wconf 84' lang='lat' dir='ltr'><strong>injuriam</strong></span> 
     </span>
    </p>
   </div>
   <div class='ocr_carea' id='block_1_82' title="bbox 1020 1166 1808 1202">
    <p class='ocr_par' dir='ltr' id='par_1_82' title="bbox 1020 1166 1808 1202">
     <span class='ocr_line' id='line_1_82' title="bbox 1020 1166 1808 1202; baseline 0 -8"><span class='ocrx_word' id='word_1_536' title='bbox 1020 1168 1133 1194; x_wconf 78' lang='lat' dir='ltr'><strong>dixisset</strong></span> <span class='ocrx_word' id='word_1_537' title='bbox 1150 1177 1157 1194; x_wconf 85' lang='lat'><strong><em>:</em></strong></span> <span class='ocrx_word' id='word_1_538' title='bbox 1172 1171 1255 1202; x_wconf 89' lang='lat' dir='ltr'><strong>atque</strong></span> <span class='ocrx_word' id='word_1_539' title='bbox 1266 1167 1373 1195; x_wconf 85' lang='lat' dir='ltr'><strong>interim</strong></span> <span class='ocrx_word' id='word_1_540' title='bbox 1389 1168 1571 1194; x_wconf 84' lang='lat' dir='ltr'><strong>exercendum</strong></span> <span class='ocrx_word' id='word_1_541' title='bbox 1585 1167 1618 1194; x_wconf 90' lang='lat' dir='ltr'><strong>de</strong></span> <span class='ocrx_word' id='word_1_542' title='bbox 1633 1166 1808 1194; x_wconf 84' lang='lat' dir='ltr'><strong>Theodoreto</strong></span> 
     </span>
    </p>
   </div>
   <div class='ocr_carea' id='block_1_83' title="bbox 1018 1213 1803 1249">
    <p class='ocr_par' dir='ltr' id='par_1_83' title="bbox 1018 1213 1803 1249">
     <span class='ocr_line' id='line_1_83' title="bbox 1018 1213 1803 1249; baseline -0.001 -9"><span class='ocrx_word' id='word_1_543' title='bbox 1018 1213 1162 1249; x_wconf 89' lang='lat' dir='ltr'><strong>judicium,</strong></span> <span class='ocrx_word' id='word_1_544' title='bbox 1183 1214 1229 1248; x_wconf 88' lang='lat' dir='ltr'><strong>qui</strong></span> <span class='ocrx_word' id='word_1_545' title='bbox 1253 1220 1315 1240; x_wconf 91' lang='lat' dir='ltr'><strong>cum</strong></span> <span class='ocrx_word' id='word_1_546' title='bbox 1329 1213 1501 1247; x_wconf 83' lang='lat' dir='ltr'><strong>imperatoris</strong></span> <span class='ocrx_word' id='word_1_547' title='bbox 1515 1213 1638 1248; x_wconf 87' lang='lat' dir='ltr'><strong>jussione</strong></span> <span class='ocrx_word' id='word_1_548' title='bbox 1663 1216 1803 1240; x_wconf 87' lang='lat' dir='ltr'><strong>vetaretur</strong></span> 
     </span>
    </p>
   </div>
   <div class='ocr_carea' id='block_1_84' title="bbox 1019 1257 1804 1293">
    <p class='ocr_par' dir='ltr' id='par_1_84' title="bbox 1019 1257 1804 1293">
     <span class='ocr_line' id='line_1_84' title="bbox 1019 1257 1804 1293; baseline -0.001 -8"><span class='ocrx_word' id='word_1_549' title='bbox 1019 1257 1113 1293; x_wconf 79' lang='lat' dir='ltr'><strong>egredi</strong></span> <span class='ocrx_word' id='word_1_550' title='bbox 1128 1258 1215 1284; x_wconf 85' lang='lat' dir='ltr'><strong>exsilii</strong></span> <span class='ocrx_word' id='word_1_551' title='bbox 1239 1258 1309 1289; x_wconf 85' lang='lat' dir='ltr'><strong>loco,</strong></span> <span class='ocrx_word' id='word_1_552' title='bbox 1330 1257 1443 1284; x_wconf 86' lang='lat' dir='ltr'><strong>sistebat</strong></span> <span class='ocrx_word' id='word_1_553' title='bbox 1469 1265 1497 1284; x_wconf 86' lang='lat' dir='ltr'><strong>se</strong></span> <span class='ocrx_word' id='word_1_554' title='bbox 1516 1262 1605 1284; x_wconf 88' lang='lat' dir='ltr'><strong>tamen</strong></span> <span class='ocrx_word' id='word_1_555' title='bbox 1620 1265 1668 1292; x_wconf 88' lang='lat' dir='ltr'><strong>per</strong></span> <span class='ocrx_word' id='word_1_556' title='bbox 1690 1257 1804 1292; x_wconf 77' lang='lat' dir='ltr'><strong>legatos,</strong></span> 
     </span>
    </p>
   </div>
   <div class='ocr_carea' id='block_1_85' title="bbox 1021 1302 1808 1338">
    <p class='ocr_par' dir='ltr' id='par_1_85' title="bbox 1021 1302 1808 1338">
     <span class='ocr_line' id='line_1_85' title="bbox 1021 1302 1808 1338; baseline -0.001 -9"><span class='ocrx_word' id='word_1_557' title='bbox 1021 1307 1131 1338; x_wconf 80' lang='lat' dir='ltr'><strong>paratus</strong></span> <span class='ocrx_word' id='word_1_558' title='bbox 1144 1303 1262 1338; x_wconf 86' lang='lat' dir='ltr'><strong>experiri</strong></span> <span class='ocrx_word' id='word_1_559' title='bbox 1276 1303 1350 1338; x_wconf 73' lang='lat' dir='ltr'><strong>gravi</strong></span> <span class='ocrx_word' id='word_1_560' title='bbox 1362 1302 1477 1337; x_wconf 84' lang='lat' dir='ltr'><strong>judicio,</strong></span> <span class='ocrx_word' id='word_1_561' title='bbox 1494 1302 1609 1337; x_wconf 87' lang='lat' dir='ltr'><strong>ipsoque</strong></span> <span class='ocrx_word' id='word_1_562' title='bbox 1621 1302 1720 1337; x_wconf 87' lang='lat' dir='ltr'><strong>capitis</strong></span> <span class='ocrx_word' id='word_1_563' title='bbox 1733 1302 1808 1337; x_wconf 84' lang='lat' dir='ltr'><strong>peri-</strong></span> 
     </span>
    </p>
   </div>
   <div class='ocr_carea' id='block_1_86' title="bbox 1022 1347 1425 1382">
    <p class='ocr_par' dir='ltr' id='par_1_86' title="bbox 1022 1347 1425 1382">
     <span class='ocr_line' id='line_1_86' title="bbox 1022 1347 1425 1382; baseline -0.002 -7"><span class='ocrx_word' id='word_1_564' title='bbox 1022 1348 1083 1375; x_wconf 89' lang='lat' dir='ltr'><strong>culo</strong></span> <span class='ocrx_word' id='word_1_565' title='bbox 1096 1348 1278 1375; x_wconf 88' lang='lat' dir='ltr'><strong>innocentiam</strong></span> <span class='ocrx_word' id='word_1_566' title='bbox 1299 1347 1425 1382; x_wconf 83' lang='lat' dir='ltr'><strong>probare.</strong></span> 
     </span>
    </p>
   </div>
   <div class='ocr_carea' id='block_1_87' title="bbox 1055 1404 1808 1440">
    <p class='ocr_par' dir='ltr' id='par_1_87' title="bbox 1055 1404 1808 1440">
     <span class='ocr_line' id='line_1_87' title="bbox 1055 1404 1808 1440; baseline 0.001 -10"><span class='ocrx_word' id='word_1_567' title='bbox 1055 1404 1126 1430; x_wconf 72' lang='lat' dir='ltr'><strong>Nihil</strong></span> <span class='ocrx_word' id='word_1_568' title='bbox 1145 1404 1196 1431; x_wconf 91' lang='lat' dir='ltr'><strong>fuit</strong></span> <span class='ocrx_word' id='word_1_569' title='bbox 1221 1404 1271 1431; x_wconf 90' lang='lat' dir='ltr'><strong>hac</strong></span> <span class='ocrx_word' id='word_1_570' title='bbox 1304 1405 1447 1432; x_wconf 79' lang='lat' dir='ltr'><strong>occasione</strong></span> <span class='ocrx_word' id='word_1_571' title='bbox 1463 1404 1623 1439; x_wconf 88' lang='lat' dir='ltr'><strong>optabilius,</strong></span> <span class='ocrx_word' id='word_1_572' title='bbox 1649 1405 1808 1440; x_wconf 79' lang='lat' dir='ltr'><strong>l90nihil</strong></span> 
     </span>
    </p>
   </div>
   <div class='ocr_carea' id='block_1_88' title="bbox 1022 1448 1808 1484">
    <p class='ocr_par' dir='ltr' id='par_1_88' title="bbox 1022 1448 1808 1484">
     <span class='ocr_line' id='line_1_88' title="bbox 1022 1448 1808 1484; baseline 0.001 -9"><span class='ocrx_word' id='word_1_573' title='bbox 1022 1448 1223 1483; x_wconf 80' lang='lat' dir='ltr'><strong>opportunius:</strong></span> <span class='ocrx_word' id='word_1_574' title='bbox 1244 1457 1328 1483; x_wconf 90' lang='lat' dir='ltr'><strong>quare</strong></span> <span class='ocrx_word' id='word_1_575' title='bbox 1348 1457 1402 1475; x_wconf 92' lang='lat' dir='ltr'><strong>non</strong></span> <span class='ocrx_word' id='word_1_576' title='bbox 1425 1449 1533 1484; x_wconf 78' lang='lat' dir='ltr'><strong>excepti</strong></span> <span class='ocrx_word' id='word_1_577' title='bbox 1558 1453 1662 1476; x_wconf 83' lang='lat' dir='ltr'><strong>tantum</strong></span> <span class='ocrx_word' id='word_1_578' title='bbox 1691 1449 1808 1484; x_wconf 77' lang='lat' dir='ltr'><strong>benigne</strong></span> 
     </span>
    </p>
   </div>
   <div class='ocr_carea' id='block_1_89' title="bbox 1021 1493 1807 1529">
    <p class='ocr_par' dir='ltr' id='par_1_89' title="bbox 1021 1493 1807 1529">
     <span class='ocr_line' id='line_1_89' title="bbox 1021 1493 1807 1529; baseline 0.001 -8"><span class='ocrx_word' id='word_1_579' title='bbox 1021 1493 1114 1529; x_wconf 76' lang='lat' dir='ltr'><strong>legati,</strong></span> <span class='ocrx_word' id='word_1_580' title='bbox 1127 1494 1199 1529; x_wconf 91' lang='lat' dir='ltr'><strong>quod</strong></span> <span class='ocrx_word' id='word_1_581' title='bbox 1207 1494 1385 1522; x_wconf 88' lang='lat' dir='ltr'><strong>luunanitatis</strong></span> <span class='ocrx_word' id='word_1_582' title='bbox 1398 1494 1458 1526; x_wconf 87' lang='lat' dir='ltr'><strong>fuit,</strong></span> <span class='ocrx_word' id='word_1_583' title='bbox 1475 1494 1521 1521; x_wconf 86' lang='lat' dir='ltr'><strong>sed</strong></span> <span class='ocrx_word' id='word_1_584' title='bbox 1542 1494 1625 1521; x_wconf 88' lang='lat' dir='ltr'><strong>ctiam</strong></span> <span class='ocrx_word' id='word_1_585' title='bbox 1637 1494 1721 1521; x_wconf 89' lang='lat' dir='ltr'><strong>auditi</strong></span> <span class='ocrx_word' id='word_1_586' title='bbox 1733 1500 1807 1526; x_wconf 85' lang='lat' dir='ltr'><strong>sunt,</strong></span> 
     </span>
    </p>
   </div>
   <div class='ocr_carea' id='block_1_90' title="bbox 983 1540 1807 1583">
    <p class='ocr_par' dir='ltr' id='par_1_90' title="bbox 983 1540 1807 1583">
     <span class='ocr_line' id='line_1_90' title="bbox 983 1540 1807 1583; baseline 0.001 -17"><span class='ocrx_word' id='word_1_587' title='bbox 983 1553 1005 1583; x_wconf 63' lang='grc' dir='ltr'>ε</span> <span class='ocrx_word' id='word_1_588' title='bbox 1020 1540 1095 1574; x_wconf 88' lang='lat' dir='ltr'><strong>quod</strong></span> <span class='ocrx_word' id='word_1_589' title='bbox 1106 1540 1230 1576; x_wconf 65' lang='lat' dir='ltr'><strong>iustitiae,</strong></span> <span class='ocrx_word' id='word_1_590' title='bbox 1245 1546 1273 1568; x_wconf 88' lang='lat' dir='ltr'><strong>et</strong></span> <span class='ocrx_word' id='word_1_591' title='bbox 1288 1541 1398 1576; x_wconf 84' lang='lat' dir='ltr'><strong>quidem</strong></span> <span class='ocrx_word' id='word_1_592' title='bbox 1426 1540 1453 1567; x_wconf 94' lang='lat' dir='ltr'><strong>in</strong></span> <span class='ocrx_word' id='word_1_593' title='bbox 1470 1541 1599 1572; x_wconf 87' lang='lat' dir='ltr'><strong>concilio,</strong></span> <span class='ocrx_word' id='word_1_594' title='bbox 1625 1540 1697 1575; x_wconf 89' lang='lat' dir='ltr'><strong>quod</strong></span> <span class='ocrx_word' id='word_1_595' title='bbox 1714 1541 1807 1567; x_wconf 84' lang='lat' dir='ltr'><strong>moris.</strong></span> 
     </span>
    </p>
   </div>
   <div class='ocr_carea' id='block_1_91' title="bbox 1022 1583 1807 1621">
    <p class='ocr_par' dir='ltr' id='par_1_91' title="bbox 1022 1583 1807 1621">
     <span class='ocr_line' id='line_1_91' title="bbox 1022 1583 1807 1621; baseline -0.003 -9"><span class='ocrx_word' id='word_1_596' title='bbox 1022 1585 1161 1621; x_wconf 78' lang='lat' dir='ltr'><strong>Agebatur</strong></span> <span class='ocrx_word' id='word_1_597' title='bbox 1171 1585 1244 1612; x_wconf 89' lang='lat' dir='ltr'><strong>enim</strong></span> <span class='ocrx_word' id='word_1_598' title='bbox 1263 1593 1315 1612; x_wconf 88' lang='lat' dir='ltr'><strong>una</strong></span> <span class='ocrx_word' id='word_1_599' title='bbox 1329 1585 1362 1612; x_wconf 90' lang='lat' dir='ltr'><strong>de</strong></span> <span class='ocrx_word' id='word_1_600' title='bbox 1378 1584 1528 1618; x_wconf 84' lang='lat' dir='ltr'><strong>majoribus</strong></span> <span class='ocrx_word' id='word_1_601' title='bbox 1536 1584 1637 1616; x_wconf 88' lang='lat' dir='ltr'><strong>causis,</strong></span> <span class='ocrx_word' id='word_1_602' title='bbox 1654 1583 1807 1619; x_wconf 87' lang='lat' dir='ltr'><strong>cujusmodi</strong></span> 
     </span>
    </p>
   </div>
   <div class='ocr_carea' id='block_1_92' title="bbox 1022 1629 1809 1665">
    <p class='ocr_par' dir='ltr' id='par_1_92' title="bbox 1022 1629 1809 1665">
     <span class='ocr_line' id='line_1_92' title="bbox 1022 1629 1809 1665; baseline -0.005 -7"><span class='ocrx_word' id='word_1_603' title='bbox 1022 1631 1095 1658; x_wconf 65' lang='lat' dir='ltr'><strong>multa</strong></span> <span class='ocrx_word' id='word_1_604' title='bbox 1111 1631 1316 1665; x_wconf 87' lang='lat' dir='ltr'><strong>disceptabatur</strong></span> <span class='ocrx_word' id='word_1_605' title='bbox 1327 1638 1359 1657; x_wconf 89' lang='lat' dir='ltr'><strong>ea</strong></span> <span class='ocrx_word' id='word_1_606' title='bbox 1373 1634 1463 1662; x_wconf 69' lang='lat' dir='ltr'><strong>aetate,</strong></span> <span class='ocrx_word' id='word_1_607' title='bbox 1490 1629 1533 1656; x_wconf 90' lang='lat' dir='ltr'><strong>vel</strong></span> <span class='ocrx_word' id='word_1_608' title='bbox 1548 1629 1584 1656; x_wconf 88' lang='lat' dir='ltr'><strong>ab</strong></span> <span class='ocrx_word' id='word_1_609' title='bbox 1611 1629 1677 1663; x_wconf 89' lang='lat' dir='ltr'><strong>ipsis</strong></span> <span class='ocrx_word' id='word_1_610' title='bbox 1694 1629 1809 1655; x_wconf 81' lang='lat' dir='ltr'><strong>summis</strong></span> 
     </span>
    </p>
   </div>
   <div class='ocr_carea' id='block_1_93' title="bbox 1022 1674 1809 1711">
    <p class='ocr_par' dir='ltr' id='par_1_93' title="bbox 1022 1674 1809 1711">
     <span class='ocr_line' id='line_1_93' title="bbox 1022 1674 1809 1711; baseline -0.004 -8"><span class='ocrx_word' id='word_1_611' title='bbox 1022 1675 1206 1711; x_wconf 87' lang='lat' dir='ltr'><strong>pontiﬁcibus,</strong></span> <span class='ocrx_word' id='word_1_612' title='bbox 1225 1675 1279 1703; x_wconf 90' lang='lat' dir='ltr'><strong>nisi</strong></span> <span class='ocrx_word' id='word_1_613' title='bbox 1291 1676 1317 1703; x_wconf 92' lang='lat' dir='ltr'><strong>in</strong></span> <span class='ocrx_word' id='word_1_614' title='bbox 1340 1675 1532 1711; x_wconf 83' lang='lat' dir='ltr'><strong>episcoporum</strong></span> <span class='ocrx_word' id='word_1_615' title='bbox 1549 1678 1695 1702; x_wconf 86' lang='lat' dir='ltr'><strong>conventu.</strong></span> <span class='ocrx_word' id='word_1_616' title='bbox 1714 1674 1809 1701; x_wconf 80' lang='lat' dir='ltr'><strong>Fuisse</strong></span> 
     </span>
    </p>
   </div>
   <div class='ocr_carea' id='block_1_94' title="bbox 1021 1720 1809 1756">
    <p class='ocr_par' dir='ltr' id='par_1_94' title="bbox 1021 1720 1809 1756">
     <span class='ocr_line' id='line_1_94' title="bbox 1021 1720 1809 1756; baseline -0.004 -7"><span class='ocrx_word' id='word_1_617' title='bbox 1021 1730 1088 1749; x_wconf 88' lang='lat' dir='ltr'><strong>vero</strong></span> <span class='ocrx_word' id='word_1_618' title='bbox 1099 1730 1209 1749; x_wconf 86' lang='lat' dir='ltr'><strong>causam</strong></span> <span class='ocrx_word' id='word_1_619' title='bbox 1234 1721 1305 1749; x_wconf 88' lang='lat' dir='ltr'><strong>hanc</strong></span> <span class='ocrx_word' id='word_1_620' title='bbox 1320 1722 1391 1748; x_wconf 87' lang='lat' dir='ltr'><strong>inter</strong></span> <span class='ocrx_word' id='word_1_621' title='bbox 1401 1721 1529 1756; x_wconf 82' lang='lat' dir='ltr'><strong>majores,</strong></span> <span class='ocrx_word' id='word_1_622' title='bbox 1542 1720 1585 1747; x_wconf 91' lang='lat' dir='ltr'><strong>vel</strong></span> <span class='ocrx_word' id='word_1_623' title='bbox 1602 1728 1634 1746; x_wconf 87' lang='lat' dir='ltr'><strong>ex</strong></span> <span class='ocrx_word' id='word_1_624' title='bbox 1647 1727 1680 1747; x_wconf 89' lang='lat' dir='ltr'><strong>eo</strong></span> <span class='ocrx_word' id='word_1_625' title='bbox 1692 1720 1809 1747; x_wconf 81' lang='lat' dir='ltr'><strong>maxime</strong></span> 
     </span>
    </p>
   </div>
   <div class='ocr_carea' id='block_1_95' title="bbox 1021 1766 1808 1802">
    <p class='ocr_par' dir='ltr' id='par_1_95' title="bbox 1021 1766 1808 1802">
     <span class='ocr_line' id='line_1_95' title="bbox 1021 1766 1808 1802; baseline -0.003 -8"><span class='ocrx_word' id='word_1_626' title='bbox 1021 1772 1146 1802; x_wconf 84' lang='lat' dir='ltr'><strong>apertum</strong></span> <span class='ocrx_word' id='word_1_627' title='bbox 1159 1772 1211 1800; x_wconf 90' lang='lat' dir='ltr'><strong>est,</strong></span> <span class='ocrx_word' id='word_1_628' title='bbox 1228 1767 1301 1802; x_wconf 87' lang='lat' dir='ltr'><strong>quod</strong></span> <span class='ocrx_word' id='word_1_629' title='bbox 1323 1767 1357 1794; x_wconf 90' lang='lat' dir='ltr'><strong>de</strong></span> <span class='ocrx_word' id='word_1_630' title='bbox 1381 1766 1434 1794; x_wconf 85' lang='lat' dir='ltr'><strong>ﬁdo</strong></span> <span class='ocrx_word' id='word_1_631' title='bbox 1449 1766 1570 1802; x_wconf 88' lang='lat' dir='ltr'><strong>episcopi</strong></span> <span class='ocrx_word' id='word_1_632' title='bbox 1586 1766 1808 1797; x_wconf 83' lang='lat' dir='ltr'><strong>nominatissimi,</strong></span> 
     </span>
    </p>
   </div>
   <div class='ocr_carea' id='block_1_96' title="bbox 1021 1812 1808 1849">
    <p class='ocr_par' dir='ltr' id='par_1_96' title="bbox 1021 1812 1808 1849">
     <span class='ocr_line' id='line_1_96' title="bbox 1021 1812 1808 1849; baseline -0.004 -8"><span class='ocrx_word' id='word_1_633' title='bbox 1021 1814 1138 1849; x_wconf 88' lang='lat' dir='ltr'><strong>depositi</strong></span> <span class='ocrx_word' id='word_1_634' title='bbox 1152 1821 1166 1841; x_wconf 84' lang='lat' dir='ltr'><strong>a</strong></span> <span class='ocrx_word' id='word_1_635' title='bbox 1178 1813 1291 1848; x_wconf 83' lang='lat' dir='ltr'><strong>synodo,</strong></span> <span class='ocrx_word' id='word_1_636' title='bbox 1322 1813 1350 1840; x_wconf 95' lang='lat' dir='ltr'><strong>in</strong></span> <span class='ocrx_word' id='word_1_637' title='bbox 1364 1821 1417 1848; x_wconf 85' lang='lat' dir='ltr'><strong>qua</strong></span> <span class='ocrx_word' id='word_1_638' title='bbox 1431 1812 1541 1840; x_wconf 87' lang='lat' dir='ltr'><strong>fuerant</strong></span> <span class='ocrx_word' id='word_1_639' title='bbox 1555 1819 1650 1839; x_wconf 89' lang='lat' dir='ltr'><strong>onmes</strong></span> <span class='ocrx_word' id='word_1_640' title='bbox 1667 1812 1749 1839; x_wconf 90' lang='lat' dir='ltr'><strong>totius</strong></span> <span class='ocrx_word' id='word_1_641' title='bbox 1760 1820 1808 1838; x_wconf 87' lang='lat' dir='ltr'><strong>or-</strong></span> 
     </span>
    </p>
   </div>
   <div class='ocr_carea' id='block_1_97' title="bbox 1022 1858 1550 1894">
    <p class='ocr_par' dir='ltr' id='par_1_97' title="bbox 1022 1858 1550 1894">
     <span class='ocr_line' id='line_1_97' title="bbox 1022 1858 1550 1894; baseline -0.002 -8"><span class='ocrx_word' id='word_1_642' title='bbox 1022 1859 1064 1887; x_wconf 90' lang='lat' dir='ltr'><strong>bis</strong></span> <span class='ocrx_word' id='word_1_643' title='bbox 1082 1859 1253 1894; x_wconf 77' lang='lat' dir='ltr'><strong>patriarchae,</strong></span> <span class='ocrx_word' id='word_1_644' title='bbox 1266 1858 1380 1894; x_wconf 55' lang='lat' dir='ltr'><strong>quaestio</strong></span> <span class='ocrx_word' id='word_1_645' title='bbox 1392 1858 1550 1885; x_wconf 86' lang='lat' dir='ltr'><strong>haberetur.</strong></span> 
     </span>
    </p>
   </div>
   <div class='ocr_carea' id='block_1_98' title="bbox 1057 1915 1810 1952">
    <p class='ocr_par' dir='ltr' id='par_1_98' title="bbox 1057 1915 1810 1952">
     <span class='ocr_line' id='line_1_98' title="bbox 1057 1915 1810 1952; baseline -0.004 -8"><span class='ocrx_word' id='word_1_646' title='bbox 1057 1917 1101 1944; x_wconf 88' lang='lat' dir='ltr'><strong>Ill.</strong></span> <span class='ocrx_word' id='word_1_647' title='bbox 1116 1916 1209 1952; x_wconf 77' lang='lat' dir='ltr'><strong>Legati</strong></span> <span class='ocrx_word' id='word_1_648' title='bbox 1231 1920 1330 1950; x_wconf 59' lang='lat' dir='ltr'><strong>praster</strong></span> <span class='ocrx_word' id='word_1_649' title='bbox 1344 1916 1501 1943; x_wconf 87' lang='lat' dir='ltr'><strong>communia</strong></span> <span class='ocrx_word' id='word_1_650' title='bbox 1530 1915 1652 1950; x_wconf 62' lang='lat' dir='ltr'><strong>quaedam</strong></span> <span class='ocrx_word' id='word_1_651' title='bbox 1680 1915 1810 1942; x_wconf 80' lang='lat' dir='ltr'><strong>adversus</strong></span> 
     </span>
    </p>
   </div>
   <div class='ocr_carea' id='block_1_99' title="bbox 1022 1960 1810 1996">
    <p class='ocr_par' dir='ltr' id='par_1_99' title="bbox 1022 1960 1810 1996">
     <span class='ocr_line' id='line_1_99' title="bbox 1022 1960 1810 1996; baseline -0.003 -7"><span class='ocrx_word' id='word_1_652' title='bbox 1022 1962 1145 1989; x_wconf 83' lang='lat' dir='ltr'><strong>Dioscori</strong></span> <span class='ocrx_word' id='word_1_653' title='bbox 1164 1961 1338 1988; x_wconf 87' lang='lat' dir='ltr'><strong>latrocinium</strong></span> <span class='ocrx_word' id='word_1_654' title='bbox 1368 1965 1539 1996; x_wconf 78' lang='lat' dir='ltr'><strong>argumenta,</strong></span> <span class='ocrx_word' id='word_1_655' title='bbox 1552 1961 1662 1996; x_wconf 89' lang='lat' dir='ltr'><strong>propria</strong></span> <span class='ocrx_word' id='word_1_656' title='bbox 1679 1961 1736 1988; x_wconf 77' lang='lat' dir='ltr'><strong>Ilth</strong></span> <span class='ocrx_word' id='word_1_657' title='bbox 1758 1960 1810 1987; x_wconf 80' lang='lat' dir='ltr'><strong>tria</strong></span> 
     </span>
    </p>
   </div>
   <div class='ocr_carea' id='block_1_100' title="bbox 1022 2006 1809 2041">
    <p class='ocr_par' dir='ltr' id='par_1_100' title="bbox 1022 2006 1809 2041">
     <span class='ocr_line' id='line_1_100' title="bbox 1022 2006 1809 2041; baseline -0.003 -6"><span class='ocrx_word' id='word_1_658' title='bbox 1022 2008 1055 2035; x_wconf 89' lang='lat' dir='ltr'><strong>ad</strong></span> <span class='ocrx_word' id='word_1_659' title='bbox 1074 2008 1154 2035; x_wconf 89' lang='lat' dir='ltr'><strong>ﬁdem</strong></span> <span class='ocrx_word' id='word_1_660' title='bbox 1168 2007 1334 2035; x_wconf 85' lang='lat' dir='ltr'><strong>Theodoreti</strong></span> <span class='ocrx_word' id='word_1_661' title='bbox 1347 2006 1558 2039; x_wconf 84' lang='lat' dir='ltr'><strong>defendendam,</strong></span> <span class='ocrx_word' id='word_1_662' title='bbox 1574 2014 1635 2041; x_wconf 64' lang='lat' dir='ltr'><strong>qum</strong></span> <span class='ocrx_word' id='word_1_663' title='bbox 1651 2007 1728 2041; x_wconf 89' lang='lat' dir='ltr'><strong>prius</strong></span> <span class='ocrx_word' id='word_1_664' title='bbox 1751 2006 1809 2041; x_wconf 87' lang='lat' dir='ltr'><strong>ipse</strong></span> 
     </span>
    </p>
   </div>
   <div class='ocr_carea' id='block_1_101' title="bbox 1022 2052 1809 2088">
    <p class='ocr_par' dir='ltr' id='par_1_101' title="bbox 1022 2052 1809 2088">
     <span class='ocr_line' id='line_1_101' title="bbox 1022 2052 1809 2088; baseline -0.001 -8"><span class='ocrx_word' id='word_1_665' title='bbox 1022 2054 1131 2086; x_wconf 89' lang='lat' dir='ltr'><strong>litteris,</strong></span> <span class='ocrx_word' id='word_1_666' title='bbox 1144 2056 1329 2088; x_wconf 84' lang='lat' dir='ltr'><strong>exposuerunt</strong></span> <span class='ocrx_word' id='word_1_667' title='bbox 1342 2059 1419 2080; x_wconf 86' lang='lat' dir='ltr'><strong>voce.</strong></span> <span class='ocrx_word' id='word_1_668' title='bbox 1431 2052 1564 2084; x_wconf 88' lang='lat' dir='ltr'><strong>Primum,</strong></span> <span class='ocrx_word' id='word_1_669' title='bbox 1581 2052 1654 2087; x_wconf 88' lang='lat' dir='ltr'><strong>quod</strong></span> <span class='ocrx_word' id='word_1_670' title='bbox 1665 2052 1809 2087; x_wconf 88' lang='lat' dir='ltr'><strong>epistolam</strong></span> 
     </span>
    </p>
   </div>
   <div class='ocr_carea' id='block_1_102' title="bbox 1021 2097 1808 2132">
    <p class='ocr_par' dir='ltr' id='par_1_102' title="bbox 1021 2097 1808 2132">
     <span class='ocr_line' id='line_1_102' title="bbox 1021 2097 1808 2132; baseline -0.003 -6"><span class='ocrx_word' id='word_1_671' title='bbox 1021 2099 1108 2126; x_wconf 89' lang='lat' dir='ltr'><strong>sancti</strong></span> <span class='ocrx_word' id='word_1_672' title='bbox 1120 2099 1218 2126; x_wconf 87' lang='lat' dir='ltr'><strong>Leonis</strong></span> <span class='ocrx_word' id='word_1_673' title='bbox 1237 2105 1291 2125; x_wconf 90' lang='lat' dir='ltr'><strong>non</strong></span> <span class='ocrx_word' id='word_1_674' title='bbox 1307 2097 1508 2132; x_wconf 86' lang='lat' dir='ltr'><strong>subscriptione</strong></span> <span class='ocrx_word' id='word_1_675' title='bbox 1525 2101 1628 2124; x_wconf 86' lang='lat' dir='ltr'><strong>tantum</strong></span> <span class='ocrx_word' id='word_1_676' title='bbox 1644 2097 1808 2132; x_wconf 86' lang='lat' dir='ltr'><strong>recepisset,</strong></span> 
     </span>
    </p>
   </div>
   <div class='ocr_carea' id='block_1_103' title="bbox 1022 2144 1810 2176">
    <p class='ocr_par' dir='ltr' id='par_1_103' title="bbox 1022 2144 1810 2176">
     <span class='ocr_line' id='line_1_103' title="bbox 1022 2144 1810 2176; baseline -0.004 -3"><span class='ocrx_word' id='word_1_677' title='bbox 1022 2146 1068 2173; x_wconf 86' lang='lat' dir='ltr'><strong>sed</strong></span> <span class='ocrx_word' id='word_1_678' title='bbox 1083 2147 1177 2176; x_wconf 88' lang='lat' dir='ltr'><strong>etiam,</strong></span> <span class='ocrx_word' id='word_1_679' title='bbox 1190 2145 1291 2172; x_wconf 88' lang='lat' dir='ltr'><strong>additis</strong></span> <span class='ocrx_word' id='word_1_680' title='bbox 1307 2145 1418 2172; x_wconf 83' lang='lat' dir='ltr'><strong>Patrum</strong></span> <span class='ocrx_word' id='word_1_681' title='bbox 1433 2152 1466 2172; x_wconf 83' lang='lat' dir='ltr'><strong>ex</strong></span> <span class='ocrx_word' id='word_1_682' title='bbox 1485 2144 1551 2171; x_wconf 90' lang='lat' dir='ltr'><strong>orbe</strong></span> <span class='ocrx_word' id='word_1_683' title='bbox 1563 2149 1621 2171; x_wconf 89' lang='lat' dir='ltr'><strong>toto</strong></span> <span class='ocrx_word' id='word_1_684' title='bbox 1637 2144 1810 2171; x_wconf 87' lang='lat' dir='ltr'><strong>laudatorum</strong></span> 
     </span>
    </p>
   </div>
   <div class='ocr_carea' id='block_1_104' title="bbox 1024 2189 1809 2224">
    <p class='ocr_par' dir='ltr' id='par_1_104' title="bbox 1024 2189 1809 2224">
     <span class='ocr_line' id='line_1_104' title="bbox 1024 2189 1809 2224; baseline -0.003 -6"><span class='ocrx_word' id='word_1_685' title='bbox 1024 2191 1199 2222; x_wconf 84' lang='lat' dir='ltr'><strong>testimoniis,</strong></span> <span class='ocrx_word' id='word_1_686' title='bbox 1215 2190 1400 2224; x_wconf 86' lang='lat' dir='ltr'><strong>recipiendam</strong></span> <span class='ocrx_word' id='word_1_687' title='bbox 1413 2189 1448 2217; x_wconf 90' lang='lat' dir='ltr'><strong>ab</strong></span> <span class='ocrx_word' id='word_1_688' title='bbox 1466 2189 1595 2216; x_wconf 90' lang='lat' dir='ltr'><strong>omnibus</strong></span> <span class='ocrx_word' id='word_1_689' title='bbox 1606 2189 1746 2216; x_wconf 86' lang='lat' dir='ltr'><strong>suasisset.</strong></span> <span class='ocrx_word' id='word_1_690' title='bbox 1764 2189 1809 2216; x_wconf 88' lang='lat' dir='ltr'><strong>Sic</strong></span> 
     </span>
    </p>
   </div>
   <div class='ocr_carea' id='block_1_105' title="bbox 988 2234 1809 2266">
    <p class='ocr_par' dir='ltr' id='par_1_105' title="bbox 988 2234 1809 2266">
     <span class='ocr_line' id='line_1_105' title="bbox 988 2234 1809 2266; baseline -0.001 -3"><span class='ocrx_word' id='word_1_691' title='bbox 988 2234 1009 2260; x_wconf 82' lang='grc' dir='ltr'><strong>ι)</strong></span> <span class='ocrx_word' id='word_1_692' title='bbox 1022 2237 1095 2264; x_wconf 86' lang='lat' dir='ltr'><strong>enim</strong></span> <span class='ocrx_word' id='word_1_693' title='bbox 1110 2241 1138 2263; x_wconf 90' lang='lat' dir='ltr'><strong>et</strong></span> <span class='ocrx_word' id='word_1_694' title='bbox 1150 2245 1179 2263; x_wconf 87' lang='lat' dir='ltr'><strong>se</strong></span> <span class='ocrx_word' id='word_1_695' title='bbox 1197 2235 1331 2263; x_wconf 88' lang='lat' dir='ltr'><strong>catholice</strong></span> <span class='ocrx_word' id='word_1_696' title='bbox 1343 2235 1446 2262; x_wconf 88' lang='lat' dir='ltr'><strong>sentire</strong></span> <span class='ocrx_word' id='word_1_697' title='bbox 1463 2235 1679 2266; x_wconf 86' lang='lat' dir='ltr'><strong>demonstrabat,</strong></span> <span class='ocrx_word' id='word_1_698' title='bbox 1704 2239 1732 2262; x_wconf 88' lang='lat' dir='ltr'><strong>et</strong></span> <span class='ocrx_word' id='word_1_699' title='bbox 1748 2235 1809 2263; x_wconf 90' lang='lat' dir='ltr'><strong>aliis</strong></span> 
     </span>
    </p>
   </div>
   <div class='ocr_carea' id='block_1_106' title="bbox 1024 2281 1809 2316">
    <p class='ocr_par' dir='ltr' id='par_1_106' title="bbox 1024 2281 1809 2316">
     <span class='ocr_line' id='line_1_106' title="bbox 1024 2281 1809 2316; baseline -0.001 -7"><span class='ocrx_word' id='word_1_700' title='bbox 1024 2286 1105 2309; x_wconf 76' lang='lat' dir='ltr'><strong>rectae</strong></span> <span class='ocrx_word' id='word_1_701' title='bbox 1113 2286 1141 2309; x_wconf 89' lang='lat' dir='ltr'><strong>et</strong></span> <span class='ocrx_word' id='word_1_702' title='bbox 1160 2282 1321 2309; x_wconf 62' lang='lat' dir='ltr'><strong>indubitata;</strong></span> <span class='ocrx_word' id='word_1_703' title='bbox 1336 2281 1398 2308; x_wconf 89' lang='lat' dir='ltr'><strong>ﬁdei</strong></span> <span class='ocrx_word' id='word_1_704' title='bbox 1412 2285 1514 2308; x_wconf 77' lang='lat' dir='ltr'><strong>certam</strong></span> <span class='ocrx_word' id='word_1_705' title='bbox 1530 2282 1650 2316; x_wconf 80' lang='lat' dir='ltr'><strong>regulam</strong></span> <span class='ocrx_word' id='word_1_706' title='bbox 1671 2289 1809 2316; x_wconf 88' lang='lat' dir='ltr'><strong>propone-</strong></span> 
     </span>
    </p>
   </div>
   <div class='ocr_carea' id='block_1_107' title="bbox 1024 2327 1810 2364">
    <p class='ocr_par' dir='ltr' id='par_1_107' title="bbox 1024 2327 1810 2364">
     <span class='ocr_line' id='line_1_107' title="bbox 1024 2327 1810 2364; baseline -0.001 -9"><span class='ocrx_word' id='word_1_707' title='bbox 1024 2329 1079 2355; x_wconf 86' lang='lat' dir='ltr'><strong>bat.</strong></span> <span class='ocrx_word' id='word_1_708' title='bbox 1094 2327 1164 2361; x_wconf 86' lang='lat' dir='ltr'><strong>Quid</strong></span> <span class='ocrx_word' id='word_1_709' title='bbox 1177 2329 1250 2355; x_wconf 89' lang='lat' dir='ltr'><strong>enim</strong></span> <span class='ocrx_word' id='word_1_710' title='bbox 1266 2328 1430 2355; x_wconf 83' lang='lat' dir='ltr'><strong>catholicum</strong></span> <span class='ocrx_word' id='word_1_711' title='bbox 1444 2328 1539 2364; x_wconf 78' lang='lat' dir='ltr'><strong>magis,</strong></span> <span class='ocrx_word' id='word_1_712' title='bbox 1558 2333 1606 2355; x_wconf 90' lang='lat' dir='ltr'><strong>aut</strong></span> <span class='ocrx_word' id='word_1_713' title='bbox 1620 2328 1684 2363; x_wconf 85' lang='lat' dir='ltr'><strong>quid</strong></span> <span class='ocrx_word' id='word_1_714' title='bbox 1707 2328 1734 2355; x_wconf 94' lang='lat' dir='ltr'><strong>in</strong></span> <span class='ocrx_word' id='word_1_715' title='bbox 1756 2328 1810 2355; x_wconf 86' lang='lat' dir='ltr'><strong>ﬁde.</strong></span> 
     </span>
    </p>
   </div>
   <div class='ocr_carea' id='block_1_108' title="bbox 1023 2375 1808 2410">
    <p class='ocr_par' dir='ltr' id='par_1_108' title="bbox 1023 2375 1808 2410">
     <span class='ocr_line' id='line_1_108' title="bbox 1023 2375 1808 2410; baseline 0.001 -9"><span class='ocrx_word' id='word_1_716' title='bbox 1023 2375 1136 2406; x_wconf 90' lang='lat' dir='ltr'><strong>certius,</strong></span> <span class='ocrx_word' id='word_1_717' title='bbox 1155 2383 1235 2409; x_wconf 83' lang='lat' dir='ltr'><strong>quam</strong></span> <span class='ocrx_word' id='word_1_718' title='bbox 1248 2375 1392 2410; x_wconf 86' lang='lat' dir='ltr'><strong>utriusque</strong></span> <span class='ocrx_word' id='word_1_719' title='bbox 1407 2375 1536 2402; x_wconf 67' lang='lat' dir='ltr'><strong>Ecclesia:</strong></span> <span class='ocrx_word' id='word_1_720' title='bbox 1545 2375 1692 2410; x_wconf 79' lang='lat' dir='ltr'><strong>magistris,</strong></span> <span class='ocrx_word' id='word_1_721' title='bbox 1702 2375 1808 2410; x_wconf 80' lang='lat' dir='ltr'><strong>ipsique</strong></span> 
     </span>
    </p>
   </div>
   <div class='ocr_carea' id='block_1_109' title="bbox 1023 2420 1810 2455">
    <p class='ocr_par' dir='ltr' id='par_1_109' title="bbox 1023 2420 1810 2455">
     <span class='ocr_line' id='line_1_109' title="bbox 1023 2420 1810 2455; baseline 0.003 -9"><span class='ocrx_word' id='word_1_722' title='bbox 1023 2420 1098 2446; x_wconf 80' lang='lat' dir='ltr'><strong>orbis</strong></span> <span class='ocrx_word' id='word_1_723' title='bbox 1127 2420 1210 2447; x_wconf 85' lang='lat' dir='ltr'><strong>totius</strong></span> <span class='ocrx_word' id='word_1_724' title='bbox 1232 2420 1339 2448; x_wconf 87' lang='lat' dir='ltr'><strong>doctori</strong></span> <span class='ocrx_word' id='word_1_725' title='bbox 1357 2428 1465 2448; x_wconf 88' lang='lat' dir='ltr'><strong>summo</strong></span> <span class='ocrx_word' id='word_1_726' title='bbox 1496 2421 1619 2455; x_wconf 83' lang='lat' dir='ltr'><strong>pontifici</strong></span> <span class='ocrx_word' id='word_1_727' title='bbox 1634 2423 1810 2449; x_wconf 82' lang='lat' dir='ltr'><strong>consentire?</strong></span> 
     </span>
    </p>
   </div>
   <div class='ocr_carea' id='block_1_110' title="bbox 1022 2465 1808 2498">
    <p class='ocr_par' dir='ltr' id='par_1_110' title="bbox 1022 2465 1808 2498">
     <span class='ocr_line' id='line_1_110' title="bbox 1022 2465 1808 2498; baseline 0.003 -6"><span class='ocrx_word' id='word_1_728' title='bbox 1022 2465 1189 2498; x_wconf 81' lang='lat' dir='ltr'><strong>Secundum,</strong></span> <span class='ocrx_word' id='word_1_729' title='bbox 1213 2471 1243 2493; x_wconf 89' lang='lat' dir='ltr'><strong>ut</strong></span> <span class='ocrx_word' id='word_1_730' title='bbox 1258 2465 1463 2493; x_wconf 85' lang='lat' dir='ltr'><strong>Theodoretum</strong></span> <span class='ocrx_word' id='word_1_731' title='bbox 1493 2471 1651 2493; x_wconf 88' lang='lat' dir='ltr'><strong>constanter</strong></span> <span class='ocrx_word' id='word_1_732' title='bbox 1679 2474 1737 2494; x_wconf 77' lang='lat' dir='ltr'><strong>:evo</strong></span> <span class='ocrx_word' id='word_1_733' title='bbox 1751 2471 1808 2495; x_wconf 91' lang='lat' dir='ltr'><strong>toto</strong></span> 
     </span>
    </p>
   </div>
   <div class='ocr_carea' id='block_1_111' title="bbox 1022 2511 1809 2548">
    <p class='ocr_par' dir='ltr' id='par_1_111' title="bbox 1022 2511 1809 2548">
     <span class='ocr_line' id='line_1_111' title="bbox 1022 2511 1809 2548; baseline 0.004 -10"><span class='ocrx_word' id='word_1_734' title='bbox 1022 2511 1131 2538; x_wconf 89' lang='lat' dir='ltr'><strong>veritati</strong></span> <span class='ocrx_word' id='word_1_735' title='bbox 1143 2511 1302 2546; x_wconf 79' lang='lat' dir='ltr'><strong>dogmatum</strong></span> <span class='ocrx_word' id='word_1_736' title='bbox 1316 2512 1474 2544; x_wconf 64' lang='lat' dir='ltr'><strong>adhaesisse,</strong></span> <span class='ocrx_word' id='word_1_737' title='bbox 1491 2516 1520 2539; x_wconf 87' lang='lat' dir='ltr'><strong>et</strong></span> <span class='ocrx_word' id='word_1_738' title='bbox 1548 2519 1602 2539; x_wconf 93' lang='lat' dir='ltr'><strong>non</strong></span> <span class='ocrx_word' id='word_1_739' title='bbox 1618 2517 1722 2540; x_wconf 87' lang='lat' dir='ltr'><strong>tantum</strong></span> <span class='ocrx_word' id='word_1_740' title='bbox 1747 2519 1809 2548; x_wconf 86' lang='lat' dir='ltr'><strong>post</strong></span> 
     </span>
    </p>
   </div>
   <div class='ocr_carea' id='block_1_112' title="bbox 1022 2557 1807 2599">
    <p class='ocr_par' dir='ltr' id='par_1_112' title="bbox 1022 2557 1807 2599">
     <span class='ocr_line' id='line_1_112' title="bbox 1022 2557 1807 2599; baseline 0.003 -16"><span class='ocrx_word' id='word_1_741' title='bbox 1022 2557 1278 2584; x_wconf 86' lang='lat' dir='ltr'><strong>condemnationem</strong></span> <span class='ocrx_word' id='word_1_742' title='bbox 1307 2557 1456 2592; x_wconf 88' lang='lat' dir='ltr'><strong>resipuisse</strong></span> <span class='ocrx_word' id='word_1_743' title='bbox 1479 2557 1667 2599; x_wconf 62' lang='lat' dir='ltr'><strong>ostenderent)</strong></span> <span class='ocrx_word' id='word_1_744' title='bbox 1685 2559 1807 2592; x_wconf 84' lang='lat' dir='ltr'><strong>protule-</strong></span> 
     </span>
    </p>
   </div>
   <div class='ocr_carea' id='block_1_113' title="bbox 1022 2602 1809 2631">
    <p class='ocr_par' dir='ltr' id='par_1_113' title="bbox 1022 2602 1809 2631">
     <span class='ocr_line' id='line_1_113' title="bbox 1022 2602 1809 2631; baseline 0.003 -3"><span class='ocrx_word' id='word_1_745' title='bbox 1022 2607 1087 2629; x_wconf 89' lang='lat' dir='ltr'><strong>runt</strong></span> <span class='ocrx_word' id='word_1_746' title='bbox 1106 2610 1139 2629; x_wconf 83' lang='lat' dir='ltr'><strong>ex</strong></span> <span class='ocrx_word' id='word_1_747' title='bbox 1152 2602 1231 2629; x_wconf 84' lang='lat' dir='ltr'><strong>libris</strong></span> <span class='ocrx_word' id='word_1_748' title='bbox 1241 2607 1304 2629; x_wconf 83' lang='lat' dir='ltr'><strong>ante</strong></span> <span class='ocrx_word' id='word_1_749' title='bbox 1316 2602 1462 2630; x_wconf 89' lang='lat' dir='ltr'><strong>duodecim</strong></span> <span class='ocrx_word' id='word_1_750' title='bbox 1475 2603 1620 2630; x_wconf 90' lang='lat' dir='ltr'><strong>minimum</strong></span> <span class='ocrx_word' id='word_1_751' title='bbox 1632 2611 1718 2630; x_wconf 91' lang='lat' dir='ltr'><strong>annos</strong></span> <span class='ocrx_word' id='word_1_752' title='bbox 1726 2603 1809 2631; x_wconf 86' lang='lat' dir='ltr'><strong>editis</strong></span> 
     </span>
    </p>
   </div>
   <div class='ocr_carea' id='block_1_114' title="bbox 1020 2647 1809 2682">
    <p class='ocr_par' dir='ltr' id='par_1_114' title="bbox 1020 2647 1809 2682">
     <span class='ocr_line' id='line_1_114' title="bbox 1020 2647 1809 2682; baseline 0.003 -8"><span class='ocrx_word' id='word_1_753' title='bbox 1020 2648 1095 2675; x_wconf 88' lang='lat' dir='ltr'><strong>locos</strong></span> <span class='ocrx_word' id='word_1_754' title='bbox 1111 2648 1218 2682; x_wconf 86' lang='lat' dir='ltr'><strong>plures,</strong></span> <span class='ocrx_word' id='word_1_755' title='bbox 1232 2647 1335 2682; x_wconf 89' lang='lat' dir='ltr'><strong>quibus</strong></span> <span class='ocrx_word' id='word_1_756' title='bbox 1349 2648 1501 2676; x_wconf 88' lang='lat' dir='ltr'><strong>orthodoxa</strong></span> <span class='ocrx_word' id='word_1_757' title='bbox 1514 2648 1581 2676; x_wconf 83' lang='lat' dir='ltr'><strong>ﬁdes</strong></span> <span class='ocrx_word' id='word_1_758' title='bbox 1603 2649 1637 2676; x_wconf 88' lang='lat' dir='ltr'><strong>de</strong></span> <span class='ocrx_word' id='word_1_759' title='bbox 1650 2649 1757 2676; x_wconf 88' lang='lat' dir='ltr'><strong>duabus</strong></span> <span class='ocrx_word' id='word_1_760' title='bbox 1781 2650 1809 2676; x_wconf 92' lang='lat' dir='ltr'><strong>in</strong></span> 
     </span>
    </p>
   </div>
   <div class='ocr_carea' id='block_1_115' title="bbox 1019 2692 1810 2729">
    <p class='ocr_par' dir='ltr' id='par_1_115' title="bbox 1019 2692 1810 2729">
     <span class='ocr_line' id='line_1_115' title="bbox 1019 2692 1810 2729; baseline 0 -10"><span class='ocrx_word' id='word_1_761' title='bbox 1019 2692 1130 2720; x_wconf 87' lang='lat' dir='ltr'><strong>Christo</strong></span> <span class='ocrx_word' id='word_1_762' title='bbox 1145 2693 1251 2720; x_wconf 85' lang='lat' dir='ltr'><strong>naturis</strong></span> <span class='ocrx_word' id='word_1_763' title='bbox 1265 2692 1401 2721; x_wconf 83' lang='lat' dir='ltr'><strong>indivulse</strong></span> <span class='ocrx_word' id='word_1_764' title='bbox 1411 2693 1515 2729; x_wconf 88' lang='lat' dir='ltr'><strong>junctis</strong></span> <span class='ocrx_word' id='word_1_765' title='bbox 1537 2694 1674 2721; x_wconf 87' lang='lat' dir='ltr'><strong>contineri</strong></span> <span class='ocrx_word' id='word_1_766' title='bbox 1703 2693 1810 2721; x_wconf 84' lang='lat' dir='ltr'><strong>videre-</strong></span> 
     </span>
    </p>
   </div>
   <div class='ocr_carea' id='block_1_116' title="bbox 1021 2737 1808 2774">
    <p class='ocr_par' dir='ltr' id='par_1_116' title="bbox 1021 2737 1808 2774">
     <span class='ocr_line' id='line_1_116' title="bbox 1021 2737 1808 2774; baseline -0.004 -8"><span class='ocrx_word' id='word_1_767' title='bbox 1021 2743 1076 2766; x_wconf 89' lang='lat' dir='ltr'><strong>tur.</strong></span> <span class='ocrx_word' id='word_1_768' title='bbox 1098 2738 1234 2769; x_wconf 84' lang='lat' dir='ltr'><strong>Tcrtium,</strong></span> <span class='ocrx_word' id='word_1_769' title='bbox 1259 2738 1285 2766; x_wconf 91' lang='lat' dir='ltr'><strong>id</strong></span> <span class='ocrx_word' id='word_1_770' title='bbox 1312 2738 1548 2774; x_wconf 85' lang='lat' dir='ltr'><strong>ampliﬁcaverunt</strong></span> <span class='ocrx_word' id='word_1_771' title='bbox 1571 2738 1699 2770; x_wconf 85' lang='lat' dir='ltr'><strong>dicendo,</strong></span> <span class='ocrx_word' id='word_1_772' title='bbox 1734 2737 1808 2773; x_wconf 80' lang='lat' dir='ltr'><strong>quod</strong></span> 
     </span>
    </p>
   </div>
   <div class='ocr_carea' id='block_1_117' title="bbox 830 2813 1122 2842">
    <p class='ocr_par' dir='ltr' id='par_1_117' title="bbox 830 2813 1122 2842">
     <span class='ocr_line' id='line_1_117' title="bbox 830 2813 1122 2842; baseline 0.003 -1"><span class='ocrx_word' id='word_1_773' title='bbox 830 2813 988 2842; x_wconf 75' lang='lat' dir='ltr'>SCIIULZII</span> <span class='ocrx_word' id='word_1_774' title='bbox 1008 2813 1122 2842; x_wconf 67' lang='lat' dir='ltr'><strong>NOTIE.</strong></span> 
     </span>
    </p>
   </div>
   <div class='ocr_carea' id='block_1_118' title="bbox 217 2871 836 2907">
    <p class='ocr_par' dir='ltr' id='par_1_118' title="bbox 217 2871 836 2907">
     <span class='ocr_line' id='line_1_118' title="bbox 217 2871 836 2907; baseline -0.002 -7"><span class='ocrx_word' id='word_1_775' title='bbox 217 2872 240 2888; x_wconf 72' lang='lat'>“</span> <span class='ocrx_word' id='word_1_776' title='bbox 253 2871 357 2907; x_wconf 69' lang='lat' dir='ltr'><strong>Dispnt.</strong></span> <span class='ocrx_word' id='word_1_777' title='bbox 378 2873 438 2900; x_wconf 53' lang='lat' dir='ltr'><strong>Iiih.</strong></span> <span class='ocrx_word' id='word_1_778' title='bbox 462 2881 480 2899; x_wconf 87' lang='lat' dir='ltr'><strong>tt</strong></span> <span class='ocrx_word' id='word_1_779' title='bbox 507 2872 605 2899; x_wconf 59' lang='grc' dir='ltr'><strong>,Μυκη</strong></span> <span class='ocrx_word' id='word_1_780' title='bbox 632 2872 699 2904; x_wconf 80' lang='lat' dir='ltr'><strong>Jul.,</strong></span> <span class='ocrx_word' id='word_1_781' title='bbox 719 2881 778 2907; x_wconf 80' lang='lat' dir='ltr'><strong>cap.</strong></span> <span class='ocrx_word' id='word_1_782' title='bbox 797 2873 836 2900; x_wconf 85' lang='lat' dir='ltr'><strong>IO.</strong></span> 
     </span>
    </p>
   </div>
   <div class='ocr_carea' id='block_1_119' title="bbox 879 2873 1418 2911">
    <p class='ocr_par' dir='ltr' id='par_1_119' title="bbox 879 2873 1418 2911">
     <span class='ocr_line' id='line_1_119' title="bbox 879 2873 1418 2911; baseline -0.002 -10"><span class='ocrx_word' id='word_1_783' title='bbox 879 2875 898 2889; x_wconf 73' lang='grc' dir='ltr'><strong><em>η</em></strong></span> <span class='ocrx_word' id='word_1_784' title='bbox 914 2874 972 2901; x_wconf 79' lang='lat' dir='ltr'><strong>Vid.</strong></span> <span class='ocrx_word' id='word_1_785' title='bbox 993 2874 1074 2911; x_wconf 77' lang='lat' dir='ltr'><strong>epist.</strong></span> <span class='ocrx_word' id='word_1_786' title='bbox 1096 2874 1233 2911; x_wconf 45' lang='lat'><strong>115,116,</strong></span> <span class='ocrx_word' id='word_1_787' title='bbox 1256 2873 1303 2900; x_wconf 70' lang='grc' dir='ltr'><strong>ιη</strong></span> <span class='ocrx_word' id='word_1_788' title='bbox 1318 2873 1418 2901; x_wconf 84' lang='lat' dir='ltr'><strong>etll8.</strong></span> 
     </span>
    </p>
   </div>
  </div>
