1969 3052
192 127 241 159 115

770 128 949 175 HISTORIA
969 127 1222 160 THEODORETI.

1768 131 1819 165 146

191 183 341 214 Leom'tmw,
354 182 497 210 Abundius
513 183 536 198 “
550 184 591 210 vir
601 184 718 211 eximius
730 184 875 218 sapientia,
888 192 918 210 ac
934 191 979 209 va-
995 186 1016 213 Α
1032 183 1155 216 licitudo,
1180 192 1212 211 ex
1236 184 1326 211 causis
1348 185 1465 211 maxime
1482 189 1598 219 quatuor
1620 183 1741 220 profecta
1758 193 1817 215 est:

191 228 239 254 riis
254 228 356 270 linguis
383 233 514 256 strenuus
530 238 536 255 ί
550 230 636 257 additi
646 231 761 258 comites
778 231 902 257 Asterius
920 230 979 264 epi-

190 282 290 308 seopus
305 278 332 300 et
351 275 502 310 presbyteri
517 275 571 302 duo
584 276 701 303 Basilius
717 282 744 304 et
761 276 876 303 Senator
892 286 897 302 :
923 280 979 303 tra—

189 320 245 346 clita
261 319 283 334 ³⁸
297 319 360 347 ﬁdei
386 321 512 352 formula,
542 322 657 356 epistola
688 323 794 350 scilicet.
816 322 916 349 Leonis
945 323 978 349 ad

190 364 360 397 Flavianum,
374 373 436 392 cum
457 366 623 394 testimoniis
644 367 754 395 Patrum
769 375 782 394 a
803 367 980 394 Theodoreto

189 411 365 445 snhjunctis:
383 411 476 439 datum
498 413 578 440 simul
593 414 764 446 mandatum,
789 414 979 448 permittenda:

188 456 316 483 Anatolio
329 457 460 491 optionis,
472 458 550 493 cujus
558 458 679 493 epistolae
686 459 887 494 subscriptione
899 459 980 486 vellet

189 501 269 528 ﬁdem
287 509 363 528 suam
378 502 567 530 demonstrare
581 513 587 530 :
599 512 634 531 an
647 513 708 539 qua:
724 513 738 531 a
755 504 846 531 Leone
865 504 898 531 ad
915 504 978 531 Fla—

187 549 314 580 rianum,
334 556 368 574 an
383 557 444 583 qua:
459 557 473 576 a
493 549 596 585 Cyrillo
612 550 734 577 secunda
767 550 799 577 ad
823 551 977 577 Nestorium

188 594 293 628 scripta
315 598 358 622 est
392 595 548 622 Mandatum
572 596 695 630 insuper,
721 602 751 623 ut
779 596 904 627 Maximo,
932 596 979 629 qui

189 640 294 666 Damno
310 646 480 668 successerat
493 650 521 668 in
535 642 627 670 sedem
643 642 853 672 Antiochenam.
879 642 979 670 Leonis

187 685 302 720 cpistola
326 686 352 711 in
379 686 565 713 testimonium
587 687 650 714 ﬁdei
673 687 977 714 subscribendamitte-

188 735 273 758 retur.
288 731 353 758 Erat
365 731 437 758 enim
453 737 479 759 et
489 733 546 768 ipse
561 739 703 768 suspectus
716 735 906 762 consensionis
916 742 977 761 cum

188 777 328 809 Dioscoro,
345 786 425 813 aquo
436 779 525 806 fuerat
546 779 712 808 substitutus
735 781 840 808 Domno
860 781 978 808 letaliter

185 823 342 858 :rgrotanti.
371 832 433 851 cum
459 824 654 859 deponeretur.
679 825 875 861 Praescriptum
897 825 976 853 deni—

1032 237 1063 256 ex
1085 229 1265 256 conversione
1288 237 1390 260 rerum.
1410 236 1470 263 quae
1493 237 1555 256 mox
1579 231 1760 259 narrabitur:
1785 240 1817 260 ex

1030 274 1165 300 contraria
1192 273 1299 308 imperii
1329 273 1425 306 forma,
1452 278 1583 309 regnante
1603 283 1677 304 nunc
1694 276 1728 303 ad
1747 278 1819 305 arbi-

1031 319 1112 346 trium
1127 319 1270 346 Pulcheria
1285 328 1291 346 :
1311 327 1344 347 ex
1361 320 1506 347 formidine
1521 321 1663 356 utriusque
1678 322 1817 355 antistitis,

1029 364 1178 392 metuentis
1202 373 1235 392 ne
1258 365 1444 400 depelleretur
1471 366 1536 394 sede
1576 369 1603 394 ln
1642 375 1723 402 quam
1750 368 1818 396 vitio

1029 415 1141 438 evectus
1157 415 1215 438 erat
1235 421 1241 437 :
1263 419 1295 438 ex
1309 411 1442 439 industria
1455 412 1573 447 denique
1585 414 1736 449 legatorum
1751 419 1818 442 tem-

1029 463 1095 490 pore
1115 456 1250 483 utentium
1269 456 1303 483 ad
1322 465 1378 483 rem
1397 457 1459 484 ﬁdei
1479 459 1701 492 promovendam.

1064 501 1143 528 Tunc
1157 501 1289 536 temporis
1320 501 1510 530 Theodoretus
1531 503 1559 530 in
1591 503 1730 538 Apameno
1757 513 1816 532 mo-

1029 547 1151 574 nasterio
1172 549 1344 579 versabatur,
1365 555 1426 575 cum
1445 548 1491 576 Iba
1508 540 1628 582 Edessa,
1644 555 1672 577 et
1688 550 1817 585 Aquilino

1029 592 1106 628 Bybli
1136 592 1199 620 olim
1223 593 1369 628 episcopis.
1388 594 1427 620 Eo
1451 601 1480 621 se
1495 594 1544 626 illi,
1563 595 1605 622 vel
1618 596 1699 623 amici
1711 596 1816 624 visendi

1029 638 1113 673 gratia
1133 639 1318 671 contulerant,
1342 639 1384 666 vel
1405 639 1500 667 eadem
1521 645 1680 676 tempestate
1698 643 1816 678 jactante

1030 690 1200 720 receperant,
1226 687 1299 714 velut
1323 687 1357 714 ad
1385 695 1558 714 communem
1578 692 1698 722 portum.

1065 733 1120 759 Vll.
1142 732 1181 759 Eo
1205 733 1257 760 loci
1285 733 1390 768 perlata
1409 739 1451 761 est
1473 734 1558 761 sancti
1577 733 1674 761 Leonis
1691 733 1814 768 epistola.

1029 779 1087 806 sive
1108 779 1216 806 Maximi
1246 788 1324 812 cura.
1353 780 1426 817 quod
1448 781 1491 807 vix
1509 785 1601 816 putem
1614 801 1621 813 ,
1640 781 1697 808 sive
1714 781 1817 808 amico—

1030 831 1090 850 rum
1112 831 1164 858 ope
1183 824 1290 852 aﬁlictis
1311 826 1453 854 exsulibus
1474 825 1735 853 commiserantium.
1751 825 1816 853 Eam

189 877 251 904 que,
268 875 298 897 ut
310 870 344 897 de
358 871 524 899 celebrando
538 872 564 898 in
585 872 742 900 Occidentis
755 874 879 908 partibus
909 881 976 900 cou-
992 860 1014 888 Β
1029 870 1220 899 Theodoretus
1232 871 1288 907 jam
1307 872 1412 906 pridem
1439 872 1492 900 sibi
1515 877 1605 899 notam
1630 872 1711 900 sociis
1732 880 1816 907 expo-

187 915 252 942 cilio
271 915 419 943 instantius
430 924 492 943 cum
505 916 671 952 imperatore
688 922 824 953 ageretur.

223 961 266 989 Vl.
297 961 444 997 Legatione
460 963 604 992 Ahundius
616 972 678 991 cum
702 965 783 992 sociis
808 965 843 991 ita
867 964 977 991 iunctus

186 1011 241 1037 est,
260 1012 291 1034 ut
308 1012 425 1035 eventus
455 1008 555 1035 sumini
576 1009 714 1043 pontiﬁcis
729 1017 804 1044 spem
827 1014 909 1043 atque
928 1017 977 1035 exr-

188 1052 384 1086 speclationem
400 1052 535 1080 vinceret.
554 1053 620 1079 Nam
635 1052 777 1080 Anatolius
799 1057 827 1080 et
845 1053 977 1081 Maximus

186 1097 331 1131 epistolam
347 1098 465 1125 ‘Leonis
488 1098 580 1132 (simul
602 1099 694 1126 oblata
711 1098 763 1134 est)
787 1107 840 1126 non
863 1107 976 1134 recepe-

188 1149 252 1170 runt
266 1143 357 1174 modo,
379 1144 454 1170 velut
480 1143 540 1170 ﬁdei
558 1144 693 1180 regulam,
715 1145 762 1172 sed
791 1145 975 1179 recipiendam

187 1196 298 1223 quoque
313 1197 327 1216 a
346 1197 402 1216 suae
417 1189 533 1224 quisque
546 1189 674 1217 dioecesis
697 1190 834 1225 episcopis
861 1190 894 1217 ad
912 1198 978 1218 con-

186 1235 281 1261 cilium
297 1235 413 1266 vocatis.
434 1239 578 1262 curarunt.

223 1281 260 1307 De
283 1280 410 1307 Anatolio
438 1281 515 1308 testis
540 1281 673 1316 locuples.
698 1282 743 1316 qui
773 1282 861 1309 Vitam
890 1283 975 1309 sancti

188 1325 307 1352 Abundii
322 1325 503 1360 conscripsit:
521 1335 529 1351 ί
552 1327 705 1357 Anatolius,
717 1327 816 1361 inquit,
830 1327 976 1362 episcopus

187 1370 264 1396 urbis
278 1370 356 1404 193
373 1370 683 1405 Constantinopolitame
696 1379 772 1398 novze
793 1371 893 1403 Romae,
910 1379 976 1398 con-

186 1415 310 1450 gregavit
331 1416 480 1443 concilium
506 1416 628 1443 omnium
647 1416 852 1450 episcoporum.
883 1416 975 1443 archi-

186 1461 396 1493 mandritarum,
418 1462 652 1497 presbyterorum,
681 1467 708 1489 et
723 1462 925 1494 diaconorum;
948 1469 976 1490 et

192 1511 256 1534 ante
285 1507 461 1542 conspectum
489 1507 612 1535 onmium
647 1507 760 1535 recitata
789 1512 831 1535 est
860 1508 974 1542 epistola

185 1553 274 1580 sancti
293 1552 403 1580 Leonis.
415 1561 497 1587 quam
518 1553 615 1580 beatus
636 1552 780 1579 Abundius
796 1560 889 1580 coram
916 1560 975 1579 om-

186 1599 269 1626 nibus
286 1599 470 1633 praesentavit,
488 1598 719 1625 concordantibus
741 1598 906 1626 testimoniis
919 1598 975 1625 Ro-

186 1651 329 1671 manorum
342 1644 452 1671 Patrum
460 1647 541 1678 atque
553 1643 755 1678 Argolicorum.
765 1644 908 1671 Anatolius
918 1644 976 1678 epi-

184 1697 286 1724 scopus
303 1689 556 1724 Constantinopolis
568 1689 633 1716 huic
643 1688 765 1724 epistolae
778 1689 863 1716 sancti
877 1689 977 1716 Leonis

186 1735 276 1770 Papae,
288 1735 439 1762 continenti
458 1735 601 1762 catholicae
614 1735 676 1762 ﬁdei
694 1735 846 1766 veritatem.
861 1743 976 1762 concor-

185 1781 316 1808 dantibus
330 1781 412 1808 etiain
432 1781 596 1808 testimoniis
611 1781 722 1808 Patrum
738 1781 771 1808 ab
792 1781 887 1808 eadem
909 1790 975 1816 opm

186 1826 281 1853 stoiica
297 1826 363 1853 sede
386 1825 500 1853 directis
513 1826 600 1861 plenae
620 1826 775 1853 devotionis
789 1827 938 1857 consensit.
951 1831 978 1853 et

185 1872 360 1906 subscripsit.
386 1871 533 1898 anathema
548 1871 644 1899 dicens
658 1871 775 1906 Eutychi
795 1875 823 1898 et
839 1872 975 1903 Nestorio.

184 1923 213 1944 et
224 1918 354 1953 dogmati,
378 1918 420 1944 vel
440 1917 624 1945 sectatoribus
650 1925 745 1944 eorum
766 1925 772 1943 ι
798 1921 864 1944 tunc
885 1917 976 1944 caueri

186 1965 282 1991 Patres
295 1970 349 1990 non
367 1963 443 1998 parvi
456 1963 564 1990 numeri
585 1962 682 1990 eodem
705 1962 786 1990 modo
802 1963 976 1998 subscripse-

187 2013 260 2036 runt.
282 2018 290 2034 ι

222 2055 259 2082 De
267 2059 384 2089 utroque
394 2054 473 2081 simul
485 2058 596 2081 sanctus
605 2053 659 2080 Leo
670 2054 691 2068 “
702 2063 708 2080 2
721 2063 729 2078 ι
740 2054 835 2080 Totam
845 2053 977 2081 Constan-

186 2101 390 2135 tinopolitanam
408 2100 557 2127 Ecclesium
579 2107 639 2126 cum
661 2100 832 2126 monasteriis
850 2100 977 2126 omnibus

185 2151 213 2173 et
234 2146 326 2172 multis
343 2145 480 2180 episcopis
506 2145 616 2171 noveris
633 2145 783 2179 praebuisse
802 2152 976 2177 consensum,

1028 916 1098 948 suit,
1123 921 1151 943 et
1175 917 1315 943 communi
1346 916 1430 943 trium
1452 917 1654 951 subscriptione
1683 917 1815 944 munitam

1027 961 1292 996 Constantinopolim
1322 962 1355 989 ad
1384 962 1541 989 Abundium
1567 970 1628 989 cum
1650 962 1748 990 litteris
1772 971 1815 990 rc-

1028 1006 1113 1033 misit.
1139 1007 1168 1033 ln
1190 1006 1233 1034 his
1249 1012 1392 1041 postquam
1407 1006 1526 1034 Abundii
1548 1007 1573 1034 in
1589 1007 1707 1034 Ecclesia
1721 1007 1817 1034 Orien«

1029 1051 1076 1078 tali
1106 1052 1225 1087 juvanda
1253 1052 1385 1084 studium.
1407 1052 1572 1086 illwsamque
1600 1051 1815 1079 Occidentalium

1028 1098 1108 1125 ﬁdem
1134 1098 1272 1131 laudavit;
1289 1104 1345 1125 tum
1359 1099 1439 1126 ﬁdem
1459 1107 1534 1126 suam
1548 1098 1703 1133 apostolicis
1718 1098 1816 1125 litteris

1027 1151 1175 1171 consonam
1201 1144 1355 1179 proﬁtetur,
1384 1152 1501 1178 moxque
1526 1143 1602 1171 addit
1621 1144 1644 1159 ’°
1667 1153 1699 1170 :i
1717 1143 1765 1171 His
1788 1147 1816 1170 et

1027 1196 1077 1223 ego
1099 1188 1198 1216 litteris
1220 1189 1356 1221 consensi,
1381 1193 1408 1215 et
1421 1188 1485 1215 huic
1502 1188 1624 1223 epistola:
1647 1195 1714 1215 mea:
1726 1195 1816 1214 exem-

1027 1234 1101 1268 plum
1124 1241 1218 1260 carum
1245 1233 1383 1268 copulavi.
1401 1233 1444 1260 eui
1458 1234 1541 1261 etiam
1556 1233 1718 1267 subscripsi,
1733 1237 1816 1266 atque

1027 1286 1059 1306 ex
1075 1279 1127 1305 hoc
1147 1278 1272 1313 probavi,
1302 1278 1380 1313 19!;
1408 1278 1481 1313 quod
1511 1278 1619 1313 regulas
1642 1277 1814 1311 apostolicos,

1028 1324 1079 1351 hoc
1104 1328 1156 1355 est,
1183 1332 1246 1351 vera
1269 1324 1396 1359 dogmata
1422 1332 1533 1359 Sequor,
1562 1323 1699 1357 hodieque
1720 1323 1747 1349 in
1774 1322 1817 1348 his

1027 1377 1185 1405 permaneo,
1203 1374 1231 1397 et
1256 1370 1317 1397 ideo
1343 1370 1443 1397 bellum
1471 1370 1568 1404 patior.
1585 1368 1729 1396 Consensit
1750 1367 1816 1395 item

1027 1416 1155 1443 dominus
1179 1415 1341 1447 meuslhas,
1363 1420 1390 1442 ct
1411 1415 1542 1442 dominus
1564 1423 1640 1442 meus
1662 1415 1815 1449 Aquilinus,

1027 1467 1121 1490 contra
1150 1470 1220 1497 quos
1243 1463 1442 1497 imperatorum
1469 1466 1631 1497 potestatem
1660 1461 1818 1488 inventores

1027 1517 1104 1536 nova:
1133 1509 1245 1537 bmresis
1267 1513 1453 1536 armaverunt.
1475 1518 1484 1534 ι

1335 1565 1447 1594 CAPUT
1472 1565 1515 1592 Xl.

1026 1619 1047 1646 Ι.
1068 1618 1180 1645 Moritur
1199 1619 1362 1645 Theodosius.
1383 1617 1414 1644 ll.
1435 1617 1573 1644 Pnichcria
1595 1617 1757 1642 dominatum
1775 1624 1816 1642 ra-

1061 1654 1151 1680 tumit.
1163 1654 1206 1680 lll.
1217 1653 1388 1680 'I'heodoretua
1399 1652 1429 1678 ub
1441 1652 1532 1678 exsilio
1542 1655 1687 1678 revocatur.
1699 1650 1740 1677 lV.
1752 1650 1817 1677 (ira-

1063 1689 1114 1715 tius
1137 1690 1191 1724 agit
1204 1686 1573 1724 patronis:V._LibcllumAde
1586 1686 1704 1724 _cog_enda
1717 1684 1816 1724 synodo

1063 1720 1187 1758 Augustis
1204 1720 1288 1785 ire".
1315 1722 1358 1750 Vl.
1382 1721 1502 1758 Synodus
1524 1720 1686 1749 Chalcedone
1704 1720 1814 1754 cogitur.

1064 1759 1118 1785 νη.
1141 1758 1207 1785 Theo
1227 1763 1313 1785 cretus
1329 1763 1390 1784 ante
1407 1761 1493 1784 actam
1508 1765 1615 1783 causam
1630 1755 1777 1782 admittitur
1790 1755 1814 1781 in

1064 1755 1118 1786 Vll".
1141 1755 1313 1785 Theodoretus
1329 1763 1390 1784 ante
1404 1755 1493 1784 actam
1508 1765 1615 1783 causam
1630 1755 1777 1782 admittitur
1790 1755 1815 1781 in

1063 1802 1220 1820 consessum.
1247 1793 1313 1820 Vill.
1343 1791 1496 1819 Reclamant
1516 1791 1642 1826 .Egyptii.
1656 1789 1712 1826 νιΧτ
1729 1789 1816 1818 Causa

1063 1829 1198 1863 peragitur
1215 1829 1315 1854 actione
1331 1832 1422 1863 actura
1498 1825 1680 1853 Acto’concilii
1696 1825 1728 1851 de
1742 1825 1818 1863 resti—

1063 1861 1162 1890 tutione
1191 1863 1352 1890 Theodoreti.
1381 1862 1426 1888 Kl.
1454 1862 1520 1888 Dicit
1544 1862 1645 1888 sincere
1674 1861 1815 1887 anathema

1065 1898 1193 1930 Nestorio,
1212 1903 1235 1925 ct
1251 1898 1331 1932 ﬁdem
1353 1897 1503 1933 proﬁtetur.

1300 1956 1373 1980 Anno
1391 1954 1435 1979 ιδο
1449 1957 1474 1978 et
1486 1953 1539 1978 £3].

1062 2008 1082 2035 l.
1104 2008 1265 2042 Priusquam
1299 2007 1443 2034 Abundius
1470 2014 1531 2034 cum
1555 2005 1636 2036 sociis
1659 2005 1685 2032 in
1715 2005 1815 2040 regiam

1028 2054 1123 2081 urbem
1151 2053 1316 2088 perveniret.
1342 2052 1459 2079 decessit
1482 2060 1497 2078 e
1513 2051 1568 2078 vita
1587 2050 1757 2078 Theodosius
1771 2050 1816 2077 die

1027 2101 1061 2127 29
1073 2099 1138 2127 Julii
1155 2107 1227 2126 anno
1240 2099 1301 2130 L50,
1321 2106 1382 2125 cum
1405 2098 1516 2124 vixisset
1533 2104 1619 2123 annos
1637 2095 1815 2130 quadraginta

1028 2154 1137 2177 novem,
1165 2146 1325 2180 imperasset
1350 2143 1532 2178 quadraginta
1556 2142 1626 2169 duos
1648 2146 1676 2168 et
1708 2148 1816 2168 nienses

183 2196 213 2218 et
239 2191 485 2225 subscriptionibus
501 2190 558 2217 suis
568 2190 722 2217 Nestorium
739 2194 820 2225 atque.
834 2191 975 2226 Eutychen
992 2189 1012 2216 Ξ)
1028 2193 1084 2220 fere
1110 2197 1175 2219 tres.

185 2244 246 2262 cum
277 2236 335 2263 suis
369 2235 613 2263 anathematizasse
646 2235 829 2269 dogmatibus.
862 2236 976 2263 Noveris

184 2283 265 2308 etiam
298 2281 420 2316 proxime
445 2289 489 2308 me
513 2281 655 2316 epistolam
683 2281 975 2315 Constantinopolitani

182 2328 304 2363 episcopi
330 2328 479 2362 accepisse.
497 2335 558 2362 qua
579 2327 672 2359 refert,
698 2327 897 2354 Antioelienum
917 2327 975 2361 epi-

184 2382 308 2409 scopum,
324 2374 414 2401 missis
433 2382 481 2409 per
499 2374 652 2409 provincias
670 2369 734 2401 suas
749 2373 894 2403 tractoriis,
914 2373 975 2400 nni-

184 2427 278 2447 versos
300 2419 444 2454 episcopos
460 2419 593 2454 coegisse,
620 2423 649 2447 et
674 2419 795 2454 epistolae
822 2427 888 2446 mete
906 2426 975 2452 prie—

184 2466 277 2492 buisse
295 2472 469 2496 consensum.
490 2470 518 2492 et
534 2465 689 2492 Nestorium
708 2472 739 2492 ac
760 2464 899 2499 Eutychen
917 2465 974 2499 pari

184 2512 385 2546 subscriptione
412 2511 568 2539 damnasse.
581 2520 589 2537 ι

220 2557 334 2584 Devotio
359 2561 443 2586 tanta.
467 2561 577 2591 quantas
598 2563 661 2583 mox
686 2556 755 2583 facta
779 2556 830 2582 fuit
858 2557 971 2588 mentio,

184 2603 207 2629 si
228 2607 318 2629 tamen
342 2603 451 2630 devotio
472 2602 533 2632 fuit.
558 2606 586 2629 et
598 2610 652 2630 non
671 2606 795 2637 prompta
815 2603 907 2637 potius
919 2604 973 2630 sol-

1063 2238 1093 2265 il.
1115 2237 1182 2264 Cum
1200 2237 1254 2263 vita
1274 2235 1428 2262 Theodosii
1454 2234 1563 2261 sublata
1587 2237 1629 2260 est
1652 2231 1814 2267 Chrysaphii

1027 2283 1168 2317 potentia:
1189 2281 1309 2308 habenas
1323 2280 1396 2306 enim
1416 2278 1524 2313 imperii
1547 2277 1691 2304 Pulcheria
1711 2284 1817 2304 resum—

1026 2328 1090 2363 psit.
1104 2333 1246 2364 postquam
1265 2324 1497 2360 quinquagenaria
1508 2324 1584 2359 virgo
1601 2323 1739 2351 Marciano
1753 2323 1815 2350 fecit

1026 2374 1149 2408 conjugis
1172 2379 1288 2403 nomen;
1312 2375 1396 2404 utque
1412 2369 1488 2403 regni
1508 2369 1642 2403 primitias
1658 2368 1715 2395 Deo
1736 2367 1816 2401 justi-

1030 2419 1127 2454 liteque
1145 2421 1329 2449 consecraret,
1353 2415 1474 2443 rescissis
1496 2422 1557 2449 qua:
1584 2422 1633 2448 per
1652 2414 1706 2441 vim
1724 2413 1816 2440 hacte-

1028 2473 1081 2492 nus
1095 2469 1124 2492 et
1144 2468 1239 2492 contra
1265 2463 1304 2490 fas
1324 2466 1381 2489 acta
1401 2466 1505 2493 essent,
1531 2461 1564 2488 de
1585 2460 1674 2487 danda
1687 2459 1816 2486 Ecclesiis

1027 2519 1092 2547 pace
1116 2510 1291 2546 cogendaque
1315 2508 1420 2544 synodo
1440 2507 1577 2543 cogitavit.

1063 2557 1106 2583 lll.
1129 2555 1204 2582 Fecit
1232 2562 1264 2581 ea
1290 2561 1383 2580 rerum
1401 2553 1556 2582 conversio.
1582 2555 1611 2578 ut
1627 2551 1815 2578 annitentibus

1027 2601 1185 2629 Vincaman
1195 2600 1346 2627 olﬁcinrum
1360 2598 1498 2634 magistro,
1510 2602 1537 2626 et
1548 2598 1651 2625 Avieno
1661 2598 1771 2626 consule
1781 2598 1813 2626 ’⁷.

859 2699 1013 2726 Stilililll
1035 2699 1151 2727 NOTAE.

220 2771 243 2786 ’⁸
256 2771 314 2797 Vill.
326 2771 414 2798 Vitam
428 2770 455 2798 S.
473 2769 603 2800 Abundii.
617 2777 677 2818 ca1p.
692 2769 719 2799 2.
738 2777 812 2796 num.
845 2769 870 2796 8.

183 2806 206 2821 η
223 2806 270 2821 \Jhl
308 2811 317 2821 θ
349 2806 381 2821 IV
413 2806 482 2821 Anien
512 2805 556 2821 ΙΩΙ
629 2805 638 2819 I
670 2804 761 2821 Αιιεηηιιι
778 2804 868 2821 ann-ul

223 2806 281 2833 Vid.
308 2811 329 2832 t.
349 2806 392 2836 IV.
413 2806 493 2840 epist.
512 2805 569 2831 181.
626 2804 685 2840 ν”Α

916 2769 1116 2806 “VVid.ALeon.
1135 2769 1325 2806 epist._35-56.
1365 2769 1388 2806 ξ’
1402 2769 1535 2806 lnAepist.
1553 2769 1586 2797 ad
1606 2769 1809 2806 Paschasinum.

689 2805 761 2830 cinno
777 2804 892 2831 consule.
907 2805 954 2832 Vel
969 2804 1070 2838 potius,
1088 2802 1188 2839 Aspare
1203 2804 1262 2831 viro
1278 2804 1425 2831 consulari.
1440 2802 1527 2832 Minus
1542 2809 1614 2832 recte
1627 2804 1699 2831 enim
1715 2802 1810 2830 Avieni

1366 2769 1388 2785 ⁸⁵
1402 2769 1430 2796 In
1455 2770 1535 2804 epist.
1553 2769 1586 2797 ad
1606 2768 1809 2804 Paschasinum.

183 2848 283 2868 nomen
299 2842 325 2868 in
348 2839 471 2876 epistolae
485 2840 532 2867 159
550 2839 726 2874 inscriptione
745 2839 886 2866 substituit
899 2839 1056 2867 Garnerius.
