1969 3052
166 166 175 190 t
186 160 213 191 21
728 158 917 188 GARNERII
940 156 1188 187 DlSSEIlTATIO
1208 157 1231 187 I.

1746 155 1796 188 1-18

165 217 342 251 Anatoliwque
372 215 488 250 patricio
513 214 580 242 viris
610 215 709 242 merito
736 209 933 250 potentissimis
945 235 953 246 ,
969 218 994 245 Α
1042 214 1071 240 In
1085 214 1209 240 eamdem
1218 214 1331 244 omnino
1342 212 1505 240 sententiam
1517 212 1623 239 consuli
1635 212 1673 238 “:
1689 211 1796 247 «Opor-

164 262 365 294 Theodoretus,
383 261 462 296 cujus
474 260 500 287 in
515 259 607 286 sedem
622 259 733 287 infanda
751 261 872 295 synodus
892 261 952 286 nul—

161 311 216 337 lum
228 307 385 339 suﬁ‘eccrat,
404 307 438 334 ab
450 306 547 333 exsilio
557 310 746 338 revocaretur,
765 314 875 340 suaeque
889 306 952 332 urbi

160 355 364 382 restitueretur.
386 353 424 380 De
443 357 556 387 accepto
582 352 627 379 ille
644 351 780 383 beneficio
805 352 953 386 unicuique

161 401 242 428 trium
264 400 418 435 singulares
445 398 547 434 gratias
569 397 670 425 litteris
698 398 754 432 egit
772 397 804 430 “,
819 398 953 432 petiitque

159 446 201 481 agi
221 453 272 473 suo
298 445 408 472 nomine
431 444 616 479 principibus,
635 444 682 470 sed
699 443 781 470 simul
799 443 833 469 de
850 450 953 469 convo—

160 493 266 520 catione
277 491 373 528 synodi
387 490 451 517 ferri
467 497 574 525 preces.
589 489 722 524 Sperabat
739 489 875 524 siquidem
898 488 952 515 fre;

161 543 204 565 tus
228 543 409 572 patronorum
435 545 498 571 ope,
523 544 600 563 suam
624 544 654 563 se
680 536 729 563 toti
757 534 818 562 orbi
842 536 851 544 ⁴
876 535 954 561 inno-

159 585 279 612 centiam
306 583 497 619 probaturum,
518 587 547 610 et
568 582 701 609 Dioscoro
715 582 804 608 vicem
820 587 953 615 repensu—

160 637 233 656 rum.

195 675 239 703 IV.
261 674 359 701 Mirum
384 681 460 706 vero,
478 673 551 708 quali
578 678 636 700 arte
653 673 774 699 illustres
797 673 869 699 viros
885 673 954 699 allo-

160 721 265 756 quitur.
283 721 366 749 Juvat
378 712 411 748 ei
427 720 545 755 singulis
559 719 684 755 epistolis
700 719 804 754 aliquid
820 718 953 750 delibare,

160 775 192 793 ex
211 775 265 802 quo
275 767 321 794 lux
333 767 455 793 historia:
466 766 605 801 aﬂ'ulgeat,
617 769 645 793 et
659 765 738 791 simul
752 769 854 799 pateat,
872 772 954 798 quam

160 810 321 845 eloquenter
334 810 443 837 animus
460 809 560 845 gaudio
576 808 718 837 exsultans
734 809 894 844 triumphet.
910 809 956 836 Sic

161 856 243 891 igitur
256 857 289 884 ad
313 856 500 884 Anatolium"
530 865 536 882 :
564 865 573 881 ε
589 855 645 883 Nos
664 855 775 890 quidem
797 863 858 882 cum
881 855 954 882 nacti

160 910 256 930 sutuus
276 903 407 937 quietem,
428 902 545 929 libenter
560 910 656 929 sumus
669 901 798 936 amplexi,
815 901 953 935 utilesque

160 957 194 977 ac
219 949 401 977 suavissimus
422 949 483 984 ejus
512 948 619 975 fructus
646 947 826 983 percipimus.
851 946 951 974 Christi

160 1000 252 1023 autem
275 1003 371 1023 amans
392 995 542 1030 imperator
566 998 669 1025 noster,
695 993 807 1028 pietatis
833 992 951 1020 fructum

161 1041 278 1075 adeptus
303 1040 461 1075 imperium,
483 1039 593 1075 imperii
616 1038 752 1074 primitias
773 1038 880 1073 imperii
899 1038 953 1065 lar-

160 1087 240 1122 gitori
262 1088 363 1114 obtulit
383 1087 651 1121 Ecclesiarum,qu:e
668 1085 855 1121 jactabantur,
876 1089 952 1112 tran-

161 1135 338 1169 quillitatem,
354 1138 519 1168 oppugnatae
538 1132 602 1159 ﬁdei
621 1131 802 1166 triumphum,
818 1130 954 1165 evangeli-

160 1178 345 1214 coruI|1195
354 1179 511 1214 dogmatum
523 1177 677 1205 victoriam.
692 1177 741 1204 His
753 1184 818 1203 vero
824 1175 955 1211 praemisit

160 1225 242 1252 illane
266 1224 346 1252 nobis
368 1224 477 1260 injuria:
494 1223 676 1251 curationem.
697 1222 764 1256 Quis
776 1222 849 1250 enim
872 1221 953 1248 talem

160 1278 193 1298 ac
206 1274 309 1298 tantam
319 1269 492 1305 iniquitatem
506 1269 612 1296 audivit
623 1276 744 1303 unquam
755 1267 766 1294 ?
781 1267 844 1302 quis
855 1267 955 1294 absens

161 1316 301 1344 homicida
312 1315 479 1343 damnatus?
490 1315 553 1350 quis
565 1315 725 1349 nuptiarum
741 1313 887 1341 insidiator
900 1320 954 1340 non

161 1369 283 1398 praesens
293 1361 513 1390 condemnatus?
525 1361 587 1396 quis
598 1360 738 1392 eﬁ‘ractor,
752 1363 799 1386 aut
814 1358 955 1393 sepulcro-

161 1415 223 1435 rum
236 1407 363 1437 eﬁ'ossor.
375 1412 424 1434 aut
433 1406 583 1438 veneficus,
593 1410 641 1433 aut
653 1413 795 1433 sacrorum
808 1404 953 1439 expilator,

161 1457 211 1481 aut
228 1453 276 1488 qui
293 1452 368 1480 aliud
387 1452 530 1487 quidpiam
547 1452 656 1487 legibus
672 1451 789 1479 vetitum
811 1450 955 1478 commise-

161 1504 213 1531 rat,
224 1503 252 1527 et
262 1499 297 1527 ad
303 1498 436 1534 judicium
448 1498 553 1532 venire,
563 1505 625 1525 cum
634 1498 726 1529 vellet,
738 1496 953 1531 estprohibitus,

161 1550 189 1572 ct
201 1545 325 1581 judicnm
341 1545 478 1573 sententia
488 1544 584 1579 procul
596 1544 697 1571 absens
711 1547 753 1570 est
765 1542 928 1570 confossus?
941 1552 951 1567 υ

161 1592 196 1620 Ει
211 1592 262 1619 sub
282 1592 363 1619 ﬁnem
386 1601 392 1618 :
414 1601 424 1616 ‹
437 1591 521 1618 Decet
547 1593 638 1617 autem
651 1597 709 1621 vos,
733 1589 780 1624 qui
806 1589 833 1615 in
853 1588 955 1623 pietate

160 1637 270 1666 educati
302 1637 379 1670 estis,
408 1641 435 1664 et
460 1636 572 1664 virtutis
598 1643 665 1671 opes
692 1635 851 1671 possidetis,
882 1634 956 1662 hunc

160 1684 250 1712 zelum
269 1691 427 1716 resumere;
442 1687 470 1710 et
480 1683 586 1710 alacres
600 1682 656 1718 jam
670 1689 719 1717 per
728 1689 788 1708 sese
800 1680 954 1716 piissimum

162 1729 366 1764 imperatorem,
385 1728 544 1763 Christique
560 1731 698 1755 amantem
715 1727 876 1763 Augustam,
903 1726 956 1754 ala-

162 1775 268 1803 criores
296 1774 534 1802 cohortationibus
560 1774 687 1806 reddere,
705 1777 734 1801 ut
751 1773 884 1801 laudabili
897 1773 956 1801 zelo

162 1821 391 1857 gloriosissimum
417 1820 564 1856 imperium
587 1828 667 1848 suum
693 1821 886 1848 corroborent.
907 1830 915 1846 ι

195 1866 235 1893 Ad
251 1865 440 1893 Vincomalum
463 1870 554 1893 autem
565 1866 588 1882 '°
605 1875 612 1893 :
629 1875 638 1892 ι
652 1866 736 1894 Valde
751 1875 813 1894 sum
828 1867 954 1899 miratus,

164 1912 211 1940 ubi
237 1912 352 1947 cognovi
387 1911 618 1947 magniﬁcentiam
644 1916 787 1945 vestram,
817 1920 881 1940 cum
911 1921 956 1940 res

163 1961 273 1985 nostras
303 1957 412 1992 penitus
439 1957 589 1992 ignoraret.
612 1965 644 1986 ac
666 1958 763 1988 solam,
783 1966 844 1992 quae
861 1959 888 1984 in
905 1965 956 1985 nos

164 2002 234 2030 facta
250 2005 301 2033 est,
319 2001 614 2037 injuriamdidicisset,
632 2002 816 2037 patrocinium
832 2007 956 2030 nostrum

163 2046 329 2082 suscepisse,
345 2046 492 2081 omniaque
507 2046 637 2078 movisse,
656 2050 685 2073 ut
698 2051 872 2081 comparatas
891 2054 957 2074 con-

164 2094 206 2118 tra
217 2099 268 2118 nos
278 2091 419 2118 machinas
429 2095 582 2124 everteret;
595 2091 641 2119 sed
653 2091 835 2127 magnitudini
843 2092 955 2127 quidem

164 2141 262 2164 vestrae
281 2136 429 2164 muniﬁcus
449 2137 470 2153 “
486 2137 619 2165 Dominus
637 2138 719 2174 digna
745 2146 860 2173 prorsus
881 2147 956 2166 eom—

164 2182 324 2216 pcnsatioue
344 2181 488 2209 retribuet.
508 2191 517 2208 ι
542 2182 577 2209 Et
592 2187 655 2217 post
675 2183 810 2218 exposita,
833 2192 894 2219 quas
912 2184 955 2211 in-

1005 259 1099 291 tebat,
1136 259 1242 294 inquit,
1280 259 1349 286 hanc
1385 259 1468 286 etiam
1495 258 1529 285 ad
1558 258 1627 285 alias
1658 258 1797 285 fortitudi-

1005 305 1047 332 nis
1059 309 1111 332 tua:
1120 305 1264 340 pneclaras
1272 305 1394 332 actiones
1404 304 1525 340 adjungi,
1537 308 1567 330 ut
1576 304 1798 339 religiosissimus

1003 351 1162 386 Christique
1185 351 1290 378 amicus
1312 351 1461 386 imperator
1486 355 1591 383 noster,
1610 358 1692 385 quem
1703 350 1799 378 subdi-

1005 402 1096 426 torum
1115 398 1186 425 bono
1199 398 1291 425 divina
1309 398 1396 433 gratia
1409 397 1539 429 instituit,
1553 403 1601 432 per
1621 398 1798 432 magniﬁcen-

1005 444 1070 471 tiam
1096 450 1214 471 vestram
1233 445 1267 472 de
1290 444 1368 471 factae
1390 444 1418 471 in
1435 451 1485 471 nos
1506 444 1614 479 injuria:
1634 443 1798 479 indignitate

1004 489 1105 517 certior
1138 489 1235 521 ﬁeret,
1260 493 1288 517 et
1309 490 1383 525 justa
1410 490 1471 524 lege
1497 489 1585 524 legem
1612 497 1667 516 non
1694 489 1797 524 justam

1005 535 1184 562 rescinderet.
1198 545 1207 560 ι
1221 536 1373 570 Etpostea:
1387 544 1395 560 ι
1411 535 1474 562 Ilaec
1485 535 1576 562 omnia
1587 535 1798 570 magniﬁcentia

1005 585 1059 608 tua;
1078 581 1170 609 studio
1192 581 1304 608 sustulit
1331 581 1526 609 serenissimus
1557 581 1720 616 imperator;
1747 588 1797 616 ego

1004 635 1071 655 vero
1093 635 1207 662 peccare
1232 635 1275 654 me
1298 632 1384 660 ratus,
1414 627 1437 654 SI
1463 632 1593 658 tacerem,
1612 635 1665 654 nec
1687 635 1797 663 agerem

1005 674 1116 710 gratias,
1135 674 1168 701 ad
1192 674 1242 700 has
1264 674 1424 701 scribendas
1447 681 1507 702 sum
1530 674 1676 706 adductus,
1696 674 1798 708 quibus

1006 720 1223 755 magnitudinem
1238 724 1356 748 vestram
1369 720 1503 753 obtestor,
1525 724 1556 747 ut
1567 728 1617 755 pro
1639 720 1720 747 nobis
1735 719 1796 746 fau-

1006 772 1062 795 stas
1079 774 1162 794 voces
1183 766 1300 799 deferat,
1325 771 1383 794 tum
1399 766 1498 794 victori
1520 766 1678 801 Christique
1694 766 1796 792 amanti
1820 772 1823 776 ‘

1007 813 1176 847 imperatori,
1192 818 1249 840 tum
1260 813 1316 840 Deo
1330 812 1516 840 dilectissimte
1530 812 1797 847 religiosissimzeque

1007 858 1145 894 Augustae,
1163 867 1213 893 pro
1233 859 1334 893 quibus
1356 859 1458 886 bonum
1477 858 1622 886 Dominum
1640 858 1748 890 invoco,
1768 862 1798 884 ut

1006 902 1114 929 ﬁmium
1131 902 1198 938 ipsis
1220 903 1365 938 imperium
1381 904 1528 936 custodiat,
1547 903 1620 938 quod
1637 907 1664 930 et
1680 903 1798 930 subditis

1005 950 1154 976 clementer
1176 950 1312 984 proﬁciat,
1337 955 1365 977 et
1385 950 1512 977 hostibus
1532 954 1665 977 terrorem
1681 949 1796 984 injiciat,

1005 995 1242 1030 praestabilemque
1266 996 1395 1023 omnibus
1419 1004 1514 1031 pacem
1527 996 1665 1024 conciliet.
1687 995 1728 1023 Ad
1745 996 1798 1023 hoc

1004 1041 1087 1068 etiam
1113 1041 1146 1068 ab
1160 1041 1201 1073 eis
1224 1042 1419 1076 postulandum
1438 1041 1598 1077 magnitudo
1617 1046 1708 1069 vestra
1724 1041 1796 1069 ﬂecti

1004 1094 1034 1114 se
1057 1087 1138 1120 sinat,
1162 1087 1334 1115 utEchesiae
1352 1089 1508 1123 tempestati
1534 1087 1687 1123 perfectum
1714 1087 1797 1115 ﬁnem

1005 1133 1157 1168 imponant,
1179 1137 1207 1160 et
1231 1133 1364 1168 synodum
1393 1133 1473 1169 196
1489 1134 1649 1169 congregari
1670 1134 1796 1169 jubeant,

1005 1187 1060 1207 non
1077 1187 1173 1207 eorum
1194 1179 1305 1211 iterum,
1330 1179 1377 1214 qui
1403 1179 1564 1207 tumultuari
1592 1179 1665 1207 soliti
1687 1180 1798 1206 turbent

1005 1225 1170 1257 concilium,
1197 1224 1245 1252 sed
1273 1224 1321 1259 qui
1350 1232 1412 1251 cum
1437 1225 1530 1259 quiete
1554 1225 1673 1256 illorum,
1691 1225 1738 1259 qui
1756 1225 1798 1251 dis

1005 1271 1068 1298 vina
1084 1271 1258 1303 suutedoeti,
1271 1276 1299 1298 ct
1318 1272 1466 1306 apostolica
1485 1271 1610 1306 dogmata
1623 1270 1796 1302 conﬁrment,

1005 1321 1033 1344 et
1050 1317 1143 1352 spuria
1164 1322 1247 1352 atque
1266 1326 1281 1344 a
1308 1317 1425 1344 veritate
1456 1317 1545 1344 aliena
1568 1317 1704 1352 rejiciant.
1720 1327 1729 1343 ι

1039 1362 1072 1389 V.
1095 1362 1137 1389 An
1153 1362 1345 1390 Theodoretus
1360 1363 1417 1397 ipse
1433 1363 1562 1397 Augustis
1577 1362 1679 1397 gratias
1700 1362 1796 1397 egerit.

1007 1408 1141 1434 incertum
1161 1412 1220 1440 est;
1242 1412 1346 1434 eertum
1366 1407 1556 1438 nihilominus,
1573 1407 1705 1434 obtulisse
1722 1407 1799 1434 libel-

1006 1453 1062 1479 lum
1078 1461 1200 1487 prccmn.
1229 1453 1296 1480 Nam
1316 1453 1341 1480 in
1355 1452 1473 1480 concilio
1490 1452 1717 1483 Chalcedonensi,
1735 1460 1798 1479 cum

1006 1507 1056 1534 pro
1069 1507 1097 1526 sc
1122 1499 1372 1534 interloqueretur:
1396 1499 1524 1531 «Preces,
1546 1499 1634 1533 inquit
1659 1499 1690 1530 ³⁵,
1711 1498 1798 1526 obtuli

1006 1545 1209 1582 sacratissimis,
1221 1550 1248 1572 et
1259 1544 1401 1580 piissimis,
1411 1548 1437 1572 el
1448 1544 1694 1572 Christianissimis
1702 1544 1797 1571 mundi

1006 1591 1135 1624 dominis,
1147 1595 1175 1618 et
1188 1591 1314 1618 enarravi
1330 1599 1390 1626 quae
1411 1590 1437 1617 in
1454 1599 1497 1618 me
1513 1596 1573 1618 acta
1594 1594 1658 1618 sunt
1673 1591 1797 1622 vulnera,

1005 1643 1033 1665 et
1055 1645 1153 1672 precor
1172 1638 1221 1665 bas
1241 1637 1355 1673 perlegi.
1371 1647 1380 1663 ι

1041 1685 1085 1712 VI.
1103 1683 1182 1717 Quod
1193 1687 1335 1718 tantopere
1347 1683 1470 1718 optabat,
1486 1682 1513 1709 id
1524 1683 1680 1718 postulante
1691 1689 1800 1710 summo

1005 1729 1135 1765 pontiﬁce
1161 1729 1312 1765 perfectum
1324 1734 1390 1756 est:
1416 1728 1551 1763 imperiali
1576 1728 1712 1763 siquidem
1734 1735 1798 1756 san-

1006 1776 1097 1803 ctione
1121 1775 1224 1802 indicta
1245 1775 1382 1810 generalis
1408 1774 1529 1810 synodus
1549 1774 1645 1802 Nicaeae
1666 1774 1800 1810 Bithynim

1006 1822 1039 1849 ad
1053 1821 1187 1849 Kalendas
1203 1820 1373 1856 Septembris
1383 1821 1447 1848 anni
1466 1821 1527 1848 45!.
1545 1821 1645 1849 Verum
1659 1820 1725 1848 urbs
1744 1827 1799 1847 non

1006 1866 1109 1902 placuit
1125 1866 1221 1901 legatis
1247 1866 1402 1900 apostolicae
1417 1866 1515 1894 sedis:
1539 1875 1624 1901 quare
1652 1866 1686 1893 ab
1711 1866 1798 1901 impe-

1007 1917 1097 1939 ratore
1111 1912 1294 1947 impetrarunt
1307 1913 1471 1939 commutari
1490 1912 1592 1944 locum,
1605 1912 1703 1947 partim
1717 1916 1746 1939 ut
1765 1919 1798 1938 ex

1006 1957 1141 1985 viciniore
1153 1962 1266 1992 possent
1281 1957 1349 1984 certi
1364 1957 1453 1984 nuntii
1467 1957 1544 1985 ocius
1556 1958 1583 1984 iu
1600 1957 1696 1984 urbem
1715 1957 1797 1989 mitti,

1006 2002 1106 2038 partim
1124 2007 1154 2030 ut
1178 2002 1310 2038 principis
1340 2002 1531 2037 propinquitas
1560 2002 1691 2030 comitum
1708 2001 1797 2036 impo-

1008 2050 1122 2078 tentiam
1143 2049 1309 2080 contineret,
1338 2052 1365 2075 ct
1393 2048 1618 2076 tumultuantium
1647 2048 1798 2075 seditiones

1006 2096 1212 2130 comprimeret.

1042 2142 1098 2170 VII.
1118 2141 1315 2169 Convenerunt
1334 2142 1418 2177 igitur
1443 2139 1643 2168 Cbalcedonem
1675 2139 1798 2166 sexcenti

1006 2192 1034 2215 et
1058 2187 1170 2223 triginta
1194 2188 1309 2214 Patres:
1337 2187 1467 2214 convenit
1490 2191 1517 2213 et
1531 2185 1588 2220 ipse
1609 2184 1799 2211 Theodorctus

164 2228 244 2264 digna
257 2236 353 2263 passus
364 2231 437 2256 esset
450 2237 457 2255 :
477 2237 486 2254 ε
497 2228 711 2263 Magnitudinem
734 2237 817 2264 porro
834 2235 951 2257 vestram

1008 2234 1167 2262 nominatim
1201 2234 1352 2261 accersitus
1368 2254 1376 2266 ,
1401 2233 1504 2270 quippe
1530 2232 1576 2267 qui
1606 2231 1746 2266 pontiﬁcia
1771 2235 1798 2258 et

163 2282 224 2306 ero,
247 2278 278 2301 ut
305 2274 408 2308 gratias
428 2273 498 2301 meis
515 2273 610 2301 verbis
628 2275 715 2309 agatis
730 2275 832 2303 Christi
851 2277 953 2303 amanti

163 2318 318 2353 victorique
347 2319 518 2354 imperatori,
543 2323 571 2346 et
602 2320 817 2355 religiosissima:
843 2322 954 2356 Deoque

164 2364 350 2392 dilectissime:
368 2365 506 2400 Augustrr,
532 2366 606 2400 quod
625 2366 669 2401 pio
694 2367 810 2402 imperio
839 2367 953 2395 validam

165 2410 286 2438 radicem
304 2410 432 2438 dederint
450 2411 593 2446 pietatem,
615 2412 779 2447 illorumque
801 2413 953 2447 potentiam

165 2456 294 2487 cxoretis,
323 2460 353 2483 ut
376 2456 481 2483 ﬁrmam
509 2455 640 2484 Ecclesiis
665 2465 760 2492 pacem
785 2457 900 2490 etiiciat,
928 2463 956 2485 et

166 2502 299 2536 synodum
327 2503 486 2539 congregari
512 2503 620 2537 jubeat,
652 2511 707 2530 non
730 2504 956 2532 tumultuantium

167 2556 264 2576 rursus
283 2549 424 2577 hominum
449 2549 495 2584 qui
519 2555 685 2577 conventum
708 2551 882 2585 perturbent,
908 2552 954 2578 scd

166 2595 290 2623 veritatis
304 2596 456 2623 amantium
470 2595 517 2630 qui
535 2595 687 2623 doctrinam
706 2597 883 2630 apostolicam
900 2602 956 2624 sta-

167 2640 274 2672 biliant,
302 2648 455 2675 novamque
478 2641 556 2668 istam
580 2645 608 2667 et
630 2641 812 2668 adulteriuam
840 2642 956 2669 haarcsin

168 2688 364 2714 CXlOI‘lltIllt‘ltl.
379 2697 387 2712 )

1008 2281 1081 2316 regia
1107 2281 1273 2308 auctoritate
1296 2288 1374 2308 suam
1393 2280 1419 2307 in
1442 2279 1536 2307 sedem
1552 2282 1696 2305 restitutus
1714 2282 1799 2305 esset.

1041 2327 1166 2361 Cumque
1180 2327 1224 2354 dic
1237 2327 1253 2353 8
1267 2326 1395 2354 Octobris
1418 2326 1514 2353 Patres
1529 2324 1647 2359 primum
1660 2323 1798 2351 consedis-

1007 2375 1078 2402 sent,
1098 2371 1233 2398 adniissus
1249 2370 1307 2405 ipse
1321 2378 1431 2405 quoque
1448 2374 1491 2397 cst
1504 2369 1532 2396 in
1544 2376 1714 2396 consessum.
1732 2369 1799 2395 [tem

1007 2415 1144 2450 quomodo
1163 2420 1238 2450 gesta
1260 2415 1305 2447 sit,
1323 2419 1415 2442 narrat
1428 2422 1462 2442 ex
1473 2414 1542 2442 actis
1560 2413 1669 2440 concilii
1684 2413 1798 2439 Chalce-

1007 2462 1138 2489 donensis
1154 2460 1308 2493 Facundus,
1320 2469 1368 2488 eos
1380 2460 1518 2492 refellens,
1534 2460 1581 2495 qui.
1594 2459 1798 2487 'l‘heodurctum

1006 2515 1061 2534 non
1075 2507 1127 2534 nisi
1145 2511 1240 2534 octava
1263 2507 1387 2535 sessione
1406 2505 1555 2533 admissum
1575 2510 1710 2540 putarent.
1730 2513 1738 2529 ι
1766 2504 1798 2530 Et

987 2552 1146 2588 -quomodo
1172 2552 1300 2584 refertur,
1333 2553 1423 2587 inquit
1445 2552 1478 2583 ",
1505 2552 1531 2578 in
1555 2551 1677 2586 ejusdem
1701 2550 1796 2585 synodi

1007 2598 1103 2633 gestis,
1128 2597 1202 2632 quod
1230 2597 1258 2624 in
1282 2597 1339 2632 ipsa
1370 2598 1456 2632 prima
1479 2602 1585 2624 actione
1608 2596 1799 2622 ’I'hrodorctus

1008 2644 1080 2670 inter
1103 2643 1172 2670 alios
1194 2645 1200 2653 '
1225 2643 1370 2679 episcopos
1395 2643 1476 2674 sedit,
1504 2643 1646 2670 consulatu
1669 2642 1797 2669 Marciani

1009 2689 1137 2723 Augusti,
1163 2697 1210 2716 nn
1235 2688 1299 2716 Idus
1320 2688 1457 2716 Octobris.
1473 2688 1570 2714 Annon
1598 2688 1634 2714 ibi
1652 2688 1796 2715 continen-

838 2766 924 2794 SCIIU
931 2765 994 2793 LZII
1015 2765 1128 2793 ΝΟΤᾸΞ.

204 2812 227 2826 ’⁸⁸
245 2810 305 2838 \"id.
333 2816 353 2838 ι,
370 2811 415 2843 IV,
436 2811 516 2846 epist.
535 2811 594 2843 I38,
619 2811 677 2838 H0.
716 2813 738 2828 "
751 2812 812 2840 Vid.
837 2817 856 2840 t.
873 2813 919 2843 IV.
938 2813 1018 2847 epist.
1043 2813 1104 2840 I38.
1143 2813 1165 2830 ’θ
1179 2813 1266 2848 Epist.
1286 2812 1345 2839 MO.

204 2845 322 2874 Conanti.
347 2846 450 2878 Potius,
475 2847 527 2873 t‘iro
558 2847 704 2878 consulari,
732 2848 866 2878 ὑπατικῷ.
920 2849 943 2864 ³³
955 2849 1037 2878 Epist.
1076 2849 1134 2878 I39.
1184 2848 1205 2863 "
1222 2848 1283 2876 \‘id.
1308 2849 1345 2876 Ac

978 2857 1037 2884 ptst.
1076 2857 1134 2878 Ion.

168 2845 322 2889 “Conanti.
347 2845 460 2879 Potius.
475 2847 527 2873 t‘iro
558 2847 704 2881 consulari,
732 2848 866 2882 ὑπατικῷ.

166 2888 228 2916 cap.
246 2889 273 2908 ο.

1385 2812 1404 2827 ¹¹
1422 2811 1494 2838 Edit.
1515 2811 1599 2844 prior.
1630 2811 1795 2845 nmqniﬁrus.

1184 2846 1283 2876 “Viti.
1308 2849 1374 2876 Acta
1403 2855 1479 2874 conc.
1502 2846 1595 2874 (Ihalc.
1654 2847 1674 2862 ’⁵
1693 2847 1752 2874 Lib.
1769 2854 1795 2878 ν.
