  <div class='ocr_page' id='page_1' title='image "/cluster/home/n/w/nwhite01/storage/ocr_20150623/84/njp.32101010943783/080.png"; bbox 0 0 1969 3052; ppageno 0'>
   <div class='ocr_carea' id='block_1_1' title="bbox 153 141 204 172">
    <p class='ocr_par' dir='ltr' id='par_1_1' title="bbox 153 141 204 172">
     <span class='ocr_line' id='line_1_1' title="bbox 153 141 204 172; baseline 0 0"><span class='ocrx_word' id='word_1_1' title='bbox 153 141 204 172; x_wconf 74' lang='grc'><strong>149</strong></span> 
     </span>
    </p>
   </div>
   <div class='ocr_carea' id='block_1_2' title="bbox 742 144 1196 176">
    <p class='ocr_par' dir='ltr' id='par_1_2' title="bbox 742 144 1196 176">
     <span class='ocr_line' id='line_1_2' title="bbox 742 144 1196 176; baseline 0 0"><span class='ocrx_word' id='word_1_2' title='bbox 742 145 924 176; x_wconf 79' lang='lat' dir='ltr'><strong>HISTORIA</strong></span> <span class='ocrx_word' id='word_1_3' title='bbox 942 144 1185 176; x_wconf 62' lang='grc' dir='ltr'><strong>ΤΗΕΟῙῘῚΗΕΤΙ</strong></span> <span class='ocrx_word' id='word_1_4' title='bbox 1190 169 1196 175; x_wconf 92' lang='grc'>.</span> 
     </span>
    </p>
   </div>
   <div class='ocr_carea' id='block_1_3' title="bbox 1733 143 1784 176">
    <p class='ocr_par' dir='ltr' id='par_1_3' title="bbox 1733 143 1784 176">
     <span class='ocr_line' id='line_1_3' title="bbox 1733 143 1784 176; baseline 0 0"><span class='ocrx_word' id='word_1_5' title='bbox 1733 143 1784 176; x_wconf 76' lang='grc'>150</span> 
     </span>
    </p>
   </div>
   <div class='ocr_carea' id='block_1_4' title="bbox 153 196 1782 234">
    <p class='ocr_par' dir='ltr' id='par_1_4' title="bbox 153 196 1782 234">
     <span class='ocr_line' id='line_1_4' title="bbox 153 196 1782 234; baseline 0.001 -10"><span class='ocrx_word' id='word_1_6' title='bbox 153 202 196 224; x_wconf 87' lang='lat' dir='ltr'><strong>tur</strong></span> <span class='ocrx_word' id='word_1_7' title='bbox 214 197 272 224; x_wconf 74' lang='lat' dir='ltr'><strong>haec</strong></span> <span class='ocrx_word' id='word_1_8' title='bbox 295 197 379 225; x_wconf 83' lang='lat' dir='ltr'><strong>verba</strong></span> <span class='ocrx_word' id='word_1_9' title='bbox 391 196 403 225; x_wconf 60' lang='grc' dir='ltr'>ἲ</span> <span class='ocrx_word' id='word_1_10' title='bbox 415 196 613 226; x_wconf 82' lang='lat' dir='ltr'><strong>Gloriosissimi</strong></span> <span class='ocrx_word' id='word_1_11' title='bbox 626 198 735 234; x_wconf 70' lang='lat' dir='ltr'><strong>iudices</strong></span> <span class='ocrx_word' id='word_1_12' title='bbox 756 206 784 226; x_wconf 85' lang='lat' dir='ltr'><strong>et</strong></span> <span class='ocrx_word' id='word_1_13' title='bbox 803 197 941 232; x_wconf 76' lang='lat' dir='ltr'><strong>amplissi-</strong></span> <span class='ocrx_word' id='word_1_14' title='bbox 956 198 980 226; x_wconf 80' lang='grc' dir='ltr'><strong>Α</strong></span> <span class='ocrx_word' id='word_1_15' title='bbox 993 202 1103 232; x_wconf 78' lang='lat' dir='ltr'><strong>gnatur,</strong></span> <span class='ocrx_word' id='word_1_16' title='bbox 1125 199 1180 226; x_wconf 90' lang='lat' dir='ltr'><strong>huc</strong></span> <span class='ocrx_word' id='word_1_17' title='bbox 1193 198 1298 226; x_wconf 87' lang='lat' dir='ltr'><strong>utiliter</strong></span> <span class='ocrx_word' id='word_1_18' title='bbox 1313 196 1404 225; x_wconf 72' lang='lat' dir='ltr'><strong>alieni</strong></span> <span class='ocrx_word' id='word_1_19' title='bbox 1419 204 1497 232; x_wconf 83' lang='lat' dir='ltr'><strong>posse</strong></span> <span class='ocrx_word' id='word_1_20' title='bbox 1512 197 1568 225; x_wconf 73' lang='lat' dir='ltr'><strong>visa</strong></span> <span class='ocrx_word' id='word_1_21' title='bbox 1581 201 1632 225; x_wconf 79' lang='lat' dir='ltr'><strong>est.</strong></span> <span class='ocrx_word' id='word_1_22' title='bbox 1650 197 1695 227; x_wconf 88' lang='lat' dir='ltr'><strong>Sic</strong></span> <span class='ocrx_word' id='word_1_23' title='bbox 1710 202 1782 226; x_wconf 88' lang='lat' dir='ltr'><strong>enim</strong></span> 
     </span>
    </p>
   </div>
   <div class='ocr_carea' id='block_1_5' title="bbox 153 244 943 280">
    <p class='ocr_par' dir='ltr' id='par_1_5' title="bbox 153 244 943 280">
     <span class='ocr_line' id='line_1_5' title="bbox 153 244 943 280; baseline -0.001 -10"><span class='ocrx_word' id='word_1_24' title='bbox 153 251 213 271; x_wconf 83' lang='lat' dir='ltr'><strong>inus</strong></span> <span class='ocrx_word' id='word_1_25' title='bbox 225 249 338 271; x_wconf 87' lang='lat' dir='ltr'><strong>senatus</strong></span> <span class='ocrx_word' id='word_1_26' title='bbox 350 244 479 272; x_wconf 74' lang='lat' dir='ltr'><strong>dixerunt</strong></span> <span class='ocrx_word' id='word_1_27' title='bbox 492 254 498 271; x_wconf 71' lang='grc' dir='ltr'><strong><em>τ</em></strong></span> <span class='ocrx_word' id='word_1_28' title='bbox 512 245 686 280; x_wconf 77' lang='lat' dir='ltr'><strong>lngrediatur</strong></span> <span class='ocrx_word' id='word_1_29' title='bbox 697 244 943 272; x_wconf 73' lang='lat' dir='ltr'><strong>reverendissimus</strong></span> 
     </span>
    </p>
   </div>
   <div class='ocr_carea' id='block_1_6' title="bbox 152 289 941 325">
    <p class='ocr_par' dir='ltr' id='par_1_6' title="bbox 152 289 941 325">
     <span class='ocr_line' id='line_1_6' title="bbox 152 289 941 325; baseline -0.003 -9"><span class='ocrx_word' id='word_1_30' title='bbox 152 290 299 324; x_wconf 75' lang='lat' dir='ltr'><strong>episcopus</strong></span> <span class='ocrx_word' id='word_1_31' title='bbox 321 290 525 322; x_wconf 85' lang='lat' dir='ltr'><strong>Theodoretus,</strong></span> <span class='ocrx_word' id='word_1_32' title='bbox 551 296 582 318; x_wconf 84' lang='lat' dir='ltr'><strong>ut</strong></span> <span class='ocrx_word' id='word_1_33' title='bbox 607 291 644 318; x_wconf 91' lang='lat' dir='ltr'><strong>sit</strong></span> <span class='ocrx_word' id='word_1_34' title='bbox 669 291 808 325; x_wconf 82' lang='lat' dir='ltr'><strong>particeps</strong></span> <span class='ocrx_word' id='word_1_35' title='bbox 833 289 941 325; x_wconf 75' lang='lat' dir='ltr'><strong>synodi,</strong></span> 
     </span>
    </p>
   </div>
   <div class='ocr_carea' id='block_1_7' title="bbox 153 335 945 371">
    <p class='ocr_par' dir='ltr' id='par_1_7' title="bbox 153 335 945 371">
     <span class='ocr_line' id='line_1_7' title="bbox 153 335 945 371; baseline 0.001 -10"><span class='ocrx_word' id='word_1_36' title='bbox 153 336 216 369; x_wconf 88' lang='lat' dir='ltr'><strong>quia</strong></span> <span class='ocrx_word' id='word_1_37' title='bbox 228 339 255 362; x_wconf 88' lang='lat' dir='ltr'><strong>et</strong></span> <span class='ocrx_word' id='word_1_38' title='bbox 267 335 390 363; x_wconf 89' lang='lat' dir='ltr'><strong>restituit</strong></span> <span class='ocrx_word' id='word_1_39' title='bbox 401 336 426 363; x_wconf 84' lang='lat' dir='ltr'><strong>ei</strong></span> <span class='ocrx_word' id='word_1_40' title='bbox 442 336 632 371; x_wconf 74' lang='lat' dir='ltr'><strong>episcopatum</strong></span> <span class='ocrx_word' id='word_1_41' title='bbox 647 336 838 364; x_wconf 85' lang='lat' dir='ltr'><strong>sanctissimus</strong></span> <span class='ocrx_word' id='word_1_42' title='bbox 854 335 945 362; x_wconf 82' lang='lat' dir='ltr'><strong>archi-</strong></span> 
     </span>
    </p>
   </div>
   <div class='ocr_carea' id='block_1_8' title="bbox 155 381 943 417">
    <p class='ocr_par' dir='ltr' id='par_1_8' title="bbox 155 381 943 417">
     <span class='ocr_line' id='line_1_8' title="bbox 155 381 943 417; baseline 0.003 -11"><span class='ocrx_word' id='word_1_43' title='bbox 155 381 312 415; x_wconf 83' lang='lat' dir='ltr'><strong>episcopus,</strong></span> <span class='ocrx_word' id='word_1_44' title='bbox 335 386 363 408; x_wconf 91' lang='lat' dir='ltr'><strong>et</strong></span> <span class='ocrx_word' id='word_1_45' title='bbox 389 382 594 409; x_wconf 89' lang='lat' dir='ltr'><strong>sacratissimus</strong></span> <span class='ocrx_word' id='word_1_46' title='bbox 610 390 642 409; x_wconf 92' lang='lat' dir='ltr'><strong>ac</strong></span> <span class='ocrx_word' id='word_1_47' title='bbox 659 383 800 417; x_wconf 86' lang='lat' dir='ltr'><strong>piissimus</strong></span> <span class='ocrx_word' id='word_1_48' title='bbox 825 382 943 416; x_wconf 89' lang='lat' dir='ltr'><strong>impera-</strong></span> 
     </span>
    </p>
   </div>
   <div class='ocr_carea' id='block_1_9' title="bbox 155 426 945 464">
    <p class='ocr_par' dir='ltr' id='par_1_9' title="bbox 155 426 945 464">
     <span class='ocr_line' id='line_1_9' title="bbox 155 426 945 464; baseline 0.001 -12"><span class='ocrx_word' id='word_1_49' title='bbox 155 430 197 452; x_wconf 91' lang='lat' dir='ltr'><strong>tor</strong></span> <span class='ocrx_word' id='word_1_50' title='bbox 210 426 302 453; x_wconf 78' lang='lat' dir='ltr'><strong>sanxit</strong></span> <span class='ocrx_word' id='word_1_51' title='bbox 311 434 375 453; x_wconf 89' lang='lat' dir='ltr'><strong>eum</strong></span> <span class='ocrx_word' id='word_1_52' title='bbox 392 427 490 454; x_wconf 89' lang='lat' dir='ltr'><strong>adesse</strong></span> <span class='ocrx_word' id='word_1_53' title='bbox 508 433 609 455; x_wconf 71' lang='lat' dir='ltr'><strong>sanetae</strong></span> <span class='ocrx_word' id='word_1_54' title='bbox 622 428 736 464; x_wconf 79' lang='lat' dir='ltr'><strong>synodo.</strong></span> <span class='ocrx_word' id='word_1_55' title='bbox 754 427 945 454; x_wconf 87' lang='lat' dir='ltr'><strong>Theodoretus</strong></span> 
     </span>
    </p>
   </div>
   <div class='ocr_carea' id='block_1_10' title="bbox 155 471 943 508">
    <p class='ocr_par' dir='ltr' id='par_1_10' title="bbox 155 471 943 508">
     <span class='ocr_line' id='line_1_10' title="bbox 155 471 943 508; baseline 0.004 -11"><span class='ocrx_word' id='word_1_56' title='bbox 155 471 402 499; x_wconf 83' lang='lat' dir='ltr'><strong>reverendissimus</strong></span> <span class='ocrx_word' id='word_1_57' title='bbox 431 473 579 508; x_wconf 84' lang='lat' dir='ltr'><strong>episcopus</strong></span> <span class='ocrx_word' id='word_1_58' title='bbox 606 473 742 500; x_wconf 77' lang='lat' dir='ltr'><strong>transiens</strong></span> <span class='ocrx_word' id='word_1_59' title='bbox 766 474 792 500; x_wconf 92' lang='lat' dir='ltr'><strong>in</strong></span> <span class='ocrx_word' id='word_1_60' title='bbox 823 473 943 500; x_wconf 88' lang='lat' dir='ltr'><strong>medimn</strong></span> 
     </span>
    </p>
   </div>
   <div class='ocr_carea' id='block_1_11' title="bbox 154 516 944 546">
    <p class='ocr_par' dir='ltr' id='par_1_11' title="bbox 154 516 944 546">
     <span class='ocr_line' id='line_1_11' title="bbox 154 516 944 546; baseline 0.004 -3"><span class='ocrx_word' id='word_1_61' title='bbox 154 516 246 544; x_wconf 74' lang='lat' dir='ltr'><strong>dixit:</strong></span> <span class='ocrx_word' id='word_1_62' title='bbox 270 517 370 545; x_wconf 84' lang='lat' dir='ltr'><strong>Preces</strong></span> <span class='ocrx_word' id='word_1_63' title='bbox 393 517 481 545; x_wconf 93' lang='lat' dir='ltr'><strong>obtuli</strong></span> <span class='ocrx_word' id='word_1_64' title='bbox 502 519 697 546; x_wconf 72' lang='lat' dir='ltr'><strong>sacratissimis</strong></span> <span class='ocrx_word' id='word_1_65' title='bbox 722 524 750 546; x_wconf 92' lang='lat' dir='ltr'><strong>et</strong></span> <span class='ocrx_word' id='word_1_66' title='bbox 766 519 944 546; x_wconf 87' lang='lat' dir='ltr'><strong>Christianis-</strong></span> 
     </span>
    </p>
   </div>
   <div class='ocr_carea' id='block_1_12' title="bbox 154 562 943 600">
    <p class='ocr_par' dir='ltr' id='par_1_12' title="bbox 154 562 943 600">
     <span class='ocr_line' id='line_1_12' title="bbox 154 562 943 600; baseline 0.004 -12"><span class='ocrx_word' id='word_1_67' title='bbox 154 562 232 590; x_wconf 89' lang='lat' dir='ltr'><strong>simis</strong></span> <span class='ocrx_word' id='word_1_68' title='bbox 252 563 328 590; x_wconf 88' lang='lat' dir='ltr'><strong>orbis</strong></span> <span class='ocrx_word' id='word_1_69' title='bbox 350 563 482 596; x_wconf 89' lang='lat' dir='ltr'><strong>dominis,</strong></span> <span class='ocrx_word' id='word_1_70' title='bbox 503 568 531 591; x_wconf 88' lang='lat' dir='ltr'><strong>et</strong></span> <span class='ocrx_word' id='word_1_71' title='bbox 556 565 664 591; x_wconf 87' lang='lat' dir='ltr'><strong>narravi</strong></span> <span class='ocrx_word' id='word_1_72' title='bbox 691 572 751 600; x_wconf 80' lang='lat' dir='ltr'><strong>qua:</strong></span> <span class='ocrx_word' id='word_1_73' title='bbox 771 564 798 591; x_wconf 90' lang='lat' dir='ltr'><strong>in</strong></span> <span class='ocrx_word' id='word_1_74' title='bbox 821 573 863 591; x_wconf 91' lang='lat' dir='ltr'><strong>me</strong></span> <span class='ocrx_word' id='word_1_75' title='bbox 885 569 943 591; x_wconf 81' lang='lat' dir='ltr'><strong>acta</strong></span> 
     </span>
    </p>
   </div>
   <div class='ocr_carea' id='block_1_13' title="bbox 154 608 945 645">
    <p class='ocr_par' dir='ltr' id='par_1_13' title="bbox 154 608 945 645">
     <span class='ocr_line' id='line_1_13' title="bbox 154 608 945 645; baseline 0.004 -11"><span class='ocrx_word' id='word_1_76' title='bbox 154 612 217 634; x_wconf 85' lang='lat' dir='ltr'><strong>sunt</strong></span> <span class='ocrx_word' id='word_1_77' title='bbox 237 608 360 639; x_wconf 80' lang='lat' dir='ltr'><strong>vulnera,</strong></span> <span class='ocrx_word' id='word_1_78' title='bbox 390 613 418 636; x_wconf 87' lang='lat' dir='ltr'><strong>et</strong></span> <span class='ocrx_word' id='word_1_79' title='bbox 436 617 534 643; x_wconf 80' lang='lat' dir='ltr'><strong>precor</strong></span> <span class='ocrx_word' id='word_1_80' title='bbox 553 609 603 636; x_wconf 90' lang='lat' dir='ltr'><strong>has</strong></span> <span class='ocrx_word' id='word_1_81' title='bbox 623 610 738 645; x_wconf 73' lang='lat' dir='ltr'><strong>perlegi.</strong></span> <span class='ocrx_word' id='word_1_82' title='bbox 756 610 789 637; x_wconf 85' lang='lat' dir='ltr'><strong>Et</strong></span> <span class='ocrx_word' id='word_1_83' title='bbox 801 615 861 645; x_wconf 88' lang='lat' dir='ltr'><strong>post</strong></span> <span class='ocrx_word' id='word_1_84' title='bbox 875 611 945 637; x_wconf 89' lang='lat' dir='ltr'><strong>hanc</strong></span> 
     </span>
    </p>
   </div>
   <div class='ocr_carea' id='block_1_14' title="bbox 154 653 943 691">
    <p class='ocr_par' dir='ltr' id='par_1_14' title="bbox 154 653 943 691">
     <span class='ocr_line' id='line_1_14' title="bbox 154 653 943 691; baseline 0.005 -12"><span class='ocrx_word' id='word_1_85' title='bbox 154 653 277 687; x_wconf 83' lang='lat' dir='ltr'><strong>ejusdem</strong></span> <span class='ocrx_word' id='word_1_86' title='bbox 293 655 518 682; x_wconf 88' lang='lat' dir='ltr'><strong>reverendissimi</strong></span> <span class='ocrx_word' id='word_1_87' title='bbox 533 655 700 684; x_wconf 71' lang='lat' dir='ltr'><strong>Theodoreti</strong></span> <span class='ocrx_word' id='word_1_88' title='bbox 712 656 943 691; x_wconf 85' lang='lat' dir='ltr'><strong>prosecutionem,</strong></span> 
     </span>
    </p>
   </div>
   <div class='ocr_carea' id='block_1_15' title="bbox 155 698 946 736">
    <p class='ocr_par' dir='ltr' id='par_1_15' title="bbox 155 698 946 736">
     <span class='ocr_line' id='line_1_15' title="bbox 155 698 946 736; baseline 0.004 -12"><span class='ocrx_word' id='word_1_89' title='bbox 155 698 407 733; x_wconf 88' lang='lat' dir='ltr'><strong>interloquentibus</strong></span> <span class='ocrx_word' id='word_1_90' title='bbox 425 700 524 728; x_wconf 87' lang='lat' dir='ltr'><strong>iterum</strong></span> <span class='ocrx_word' id='word_1_91' title='bbox 541 701 747 736; x_wconf 75' lang='lat' dir='ltr'><strong>gloriosissimis</strong></span> <span class='ocrx_word' id='word_1_92' title='bbox 765 700 906 736; x_wconf 86' lang='lat' dir='ltr'><strong>judieibus</strong></span> <span class='ocrx_word' id='word_1_93' title='bbox 917 705 946 728; x_wconf 85' lang='lat' dir='ltr'><strong>et</strong></span> 
     </span>
    </p>
   </div>
   <div class='ocr_carea' id='block_1_16' title="bbox 155 745 946 781">
    <p class='ocr_par' dir='ltr' id='par_1_16' title="bbox 155 745 946 781">
     <span class='ocr_line' id='line_1_16' title="bbox 155 745 946 781; baseline 0.004 -11"><span class='ocrx_word' id='word_1_94' title='bbox 155 748 263 775; x_wconf 83' lang='lat' dir='ltr'><strong>senatu,</strong></span> <span class='ocrx_word' id='word_1_95' title='bbox 292 745 365 779; x_wconf 88' lang='lat' dir='ltr'><strong>quod</strong></span> <span class='ocrx_word' id='word_1_96' title='bbox 392 750 419 772; x_wconf 85' lang='lat' dir='ltr'><strong>et</strong></span> <span class='ocrx_word' id='word_1_97' title='bbox 441 753 455 772; x_wconf 86' lang='lat' dir='ltr'><strong>a</strong></span> <span class='ocrx_word' id='word_1_98' title='bbox 478 746 650 773; x_wconf 87' lang='lat' dir='ltr'><strong>sanctissimo</strong></span> <span class='ocrx_word' id='word_1_99' title='bbox 680 746 810 781; x_wconf 89' lang='lat' dir='ltr'><strong>episcopo</strong></span> <span class='ocrx_word' id='word_1_100' title='bbox 838 746 946 781; x_wconf 74' lang='lat' dir='ltr'><strong>inclyta:</strong></span> 
     </span>
    </p>
   </div>
   <div class='ocr_carea' id='block_1_17' title="bbox 155 790 944 826">
    <p class='ocr_par' dir='ltr' id='par_1_17' title="bbox 155 790 944 826">
     <span class='ocr_line' id='line_1_17' title="bbox 155 790 944 826; baseline 0.004 -10"><span class='ocrx_word' id='word_1_101' title='bbox 155 790 234 817; x_wconf 85' lang='lat' dir='ltr'><strong>urbis</strong></span> <span class='ocrx_word' id='word_1_102' title='bbox 259 790 352 818; x_wconf 51' lang='lat' dir='ltr'><strong>Romae</strong></span> <span class='ocrx_word' id='word_1_103' title='bbox 370 791 511 826; x_wconf 91' lang='lat' dir='ltr'><strong>proprium</strong></span> <span class='ocrx_word' id='word_1_104' title='bbox 535 792 626 819; x_wconf 90' lang='lat' dir='ltr'><strong>locum</strong></span> <span class='ocrx_word' id='word_1_105' title='bbox 652 792 802 826; x_wconf 74' lang='lat' dir='ltr'><strong>recepisset</strong></span> <span class='ocrx_word' id='word_1_106' title='bbox 817 792 944 819; x_wconf 89' lang='lat' dir='ltr'><strong>Theodo-</strong></span> 
     </span>
    </p>
   </div>
   <div class='ocr_carea' id='block_1_18' title="bbox 154 837 943 867">
    <p class='ocr_par' dir='ltr' id='par_1_18' title="bbox 154 837 943 867">
     <span class='ocr_line' id='line_1_18' title="bbox 154 837 943 867; baseline 0.003 -5"><span class='ocrx_word' id='word_1_107' title='bbox 154 839 241 867; x_wconf 76' lang='lat' dir='ltr'><strong>retus,</strong></span> <span class='ocrx_word' id='word_1_108' title='bbox 268 840 296 862; x_wconf 88' lang='lat' dir='ltr'><strong>et</strong></span> <span class='ocrx_word' id='word_1_109' title='bbox 318 837 506 864; x_wconf 87' lang='lat' dir='ltr'><strong>testimonium</strong></span> <span class='ocrx_word' id='word_1_110' title='bbox 524 838 639 865; x_wconf 83' lang='lat' dir='ltr'><strong>haberet</strong></span> <span class='ocrx_word' id='word_1_111' title='bbox 655 837 764 864; x_wconf 75' lang='lat' dir='ltr'><strong>Maximi</strong></span> <span class='ocrx_word' id='word_1_112' title='bbox 779 838 943 865; x_wconf 79' lang='lat' dir='ltr'><strong>Antioehcni</strong></span> 
     </span>
    </p>
   </div>
   <div class='ocr_carea' id='block_1_19' title="bbox 153 868 981 916">
    <p class='ocr_par' dir='ltr' id='par_1_19' title="bbox 153 868 981 916">
     <span class='ocr_line' id='line_1_19' title="bbox 153 868 981 916; baseline 0.004 -10"><span class='ocrx_word' id='word_1_113' title='bbox 153 880 292 915; x_wconf 85' lang='lat' dir='ltr'><strong>episcopi,</strong></span> <span class='ocrx_word' id='word_1_114' title='bbox 320 881 393 916; x_wconf 88' lang='lat' dir='ltr'><strong>quod</strong></span> <span class='ocrx_word' id='word_1_115' title='bbox 423 882 566 909; x_wconf 60' lang='lat' dir='ltr'><strong>catholica:</strong></span> <span class='ocrx_word' id='word_1_116' title='bbox 592 882 654 909; x_wconf 88' lang='lat' dir='ltr'><strong>lidei</strong></span> <span class='ocrx_word' id='word_1_117' title='bbox 687 886 776 914; x_wconf 86' lang='lat' dir='ltr'><strong>esset,</strong></span> <span class='ocrx_word' id='word_1_118' title='bbox 804 882 875 909; x_wconf 82' lang='lat' dir='ltr'><strong>sicut</strong></span> <span class='ocrx_word' id='word_1_119' title='bbox 905 882 942 909; x_wconf 87' lang='lat' dir='ltr'><strong>ibi</strong></span> <span class='ocrx_word' id='word_1_120' title='bbox 961 868 981 895; x_wconf 71' lang='grc' dir='ltr'><strong>Β</strong></span> 
     </span>
    </p>
   </div>
   <div class='ocr_carea' id='block_1_20' title="bbox 153 925 942 962">
    <p class='ocr_par' dir='ltr' id='par_1_20' title="bbox 153 925 942 962">
     <span class='ocr_line' id='line_1_20' title="bbox 153 925 942 962; baseline 0.004 -11"><span class='ocrx_word' id='word_1_121' title='bbox 153 925 285 960; x_wconf 88' lang='lat' dir='ltr'><strong>scriptum</strong></span> <span class='ocrx_word' id='word_1_122' title='bbox 306 930 357 958; x_wconf 87' lang='lat' dir='ltr'><strong>est,</strong></span> <span class='ocrx_word' id='word_1_123' title='bbox 384 927 456 954; x_wconf 87' lang='lat' dir='ltr'><strong>sedit</strong></span> <span class='ocrx_word' id='word_1_124' title='bbox 479 927 506 954; x_wconf 93' lang='lat' dir='ltr'><strong>in</strong></span> <span class='ocrx_word' id='word_1_125' title='bbox 529 927 638 959; x_wconf 85' lang='lat' dir='ltr'><strong>medio;</strong></span> <span class='ocrx_word' id='word_1_126' title='bbox 663 928 776 962; x_wconf 86' lang='lat' dir='ltr'><strong>ipsoque</strong></span> <span class='ocrx_word' id='word_1_127' title='bbox 799 932 942 962; x_wconf 83' lang='lat' dir='ltr'><strong>praesente,</strong></span> 
     </span>
    </p>
   </div>
   <div class='ocr_carea' id='block_1_21' title="bbox 152 971 944 1008">
    <p class='ocr_par' dir='ltr' id='par_1_21' title="bbox 152 971 944 1008">
     <span class='ocr_line' id='line_1_21' title="bbox 152 971 944 1008; baseline 0.004 -11"><span class='ocrx_word' id='word_1_128' title='bbox 152 975 181 997; x_wconf 88' lang='lat' dir='ltr'><strong>et</strong></span> <span class='ocrx_word' id='word_1_129' title='bbox 207 971 280 998; x_wconf 87' lang='lat' dir='ltr'><strong>inter</strong></span> <span class='ocrx_word' id='word_1_130' title='bbox 309 972 377 999; x_wconf 86' lang='lat' dir='ltr'><strong>alios</strong></span> <span class='ocrx_word' id='word_1_131' title='bbox 391 973 535 1008; x_wconf 85' lang='lat' dir='ltr'><strong>episcopos</strong></span> <span class='ocrx_word' id='word_1_132' title='bbox 560 973 732 1005; x_wconf 88' lang='lat' dir='ltr'><strong>considente,</strong></span> <span class='ocrx_word' id='word_1_133' title='bbox 751 974 862 1000; x_wconf 85' lang='lat' dir='ltr'><strong>recitata</strong></span> <span class='ocrx_word' id='word_1_134' title='bbox 882 978 944 1000; x_wconf 90' lang='lat' dir='ltr'><strong>sunt</strong></span> 
     </span>
    </p>
   </div>
   <div class='ocr_carea' id='block_1_22' title="bbox 153 1017 896 1053">
    <p class='ocr_par' dir='ltr' id='par_1_22' title="bbox 153 1017 896 1053">
     <span class='ocr_line' id='line_1_22' title="bbox 153 1017 896 1053; baseline 0.004 -11"><span class='ocrx_word' id='word_1_135' title='bbox 153 1024 214 1050; x_wconf 72' lang='lat' dir='ltr'><strong>quae</strong></span> <span class='ocrx_word' id='word_1_136' title='bbox 230 1017 281 1043; x_wconf 89' lang='lat' dir='ltr'><strong>sub</strong></span> <span class='ocrx_word' id='word_1_137' title='bbox 306 1017 437 1045; x_wconf 83' lang='lat' dir='ltr'><strong>Dioscoro</strong></span> <span class='ocrx_word' id='word_1_138' title='bbox 450 1017 552 1052; x_wconf 86' lang='lat' dir='ltr'><strong>Ephesi</strong></span> <span class='ocrx_word' id='word_1_139' title='bbox 570 1018 679 1045; x_wconf 81' lang='lat' dir='ltr'><strong>fuerant</strong></span> <span class='ocrx_word' id='word_1_140' title='bbox 708 1023 792 1053; x_wconf 82' lang='lat' dir='ltr'><strong>gesta,</strong></span> <span class='ocrx_word' id='word_1_141' title='bbox 815 1023 867 1045; x_wconf 93' lang='lat' dir='ltr'><strong>etc.</strong></span> <span class='ocrx_word' id='word_1_142' title='bbox 889 1029 896 1044; x_wconf 77' lang='grc' dir='ltr'><strong><em>ι</em></strong></span> 
     </span>
    </p>
   </div>
   <div class='ocr_carea' id='block_1_23' title="bbox 190 1061 942 1099">
    <p class='ocr_par' dir='ltr' id='par_1_23' title="bbox 190 1061 942 1099">
     <span class='ocr_line' id='line_1_23' title="bbox 190 1061 942 1099; baseline 0.004 -12"><span class='ocrx_word' id='word_1_143' title='bbox 190 1061 256 1088; x_wconf 86' lang='lat' dir='ltr'><strong>Vlll.</strong></span> <span class='ocrx_word' id='word_1_144' title='bbox 278 1061 451 1090; x_wconf 87' lang='lat' dir='ltr'><strong>Obstiterunt</strong></span> <span class='ocrx_word' id='word_1_145' title='bbox 472 1063 520 1090; x_wconf 93' lang='lat' dir='ltr'><strong>diu</strong></span> <span class='ocrx_word' id='word_1_146' title='bbox 546 1064 713 1091; x_wconf 82' lang='lat' dir='ltr'><strong>tumultuose</strong></span> <span class='ocrx_word' id='word_1_147' title='bbox 730 1063 848 1099; x_wconf 70' lang='lat' dir='ltr'><strong>[Egyptii</strong></span> <span class='ocrx_word' id='word_1_148' title='bbox 862 1064 942 1091; x_wconf 90' lang='lat' dir='ltr'><strong>simul</strong></span> 
     </span>
    </p>
   </div>
   <div class='ocr_carea' id='block_1_24' title="bbox 152 1106 943 1145">
    <p class='ocr_par' dir='ltr' id='par_1_24' title="bbox 152 1106 943 1145">
     <span class='ocr_line' id='line_1_24' title="bbox 152 1106 943 1145; baseline 0.003 -11"><span class='ocrx_word' id='word_1_149' title='bbox 152 1111 179 1134; x_wconf 86' lang='lat' dir='ltr'><strong>et</strong></span> <span class='ocrx_word' id='word_1_150' title='bbox 194 1106 338 1142; x_wconf 75' lang='lat' dir='ltr'><strong>Illyriciani</strong></span> <span class='ocrx_word' id='word_1_151' title='bbox 351 1116 383 1135; x_wconf 91' lang='lat' dir='ltr'><strong>ac</strong></span> <span class='ocrx_word' id='word_1_152' title='bbox 398 1108 546 1139; x_wconf 66' lang='lat' dir='ltr'><strong>Palmstini.</strong></span> <span class='ocrx_word' id='word_1_153' title='bbox 561 1109 744 1136; x_wconf 78' lang='lat' dir='ltr'><strong>vociferantes</strong></span> <span class='ocrx_word' id='word_1_154' title='bbox 770 1110 848 1144; x_wconf 83' lang='lat' dir='ltr'><strong>rejici</strong></span> <span class='ocrx_word' id='word_1_155' title='bbox 865 1110 943 1145; x_wconf 80' lang='lat'><strong>197</strong></span> 
     </span>
    </p>
   </div>
   <div class='ocr_carea' id='block_1_25' title="bbox 152 1151 943 1188">
    <p class='ocr_par' dir='ltr' id='par_1_25' title="bbox 152 1151 943 1188">
     <span class='ocr_line' id='line_1_25' title="bbox 152 1151 943 1188; baseline 0.004 -10"><span class='ocrx_word' id='word_1_156' title='bbox 152 1151 294 1187; x_wconf 77' lang='lat' dir='ltr'><strong>Cyrillum.</strong></span> <span class='ocrx_word' id='word_1_157' title='bbox 316 1160 379 1180; x_wconf 93' lang='lat' dir='ltr'><strong>eum</strong></span> <span class='ocrx_word' id='word_1_158' title='bbox 403 1153 526 1188; x_wconf 81' lang='lat' dir='ltr'><strong>magistri</strong></span> <span class='ocrx_word' id='word_1_159' title='bbox 544 1153 673 1185; x_wconf 76' lang='lat' dir='ltr'><strong>Nestorii,</strong></span> <span class='ocrx_word' id='word_1_160' title='bbox 689 1161 752 1181; x_wconf 90' lang='lat' dir='ltr'><strong>cum</strong></span> <span class='ocrx_word' id='word_1_161' title='bbox 767 1154 878 1182; x_wconf 57' lang='lat' dir='ltr'><strong>lude-us</strong></span> <span class='ocrx_word' id='word_1_162' title='bbox 891 1155 943 1182; x_wconf 87' lang='lat' dir='ltr'><strong>im-</strong></span> 
     </span>
    </p>
   </div>
   <div class='ocr_carea' id='block_1_26' title="bbox 153 1198 943 1235">
    <p class='ocr_par' dir='ltr' id='par_1_26' title="bbox 153 1198 943 1235">
     <span class='ocr_line' id='line_1_26' title="bbox 153 1198 943 1235; baseline 0.005 -12"><span class='ocrx_word' id='word_1_163' title='bbox 153 1202 288 1232; x_wconf 84' lang='lat' dir='ltr'><strong>pugnator</strong></span> <span class='ocrx_word' id='word_1_164' title='bbox 310 1198 368 1230; x_wconf 88' lang='lat' dir='ltr'><strong>Dei,</strong></span> <span class='ocrx_word' id='word_1_165' title='bbox 391 1206 453 1225; x_wconf 89' lang='lat' dir='ltr'><strong>eum</strong></span> <span class='ocrx_word' id='word_1_166' title='bbox 476 1203 621 1226; x_wconf 82' lang='lat' dir='ltr'><strong>accusator</strong></span> <span class='ocrx_word' id='word_1_167' title='bbox 634 1199 738 1234; x_wconf 79' lang='lat' dir='ltr'><strong>Cyrilli,</strong></span> <span class='ocrx_word' id='word_1_168' title='bbox 758 1208 820 1227; x_wconf 92' lang='lat' dir='ltr'><strong>cum</strong></span> <span class='ocrx_word' id='word_1_169' title='bbox 838 1202 943 1235; x_wconf 87' lang='lat' dir='ltr'><strong>recipe-</strong></span> 
     </span>
    </p>
   </div>
   <div class='ocr_carea' id='block_1_27' title="bbox 154 1245 943 1282">
    <p class='ocr_par' dir='ltr' id='par_1_27' title="bbox 154 1245 943 1282">
     <span class='ocr_line' id='line_1_27' title="bbox 154 1245 943 1282; baseline 0.004 -11"><span class='ocrx_word' id='word_1_170' title='bbox 154 1249 230 1271; x_wconf 85' lang='lat' dir='ltr'><strong>retur</strong></span> <span class='ocrx_word' id='word_1_171' title='bbox 249 1245 341 1277; x_wconf 88' lang='lat' dir='ltr'><strong>homo,</strong></span> <span class='ocrx_word' id='word_1_172' title='bbox 368 1246 414 1280; x_wconf 92' lang='lat' dir='ltr'><strong>qui</strong></span> <span class='ocrx_word' id='word_1_173' title='bbox 441 1246 567 1281; x_wconf 87' lang='lat' dir='ltr'><strong>injuriam</strong></span> <span class='ocrx_word' id='word_1_174' title='bbox 593 1246 703 1274; x_wconf 89' lang='lat' dir='ltr'><strong>fecisset</strong></span> <span class='ocrx_word' id='word_1_175' title='bbox 728 1247 847 1280; x_wconf 85' lang='lat' dir='ltr'><strong>Christo,</strong></span> <span class='ocrx_word' id='word_1_176' title='bbox 862 1256 943 1282; x_wconf 83' lang='lat' dir='ltr'><strong>quem</strong></span> 
     </span>
    </p>
   </div>
   <div class='ocr_carea' id='block_1_28' title="bbox 152 1292 944 1328">
    <p class='ocr_par' dir='ltr' id='par_1_28' title="bbox 152 1292 944 1328">
     <span class='ocr_line' id='line_1_28' title="bbox 152 1292 944 1328; baseline 0.005 -11"><span class='ocrx_word' id='word_1_177' title='bbox 152 1292 226 1318; x_wconf 82' lang='lat' dir='ltr'><strong>Deus</strong></span> <span class='ocrx_word' id='word_1_178' title='bbox 243 1297 386 1319; x_wconf 76' lang='lat' dir='ltr'><strong>aversatus</strong></span> <span class='ocrx_word' id='word_1_179' title='bbox 399 1292 444 1324; x_wconf 86' lang='lat' dir='ltr'><strong>sit,</strong></span> <span class='ocrx_word' id='word_1_180' title='bbox 465 1293 509 1320; x_wconf 90' lang='lat' dir='ltr'><strong>cui</strong></span> <span class='ocrx_word' id='word_1_181' title='bbox 522 1293 650 1320; x_wconf 87' lang='lat' dir='ltr'><strong>universa</strong></span> <span class='ocrx_word' id='word_1_182' title='bbox 668 1293 787 1328; x_wconf 70' lang='lat' dir='ltr'><strong>synodus</strong></span> <span class='ocrx_word' id='word_1_183' title='bbox 800 1294 944 1321; x_wconf 82' lang='lat' dir='ltr'><strong>anathema</strong></span> 
     </span>
    </p>
   </div>
   <div class='ocr_carea' id='block_1_29' title="bbox 154 1337 944 1374">
    <p class='ocr_par' dir='ltr' id='par_1_29' title="bbox 154 1337 944 1374">
     <span class='ocr_line' id='line_1_29' title="bbox 154 1337 944 1374; baseline 0.005 -12"><span class='ocrx_word' id='word_1_184' title='bbox 154 1337 279 1364; x_wconf 76' lang='lat' dir='ltr'><strong>dixisset.</strong></span> <span class='ocrx_word' id='word_1_185' title='bbox 300 1337 396 1365; x_wconf 86' lang='lat' dir='ltr'><strong>Posuit</strong></span> <span class='ocrx_word' id='word_1_186' title='bbox 419 1338 553 1365; x_wconf 82' lang='lat' dir='ltr'><strong>tuniultus</strong></span> <span class='ocrx_word' id='word_1_187' title='bbox 576 1338 827 1373; x_wconf 87' lang='lat' dir='ltr'><strong>interloquentibus</strong></span> <span class='ocrx_word' id='word_1_188' title='bbox 842 1339 944 1374; x_wconf 84' lang='lat' dir='ltr'><strong>princi-</strong></span> 
     </span>
    </p>
   </div>
   <div class='ocr_carea' id='block_1_30' title="bbox 154 1382 943 1418">
    <p class='ocr_par' dir='ltr' id='par_1_30' title="bbox 154 1382 943 1418">
     <span class='ocr_line' id='line_1_30' title="bbox 154 1382 943 1418; baseline 0.004 -10"><span class='ocrx_word' id='word_1_189' title='bbox 154 1382 245 1416; x_wconf 87' lang='lat' dir='ltr'><strong>pibus,</strong></span> <span class='ocrx_word' id='word_1_190' title='bbox 263 1390 398 1417; x_wconf 83' lang='lat' dir='ltr'><strong>suumque</strong></span> <span class='ocrx_word' id='word_1_191' title='bbox 410 1382 512 1414; x_wconf 89' lang='lat' dir='ltr'><strong>locum,</strong></span> <span class='ocrx_word' id='word_1_192' title='bbox 529 1383 576 1410; x_wconf 88' lang='lat' dir='ltr'><strong>sed</strong></span> <span class='ocrx_word' id='word_1_193' title='bbox 590 1384 651 1418; x_wconf 83' lang='lat' dir='ltr'><strong>jure</strong></span> <span class='ocrx_word' id='word_1_194' title='bbox 667 1383 778 1418; x_wconf 87' lang='lat' dir='ltr'><strong>quidem</strong></span> <span class='ocrx_word' id='word_1_195' title='bbox 793 1383 943 1415; x_wconf 87' lang='lat' dir='ltr'><strong>fiduciario,</strong></span> 
     </span>
    </p>
   </div>
   <div class='ocr_carea' id='block_1_31' title="bbox 154 1427 945 1466">
    <p class='ocr_par' dir='ltr' id='par_1_31' title="bbox 154 1427 945 1466">
     <span class='ocr_line' id='line_1_31' title="bbox 154 1427 945 1466; baseline 0.004 -12"><span class='ocrx_word' id='word_1_196' title='bbox 154 1427 346 1455; x_wconf 88' lang='lat' dir='ltr'><strong>Theodoretus</strong></span> <span class='ocrx_word' id='word_1_197' title='bbox 364 1429 462 1461; x_wconf 84' lang='lat' dir='ltr'><strong>tenuit,</strong></span> <span class='ocrx_word' id='word_1_198' title='bbox 482 1429 570 1457; x_wconf 90' lang='lat' dir='ltr'><strong>donec</strong></span> <span class='ocrx_word' id='word_1_199' title='bbox 587 1429 695 1457; x_wconf 89' lang='lat' dir='ltr'><strong>actione</strong></span> <span class='ocrx_word' id='word_1_200' title='bbox 712 1435 806 1457; x_wconf 78' lang='lat' dir='ltr'><strong>octava</strong></span> <span class='ocrx_word' id='word_1_201' title='bbox 823 1431 855 1457; x_wconf 90' lang='lat' dir='ltr'><strong>lis</strong></span> <span class='ocrx_word' id='word_1_202' title='bbox 875 1431 945 1466; x_wconf 89' lang='lat' dir='ltr'><strong>diju-</strong></span> 
     </span>
    </p>
   </div>
   <div class='ocr_carea' id='block_1_32' title="bbox 155 1471 315 1500">
    <p class='ocr_par' dir='ltr' id='par_1_32' title="bbox 155 1471 315 1500">
     <span class='ocr_line' id='line_1_32' title="bbox 155 1471 315 1500; baseline 0.013 -2"><span class='ocrx_word' id='word_1_203' title='bbox 155 1471 244 1499; x_wconf 87' lang='lat' dir='ltr'><strong>dicata</strong></span> <span class='ocrx_word' id='word_1_204' title='bbox 263 1478 315 1500; x_wconf 83' lang='lat' dir='ltr'><strong>est.</strong></span> 
     </span>
    </p>
   </div>
   <div class='ocr_carea' id='block_1_33' title="bbox 192 1518 944 1556">
    <p class='ocr_par' dir='ltr' id='par_1_33' title="bbox 192 1518 944 1556">
     <span class='ocr_line' id='line_1_33' title="bbox 192 1518 944 1556; baseline 0.005 -11"><span class='ocrx_word' id='word_1_205' title='bbox 192 1518 237 1545; x_wconf 79' lang='lat' dir='ltr'><strong>IX.</strong></span> <span class='ocrx_word' id='word_1_206' title='bbox 255 1519 404 1555; x_wconf 77' lang='lat' dir='ltr'><strong>Benignius</strong></span> <span class='ocrx_word' id='word_1_207' title='bbox 420 1524 511 1547; x_wconf 87' lang='lat' dir='ltr'><strong>aetum</strong></span> <span class='ocrx_word' id='word_1_208' title='bbox 530 1525 571 1548; x_wconf 88' lang='lat' dir='ltr'><strong>est</strong></span> <span class='ocrx_word' id='word_1_209' title='bbox 586 1529 648 1547; x_wconf 91' lang='lat' dir='ltr'><strong>eum</strong></span> <span class='ocrx_word' id='word_1_210' title='bbox 663 1521 849 1554; x_wconf 85' lang='lat' dir='ltr'><strong>Theodoreto,</strong></span> <span class='ocrx_word' id='word_1_211' title='bbox 863 1530 944 1556; x_wconf 82' lang='lat' dir='ltr'><strong>quam</strong></span> 
     </span>
    </p>
   </div>
   <div class='ocr_carea' id='block_1_34' title="bbox 155 1563 945 1601">
    <p class='ocr_par' dir='ltr' id='par_1_34' title="bbox 155 1563 945 1601">
     <span class='ocr_line' id='line_1_34' title="bbox 155 1563 945 1601; baseline 0.004 -11"><span class='ocrx_word' id='word_1_212' title='bbox 155 1570 217 1590; x_wconf 88' lang='lat' dir='ltr'><strong>cum</strong></span> <span class='ocrx_word' id='word_1_213' title='bbox 241 1563 360 1591; x_wconf 85' lang='lat' dir='ltr'><strong>Eusebio</strong></span> <span class='ocrx_word' id='word_1_214' title='bbox 377 1564 554 1600; x_wconf 73' lang='lat' dir='ltr'><strong>Dorylzeensi,</strong></span> <span class='ocrx_word' id='word_1_215' title='bbox 568 1565 620 1592; x_wconf 84' lang='lat' dir='ltr'><strong>etsi</strong></span> <span class='ocrx_word' id='word_1_216' title='bbox 637 1565 721 1592; x_wconf 90' lang='lat' dir='ltr'><strong>fuerit</strong></span> <span class='ocrx_word' id='word_1_217' title='bbox 737 1573 786 1601; x_wconf 87' lang='lat' dir='ltr'><strong>par</strong></span> <span class='ocrx_word' id='word_1_218' title='bbox 802 1566 945 1601; x_wconf 85' lang='lat' dir='ltr'><strong>utriusque</strong></span> 
     </span>
    </p>
   </div>
   <div class='ocr_carea' id='block_1_35' title="bbox 156 1608 945 1646">
    <p class='ocr_par' dir='ltr' id='par_1_35' title="bbox 156 1608 945 1646">
     <span class='ocr_line' id='line_1_35' title="bbox 156 1608 945 1646; baseline 0.005 -12"><span class='ocrx_word' id='word_1_219' title='bbox 156 1608 279 1635; x_wconf 87' lang='lat' dir='ltr'><strong>conditio</strong></span> <span class='ocrx_word' id='word_1_220' title='bbox 294 1617 301 1634; x_wconf 68' lang='grc' dir='ltr'>ι</span> <span class='ocrx_word' id='word_1_221' title='bbox 325 1609 421 1636; x_wconf 89' lang='lat' dir='ltr'><strong>ambos</strong></span> <span class='ocrx_word' id='word_1_222' title='bbox 443 1610 517 1637; x_wconf 90' lang='lat' dir='ltr'><strong>enim</strong></span> <span class='ocrx_word' id='word_1_223' title='bbox 532 1615 594 1645; x_wconf 81' lang='lat' dir='ltr'><strong>post</strong></span> <span class='ocrx_word' id='word_1_224' title='bbox 612 1610 788 1645; x_wconf 77' lang='lat' dir='ltr'><strong>dijudicalam</strong></span> <span class='ocrx_word' id='word_1_225' title='bbox 803 1619 835 1638; x_wconf 76' lang='lat' dir='ltr'><strong>ex</strong></span> <span class='ocrx_word' id='word_1_226' title='bbox 851 1612 945 1646; x_wconf 89' lang='lat' dir='ltr'><strong>appel-</strong></span> 
     </span>
    </p>
   </div>
   <div class='ocr_carea' id='block_1_36' title="bbox 156 1654 946 1687">
    <p class='ocr_par' dir='ltr' id='par_1_36' title="bbox 156 1654 946 1687">
     <span class='ocr_line' id='line_1_36' title="bbox 156 1654 946 1687; baseline 0.003 -6"><span class='ocrx_word' id='word_1_227' title='bbox 156 1654 259 1682; x_wconf 88' lang='lat' dir='ltr'><strong>latione</strong></span> <span class='ocrx_word' id='word_1_228' title='bbox 289 1662 410 1687; x_wconf 79' lang='lat' dir='ltr'><strong>causam,</strong></span> <span class='ocrx_word' id='word_1_229' title='bbox 442 1655 589 1683; x_wconf 83' lang='lat' dir='ltr'><strong>concilium</strong></span> <span class='ocrx_word' id='word_1_230' title='bbox 614 1657 766 1683; x_wconf 75' lang='lat' dir='ltr'><strong>Romanum</strong></span> <span class='ocrx_word' id='word_1_231' title='bbox 788 1656 946 1684; x_wconf 85' lang='lat' dir='ltr'><strong>restituerat</strong></span> 
     </span>
    </p>
   </div>
   <div class='ocr_carea' id='block_1_37' title="bbox 156 1700 946 1738">
    <p class='ocr_par' dir='ltr' id='par_1_37' title="bbox 156 1700 946 1738">
     <span class='ocr_line' id='line_1_37' title="bbox 156 1700 946 1738; baseline 0.004 -11"><span class='ocrx_word' id='word_1_232' title='bbox 156 1700 184 1728; x_wconf 91' lang='lat' dir='ltr'><strong>in</strong></span> <span class='ocrx_word' id='word_1_233' title='bbox 205 1701 309 1728; x_wconf 85' lang='lat' dir='ltr'><strong>sedem.</strong></span> <span class='ocrx_word' id='word_1_234' title='bbox 333 1701 485 1736; x_wconf 76' lang='lat' dir='ltr'><strong>Singularis</strong></span> <span class='ocrx_word' id='word_1_235' title='bbox 507 1703 602 1737; x_wconf 68' lang='lat' dir='ltr'><strong>gratim</strong></span> <span class='ocrx_word' id='word_1_236' title='bbox 625 1710 707 1730; x_wconf 88' lang='lat' dir='ltr'><strong>causa</strong></span> <span class='ocrx_word' id='word_1_237' title='bbox 731 1702 791 1735; x_wconf 89' lang='lat' dir='ltr'><strong>fuit,</strong></span> <span class='ocrx_word' id='word_1_238' title='bbox 816 1703 889 1738; x_wconf 74' lang='lat' dir='ltr'><strong>quod</strong></span> <span class='ocrx_word' id='word_1_239' title='bbox 914 1711 946 1730; x_wconf 78' lang='lat' dir='ltr'><strong>ex</strong></span> 
     </span>
    </p>
   </div>
   <div class='ocr_carea' id='block_1_38' title="bbox 157 1747 948 1784">
    <p class='ocr_par' dir='ltr' id='par_1_38' title="bbox 157 1747 948 1784">
     <span class='ocr_line' id='line_1_38' title="bbox 157 1747 948 1784; baseline 0.001 -10"><span class='ocrx_word' id='word_1_240' title='bbox 157 1747 347 1774; x_wconf 83' lang='lat' dir='ltr'><strong>novemdecim</strong></span> <span class='ocrx_word' id='word_1_241' title='bbox 374 1747 441 1775; x_wconf 74' lang='lat' dir='ltr'><strong>viris</strong></span> <span class='ocrx_word' id='word_1_242' title='bbox 464 1747 628 1780; x_wconf 85' lang='lat' dir='ltr'><strong>illustribus,</strong></span> <span class='ocrx_word' id='word_1_243' title='bbox 652 1749 698 1783; x_wconf 86' lang='lat' dir='ltr'><strong>qui</strong></span> <span class='ocrx_word' id='word_1_244' title='bbox 715 1757 764 1783; x_wconf 86' lang='lat' dir='ltr'><strong>pro</strong></span> <span class='ocrx_word' id='word_1_245' title='bbox 783 1749 948 1784; x_wconf 86' lang='lat' dir='ltr'><strong>imperatore</strong></span> 
     </span>
    </p>
   </div>
   <div class='ocr_carea' id='block_1_39' title="bbox 157 1793 948 1829">
    <p class='ocr_par' dir='ltr' id='par_1_39' title="bbox 157 1793 948 1829">
     <span class='ocr_line' id='line_1_39' title="bbox 157 1793 948 1829; baseline 0.003 -9"><span class='ocrx_word' id='word_1_246' title='bbox 157 1793 272 1821; x_wconf 87' lang='lat' dir='ltr'><strong>aderant</strong></span> <span class='ocrx_word' id='word_1_247' title='bbox 292 1794 408 1829; x_wconf 81' lang='lat' dir='ltr'><strong>synodo,</strong></span> <span class='ocrx_word' id='word_1_248' title='bbox 423 1794 518 1821; x_wconf 84' lang='lat' dir='ltr'><strong>decem</strong></span> <span class='ocrx_word' id='word_1_249' title='bbox 533 1794 708 1822; x_wconf 85' lang='lat' dir='ltr'><strong>Theodoreto</strong></span> <span class='ocrx_word' id='word_1_250' title='bbox 729 1795 852 1822; x_wconf 84' lang='lat' dir='ltr'><strong>faverent</strong></span> <span class='ocrx_word' id='word_1_251' title='bbox 868 1804 874 1821; x_wconf 90' lang='lat'><strong>:</strong></span> <span class='ocrx_word' id='word_1_252' title='bbox 893 1799 948 1822; x_wconf 85' lang='lat' dir='ltr'><strong>tres</strong></span> 
     </span>
    </p>
   </div>
   <div class='ocr_carea' id='block_1_40' title="bbox 157 1839 946 1876">
    <p class='ocr_par' dir='ltr' id='par_1_40' title="bbox 157 1839 946 1876">
     <span class='ocr_line' id='line_1_40' title="bbox 157 1839 946 1876; baseline 0.001 -10"><span class='ocrx_word' id='word_1_253' title='bbox 157 1847 190 1866; x_wconf 80' lang='lat' dir='ltr'><strong>ex</strong></span> <span class='ocrx_word' id='word_1_254' title='bbox 201 1839 381 1874; x_wconf 84' lang='lat' dir='ltr'><strong>principibus,</strong></span> <span class='ocrx_word' id='word_1_255' title='bbox 396 1840 548 1872; x_wconf 83' lang='lat' dir='ltr'><strong>Anatolius,</strong></span> <span class='ocrx_word' id='word_1_256' title='bbox 561 1840 736 1868; x_wconf 84' lang='lat' dir='ltr'><strong>Vincomalus</strong></span> <span class='ocrx_word' id='word_1_257' title='bbox 746 1845 773 1868; x_wconf 90' lang='lat' dir='ltr'><strong>et</strong></span> <span class='ocrx_word' id='word_1_258' title='bbox 786 1840 946 1876; x_wconf 84' lang='lat' dir='ltr'><strong>Sporacius;</strong></span> 
     </span>
    </p>
   </div>
   <div class='ocr_carea' id='block_1_41' title="bbox 158 1885 946 1919">
    <p class='ocr_par' dir='ltr' id='par_1_41' title="bbox 158 1885 946 1919">
     <span class='ocr_line' id='line_1_41' title="bbox 158 1885 946 1919; baseline 0.003 -8"><span class='ocrx_word' id='word_1_259' title='bbox 158 1890 263 1919; x_wconf 74' lang='lat' dir='ltr'><strong>septem</strong></span> <span class='ocrx_word' id='word_1_260' title='bbox 294 1894 328 1912; x_wconf 77' lang='lat' dir='ltr'><strong>ex</strong></span> <span class='ocrx_word' id='word_1_261' title='bbox 358 1891 466 1917; x_wconf 86' lang='lat' dir='ltr'><strong>senatu,</strong></span> <span class='ocrx_word' id='word_1_262' title='bbox 494 1885 660 1918; x_wconf 82' lang='lat' dir='ltr'><strong>Florentius,</strong></span> <span class='ocrx_word' id='word_1_263' title='bbox 685 1886 811 1918; x_wconf 86' lang='lat' dir='ltr'><strong>Senator,</strong></span> <span class='ocrx_word' id='word_1_264' title='bbox 833 1887 946 1919; x_wconf 82' lang='lat' dir='ltr'><strong>Nonius,</strong></span> 
     </span>
    </p>
   </div>
   <div class='ocr_carea' id='block_1_42' title="bbox 158 1931 946 1967">
    <p class='ocr_par' dir='ltr' id='par_1_42' title="bbox 158 1931 946 1967">
     <span class='ocr_line' id='line_1_42' title="bbox 158 1931 946 1967; baseline 0.003 -10"><span class='ocrx_word' id='word_1_265' title='bbox 158 1931 336 1966; x_wconf 79' lang='lat' dir='ltr'><strong>Protogenes,</strong></span> <span class='ocrx_word' id='word_1_266' title='bbox 353 1931 524 1963; x_wconf 82' lang='lat' dir='ltr'><strong>Theodorus,</strong></span> <span class='ocrx_word' id='word_1_267' title='bbox 537 1931 707 1967; x_wconf 79' lang='lat' dir='ltr'><strong>Apollonius,</strong></span> <span class='ocrx_word' id='word_1_268' title='bbox 722 1937 750 1959; x_wconf 89' lang='lat' dir='ltr'><strong>et</strong></span> <span class='ocrx_word' id='word_1_269' title='bbox 759 1932 946 1960; x_wconf 85' lang='lat' dir='ltr'><strong>Constantius.</strong></span> 
     </span>
    </p>
   </div>
   <div class='ocr_carea' id='block_1_43' title="bbox 158 1975 947 2013">
    <p class='ocr_par' dir='ltr' id='par_1_43' title="bbox 158 1975 947 2013">
     <span class='ocr_line' id='line_1_43' title="bbox 158 1975 947 2013; baseline 0.005 -12"><span class='ocrx_word' id='word_1_270' title='bbox 158 1975 327 2011; x_wconf 86' lang='lat' dir='ltr'><strong>Quamquam</strong></span> <span class='ocrx_word' id='word_1_271' title='bbox 349 1976 467 2004; x_wconf 75' lang='lat' dir='ltr'><strong>faciebat</strong></span> <span class='ocrx_word' id='word_1_272' title='bbox 493 1977 577 2004; x_wconf 87' lang='lat' dir='ltr'><strong>etiam</strong></span> <span class='ocrx_word' id='word_1_273' title='bbox 601 1986 649 2012; x_wconf 85' lang='lat' dir='ltr'><strong>pro</strong></span> <span class='ocrx_word' id='word_1_274' title='bbox 667 1977 840 2005; x_wconf 83' lang='lat' dir='ltr'><strong>Theodoreto</strong></span> <span class='ocrx_word' id='word_1_275' title='bbox 863 1987 947 2013; x_wconf 81' lang='lat' dir='ltr'><strong>pecli-</strong></span> 
     </span>
    </p>
   </div>
   <div class='ocr_carea' id='block_1_44' title="bbox 158 2022 948 2058">
    <p class='ocr_par' dir='ltr' id='par_1_44' title="bbox 158 2022 948 2058">
     <span class='ocr_line' id='line_1_44' title="bbox 158 2022 948 2058; baseline 0.004 -10"><span class='ocrx_word' id='word_1_276' title='bbox 158 2022 234 2049; x_wconf 89' lang='lat' dir='ltr'><strong>liaris</strong></span> <span class='ocrx_word' id='word_1_277' title='bbox 258 2023 337 2054; x_wconf 85' lang='lat' dir='ltr'><strong>ratio,</strong></span> <span class='ocrx_word' id='word_1_278' title='bbox 355 2023 426 2057; x_wconf 76' lang='lat' dir='ltr'><strong>quod</strong></span> <span class='ocrx_word' id='word_1_279' title='bbox 451 2031 513 2050; x_wconf 90' lang='lat' dir='ltr'><strong>cum</strong></span> <span class='ocrx_word' id='word_1_280' title='bbox 530 2030 610 2049; x_wconf 86' lang='lat' dir='ltr'><strong>nemo</strong></span> <span class='ocrx_word' id='word_1_281' title='bbox 631 2023 691 2058; x_wconf 85' lang='lat' dir='ltr'><strong>ipsi,</strong></span> <span class='ocrx_word' id='word_1_282' title='bbox 713 2023 826 2058; x_wconf 82' lang='lat' dir='ltr'><strong>perinde</strong></span> <span class='ocrx_word' id='word_1_283' title='bbox 841 2032 872 2051; x_wconf 90' lang='lat' dir='ltr'><strong>ac</strong></span> <span class='ocrx_word' id='word_1_284' title='bbox 887 2024 948 2051; x_wconf 85' lang='lat' dir='ltr'><strong>aliis</strong></span> 
     </span>
    </p>
   </div>
   <div class='ocr_carea' id='block_1_45' title="bbox 159 2067 949 2105">
    <p class='ocr_par' dir='ltr' id='par_1_45' title="bbox 159 2067 949 2105">
     <span class='ocr_line' id='line_1_45' title="bbox 159 2067 949 2105; baseline 0.004 -11"><span class='ocrx_word' id='word_1_285' title='bbox 159 2067 260 2102; x_wconf 81' lang='lat' dir='ltr'><strong>Ephesi</strong></span> <span class='ocrx_word' id='word_1_286' title='bbox 283 2068 425 2103; x_wconf 79' lang='lat' dir='ltr'><strong>depositis,</strong></span> <span class='ocrx_word' id='word_1_287' title='bbox 455 2069 622 2096; x_wconf 86' lang='lat' dir='ltr'><strong>substitutus</strong></span> <span class='ocrx_word' id='word_1_288' title='bbox 645 2074 727 2101; x_wconf 74' lang='lat' dir='ltr'><strong>esset,</strong></span> <span class='ocrx_word' id='word_1_289' title='bbox 756 2075 864 2105; x_wconf 87' lang='lat' dir='ltr'><strong>poterat</strong></span> <span class='ocrx_word' id='word_1_290' title='bbox 884 2070 949 2098; x_wconf 86' lang='lat' dir='ltr'><strong>faci—</strong></span> 
     </span>
    </p>
   </div>
   <div class='ocr_carea' id='block_1_46' title="bbox 158 2113 947 2150">
    <p class='ocr_par' dir='ltr' id='par_1_46' title="bbox 158 2113 947 2150">
     <span class='ocr_line' id='line_1_46' title="bbox 158 2113 947 2150; baseline 0.005 -11"><span class='ocrx_word' id='word_1_291' title='bbox 158 2113 212 2140; x_wconf 87' lang='lat' dir='ltr'><strong>lius</strong></span> <span class='ocrx_word' id='word_1_292' title='bbox 236 2113 262 2140; x_wconf 92' lang='lat' dir='ltr'><strong>in</strong></span> <span class='ocrx_word' id='word_1_293' title='bbox 285 2122 445 2141; x_wconf 81' lang='lat' dir='ltr'><strong>consessum</strong></span> <span class='ocrx_word' id='word_1_294' title='bbox 471 2114 579 2142; x_wconf 85' lang='lat' dir='ltr'><strong>admitti</strong></span> <span class='ocrx_word' id='word_1_295' title='bbox 597 2114 656 2142; x_wconf 86' lang='lat' dir='ltr'><strong>sine</strong></span> <span class='ocrx_word' id='word_1_296' title='bbox 679 2115 792 2143; x_wconf 87' lang='lat' dir='ltr'><strong>alterius</strong></span> <span class='ocrx_word' id='word_1_297' title='bbox 807 2120 854 2143; x_wconf 78' lang='lat' dir='ltr'><strong>aut.</strong></span> <span class='ocrx_word' id='word_1_298' title='bbox 877 2124 947 2150; x_wconf 71' lang='lat' dir='ltr'><strong>pra:-</strong></span> 
     </span>
    </p>
   </div>
   <div class='ocr_carea' id='block_1_47' title="bbox 154 2159 531 2195">
    <p class='ocr_par' dir='ltr' id='par_1_47' title="bbox 154 2159 531 2195">
     <span class='ocr_line' id='line_1_47' title="bbox 154 2159 531 2195; baseline 0.005 -10"><span class='ocrx_word' id='word_1_299' title='bbox 154 2159 260 2194; x_wconf 86' lang='lat' dir='ltr'><strong>judicio</strong></span> <span class='ocrx_word' id='word_1_300' title='bbox 279 2165 327 2187; x_wconf 84' lang='lat' dir='ltr'><strong>aut</strong></span> <span class='ocrx_word' id='word_1_301' title='bbox 348 2160 531 2195; x_wconf 85' lang='lat' dir='ltr'><strong>oppositione.</strong></span> 
     </span>
    </p>
   </div>
   <div class='ocr_carea' id='block_1_48' title="bbox 994 243 1782 278">
    <p class='ocr_par' dir='ltr' id='par_1_48' title="bbox 994 243 1782 278">
     <span class='ocr_line' id='line_1_48' title="bbox 994 243 1782 278; baseline 0.001 -8"><span class='ocrx_word' id='word_1_302' title='bbox 994 244 1112 278; x_wconf 77' lang='lat' dir='ltr'><strong>singula,</strong></span> <span class='ocrx_word' id='word_1_303' title='bbox 1132 244 1189 271; x_wconf 83' lang='lat' dir='ltr'><strong>sive</strong></span> <span class='ocrx_word' id='word_1_304' title='bbox 1209 243 1348 278; x_wconf 85' lang='lat' dir='ltr'><strong>adjuncta,</strong></span> <span class='ocrx_word' id='word_1_305' title='bbox 1374 243 1432 271; x_wconf 78' lang='lat' dir='ltr'><strong>sive</strong></span> <span class='ocrx_word' id='word_1_306' title='bbox 1445 243 1530 271; x_wconf 80' lang='lat' dir='ltr'><strong>verba</strong></span> <span class='ocrx_word' id='word_1_307' title='bbox 1551 244 1782 276; x_wconf 77' lang='lat' dir='ltr'><strong>observabuntur,</strong></span> 
     </span>
    </p>
   </div>
   <div class='ocr_carea' id='block_1_49' title="bbox 994 289 1784 324">
    <p class='ocr_par' dir='ltr' id='par_1_49' title="bbox 994 289 1784 324">
     <span class='ocr_line' id='line_1_49' title="bbox 994 289 1784 324; baseline 0 -9"><span class='ocrx_word' id='word_1_308' title='bbox 994 289 1112 322; x_wconf 88' lang='lat' dir='ltr'><strong>facilius,</strong></span> <span class='ocrx_word' id='word_1_309' title='bbox 1137 297 1188 316; x_wconf 87' lang='lat' dir='ltr'><strong>nec</strong></span> <span class='ocrx_word' id='word_1_310' title='bbox 1211 289 1269 316; x_wconf 89' lang='lat' dir='ltr'><strong>sine</strong></span> <span class='ocrx_word' id='word_1_311' title='bbox 1292 297 1384 324; x_wconf 70' lang='lat' dir='ltr'><strong>opera:</strong></span> <span class='ocrx_word' id='word_1_312' title='bbox 1404 289 1504 323; x_wconf 87' lang='lat' dir='ltr'><strong>pretio,</strong></span> <span class='ocrx_word' id='word_1_313' title='bbox 1528 297 1590 316; x_wconf 90' lang='lat' dir='ltr'><strong>cum</strong></span> <span class='ocrx_word' id='word_1_314' title='bbox 1609 289 1671 317; x_wconf 87' lang='lat' dir='ltr'><strong>inde</strong></span> <span class='ocrx_word' id='word_1_315' title='bbox 1693 291 1784 317; x_wconf 58' lang='lat' dir='ltr'><strong>multa:</strong></span> 
     </span>
    </p>
   </div>
   <div class='ocr_carea' id='block_1_50' title="bbox 997 334 1783 370">
    <p class='ocr_par' dir='ltr' id='par_1_50' title="bbox 997 334 1783 370">
     <span class='ocr_line' id='line_1_50' title="bbox 997 334 1783 370; baseline 0.004 -9"><span class='ocrx_word' id='word_1_316' title='bbox 997 335 1056 361; x_wconf 85' lang='lat' dir='ltr'><strong>fieri</strong></span> <span class='ocrx_word' id='word_1_317' title='bbox 1081 335 1115 362; x_wconf 88' lang='lat' dir='ltr'><strong>ab</strong></span> <span class='ocrx_word' id='word_1_318' title='bbox 1132 334 1248 362; x_wconf 87' lang='lat' dir='ltr'><strong>eruditis</strong></span> <span class='ocrx_word' id='word_1_319' title='bbox 1266 334 1352 361; x_wconf 62' lang='lat' dir='ltr'><strong>solita:</strong></span> <span class='ocrx_word' id='word_1_320' title='bbox 1370 334 1535 369; x_wconf 68' lang='lat' dir='ltr'><strong>quaestiones</strong></span> <span class='ocrx_word' id='word_1_321' title='bbox 1554 343 1608 361; x_wconf 92' lang='lat' dir='ltr'><strong>non</strong></span> <span class='ocrx_word' id='word_1_322' title='bbox 1626 343 1723 370; x_wconf 79' lang='lat' dir='ltr'><strong>magno</strong></span> <span class='ocrx_word' id='word_1_323' title='bbox 1738 344 1783 364; x_wconf 87' lang='lat' dir='ltr'><strong>ne-</strong></span> 
     </span>
    </p>
   </div>
   <div class='ocr_carea' id='block_1_51' title="bbox 995 379 1701 415">
    <p class='ocr_par' dir='ltr' id='par_1_51' title="bbox 995 379 1701 415">
     <span class='ocr_line' id='line_1_51' title="bbox 995 379 1701 415; baseline 0.001 -8"><span class='ocrx_word' id='word_1_324' title='bbox 995 380 1069 415; x_wconf 78' lang='lat' dir='ltr'><strong>gotio</strong></span> <span class='ocrx_word' id='word_1_325' title='bbox 1092 379 1244 407; x_wconf 81' lang='lat' dir='ltr'><strong>solvantur.</strong></span> <span class='ocrx_word' id='word_1_326' title='bbox 1268 380 1314 407; x_wconf 83' lang='lat' dir='ltr'><strong>Sic</strong></span> <span class='ocrx_word' id='word_1_327' title='bbox 1342 387 1407 415; x_wconf 75' lang='lat' dir='ltr'><strong>ergo</strong></span> <span class='ocrx_word' id='word_1_328' title='bbox 1431 380 1496 407; x_wconf 84' lang='lat' dir='ltr'><strong>Acta</strong></span> <span class='ocrx_word' id='word_1_329' title='bbox 1524 388 1552 407; x_wconf 88' lang='lat' dir='ltr'><strong>se</strong></span> <span class='ocrx_word' id='word_1_330' title='bbox 1576 381 1701 408; x_wconf 81' lang='lat' dir='ltr'><strong>habent:</strong></span> 
     </span>
    </p>
   </div>
   <div class='ocr_carea' id='block_1_52' title="bbox 1033 425 1782 454">
    <p class='ocr_par' dir='ltr' id='par_1_52' title="bbox 1033 425 1782 454">
     <span class='ocr_line' id='line_1_52' title="bbox 1033 425 1782 454; baseline 0.004 -3"><span class='ocrx_word' id='word_1_331' title='bbox 1033 435 1042 451; x_wconf 72' lang='grc' dir='ltr'>ι</span> <span class='ocrx_word' id='word_1_332' title='bbox 1056 425 1253 453; x_wconf 80' lang='lat' dir='ltr'><strong>Residentibus</strong></span> <span class='ocrx_word' id='word_1_333' title='bbox 1275 425 1404 452; x_wconf 87' lang='lat' dir='ltr'><strong>omnibus</strong></span> <span class='ocrx_word' id='word_1_334' title='bbox 1425 429 1488 453; x_wconf 87' lang='lat' dir='ltr'><strong>ante</strong></span> <span class='ocrx_word' id='word_1_335' title='bbox 1508 427 1646 454; x_wconf 83' lang='lat' dir='ltr'><strong>cancellos</strong></span> <span class='ocrx_word' id='word_1_336' title='bbox 1666 428 1782 454; x_wconf 80' lang='lat' dir='ltr'><strong>sanctis-</strong></span> 
     </span>
    </p>
   </div>
   <div class='ocr_carea' id='block_1_53' title="bbox 995 470 1781 505">
    <p class='ocr_par' dir='ltr' id='par_1_53' title="bbox 995 470 1781 505">
     <span class='ocr_line' id='line_1_53' title="bbox 995 470 1781 505; baseline 0 -7"><span class='ocrx_word' id='word_1_337' title='bbox 995 470 1057 498; x_wconf 90' lang='lat' dir='ltr'><strong>simi</strong></span> <span class='ocrx_word' id='word_1_338' title='bbox 1073 471 1168 498; x_wconf 84' lang='lat' dir='ltr'><strong>altaris</strong></span> <span class='ocrx_word' id='word_1_339' title='bbox 1187 470 1407 498; x_wconf 81' lang='lat' dir='ltr'><strong>reverendissimi</strong></span> <span class='ocrx_word' id='word_1_340' title='bbox 1430 470 1550 505; x_wconf 86' lang='lat' dir='ltr'><strong>episcopi</strong></span> <span class='ocrx_word' id='word_1_341' title='bbox 1574 472 1760 499; x_wconf 88' lang='lat' dir='ltr'><strong>clamaverunt</strong></span> <span class='ocrx_word' id='word_1_342' title='bbox 1776 482 1781 498; x_wconf 76' lang='grc' dir='ltr'><strong><em>τ</em></strong></span> 
     </span>
    </p>
   </div>
   <div class='ocr_carea' id='block_1_54' title="bbox 996 516 1661 544">
    <p class='ocr_par' dir='ltr' id='par_1_54' title="bbox 996 516 1661 544">
     <span class='ocr_line' id='line_1_54' title="bbox 996 516 1661 544; baseline 0.002 -1"><span class='ocrx_word' id='word_1_343' title='bbox 996 516 1169 543; x_wconf 75' lang='grc' dir='ltr'><strong>ΤΙιεοάονεηιε</strong></span> <span class='ocrx_word' id='word_1_344' title='bbox 1184 517 1260 543; x_wconf 85' lang='lat' dir='ltr'><strong>modo</strong></span> <span class='ocrx_word' id='word_1_345' title='bbox 1275 517 1482 543; x_wconf 75' lang='lat' dir='ltr'><strong>anathematizet</strong></span> <span class='ocrx_word' id='word_1_346' title='bbox 1500 516 1661 544; x_wconf 73' lang='lat' dir='ltr'><strong>Nestorium.</strong></span> 
     </span>
    </p>
   </div>
   <div class='ocr_carea' id='block_1_55' title="bbox 1034 561 1782 598">
    <p class='ocr_par' dir='ltr' id='par_1_55' title="bbox 1034 561 1782 598">
     <span class='ocr_line' id='line_1_55' title="bbox 1034 561 1782 598; baseline 0.004 -11"><span class='ocrx_word' id='word_1_347' title='bbox 1034 571 1042 586; x_wconf 77' lang='grc' dir='ltr'>ι</span> <span class='ocrx_word' id='word_1_348' title='bbox 1058 561 1250 589; x_wconf 85' lang='lat' dir='ltr'><strong>Theodoretus</strong></span> <span class='ocrx_word' id='word_1_349' title='bbox 1270 562 1518 589; x_wconf 84' lang='lat' dir='ltr'><strong>reverendissimus</strong></span> <span class='ocrx_word' id='word_1_350' title='bbox 1534 563 1680 598; x_wconf 76' lang='lat' dir='ltr'><strong>episcopus</strong></span> <span class='ocrx_word' id='word_1_351' title='bbox 1693 568 1782 590; x_wconf 81' lang='lat' dir='ltr'><strong>trans—</strong></span> 
     </span>
    </p>
   </div>
   <div class='ocr_carea' id='block_1_56' title="bbox 995 607 1784 642">
    <p class='ocr_par' dir='ltr' id='par_1_56' title="bbox 995 607 1784 642">
     <span class='ocr_line' id='line_1_56' title="bbox 995 607 1784 642; baseline 0.001 -8"><span class='ocrx_word' id='word_1_352' title='bbox 995 607 1054 635; x_wconf 87' lang='lat' dir='ltr'><strong>iens</strong></span> <span class='ocrx_word' id='word_1_353' title='bbox 1079 608 1106 635; x_wconf 91' lang='lat' dir='ltr'><strong>in</strong></span> <span class='ocrx_word' id='word_1_354' title='bbox 1127 607 1246 635; x_wconf 90' lang='lat' dir='ltr'><strong>medium</strong></span> <span class='ocrx_word' id='word_1_355' title='bbox 1261 607 1329 635; x_wconf 83' lang='lat' dir='ltr'><strong>dixit</strong></span> <span class='ocrx_word' id='word_1_356' title='bbox 1348 617 1354 634; x_wconf 90' lang='lat'><strong>:</strong></span> <span class='ocrx_word' id='word_1_357' title='bbox 1376 607 1409 634; x_wconf 83' lang='lat' dir='ltr'><strong>Et</strong></span> <span class='ocrx_word' id='word_1_358' title='bbox 1429 616 1516 642; x_wconf 73' lang='lat' dir='ltr'><strong>preces</strong></span> <span class='ocrx_word' id='word_1_359' title='bbox 1529 608 1610 635; x_wconf 83' lang='lat' dir='ltr'><strong>obtuli</strong></span> <span class='ocrx_word' id='word_1_360' title='bbox 1625 609 1784 636; x_wconf 71' lang='lat' dir='ltr'><strong>(livinissimo</strong></span> 
     </span>
    </p>
   </div>
   <div class='ocr_carea' id='block_1_57' title="bbox 996 654 1783 689">
    <p class='ocr_par' dir='ltr' id='par_1_57' title="bbox 996 654 1783 689">
     <span class='ocr_line' id='line_1_57' title="bbox 996 654 1783 689; baseline 0.003 -9"><span class='ocrx_word' id='word_1_361' title='bbox 996 663 1026 681; x_wconf 88' lang='lat' dir='ltr'><strong>ac</strong></span> <span class='ocrx_word' id='word_1_362' title='bbox 1038 655 1153 689; x_wconf 69' lang='lat' dir='ltr'><strong>piissimo</strong></span> <span class='ocrx_word' id='word_1_363' title='bbox 1169 655 1335 688; x_wconf 74' lang='lat' dir='ltr'><strong>imperatori,</strong></span> <span class='ocrx_word' id='word_1_364' title='bbox 1355 659 1378 680; x_wconf 73' lang='lat' dir='ltr'><strong>ct</strong></span> <span class='ocrx_word' id='word_1_365' title='bbox 1397 654 1496 681; x_wconf 70' lang='lat' dir='ltr'><strong>libellos</strong></span> <span class='ocrx_word' id='word_1_366' title='bbox 1524 655 1606 681; x_wconf 80' lang='lat' dir='ltr'><strong>obtuli</strong></span> <span class='ocrx_word' id='word_1_367' title='bbox 1627 656 1783 682; x_wconf 74' lang='lat' dir='ltr'><strong>rreerrndis-</strong></span> 
     </span>
    </p>
   </div>
   <div class='ocr_carea' id='block_1_58' title="bbox 994 701 1784 735">
    <p class='ocr_par' dir='ltr' id='par_1_58' title="bbox 994 701 1784 735">
     <span class='ocr_line' id='line_1_58' title="bbox 994 701 1784 735; baseline 0.003 -9"><span class='ocrx_word' id='word_1_368' title='bbox 994 701 1067 727; x_wconf 71' lang='lat' dir='ltr'><strong>simis</strong></span> <span class='ocrx_word' id='word_1_369' title='bbox 1083 701 1206 735; x_wconf 73' lang='lat' dir='ltr'><strong>episcopis</strong></span> <span class='ocrx_word' id='word_1_370' title='bbox 1224 701 1359 735; x_wconf 72' lang='lat' dir='ltr'><strong>agentibus</strong></span> <span class='ocrx_word' id='word_1_371' title='bbox 1376 701 1460 728; x_wconf 71' lang='lat' dir='ltr'><strong>locum</strong></span> <span class='ocrx_word' id='word_1_372' title='bbox 1477 702 1685 729; x_wconf 73' lang='lat' dir='ltr'><strong>rererendisaimi</strong></span> <span class='ocrx_word' id='word_1_373' title='bbox 1701 703 1784 728; x_wconf 82' lang='lat' dir='ltr'><strong>archi—</strong></span> 
     </span>
    </p>
   </div>
   <div class='ocr_carea' id='block_1_59' title="bbox 995 746 1784 782">
    <p class='ocr_par' dir='ltr' id='par_1_59' title="bbox 995 746 1784 782">
     <span class='ocr_line' id='line_1_59' title="bbox 995 746 1784 782; baseline 0.001 -9"><span class='ocrx_word' id='word_1_374' title='bbox 995 747 1106 781; x_wconf 75' lang='lat' dir='ltr'><strong>episcopi</strong></span> <span class='ocrx_word' id='word_1_375' title='bbox 1121 746 1224 778; x_wconf 78' lang='lat' dir='ltr'><strong>Leonis;</strong></span> <span class='ocrx_word' id='word_1_376' title='bbox 1244 750 1278 777; x_wconf 80' lang='grc' dir='ltr'><strong>ει,</strong></span> <span class='ocrx_word' id='word_1_377' title='bbox 1295 747 1318 772; x_wconf 77' lang='lat' dir='ltr'><strong>si</strong></span> <span class='ocrx_word' id='word_1_378' title='bbox 1340 747 1407 773; x_wconf 69' lang='lat' dir='ltr'><strong>vobis</strong></span> <span class='ocrx_word' id='word_1_379' title='bbox 1424 747 1535 780; x_wconf 80' lang='lat' dir='ltr'><strong>ridetur,</strong></span> <span class='ocrx_word' id='word_1_380' title='bbox 1552 747 1675 782; x_wconf 78' lang='lat' dir='ltr'><strong>legantur</strong></span> <span class='ocrx_word' id='word_1_381' title='bbox 1696 756 1784 774; x_wconf 73' lang='lat' dir='ltr'><strong>coram</strong></span> 
     </span>
    </p>
   </div>
   <div class='ocr_carea' id='block_1_60' title="bbox 995 792 1508 827">
    <p class='ocr_par' dir='ltr' id='par_1_60' title="bbox 995 792 1508 827">
     <span class='ocr_line' id='line_1_60' title="bbox 995 792 1508 827; baseline 0.002 -9"><span class='ocrx_word' id='word_1_382' title='bbox 995 792 1075 824; x_wconf 80' lang='lat' dir='ltr'><strong>vobis,</strong></span> <span class='ocrx_word' id='word_1_383' title='bbox 1093 796 1120 818; x_wconf 86' lang='lat' dir='ltr'><strong>ut</strong></span> <span class='ocrx_word' id='word_1_384' title='bbox 1142 793 1209 818; x_wconf 78' lang='lat' dir='ltr'><strong>sicut</strong></span> <span class='ocrx_word' id='word_1_385' title='bbox 1232 793 1307 827; x_wconf 80' lang='lat' dir='ltr'><strong>sapio</strong></span> <span class='ocrx_word' id='word_1_386' title='bbox 1334 793 1508 827; x_wconf 78' lang='lat' dir='ltr'><strong>cognoscatis.</strong></span> 
     </span>
    </p>
   </div>
   <div class='ocr_carea' id='block_1_61' title="bbox 1035 837 1787 872">
    <p class='ocr_par' dir='ltr' id='par_1_61' title="bbox 1035 837 1787 872">
     <span class='ocr_line' id='line_1_61' title="bbox 1035 837 1787 872; baseline 0 -7"><span class='ocrx_word' id='word_1_387' title='bbox 1035 847 1044 862; x_wconf 74' lang='grc' dir='ltr'>ι</span> <span class='ocrx_word' id='word_1_388' title='bbox 1064 837 1295 865; x_wconf 78' lang='lat' dir='ltr'><strong>Beverendissimi</strong></span> <span class='ocrx_word' id='word_1_389' title='bbox 1320 837 1441 872; x_wconf 87' lang='lat' dir='ltr'><strong>episcopi</strong></span> <span class='ocrx_word' id='word_1_390' title='bbox 1469 838 1687 865; x_wconf 50' lang='lat' dir='ltr'><strong>clamaverunt»:</strong></span> <span class='ocrx_word' id='word_1_391' title='bbox 1715 838 1787 866; x_wconf 77' lang='lat' dir='ltr'><strong>Nihil</strong></span> 
     </span>
    </p>
   </div>
   <div class='ocr_carea' id='block_1_62' title="bbox 999 883 1732 918">
    <p class='ocr_par' dir='ltr' id='par_1_62' title="bbox 999 883 1732 918">
     <span class='ocr_line' id='line_1_62' title="bbox 999 883 1732 918; baseline 0.003 -9"><span class='ocrx_word' id='word_1_392' title='bbox 999 883 1078 918; x_wconf 84' lang='lat' dir='ltr'><strong>relegi</strong></span> <span class='ocrx_word' id='word_1_393' title='bbox 1100 883 1238 914; x_wconf 71' lang='lat' dir='ltr'><strong>volumus;</strong></span> <span class='ocrx_word' id='word_1_394' title='bbox 1263 883 1338 910; x_wconf 88' lang='lat' dir='ltr'><strong>modo</strong></span> <span class='ocrx_word' id='word_1_395' title='bbox 1354 884 1550 910; x_wconf 74' lang='lat' dir='ltr'><strong>anathematiza</strong></span> <span class='ocrx_word' id='word_1_396' title='bbox 1573 884 1732 912; x_wconf 71' lang='lat' dir='ltr'><strong>Nestorium.</strong></span> 
     </span>
    </p>
   </div>
   <div class='ocr_carea' id='block_1_63' title="bbox 1037 928 1784 964">
    <p class='ocr_par' dir='ltr' id='par_1_63' title="bbox 1037 928 1784 964">
     <span class='ocr_line' id='line_1_63' title="bbox 1037 928 1784 964; baseline 0.001 -9"><span class='ocrx_word' id='word_1_397' title='bbox 1037 939 1046 955; x_wconf 87' lang='grc'><em>‹</em></span> <span class='ocrx_word' id='word_1_398' title='bbox 1065 928 1255 956; x_wconf 84' lang='lat' dir='ltr'><strong>Theodoretus</strong></span> <span class='ocrx_word' id='word_1_399' title='bbox 1270 929 1518 957; x_wconf 83' lang='lat' dir='ltr'><strong>reverendissimus</strong></span> <span class='ocrx_word' id='word_1_400' title='bbox 1534 930 1680 964; x_wconf 88' lang='lat' dir='ltr'><strong>episcopus</strong></span> <span class='ocrx_word' id='word_1_401' title='bbox 1693 930 1762 958; x_wconf 78' lang='lat' dir='ltr'><strong>dixit</strong></span> <span class='ocrx_word' id='word_1_402' title='bbox 1779 939 1784 956; x_wconf 75' lang='grc' dir='ltr'>ε</span> 
     </span>
    </p>
   </div>
   <div class='ocr_carea' id='block_1_64' title="bbox 1000 975 1785 1010">
    <p class='ocr_par' dir='ltr' id='par_1_64' title="bbox 1000 975 1785 1010">
     <span class='ocr_line' id='line_1_64' title="bbox 1000 975 1785 1010; baseline 0 -8"><span class='ocrx_word' id='word_1_403' title='bbox 1000 975 1054 1010; x_wconf 81' lang='lat' dir='ltr'><strong>Ego</strong></span> <span class='ocrx_word' id='word_1_404' title='bbox 1072 983 1118 1010; x_wconf 80' lang='lat' dir='ltr'><strong>per</strong></span> <span class='ocrx_word' id='word_1_405' title='bbox 1143 975 1189 1001; x_wconf 84' lang='lat' dir='ltr'><strong>Dei</strong></span> <span class='ocrx_word' id='word_1_406' title='bbox 1216 975 1330 1010; x_wconf 79' lang='lat' dir='ltr'><strong>gratiam</strong></span> <span class='ocrx_word' id='word_1_407' title='bbox 1352 975 1384 1002; x_wconf 82' lang='lat' dir='ltr'><strong>ab</strong></span> <span class='ocrx_word' id='word_1_408' title='bbox 1405 975 1555 1002; x_wconf 61' lang='lat' dir='ltr'><strong>orthodoxis</strong></span> <span class='ocrx_word' id='word_1_409' title='bbox 1576 984 1635 1002; x_wconf 82' lang='lat' dir='ltr'><strong>sunt</strong></span> <span class='ocrx_word' id='word_1_410' title='bbox 1662 976 1785 1005; x_wconf 76' lang='lat' dir='ltr'><strong>nutritas.</strong></span> 
     </span>
    </p>
   </div>
   <div class='ocr_carea' id='block_1_65' title="bbox 1000 1020 1785 1056">
    <p class='ocr_par' dir='ltr' id='par_1_65' title="bbox 1000 1020 1785 1056">
     <span class='ocr_line' id='line_1_65' title="bbox 1000 1020 1785 1056; baseline 0.001 -10"><span class='ocrx_word' id='word_1_411' title='bbox 1000 1025 1022 1047; x_wconf 71' lang='lat' dir='ltr'><strong>et</strong></span> <span class='ocrx_word' id='word_1_412' title='bbox 1044 1020 1185 1047; x_wconf 74' lang='lat' dir='ltr'><strong>orthodoxe</strong></span> <span class='ocrx_word' id='word_1_413' title='bbox 1204 1029 1264 1048; x_wconf 77' lang='lat' dir='ltr'><strong>sum</strong></span> <span class='ocrx_word' id='word_1_414' title='bbox 1285 1022 1400 1053; x_wconf 73' lang='lat' dir='ltr'><strong>edoctus,</strong></span> <span class='ocrx_word' id='word_1_415' title='bbox 1421 1026 1445 1048; x_wconf 86' lang='lat' dir='ltr'><strong>et</strong></span> <span class='ocrx_word' id='word_1_416' title='bbox 1464 1021 1544 1056; x_wconf 78' lang='lat'><strong>198</strong></span> <span class='ocrx_word' id='word_1_417' title='bbox 1560 1022 1701 1048; x_wconf 74' lang='lat' dir='ltr'><strong>orthodoxe</strong></span> <span class='ocrx_word' id='word_1_418' title='bbox 1718 1030 1785 1056; x_wconf 69' lang='lat' dir='ltr'><strong>pra:-</strong></span> 
     </span>
    </p>
   </div>
   <div class='ocr_carea' id='block_1_66' title="bbox 998 1065 1788 1101">
    <p class='ocr_par' dir='ltr' id='par_1_66' title="bbox 998 1065 1788 1101">
     <span class='ocr_line' id='line_1_66' title="bbox 998 1065 1788 1101; baseline 0.001 -8"><span class='ocrx_word' id='word_1_419' title='bbox 998 1067 1101 1099; x_wconf 79' lang='lat' dir='ltr'><strong>rlicavi;</strong></span> <span class='ocrx_word' id='word_1_420' title='bbox 1133 1071 1157 1093; x_wconf 79' lang='lat' dir='ltr'><strong>et</strong></span> <span class='ocrx_word' id='word_1_421' title='bbox 1186 1076 1237 1093; x_wconf 88' lang='lat' dir='ltr'><strong>non</strong></span> <span class='ocrx_word' id='word_1_422' title='bbox 1261 1067 1347 1094; x_wconf 76' lang='lat' dir='ltr'><strong>solum</strong></span> <span class='ocrx_word' id='word_1_423' title='bbox 1364 1067 1514 1094; x_wconf 70' lang='lat' dir='ltr'><strong>Nestorium</strong></span> <span class='ocrx_word' id='word_1_424' title='bbox 1542 1072 1566 1094; x_wconf 73' lang='lat' dir='ltr'><strong>at</strong></span> <span class='ocrx_word' id='word_1_425' title='bbox 1581 1065 1726 1101; x_wconf 76' lang='lat' dir='ltr'><strong>Eutychen,</strong></span> <span class='ocrx_word' id='word_1_426' title='bbox 1743 1068 1788 1094; x_wconf 75' lang='lat' dir='ltr'><strong>sed</strong></span> 
     </span>
    </p>
   </div>
   <div class='ocr_carea' id='block_1_67' title="bbox 998 1113 1787 1148">
    <p class='ocr_par' dir='ltr' id='par_1_67' title="bbox 998 1113 1787 1148">
     <span class='ocr_line' id='line_1_67' title="bbox 998 1113 1787 1148; baseline 0.001 -10"><span class='ocrx_word' id='word_1_427' title='bbox 998 1117 1021 1138; x_wconf 77' lang='lat' dir='ltr'><strong>et</strong></span> <span class='ocrx_word' id='word_1_428' title='bbox 1041 1120 1144 1139; x_wconf 84' lang='lat' dir='ltr'><strong>omnem</strong></span> <span class='ocrx_word' id='word_1_429' title='bbox 1167 1113 1308 1145; x_wconf 78' lang='lat' dir='ltr'><strong>hominem,</strong></span> <span class='ocrx_word' id='word_1_430' title='bbox 1325 1113 1370 1148; x_wconf 85' lang='lat' dir='ltr'><strong>qui</strong></span> <span class='ocrx_word' id='word_1_431' title='bbox 1400 1117 1467 1139; x_wconf 77' lang='lat' dir='ltr'><strong>recte</strong></span> <span class='ocrx_word' id='word_1_432' title='bbox 1494 1121 1545 1139; x_wconf 88' lang='lat' dir='ltr'><strong>non</strong></span> <span class='ocrx_word' id='word_1_433' title='bbox 1570 1118 1649 1147; x_wconf 68' lang='lat' dir='ltr'><strong>sapit;</strong></span> <span class='ocrx_word' id='word_1_434' title='bbox 1670 1121 1787 1144; x_wconf 73' lang='lat' dir='ltr'><strong>ticcrsor,</strong></span> 
     </span>
    </p>
   </div>
   <div class='ocr_carea' id='block_1_68' title="bbox 998 1158 1309 1186">
    <p class='ocr_par' dir='ltr' id='par_1_68' title="bbox 998 1158 1309 1186">
     <span class='ocr_line' id='line_1_68' title="bbox 998 1158 1309 1186; baseline 0.003 -1"><span class='ocrx_word' id='word_1_435' title='bbox 998 1163 1022 1185; x_wconf 81' lang='lat' dir='ltr'><strong>et</strong></span> <span class='ocrx_word' id='word_1_436' title='bbox 1044 1158 1161 1185; x_wconf 78' lang='lat' dir='ltr'><strong>alienant</strong></span> <span class='ocrx_word' id='word_1_437' title='bbox 1179 1159 1309 1186; x_wconf 63' lang='lat' dir='ltr'><strong>existima.</strong></span> 
     </span>
    </p>
   </div>
   <div class='ocr_carea' id='block_1_69' title="bbox 1037 1201 1787 1238">
    <p class='ocr_par' dir='ltr' id='par_1_69' title="bbox 1037 1201 1787 1238">
     <span class='ocr_line' id='line_1_69' title="bbox 1037 1201 1787 1238; baseline 0.004 -11"><span class='ocrx_word' id='word_1_438' title='bbox 1037 1211 1045 1226; x_wconf 73' lang='grc' dir='ltr'><strong>ε</strong></span> <span class='ocrx_word' id='word_1_439' title='bbox 1060 1201 1094 1229; x_wconf 87' lang='lat' dir='ltr'><strong>Et</strong></span> <span class='ocrx_word' id='word_1_440' title='bbox 1114 1202 1178 1229; x_wconf 91' lang='lat' dir='ltr'><strong>dum</strong></span> <span class='ocrx_word' id='word_1_441' title='bbox 1201 1202 1307 1230; x_wconf 85' lang='lat' dir='ltr'><strong>diceret</strong></span> <span class='ocrx_word' id='word_1_442' title='bbox 1332 1203 1400 1234; x_wconf 54' lang='lat' dir='ltr'><strong>haec.</strong></span> <span class='ocrx_word' id='word_1_443' title='bbox 1418 1202 1646 1230; x_wconf 78' lang='lat' dir='ltr'><strong>reverendissimi‘</strong></span> <span class='ocrx_word' id='word_1_444' title='bbox 1666 1204 1787 1238; x_wconf 81' lang='lat' dir='ltr'><strong>episcopi</strong></span> 
     </span>
    </p>
   </div>
   <div class='ocr_carea' id='block_1_70' title="bbox 997 1248 1787 1283">
    <p class='ocr_par' dir='ltr' id='par_1_70' title="bbox 997 1248 1787 1283">
     <span class='ocr_line' id='line_1_70' title="bbox 997 1248 1787 1283; baseline 0.001 -9"><span class='ocrx_word' id='word_1_445' title='bbox 997 1248 1187 1276; x_wconf 87' lang='lat' dir='ltr'><strong>clamaverunt</strong></span> <span class='ocrx_word' id='word_1_446' title='bbox 1202 1258 1207 1275; x_wconf 93' lang='lat'>:</span> <span class='ocrx_word' id='word_1_447' title='bbox 1227 1248 1305 1276; x_wconf 78' lang='lat' dir='ltr'><strong>Clare</strong></span> <span class='ocrx_word' id='word_1_448' title='bbox 1322 1250 1363 1276; x_wconf 82' lang='lat' dir='ltr'><strong>dic</strong></span> <span class='ocrx_word' id='word_1_449' title='bbox 1386 1250 1528 1276; x_wconf 73' lang='lat' dir='ltr'><strong>anathema</strong></span> <span class='ocrx_word' id='word_1_450' title='bbox 1546 1249 1664 1276; x_wconf 76' lang='lat' dir='ltr'><strong>Nrstorio</strong></span> <span class='ocrx_word' id='word_1_451' title='bbox 1679 1254 1704 1276; x_wconf 81' lang='lat' dir='ltr'><strong>et</strong></span> <span class='ocrx_word' id='word_1_452' title='bbox 1721 1249 1787 1283; x_wconf 81' lang='lat' dir='ltr'><strong>dog-</strong></span> 
     </span>
    </p>
   </div>
   <div class='ocr_carea' id='block_1_71' title="bbox 999 1294 1787 1328">
    <p class='ocr_par' dir='ltr' id='par_1_71' title="bbox 999 1294 1787 1328">
     <span class='ocr_line' id='line_1_71' title="bbox 999 1294 1787 1328; baseline 0.003 -10"><span class='ocrx_word' id='word_1_453' title='bbox 999 1294 1113 1321; x_wconf 78' lang='lat' dir='ltr'><strong>matibus</strong></span> <span class='ocrx_word' id='word_1_454' title='bbox 1140 1294 1213 1328; x_wconf 76' lang='lat' dir='ltr'><strong>ejus;</strong></span> <span class='ocrx_word' id='word_1_455' title='bbox 1232 1295 1374 1321; x_wconf 84' lang='lat' dir='ltr'><strong>anathema</strong></span> <span class='ocrx_word' id='word_1_456' title='bbox 1388 1294 1508 1321; x_wconf 79' lang='lat' dir='ltr'><strong>Nestorio</strong></span> <span class='ocrx_word' id='word_1_457' title='bbox 1519 1299 1543 1320; x_wconf 79' lang='lat' dir='ltr'><strong>et</strong></span> <span class='ocrx_word' id='word_1_458' title='bbox 1555 1294 1705 1321; x_wconf 71' lang='lat' dir='ltr'><strong>amantibus</strong></span> <span class='ocrx_word' id='word_1_459' title='bbox 1719 1302 1787 1320; x_wconf 79' lang='lat' dir='ltr'><strong>eum.</strong></span> 
     </span>
    </p>
   </div>
   <div class='ocr_carea' id='block_1_72' title="bbox 1038 1334 1786 1373">
    <p class='ocr_par' dir='ltr' id='par_1_72' title="bbox 1038 1334 1786 1373">
     <span class='ocr_line' id='line_1_72' title="bbox 1038 1334 1786 1373; baseline 0.001 -9"><span class='ocrx_word' id='word_1_460' title='bbox 1038 1348 1046 1363; x_wconf 73' lang='grc' dir='ltr'>ι</span> <span class='ocrx_word' id='word_1_461' title='bbox 1068 1338 1260 1366; x_wconf 83' lang='lat' dir='ltr'><strong>Theodoretus</strong></span> <span class='ocrx_word' id='word_1_462' title='bbox 1276 1334 1681 1373; x_wconf 84' lang='lat' dir='ltr'><strong>reverendissimus&#39;episcopus</strong></span> <span class='ocrx_word' id='word_1_463' title='bbox 1695 1338 1764 1365; x_wconf 82' lang='lat' dir='ltr'><strong>dixit</strong></span> <span class='ocrx_word' id='word_1_464' title='bbox 1778 1345 1786 1365; x_wconf 84' lang='grc'><strong>;</strong></span> 
     </span>
    </p>
   </div>
   <div class='ocr_carea' id='block_1_73' title="bbox 1000 1383 1788 1419">
    <p class='ocr_par' dir='ltr' id='par_1_73' title="bbox 1000 1383 1788 1419">
     <span class='ocr_line' id='line_1_73' title="bbox 1000 1383 1788 1419; baseline 0.001 -9"><span class='ocrx_word' id='word_1_465' title='bbox 1000 1384 1064 1410; x_wconf 84' lang='lat' dir='ltr'><strong>Vere</strong></span> <span class='ocrx_word' id='word_1_466' title='bbox 1090 1392 1140 1410; x_wconf 88' lang='lat' dir='ltr'><strong>non</strong></span> <span class='ocrx_word' id='word_1_467' title='bbox 1161 1384 1228 1415; x_wconf 83' lang='lat' dir='ltr'><strong>dico,</strong></span> <span class='ocrx_word' id='word_1_468' title='bbox 1258 1384 1309 1411; x_wconf 71' lang='lat' dir='ltr'><strong>nisi</strong></span> <span class='ocrx_word' id='word_1_469' title='bbox 1339 1387 1475 1419; x_wconf 82' lang='lat' dir='ltr'><strong>quomodo</strong></span> <span class='ocrx_word' id='word_1_470' title='bbox 1500 1385 1558 1410; x_wconf 83' lang='lat' dir='ltr'><strong>novi</strong></span> <span class='ocrx_word' id='word_1_471' title='bbox 1586 1383 1639 1410; x_wconf 77' lang='lat' dir='ltr'><strong>Deo</strong></span> <span class='ocrx_word' id='word_1_472' title='bbox 1670 1383 1788 1419; x_wconf 78' lang='lat' dir='ltr'><strong>placere.</strong></span> 
     </span>
    </p>
   </div>
   <div class='ocr_carea' id='block_1_74' title="bbox 998 1429 1787 1464">
    <p class='ocr_par' dir='ltr' id='par_1_74' title="bbox 998 1429 1787 1464">
     <span class='ocr_line' id='line_1_74' title="bbox 998 1429 1787 1464; baseline 0 -9"><span class='ocrx_word' id='word_1_473' title='bbox 998 1429 1077 1456; x_wconf 78' lang='lat' dir='ltr'><strong>Prius</strong></span> <span class='ocrx_word' id='word_1_474' title='bbox 1092 1429 1227 1464; x_wconf 78' lang='lat' dir='ltr'><strong>satisfacio</strong></span> <span class='ocrx_word' id='word_1_475' title='bbox 1242 1429 1321 1461; x_wconf 73' lang='lat' dir='ltr'><strong>nobis,</strong></span> <span class='ocrx_word' id='word_1_476' title='bbox 1343 1429 1405 1464; x_wconf 81' lang='lat' dir='ltr'><strong>quia</strong></span> <span class='ocrx_word' id='word_1_477' title='bbox 1428 1437 1511 1464; x_wconf 78' lang='lat' dir='ltr'><strong>neque</strong></span> <span class='ocrx_word' id='word_1_478' title='bbox 1528 1429 1559 1456; x_wconf 72' lang='lat' dir='ltr'><strong>de</strong></span> <span class='ocrx_word' id='word_1_479' title='bbox 1574 1429 1677 1455; x_wconf 78' lang='lat' dir='ltr'><strong>civitate</strong></span> <span class='ocrx_word' id='word_1_480' title='bbox 1694 1429 1787 1464; x_wconf 79' lang='lat' dir='ltr'><strong>cogita,</strong></span> 
     </span>
    </p>
   </div>
   <div class='ocr_carea' id='block_1_75' title="bbox 1000 1475 1789 1511">
    <p class='ocr_par' dir='ltr' id='par_1_75' title="bbox 1000 1475 1789 1511">
     <span class='ocr_line' id='line_1_75' title="bbox 1000 1475 1789 1511; baseline 0 -9"><span class='ocrx_word' id='word_1_481' title='bbox 1000 1484 1082 1511; x_wconf 80' lang='lat' dir='ltr'><strong>neque</strong></span> <span class='ocrx_word' id='word_1_482' title='bbox 1101 1477 1198 1503; x_wconf 79' lang='lat' dir='ltr'><strong>honore</strong></span> <span class='ocrx_word' id='word_1_483' title='bbox 1217 1484 1280 1511; x_wconf 78' lang='lat' dir='ltr'><strong>opus</strong></span> <span class='ocrx_word' id='word_1_484' title='bbox 1295 1476 1387 1507; x_wconf 78' lang='lat' dir='ltr'><strong>habeo,</strong></span> <span class='ocrx_word' id='word_1_485' title='bbox 1401 1483 1484 1510; x_wconf 79' lang='lat' dir='ltr'><strong>neque</strong></span> <span class='ocrx_word' id='word_1_486' title='bbox 1501 1475 1535 1502; x_wconf 73' lang='lat' dir='ltr'><strong>ob</strong></span> <span class='ocrx_word' id='word_1_487' title='bbox 1548 1476 1596 1502; x_wconf 81' lang='lat' dir='ltr'><strong>hoc</strong></span> <span class='ocrx_word' id='word_1_488' title='bbox 1621 1476 1732 1508; x_wconf 80' lang='lat' dir='ltr'><strong>adveni;</strong></span> <span class='ocrx_word' id='word_1_489' title='bbox 1744 1477 1789 1502; x_wconf 71' lang='lat' dir='ltr'><strong>sed</strong></span> 
     </span>
    </p>
   </div>
   <div class='ocr_carea' id='block_1_76' title="bbox 999 1521 1790 1556">
    <p class='ocr_par' dir='ltr' id='par_1_76' title="bbox 999 1521 1790 1556">
     <span class='ocr_line' id='line_1_76' title="bbox 999 1521 1790 1556; baseline 0 -8"><span class='ocrx_word' id='word_1_490' title='bbox 999 1522 1061 1556; x_wconf 83' lang='lat' dir='ltr'><strong>quia</strong></span> <span class='ocrx_word' id='word_1_491' title='bbox 1078 1521 1240 1548; x_wconf 79' lang='lat' dir='ltr'><strong>calumniam</strong></span> <span class='ocrx_word' id='word_1_492' title='bbox 1264 1529 1356 1556; x_wconf 72' lang='lat' dir='ltr'><strong>passus</strong></span> <span class='ocrx_word' id='word_1_493' title='bbox 1381 1530 1450 1552; x_wconf 72' lang='lat' dir='ltr'><strong>sum,</strong></span> <span class='ocrx_word' id='word_1_494' title='bbox 1479 1522 1545 1548; x_wconf 78' lang='lat' dir='ltr'><strong>veni‘</strong></span> <span class='ocrx_word' id='word_1_495' title='bbox 1561 1521 1724 1555; x_wconf 74' lang='lat' dir='ltr'><strong>satisfacere,</strong></span> <span class='ocrx_word' id='word_1_496' title='bbox 1750 1529 1790 1548; x_wconf 85' lang='lat' dir='ltr'><strong>me</strong></span> 
     </span>
    </p>
   </div>
   <div class='ocr_carea' id='block_1_77' title="bbox 997 1568 1790 1602">
    <p class='ocr_par' dir='ltr' id='par_1_77' title="bbox 997 1568 1790 1602">
     <span class='ocr_line' id='line_1_77' title="bbox 997 1568 1790 1602; baseline -0.001 -8"><span class='ocrx_word' id='word_1_497' title='bbox 997 1576 1051 1594; x_wconf 73' lang='lat' dir='ltr'><strong>esse</strong></span> <span class='ocrx_word' id='word_1_498' title='bbox 1068 1568 1250 1598; x_wconf 62' lang='lat' dir='ltr'><strong>orthodoxam,</strong></span> <span class='ocrx_word' id='word_1_499' title='bbox 1267 1571 1295 1594; x_wconf 71' lang='lat' dir='ltr'><strong>et</strong></span> <span class='ocrx_word' id='word_1_500' title='bbox 1308 1575 1410 1594; x_wconf 75' lang='lat' dir='ltr'><strong>omnem</strong></span> <span class='ocrx_word' id='word_1_501' title='bbox 1434 1568 1593 1598; x_wconf 73' lang='lat' dir='ltr'><strong>hwreticum,</strong></span> <span class='ocrx_word' id='word_1_502' title='bbox 1615 1568 1659 1602; x_wconf 83' lang='lat' dir='ltr'><strong>qui</strong></span> <span class='ocrx_word' id='word_1_503' title='bbox 1675 1568 1790 1594; x_wconf 75' lang='lat' dir='ltr'><strong>converti</strong></span> 
     </span>
    </p>
   </div>
   <div class='ocr_carea' id='block_1_78' title="bbox 999 1612 1787 1648">
    <p class='ocr_par' dir='ltr' id='par_1_78' title="bbox 999 1612 1787 1648">
     <span class='ocr_line' id='line_1_78' title="bbox 999 1612 1787 1648; baseline -0.001 -9"><span class='ocrx_word' id='word_1_504' title='bbox 999 1613 1120 1644; x_wconf 68' lang='lat' dir='ltr'><strong>noluerit,</strong></span> <span class='ocrx_word' id='word_1_505' title='bbox 1141 1613 1346 1643; x_wconf 56' lang='lat' dir='ltr'><strong>anathemati”,</strong></span> <span class='ocrx_word' id='word_1_506' title='bbox 1372 1617 1395 1640; x_wconf 82' lang='lat' dir='ltr'><strong>et</strong></span> <span class='ocrx_word' id='word_1_507' title='bbox 1420 1612 1571 1639; x_wconf 74' lang='lat' dir='ltr'><strong>Nestorium</strong></span> <span class='ocrx_word' id='word_1_508' title='bbox 1590 1616 1613 1639; x_wconf 77' lang='lat' dir='ltr'><strong>et</strong></span> <span class='ocrx_word' id='word_1_509' title='bbox 1643 1612 1787 1648; x_wconf 76' lang='lat' dir='ltr'><strong>Eutychen,</strong></span> 
     </span>
    </p>
   </div>
   <div class='ocr_carea' id='block_1_79' title="bbox 998 1656 1789 1692">
    <p class='ocr_par' dir='ltr' id='par_1_79' title="bbox 998 1656 1789 1692">
     <span class='ocr_line' id='line_1_79' title="bbox 998 1656 1789 1692; baseline -0.001 -9"><span class='ocrx_word' id='word_1_510' title='bbox 998 1662 1022 1683; x_wconf 75' lang='lat' dir='ltr'><strong>et</strong></span> <span class='ocrx_word' id='word_1_511' title='bbox 1045 1665 1149 1683; x_wconf 81' lang='lat' dir='ltr'><strong>omnem</strong></span> <span class='ocrx_word' id='word_1_512' title='bbox 1174 1657 1305 1684; x_wconf 81' lang='lat' dir='ltr'><strong>hominem</strong></span> <span class='ocrx_word' id='word_1_513' title='bbox 1329 1657 1457 1684; x_wconf 65' lang='lat' dir='ltr'><strong>dicentem</strong></span> <span class='ocrx_word' id='word_1_514' title='bbox 1480 1656 1520 1684; x_wconf 78' lang='lat' dir='ltr'><strong>vel</strong></span> <span class='ocrx_word' id='word_1_515' title='bbox 1536 1657 1688 1692; x_wconf 84' lang='lat' dir='ltr'><strong>opinantem</strong></span> <span class='ocrx_word' id='word_1_516' title='bbox 1723 1657 1789 1683; x_wconf 70' lang='lat' dir='ltr'><strong>duo:</strong></span> 
     </span>
    </p>
   </div>
   <div class='ocr_carea' id='block_1_80' title="bbox 998 1702 1301 1736">
    <p class='ocr_par' dir='ltr' id='par_1_80' title="bbox 998 1702 1301 1736">
     <span class='ocr_line' id='line_1_80' title="bbox 998 1702 1301 1736; baseline -0.003 -7"><span class='ocrx_word' id='word_1_517' title='bbox 998 1702 1078 1736; x_wconf 70' lang='lat' dir='ltr'><strong>ﬁlios,</strong></span> <span class='ocrx_word' id='word_1_518' title='bbox 1096 1702 1301 1729; x_wconf 77' lang='lat' dir='ltr'><strong>anathematize.</strong></span> 
     </span>
    </p>
   </div>
   <div class='ocr_carea' id='block_1_81' title="bbox 1039 1747 1788 1782">
    <p class='ocr_par' dir='ltr' id='par_1_81' title="bbox 1039 1747 1788 1782">
     <span class='ocr_line' id='line_1_81' title="bbox 1039 1747 1788 1782; baseline 0 -8"><span class='ocrx_word' id='word_1_519' title='bbox 1039 1757 1047 1773; x_wconf 75' lang='grc' dir='ltr'>ι</span> <span class='ocrx_word' id='word_1_520' title='bbox 1067 1748 1100 1775; x_wconf 83' lang='lat' dir='ltr'><strong>Et</strong></span> <span class='ocrx_word' id='word_1_521' title='bbox 1116 1756 1178 1775; x_wconf 89' lang='lat' dir='ltr'><strong>eum</strong></span> <span class='ocrx_word' id='word_1_522' title='bbox 1192 1748 1306 1779; x_wconf 74' lang='lat' dir='ltr'><strong>diceret.</strong></span> <span class='ocrx_word' id='word_1_523' title='bbox 1320 1747 1541 1775; x_wconf 86' lang='lat' dir='ltr'><strong>reverendissimi</strong></span> <span class='ocrx_word' id='word_1_524' title='bbox 1554 1747 1674 1782; x_wconf 88' lang='lat' dir='ltr'><strong>episcopi</strong></span> <span class='ocrx_word' id='word_1_525' title='bbox 1687 1747 1788 1774; x_wconf 88' lang='lat' dir='ltr'><strong>clama-</strong></span> 
     </span>
    </p>
   </div>
   <div class='ocr_carea' id='block_1_82' title="bbox 999 1793 1789 1829">
    <p class='ocr_par' dir='ltr' id='par_1_82' title="bbox 999 1793 1789 1829">
     <span class='ocr_line' id='line_1_82' title="bbox 999 1793 1789 1829; baseline -0.004 -8"><span class='ocrx_word' id='word_1_526' title='bbox 999 1799 1118 1822; x_wconf 84' lang='lat' dir='ltr'><strong>verunt:</strong></span> <span class='ocrx_word' id='word_1_527' title='bbox 1133 1794 1190 1821; x_wconf 79' lang='lat' dir='ltr'><strong>Dic-</strong></span> <span class='ocrx_word' id='word_1_528' title='bbox 1203 1797 1294 1829; x_wconf 82' lang='lat' dir='ltr'><strong>aperte</strong></span> <span class='ocrx_word' id='word_1_529' title='bbox 1320 1794 1463 1820; x_wconf 78' lang='lat' dir='ltr'><strong>anathema</strong></span> <span class='ocrx_word' id='word_1_530' title='bbox 1484 1793 1615 1825; x_wconf 77' lang='lat' dir='ltr'><strong>Nestorio,</strong></span> <span class='ocrx_word' id='word_1_531' title='bbox 1637 1797 1662 1819; x_wconf 83' lang='lat' dir='ltr'><strong>ct</strong></span> <span class='ocrx_word' id='word_1_532' title='bbox 1679 1793 1720 1824; x_wconf 81' lang='lat' dir='ltr'><strong>iis,</strong></span> <span class='ocrx_word' id='word_1_533' title='bbox 1745 1794 1789 1828; x_wconf 85' lang='lat' dir='ltr'><strong>qui</strong></span> 
     </span>
    </p>
   </div>
   <div class='ocr_carea' id='block_1_83' title="bbox 999 1840 1431 1875">
    <p class='ocr_par' dir='ltr' id='par_1_83' title="bbox 999 1840 1431 1875">
     <span class='ocr_line' id='line_1_83' title="bbox 999 1840 1431 1875; baseline -0.005 -8"><span class='ocrx_word' id='word_1_534' title='bbox 999 1850 1041 1872; x_wconf 83' lang='lat' dir='ltr'><strong>ea,</strong></span> <span class='ocrx_word' id='word_1_535' title='bbox 1064 1848 1124 1875; x_wconf 57' lang='lat' dir='ltr'><strong>qui»</strong></span> <span class='ocrx_word' id='word_1_536' title='bbox 1143 1841 1199 1875; x_wconf 76' lang='lat' dir='ltr'><strong>ejus</strong></span> <span class='ocrx_word' id='word_1_537' title='bbox 1223 1844 1295 1871; x_wconf 78' lang='lat' dir='ltr'><strong>sunt,</strong></span> <span class='ocrx_word' id='word_1_538' title='bbox 1314 1840 1431 1874; x_wconf 79' lang='lat' dir='ltr'><strong>sapiunt.</strong></span> 
     </span>
    </p>
   </div>
   <div class='ocr_carea' id='block_1_84' title="bbox 1038 1884 1787 1919">
    <p class='ocr_par' dir='ltr' id='par_1_84' title="bbox 1038 1884 1787 1919">
     <span class='ocr_line' id='line_1_84' title="bbox 1038 1884 1787 1919; baseline -0.003 -5"><span class='ocrx_word' id='word_1_539' title='bbox 1038 1897 1046 1910; x_wconf 77' lang='grc' dir='ltr'>σ</span> <span class='ocrx_word' id='word_1_540' title='bbox 1064 1886 1255 1914; x_wconf 84' lang='lat' dir='ltr'><strong>Theodoretus</strong></span> <span class='ocrx_word' id='word_1_541' title='bbox 1273 1885 1518 1913; x_wconf 84' lang='lat' dir='ltr'><strong>reverendissimus</strong></span> <span class='ocrx_word' id='word_1_542' title='bbox 1537 1885 1683 1919; x_wconf 84' lang='lat' dir='ltr'><strong>episcopus</strong></span> <span class='ocrx_word' id='word_1_543' title='bbox 1698 1884 1787 1912; x_wconf 78' lang='lat' dir='ltr'><strong>dixit:</strong></span> 
     </span>
    </p>
   </div>
   <div class='ocr_carea' id='block_1_85' title="bbox 1001 1930 1790 1968">
    <p class='ocr_par' dir='ltr' id='par_1_85' title="bbox 1001 1930 1790 1968">
     <span class='ocr_line' id='line_1_85' title="bbox 1001 1930 1790 1968; baseline -0.004 -9"><span class='ocrx_word' id='word_1_544' title='bbox 1001 1933 1056 1968; x_wconf 80' lang='lat' dir='ltr'><strong>Ego</strong></span> <span class='ocrx_word' id='word_1_545' title='bbox 1072 1933 1122 1959; x_wconf 80' lang='lat' dir='ltr'><strong>nisi</strong></span> <span class='ocrx_word' id='word_1_546' title='bbox 1141 1939 1295 1967; x_wconf 66' lang='lat' dir='ltr'><strong>exposuero,</strong></span> <span class='ocrx_word' id='word_1_547' title='bbox 1309 1931 1438 1966; x_wconf 81' lang='lat' dir='ltr'><strong>quomodo</strong></span> <span class='ocrx_word' id='word_1_548' title='bbox 1454 1930 1541 1962; x_wconf 77' lang='lat' dir='ltr'><strong>credo,</strong></span> <span class='ocrx_word' id='word_1_549' title='bbox 1558 1938 1608 1956; x_wconf 90' lang='lat' dir='ltr'><strong>non</strong></span> <span class='ocrx_word' id='word_1_550' title='bbox 1629 1930 1695 1957; x_wconf 87' lang='lat' dir='ltr'><strong>dico.</strong></span> <span class='ocrx_word' id='word_1_551' title='bbox 1713 1931 1790 1957; x_wconf 80' lang='lat' dir='ltr'><strong>credo</strong></span> 
     </span>
    </p>
   </div>
   <div class='ocr_carea' id='block_1_86' title="bbox 1000 1983 1098 2006">
    <p class='ocr_par' dir='ltr' id='par_1_86' title="bbox 1000 1983 1098 2006">
     <span class='ocr_line' id='line_1_86' title="bbox 1000 1983 1098 2006; baseline 0 -1"><span class='ocrx_word' id='word_1_552' title='bbox 1000 1983 1098 2006; x_wconf 74' lang='lat' dir='ltr'><strong>autem.</strong></span> 
     </span>
    </p>
   </div>
   <div class='ocr_carea' id='block_1_87' title="bbox 1039 2023 1786 2058">
    <p class='ocr_par' dir='ltr' id='par_1_87' title="bbox 1039 2023 1786 2058">
     <span class='ocr_line' id='line_1_87' title="bbox 1039 2023 1786 2058; baseline 0.003 -9"><span class='ocrx_word' id='word_1_553' title='bbox 1039 2034 1048 2049; x_wconf 70' lang='grc' dir='ltr'><em>ς</em></span> <span class='ocrx_word' id='word_1_554' title='bbox 1063 2027 1072 2034; x_wconf 87' lang='grc'><strong>⁹</strong></span> <span class='ocrx_word' id='word_1_555' title='bbox 1089 2024 1122 2051; x_wconf 83' lang='lat' dir='ltr'><strong>Et</strong></span> <span class='ocrx_word' id='word_1_556' title='bbox 1139 2032 1200 2051; x_wconf 90' lang='lat' dir='ltr'><strong>cum</strong></span> <span class='ocrx_word' id='word_1_557' title='bbox 1223 2023 1338 2054; x_wconf 84' lang='lat' dir='ltr'><strong>diceret,</strong></span> <span class='ocrx_word' id='word_1_558' title='bbox 1357 2023 1578 2050; x_wconf 83' lang='lat' dir='ltr'><strong>reverendissimi</strong></span> <span class='ocrx_word' id='word_1_559' title='bbox 1598 2023 1719 2058; x_wconf 90' lang='lat' dir='ltr'><strong>episcopi</strong></span> <span class='ocrx_word' id='word_1_560' title='bbox 1735 2023 1786 2051; x_wconf 49' lang='lat' dir='ltr'><strong>cla.</strong></span> 
     </span>
    </p>
   </div>
   <div class='ocr_carea' id='block_1_88' title="bbox 1000 2068 1789 2099">
    <p class='ocr_par' dir='ltr' id='par_1_88' title="bbox 1000 2068 1789 2099">
     <span class='ocr_line' id='line_1_88' title="bbox 1000 2068 1789 2099; baseline -0.004 -2"><span class='ocrx_word' id='word_1_561' title='bbox 1000 2076 1144 2097; x_wconf 77' lang='lat' dir='ltr'><strong>maverunt</strong></span> <span class='ocrx_word' id='word_1_562' title='bbox 1159 2079 1165 2096; x_wconf 88' lang='lat'>:</span> <span class='ocrx_word' id='word_1_563' title='bbox 1182 2070 1234 2096; x_wconf 79' lang='lat' dir='ltr'><strong>Iste</strong></span> <span class='ocrx_word' id='word_1_564' title='bbox 1258 2069 1395 2096; x_wconf 64' lang='lat' dir='ltr'><strong>ha‘reticus</strong></span> <span class='ocrx_word' id='word_1_565' title='bbox 1421 2072 1468 2099; x_wconf 77' lang='lat' dir='ltr'><strong>est.</strong></span> <span class='ocrx_word' id='word_1_566' title='bbox 1486 2069 1533 2095; x_wconf 83' lang='lat' dir='ltr'><strong>istc</strong></span> <span class='ocrx_word' id='word_1_567' title='bbox 1552 2068 1724 2095; x_wconf 68' lang='lat' dir='ltr'><strong>Nestorianus</strong></span> <span class='ocrx_word' id='word_1_568' title='bbox 1740 2073 1789 2099; x_wconf 73' lang='lat' dir='ltr'><strong>est,</strong></span> 
     </span>
    </p>
   </div>
   <div class='ocr_carea' id='block_1_89' title="bbox 1000 2115 1354 2150">
    <p class='ocr_par' dir='ltr' id='par_1_89' title="bbox 1000 2115 1354 2150">
     <span class='ocr_line' id='line_1_89' title="bbox 1000 2115 1354 2150; baseline -0.006 -8"><span class='ocrx_word' id='word_1_569' title='bbox 1000 2116 1149 2143; x_wconf 76' lang='lat' dir='ltr'><strong>Iuerrticum</strong></span> <span class='ocrx_word' id='word_1_570' title='bbox 1173 2115 1246 2150; x_wconf 73' lang='lat' dir='ltr'><strong>[oras</strong></span> <span class='ocrx_word' id='word_1_571' title='bbox 1273 2115 1354 2141; x_wconf 81' lang='lat' dir='ltr'><strong>mitte.</strong></span> 
     </span>
    </p>
   </div>
   <div class='ocr_carea' id='block_1_90' title="bbox 1041 2160 1786 2194">
    <p class='ocr_par' dir='ltr' id='par_1_90' title="bbox 1041 2160 1786 2194">
     <span class='ocr_line' id='line_1_90' title="bbox 1041 2160 1786 2194; baseline -0.001 -7"><span class='ocrx_word' id='word_1_572' title='bbox 1041 2172 1049 2187; x_wconf 76' lang='grc' dir='ltr'>ι</span> <span class='ocrx_word' id='word_1_573' title='bbox 1065 2162 1257 2189; x_wconf 84' lang='lat' dir='ltr'><strong>Thcodoretus</strong></span> <span class='ocrx_word' id='word_1_574' title='bbox 1274 2160 1521 2188; x_wconf 69' lang='lat' dir='ltr'><strong>rererendissin‘tus</strong></span> <span class='ocrx_word' id='word_1_575' title='bbox 1538 2161 1684 2194; x_wconf 76' lang='lat' dir='ltr'><strong>episcopus</strong></span> <span class='ocrx_word' id='word_1_576' title='bbox 1703 2160 1786 2187; x_wconf 83' lang='lat' dir='ltr'><strong>dixit:</strong></span> 
     </span>
    </p>
   </div>
   <div class='ocr_carea' id='block_1_91' title="bbox 192 2205 1788 2242">
    <p class='ocr_par' dir='ltr' id='par_1_91' title="bbox 192 2205 1788 2242">
     <span class='ocr_line' id='line_1_91' title="bbox 192 2205 1788 2242; baseline 0 -10"><span class='ocrx_word' id='word_1_577' title='bbox 192 2205 260 2236; x_wconf 83' lang='lat' dir='ltr'><strong>Cum</strong></span> <span class='ocrx_word' id='word_1_578' title='bbox 285 2206 391 2233; x_wconf 85' lang='lat' dir='ltr'><strong>actione</strong></span> <span class='ocrx_word' id='word_1_579' title='bbox 402 2206 521 2234; x_wconf 85' lang='lat' dir='ltr'><strong>secunda</strong></span> <span class='ocrx_word' id='word_1_580' title='bbox 533 2207 602 2234; x_wconf 86' lang='lat' dir='ltr'><strong>lecta</strong></span> <span class='ocrx_word' id='word_1_581' title='bbox 615 2212 687 2234; x_wconf 85' lang='lat' dir='ltr'><strong>esset</strong></span> <span class='ocrx_word' id='word_1_582' title='bbox 705 2207 834 2242; x_wconf 72' lang='lat' dir='ltr'><strong>synodica</strong></span> <span class='ocrx_word' id='word_1_583' title='bbox 848 2207 947 2235; x_wconf 88' lang='lat' dir='ltr'><strong>Leonis</strong></span> <span class='ocrx_word' id='word_1_584' title='bbox 964 2209 985 2238; x_wconf 79' lang='lat' dir='ltr'><strong>D</strong></span> <span class='ocrx_word' id='word_1_585' title='bbox 1000 2209 1147 2236; x_wconf 75' lang='lat' dir='ltr'><strong>Anathcma</strong></span> <span class='ocrx_word' id='word_1_586' title='bbox 1159 2207 1278 2234; x_wconf 77' lang='lat' dir='ltr'><strong>Nestorio</strong></span> <span class='ocrx_word' id='word_1_587' title='bbox 1293 2211 1317 2233; x_wconf 76' lang='lat' dir='ltr'><strong>rt</strong></span> <span class='ocrx_word' id='word_1_588' title='bbox 1331 2207 1364 2239; x_wconf 79' lang='lat' dir='ltr'><strong>ei,</strong></span> <span class='ocrx_word' id='word_1_589' title='bbox 1378 2208 1421 2242; x_wconf 88' lang='lat' dir='ltr'><strong>qui</strong></span> <span class='ocrx_word' id='word_1_590' title='bbox 1436 2215 1487 2233; x_wconf 88' lang='lat' dir='ltr'><strong>non</strong></span> <span class='ocrx_word' id='word_1_591' title='bbox 1500 2207 1559 2232; x_wconf 71' lang='lat' dir='ltr'><strong>dicit</strong></span> <span class='ocrx_word' id='word_1_592' title='bbox 1577 2206 1624 2233; x_wconf 69' lang='lat' dir='ltr'><strong>Dei</strong></span> <span class='ocrx_word' id='word_1_593' title='bbox 1638 2207 1788 2241; x_wconf 69' lang='lat' dir='ltr'><strong>genitricem</strong></span> 
     </span>
    </p>
   </div>
   <div class='ocr_carea' id='block_1_92' title="bbox 156 2250 947 2287">
    <p class='ocr_par' dir='ltr' id='par_1_92' title="bbox 156 2250 947 2287">
     <span class='ocr_line' id='line_1_92' title="bbox 156 2250 947 2287; baseline 0.004 -10"><span class='ocrx_word' id='word_1_594' title='bbox 156 2250 245 2286; x_wconf 77' lang='lat' dir='ltr'><strong>Magni</strong></span> <span class='ocrx_word' id='word_1_595' title='bbox 268 2251 301 2278; x_wconf 88' lang='lat' dir='ltr'><strong>ad</strong></span> <span class='ocrx_word' id='word_1_596' title='bbox 326 2251 483 2278; x_wconf 83' lang='lat' dir='ltr'><strong>Flavianum</strong></span> <span class='ocrx_word' id='word_1_597' title='bbox 506 2252 538 2284; x_wconf 76' lang='lat'><strong>&quot;,</strong></span> <span class='ocrx_word' id='word_1_598' title='bbox 564 2251 693 2287; x_wconf 84' lang='lat' dir='ltr'><strong>illiusque</strong></span> <span class='ocrx_word' id='word_1_599' title='bbox 723 2257 777 2280; x_wconf 84' lang='lat' dir='ltr'><strong>tres</strong></span> <span class='ocrx_word' id='word_1_600' title='bbox 805 2253 947 2280; x_wconf 65' lang='lat' dir='ltr'><strong>sententiae</strong></span> 
     </span>
    </p>
   </div>
   <div class='ocr_carea' id='block_1_93' title="bbox 156 2297 945 2333">
    <p class='ocr_par' dir='ltr' id='par_1_93' title="bbox 156 2297 945 2333">
     <span class='ocr_line' id='line_1_93' title="bbox 156 2297 945 2333; baseline 0.004 -10"><span class='ocrx_word' id='word_1_601' title='bbox 156 2297 322 2333; x_wconf 75' lang='lat' dir='ltr'><strong>lllyricianis</strong></span> <span class='ocrx_word' id='word_1_602' title='bbox 343 2305 375 2325; x_wconf 87' lang='lat' dir='ltr'><strong>ac</strong></span> <span class='ocrx_word' id='word_1_603' title='bbox 403 2298 554 2325; x_wconf 64' lang='lat' dir='ltr'><strong>Palaestinis</strong></span> <span class='ocrx_word' id='word_1_604' title='bbox 570 2298 633 2325; x_wconf 75' lang='lat' dir='ltr'><strong>visa:</strong></span> <span class='ocrx_word' id='word_1_605' title='bbox 653 2303 746 2326; x_wconf 89' lang='lat' dir='ltr'><strong>essent</strong></span> <span class='ocrx_word' id='word_1_606' title='bbox 767 2299 945 2331; x_wconf 82' lang='lat' dir='ltr'><strong>dubitabiles,</strong></span> 
     </span>
    </p>
   </div>
   <div class='ocr_carea' id='block_1_94' title="bbox 155 2341 948 2376">
    <p class='ocr_par' dir='ltr' id='par_1_94' title="bbox 155 2341 948 2376">
     <span class='ocr_line' id='line_1_94' title="bbox 155 2341 948 2376; baseline 0.004 -8"><span class='ocrx_word' id='word_1_607' title='bbox 155 2341 264 2376; x_wconf 80' lang='lat' dir='ltr'><strong>priores</strong></span> <span class='ocrx_word' id='word_1_608' title='bbox 284 2342 352 2369; x_wconf 90' lang='lat' dir='ltr'><strong>duas</strong></span> <span class='ocrx_word' id='word_1_609' title='bbox 367 2341 461 2369; x_wconf 77' lang='lat' dir='ltr'><strong>Aelius</strong></span> <span class='ocrx_word' id='word_1_610' title='bbox 476 2342 618 2373; x_wconf 75' lang='lat' dir='ltr'><strong>diaconus,</strong></span> <span class='ocrx_word' id='word_1_611' title='bbox 635 2343 742 2370; x_wconf 82' lang='lat' dir='ltr'><strong>tertiam</strong></span> <span class='ocrx_word' id='word_1_612' title='bbox 758 2343 948 2372; x_wconf 85' lang='lat' dir='ltr'><strong>&#39;l&#39;heodoretus</strong></span> 
     </span>
    </p>
   </div>
   <div class='ocr_carea' id='block_1_95' title="bbox 153 2388 580 2423">
    <p class='ocr_par' dir='ltr' id='par_1_95' title="bbox 153 2388 580 2423">
     <span class='ocr_line' id='line_1_95' title="bbox 153 2388 580 2423; baseline 0 -8"><span class='ocrx_word' id='word_1_613' title='bbox 153 2388 258 2423; x_wconf 76' lang='lat' dir='ltr'><strong>Cyrillo</strong></span> <span class='ocrx_word' id='word_1_614' title='bbox 282 2388 429 2415; x_wconf 85' lang='lat' dir='ltr'><strong>concinere</strong></span> <span class='ocrx_word' id='word_1_615' title='bbox 450 2389 580 2416; x_wconf 91' lang='lat' dir='ltr'><strong>ostendit.</strong></span> 
     </span>
    </p>
   </div>
   <div class='ocr_carea' id='block_1_96' title="bbox 193 2435 947 2470">
    <p class='ocr_par' dir='ltr' id='par_1_96' title="bbox 193 2435 947 2470">
     <span class='ocr_line' id='line_1_96' title="bbox 193 2435 947 2470; baseline 0 -8"><span class='ocrx_word' id='word_1_616' title='bbox 193 2435 221 2462; x_wconf 92' lang='lat' dir='ltr'><strong>Id</strong></span> <span class='ocrx_word' id='word_1_617' title='bbox 237 2442 301 2462; x_wconf 75' lang='lat' dir='ltr'><strong>vero</strong></span> <span class='ocrx_word' id='word_1_618' title='bbox 321 2443 402 2469; x_wconf 89' lang='lat' dir='ltr'><strong>quam</strong></span> <span class='ocrx_word' id='word_1_619' title='bbox 416 2439 523 2470; x_wconf 78' lang='lat' dir='ltr'><strong>gratum</strong></span> <span class='ocrx_word' id='word_1_620' title='bbox 540 2435 673 2462; x_wconf 80' lang='lat' dir='ltr'><strong>acciderit</strong></span> <span class='ocrx_word' id='word_1_621' title='bbox 686 2435 782 2465; x_wconf 84' lang='lat' dir='ltr'><strong>Leoni.</strong></span> <span class='ocrx_word' id='word_1_622' title='bbox 797 2435 947 2463; x_wconf 76' lang='lat' dir='ltr'><strong>ostendunt</strong></span> 
     </span>
    </p>
   </div>
   <div class='ocr_carea' id='block_1_97' title="bbox 153 2476 947 2518">
    <p class='ocr_par' dir='ltr' id='par_1_97' title="bbox 153 2476 947 2518">
     <span class='ocr_line' id='line_1_97' title="bbox 153 2476 947 2518; baseline 0 -8"><span class='ocrx_word' id='word_1_623' title='bbox 153 2476 371 2518; x_wconf 71' lang='lat' dir='ltr'><strong>expressissimis</strong></span> <span class='ocrx_word' id='word_1_624' title='bbox 396 2482 487 2510; x_wconf 69' lang='lat' dir='ltr'><strong>verbis</strong></span> <span class='ocrx_word' id='word_1_625' title='bbox 502 2482 600 2509; x_wconf 64' lang='lat' dir='ltr'><strong>litterae</strong></span> <span class='ocrx_word' id='word_1_626' title='bbox 614 2482 647 2509; x_wconf 82' lang='lat' dir='ltr'><strong>ad</strong></span> <span class='ocrx_word' id='word_1_627' title='bbox 660 2482 862 2508; x_wconf 82' lang='lat' dir='ltr'><strong>Thcodorelum</strong></span> <span class='ocrx_word' id='word_1_628' title='bbox 878 2482 947 2510; x_wconf 74' lang='lat' dir='ltr'><strong>data:</strong></span> 
     </span>
    </p>
   </div>
   <div class='ocr_carea' id='block_1_98' title="bbox 154 2528 945 2563">
    <p class='ocr_par' dir='ltr' id='par_1_98' title="bbox 154 2528 945 2563">
     <span class='ocr_line' id='line_1_98' title="bbox 154 2528 945 2563; baseline 0 -8"><span class='ocrx_word' id='word_1_629' title='bbox 154 2533 217 2563; x_wconf 81' lang='lat' dir='ltr'><strong>post</strong></span> <span class='ocrx_word' id='word_1_630' title='bbox 239 2529 390 2563; x_wconf 83' lang='lat' dir='ltr'><strong>legatorum</strong></span> <span class='ocrx_word' id='word_1_631' title='bbox 414 2528 532 2555; x_wconf 86' lang='lat' dir='ltr'><strong>reditum</strong></span> <span class='ocrx_word' id='word_1_632' title='bbox 550 2528 583 2559; x_wconf 84' lang='grc'><strong>³⁷,</strong></span> <span class='ocrx_word' id='word_1_633' title='bbox 608 2528 709 2562; x_wconf 86' lang='lat' dir='ltr'><strong>quibus</strong></span> <span class='ocrx_word' id='word_1_634' title='bbox 736 2536 815 2555; x_wconf 87' lang='lat' dir='ltr'><strong>suum</strong></span> <span class='ocrx_word' id='word_1_635' title='bbox 838 2528 889 2562; x_wconf 82' lang='lat' dir='ltr'><strong>ipsi</strong></span> <span class='ocrx_word' id='word_1_636' title='bbox 919 2529 945 2555; x_wconf 91' lang='lat' dir='ltr'><strong>in</strong></span> 
     </span>
    </p>
   </div>
   <div class='ocr_carea' id='block_1_99' title="bbox 154 2573 945 2609">
    <p class='ocr_par' dir='ltr' id='par_1_99' title="bbox 154 2573 945 2609">
     <span class='ocr_line' id='line_1_99' title="bbox 154 2573 945 2609; baseline -0.001 -7"><span class='ocrx_word' id='word_1_637' title='bbox 154 2574 256 2602; x_wconf 80' lang='lat' dir='ltr'><strong>litteris</strong></span> <span class='ocrx_word' id='word_1_638' title='bbox 280 2574 437 2608; x_wconf 65' lang='lat' dir='ltr'><strong>apostolicae</strong></span> <span class='ocrx_word' id='word_1_639' title='bbox 455 2574 529 2601; x_wconf 84' lang='lat' dir='ltr'><strong>sedis</strong></span> <span class='ocrx_word' id='word_1_640' title='bbox 547 2573 727 2601; x_wconf 85' lang='lat' dir='ltr'><strong>defendendis</strong></span> <span class='ocrx_word' id='word_1_641' title='bbox 742 2574 862 2602; x_wconf 75' lang='lat' dir='ltr'><strong>studmm</strong></span> <span class='ocrx_word' id='word_1_642' title='bbox 886 2582 945 2609; x_wconf 76' lang='lat' dir='ltr'><strong>gra-</strong></span> 
     </span>
    </p>
   </div>
   <div class='ocr_carea' id='block_1_100' title="bbox 155 2621 269 2647">
    <p class='ocr_par' dir='ltr' id='par_1_100' title="bbox 155 2621 269 2647">
     <span class='ocr_line' id='line_1_100' title="bbox 155 2621 269 2647; baseline 0 -1"><span class='ocrx_word' id='word_1_643' title='bbox 155 2621 269 2647; x_wconf 85' lang='lat' dir='ltr'><strong>tulatur.</strong></span> 
     </span>
    </p>
   </div>
   <div class='ocr_carea' id='block_1_101' title="bbox 191 2665 946 2693">
    <p class='ocr_par' dir='ltr' id='par_1_101' title="bbox 191 2665 946 2693">
     <span class='ocr_line' id='line_1_101' title="bbox 191 2665 946 2693; baseline 0 -1"><span class='ocrx_word' id='word_1_644' title='bbox 191 2665 224 2692; x_wconf 75' lang='lat' dir='ltr'><strong>X.</strong></span> <span class='ocrx_word' id='word_1_645' title='bbox 258 2665 400 2693; x_wconf 75' lang='lat' dir='ltr'><strong>Actionem</strong></span> <span class='ocrx_word' id='word_1_646' title='bbox 425 2670 547 2692; x_wconf 71' lang='lat' dir='ltr'><strong>octavam</strong></span> <span class='ocrx_word' id='word_1_647' title='bbox 579 2674 631 2692; x_wconf 85' lang='lat' dir='ltr'><strong>una</strong></span> <span class='ocrx_word' id='word_1_648' title='bbox 657 2665 713 2692; x_wconf 81' lang='lat' dir='ltr'><strong>fere.</strong></span> <span class='ocrx_word' id='word_1_649' title='bbox 745 2669 827 2691; x_wconf 85' lang='lat' dir='ltr'><strong>totam</strong></span> <span class='ocrx_word' id='word_1_650' title='bbox 859 2666 946 2692; x_wconf 74' lang='lat' dir='ltr'><strong>tenuit</strong></span> 
     </span>
    </p>
   </div>
   <div class='ocr_carea' id='block_1_102' title="bbox 154 2711 945 2746">
    <p class='ocr_par' dir='ltr' id='par_1_102' title="bbox 154 2711 945 2746">
     <span class='ocr_line' id='line_1_102' title="bbox 154 2711 945 2746; baseline -0.003 -7"><span class='ocrx_word' id='word_1_651' title='bbox 154 2711 322 2739; x_wconf 81' lang='lat' dir='ltr'><strong>Theodoreti</strong></span> <span class='ocrx_word' id='word_1_652' title='bbox 349 2720 442 2743; x_wconf 83' lang='lat' dir='ltr'><strong>causa,</strong></span> <span class='ocrx_word' id='word_1_653' title='bbox 463 2720 524 2746; x_wconf 64' lang='lat' dir='ltr'><strong>qua-</strong></span> <span class='ocrx_word' id='word_1_654' title='bbox 546 2712 684 2746; x_wconf 76' lang='lat' dir='ltr'><strong>quoniotlo</strong></span> <span class='ocrx_word' id='word_1_655' title='bbox 709 2711 734 2738; x_wconf 90' lang='lat' dir='ltr'><strong>in</strong></span> <span class='ocrx_word' id='word_1_656' title='bbox 763 2712 837 2738; x_wconf 62' lang='lat' dir='ltr'><strong>At&#39;lis</strong></span> <span class='ocrx_word' id='word_1_657' title='bbox 857 2712 945 2738; x_wconf 77' lang='lat' dir='ltr'><strong>consi-</strong></span> 
     </span>
    </p>
   </div>
   <div class='ocr_carea' id='block_1_103' title="bbox 1003 2251 1788 2288">
    <p class='ocr_par' dir='ltr' id='par_1_103' title="bbox 1003 2251 1788 2288">
     <span class='ocr_line' id='line_1_103' title="bbox 1003 2251 1788 2288; baseline -0.003 -9"><span class='ocrx_word' id='word_1_658' title='bbox 1003 2253 1131 2288; x_wconf 80' lang='lat' dir='ltr'><strong>Virginem</strong></span> <span class='ocrx_word' id='word_1_659' title='bbox 1144 2252 1267 2282; x_wconf 84' lang='lat' dir='ltr'><strong>Mariam.</strong></span> <span class='ocrx_word' id='word_1_660' title='bbox 1284 2256 1308 2277; x_wconf 82' lang='lat' dir='ltr'><strong>et</strong></span> <span class='ocrx_word' id='word_1_661' title='bbox 1327 2253 1371 2286; x_wconf 87' lang='lat' dir='ltr'><strong>qui</strong></span> <span class='ocrx_word' id='word_1_662' title='bbox 1383 2252 1409 2277; x_wconf 84' lang='lat' dir='ltr'><strong>in</strong></span> <span class='ocrx_word' id='word_1_663' title='bbox 1420 2251 1484 2277; x_wconf 85' lang='lat' dir='ltr'><strong>duos</strong></span> <span class='ocrx_word' id='word_1_664' title='bbox 1499 2251 1567 2285; x_wconf 80' lang='lat' dir='ltr'><strong>ﬁlios</strong></span> <span class='ocrx_word' id='word_1_665' title='bbox 1580 2252 1694 2286; x_wconf 86' lang='lat' dir='ltr'><strong>partitur</strong></span> <span class='ocrx_word' id='word_1_666' title='bbox 1709 2259 1788 2278; x_wconf 84' lang='lat' dir='ltr'><strong>umnn</strong></span> 
     </span>
    </p>
   </div>
   <div class='ocr_carea' id='block_1_104' title="bbox 1000 2295 1788 2333">
    <p class='ocr_par' dir='ltr' id='par_1_104' title="bbox 1000 2295 1788 2333">
     <span class='ocr_line' id='line_1_104' title="bbox 1000 2295 1788 2333; baseline -0.004 -8"><span class='ocrx_word' id='word_1_667' title='bbox 1000 2298 1096 2325; x_wconf 73' lang='lat' dir='ltr'><strong>Filium</strong></span> <span class='ocrx_word' id='word_1_668' title='bbox 1117 2297 1292 2333; x_wconf 76' lang='lat' dir='ltr'><strong>unigenitum.</strong></span> <span class='ocrx_word' id='word_1_669' title='bbox 1322 2295 1377 2332; x_wconf 73' lang='lat' dir='ltr'><strong>Ego</strong></span> <span class='ocrx_word' id='word_1_670' title='bbox 1408 2301 1496 2322; x_wconf 76' lang='lat' dir='ltr'><strong>autem</strong></span> <span class='ocrx_word' id='word_1_671' title='bbox 1512 2301 1535 2322; x_wconf 70' lang='lat' dir='ltr'><strong>rt</strong></span> <span class='ocrx_word' id='word_1_672' title='bbox 1565 2296 1627 2330; x_wconf 74' lang='lat' dir='ltr'><strong>ﬁdei</strong></span> <span class='ocrx_word' id='word_1_673' title='bbox 1644 2296 1788 2330; x_wconf 67' lang='lat' dir='ltr'><strong>definitioni</strong></span> 
     </span>
    </p>
   </div>
   <div class='ocr_carea' id='block_1_105' title="bbox 998 2341 1789 2378">
    <p class='ocr_par' dir='ltr' id='par_1_105' title="bbox 998 2341 1789 2378">
     <span class='ocr_line' id='line_1_105' title="bbox 998 2341 1789 2378; baseline -0.004 -9"><span class='ocrx_word' id='word_1_674' title='bbox 998 2343 1148 2378; x_wconf 71' lang='lat' dir='ltr'><strong>subscripsi,</strong></span> <span class='ocrx_word' id='word_1_675' title='bbox 1170 2347 1193 2368; x_wconf 82' lang='lat' dir='ltr'><strong>ct</strong></span> <span class='ocrx_word' id='word_1_676' title='bbox 1206 2341 1322 2376; x_wconf 72' lang='lat' dir='ltr'><strong>cpistolw</strong></span> <span class='ocrx_word' id='word_1_677' title='bbox 1339 2342 1499 2368; x_wconf 73' lang='lat' dir='ltr'><strong>sanctissimi</strong></span> <span class='ocrx_word' id='word_1_678' title='bbox 1512 2346 1535 2367; x_wconf 69' lang='lat' dir='ltr'><strong>ct</strong></span> <span class='ocrx_word' id='word_1_679' title='bbox 1554 2341 1599 2367; x_wconf 69' lang='lat' dir='ltr'><strong>hci</strong></span> <span class='ocrx_word' id='word_1_680' title='bbox 1614 2341 1789 2368; x_wconf 62' lang='lat' dir='ltr'><strong>anmntissimi</strong></span> 
     </span>
    </p>
   </div>
   <div class='ocr_carea' id='block_1_106' title="bbox 999 2387 1789 2423">
    <p class='ocr_par' dir='ltr' id='par_1_106' title="bbox 999 2387 1789 2423">
     <span class='ocr_line' id='line_1_106' title="bbox 999 2387 1789 2423; baseline -0.005 -7"><span class='ocrx_word' id='word_1_681' title='bbox 999 2388 1186 2423; x_wconf 72' lang='lat' dir='ltr'><strong>archiepiscopi</strong></span> <span class='ocrx_word' id='word_1_682' title='bbox 1205 2388 1304 2414; x_wconf 76' lang='lat' dir='ltr'><strong>domini</strong></span> <span class='ocrx_word' id='word_1_683' title='bbox 1328 2387 1431 2418; x_wconf 71' lang='lat' dir='ltr'><strong>Leonis,</strong></span> <span class='ocrx_word' id='word_1_684' title='bbox 1451 2392 1474 2413; x_wconf 75' lang='lat' dir='ltr'><strong>ct</strong></span> <span class='ocrx_word' id='word_1_685' title='bbox 1502 2389 1538 2413; x_wconf 67' lang='lat' dir='ltr'><strong>sic</strong></span> <span class='ocrx_word' id='word_1_686' title='bbox 1554 2389 1640 2422; x_wconf 75' lang='lat' dir='ltr'><strong>sapio.</strong></span> <span class='ocrx_word' id='word_1_687' title='bbox 1666 2387 1698 2414; x_wconf 79' lang='lat' dir='ltr'><strong>Et</strong></span> <span class='ocrx_word' id='word_1_688' title='bbox 1729 2390 1789 2421; x_wconf 82' lang='lat' dir='ltr'><strong>post</strong></span> 
     </span>
    </p>
   </div>
   <div class='ocr_carea' id='block_1_107' title="bbox 998 2433 1413 2462">
    <p class='ocr_par' dir='ltr' id='par_1_107' title="bbox 998 2433 1413 2462">
     <span class='ocr_line' id='line_1_107' title="bbox 998 2433 1413 2462; baseline -0.002 -1"><span class='ocrx_word' id='word_1_689' title='bbox 998 2435 1089 2462; x_wconf 87' lang='lat' dir='ltr'><strong>omnia</strong></span> <span class='ocrx_word' id='word_1_690' title='bbox 1107 2435 1164 2462; x_wconf 72' lang='lat' dir='ltr'><strong>hzee</strong></span> <span class='ocrx_word' id='word_1_691' title='bbox 1192 2434 1260 2461; x_wconf 70' lang='lat' dir='ltr'><strong>dixit</strong></span> <span class='ocrx_word' id='word_1_692' title='bbox 1275 2443 1280 2462; x_wconf 93' lang='lat'>:</span> <span class='ocrx_word' id='word_1_693' title='bbox 1299 2433 1413 2461; x_wconf 76' lang='lat' dir='ltr'><strong>Salvete.</strong></span> 
     </span>
    </p>
   </div>
   <div class='ocr_carea' id='block_1_108' title="bbox 1038 2479 1788 2515">
    <p class='ocr_par' dir='ltr' id='par_1_108' title="bbox 1038 2479 1788 2515">
     <span class='ocr_line' id='line_1_108' title="bbox 1038 2479 1788 2515; baseline 0.003 -10"><span class='ocrx_word' id='word_1_694' title='bbox 1038 2490 1047 2505; x_wconf 87' lang='grc'><strong><em>‹</em></strong></span> <span class='ocrx_word' id='word_1_695' title='bbox 1065 2479 1376 2515; x_wconf 72' lang='lat' dir='ltr'><strong>Gloriosissimiindit-cs</strong></span> <span class='ocrx_word' id='word_1_696' title='bbox 1392 2480 1521 2507; x_wconf 71' lang='lat' dir='ltr'><strong>dixerunt</strong></span> <span class='ocrx_word' id='word_1_697' title='bbox 1538 2490 1543 2506; x_wconf 87' lang='lat'><strong>:</strong></span> <span class='ocrx_word' id='word_1_698' title='bbox 1558 2480 1648 2507; x_wconf 79' lang='lat' dir='ltr'><strong>Omnis</strong></span> <span class='ocrx_word' id='word_1_699' title='bbox 1661 2481 1718 2514; x_wconf 77' lang='lat' dir='ltr'><strong>jam</strong></span> <span class='ocrx_word' id='word_1_700' title='bbox 1738 2482 1788 2507; x_wconf 74' lang='lat' dir='ltr'><strong>llu-</strong></span> 
     </span>
    </p>
   </div>
   <div class='ocr_carea' id='block_1_109' title="bbox 999 2526 1789 2561">
    <p class='ocr_par' dir='ltr' id='par_1_109' title="bbox 999 2526 1789 2561">
     <span class='ocr_line' id='line_1_109' title="bbox 999 2526 1789 2561; baseline -0.001 -8"><span class='ocrx_word' id='word_1_701' title='bbox 999 2527 1091 2553; x_wconf 86' lang='lat' dir='ltr'><strong>bitatio</strong></span> <span class='ocrx_word' id='word_1_702' title='bbox 1107 2527 1137 2552; x_wconf 78' lang='lat' dir='ltr'><strong>(lc</strong></span> <span class='ocrx_word' id='word_1_703' title='bbox 1160 2526 1318 2553; x_wconf 80' lang='lat' dir='ltr'><strong>leodorcto</strong></span> <span class='ocrx_word' id='word_1_704' title='bbox 1337 2527 1551 2552; x_wconf 68' lang='lat' dir='ltr'><strong>rctu&#39;remlissimo</strong></span> <span class='ocrx_word' id='word_1_705' title='bbox 1563 2526 1681 2561; x_wconf 64' lang='lat' dir='ltr'><strong>episcopo</strong></span> <span class='ocrx_word' id='word_1_706' title='bbox 1695 2530 1732 2552; x_wconf 78' lang='lat' dir='ltr'><strong>est</strong></span> <span class='ocrx_word' id='word_1_707' title='bbox 1748 2535 1789 2553; x_wconf 77' lang='lat' dir='ltr'><strong>so-</strong></span> 
     </span>
    </p>
   </div>
   <div class='ocr_carea' id='block_1_110' title="bbox 1001 2571 1788 2608">
    <p class='ocr_par' dir='ltr' id='par_1_110' title="bbox 1001 2571 1788 2608">
     <span class='ocr_line' id='line_1_110' title="bbox 1001 2571 1788 2608; baseline 0 -9"><span class='ocrx_word' id='word_1_708' title='bbox 1001 2573 1056 2600; x_wconf 84' lang='lat' dir='ltr'><strong>luta</strong></span> <span class='ocrx_word' id='word_1_709' title='bbox 1073 2582 1080 2599; x_wconf 96' lang='lat'><em>:</em></span> <span class='ocrx_word' id='word_1_710' title='bbox 1104 2574 1199 2608; x_wconf 81' lang='lat' dir='ltr'><strong>quippe</strong></span> <span class='ocrx_word' id='word_1_711' title='bbox 1226 2577 1251 2599; x_wconf 88' lang='lat' dir='ltr'><strong>et</strong></span> <span class='ocrx_word' id='word_1_712' title='bbox 1269 2571 1418 2599; x_wconf 74' lang='lat' dir='ltr'><strong>Nestorium</strong></span> <span class='ocrx_word' id='word_1_713' title='bbox 1439 2581 1528 2599; x_wconf 79' lang='lat' dir='ltr'><strong>coram</strong></span> <span class='ocrx_word' id='word_1_714' title='bbox 1546 2573 1613 2600; x_wconf 75' lang='lat' dir='ltr'><strong>vobis</strong></span> <span class='ocrx_word' id='word_1_715' title='bbox 1632 2573 1788 2600; x_wconf 76' lang='lat' dir='ltr'><strong>uitat/tenta-</strong></span> 
     </span>
    </p>
   </div>
   <div class='ocr_carea' id='block_1_111' title="bbox 1000 2618 1789 2649">
    <p class='ocr_par' dir='ltr' id='par_1_111' title="bbox 1000 2618 1789 2649">
     <span class='ocr_line' id='line_1_111' title="bbox 1000 2618 1789 2649; baseline 0 -4"><span class='ocrx_word' id='word_1_716' title='bbox 1000 2620 1100 2649; x_wconf 63' lang='grc' dir='ltr'><strong>[ἰδίη-ῆι,</strong></span> <span class='ocrx_word' id='word_1_717' title='bbox 1125 2624 1147 2646; x_wconf 79' lang='lat' dir='ltr'><strong>ct</strong></span> <span class='ocrx_word' id='word_1_718' title='bbox 1163 2628 1179 2646; x_wconf 76' lang='grc' dir='ltr'><strong><em>(ι</em></strong></span> <span class='ocrx_word' id='word_1_719' title='bbox 1198 2619 1364 2645; x_wconf 65' lang='lat' dir='ltr'><strong>sanctissimo</strong></span> <span class='ocrx_word' id='word_1_720' title='bbox 1378 2623 1401 2645; x_wconf 83' lang='lat' dir='ltr'><strong>et</strong></span> <span class='ocrx_word' id='word_1_721' title='bbox 1419 2618 1464 2644; x_wconf 78' lang='grc' dir='ltr'><strong>ι)ιυὶ</strong></span> <span class='ocrx_word' id='word_1_722' title='bbox 1479 2618 1662 2645; x_wconf 74' lang='lat' dir='ltr'><strong>amantissimo</strong></span> <span class='ocrx_word' id='word_1_723' title='bbox 1678 2619 1789 2645; x_wconf 68' lang='lat' dir='ltr'><strong>senioris</strong></span> 
     </span>
    </p>
   </div>
   <div class='ocr_carea' id='block_1_112' title="bbox 1002 2662 1790 2698">
    <p class='ocr_par' dir='ltr' id='par_1_112' title="bbox 1002 2662 1790 2698">
     <span class='ocr_line' id='line_1_112' title="bbox 1002 2662 1790 2698; baseline -0.001 -7"><span class='ocrx_word' id='word_1_724' title='bbox 1002 2665 1073 2692; x_wconf 71' lang='lat' dir='ltr'><strong>urbis</strong></span> <span class='ocrx_word' id='word_1_725' title='bbox 1093 2664 1181 2691; x_wconf 74' lang='lat' dir='ltr'><strong>Ranae</strong></span> <span class='ocrx_word' id='word_1_726' title='bbox 1192 2664 1276 2690; x_wconf 71' lang='lat' dir='ltr'><strong>Leone</strong></span> <span class='ocrx_word' id='word_1_727' title='bbox 1285 2668 1419 2698; x_wconf 74' lang='lat' dir='ltr'><strong>susceptus</strong></span> <span class='ocrx_word' id='word_1_728' title='bbox 1434 2667 1481 2694; x_wconf 71' lang='lat' dir='ltr'><strong>est,</strong></span> <span class='ocrx_word' id='word_1_729' title='bbox 1495 2667 1519 2689; x_wconf 70' lang='lat' dir='ltr'><strong>et</strong></span> <span class='ocrx_word' id='word_1_730' title='bbox 1537 2662 1714 2696; x_wconf 75' lang='lat' dir='ltr'><strong>drﬁmtionem</strong></span> <span class='ocrx_word' id='word_1_731' title='bbox 1727 2663 1790 2696; x_wconf 67' lang='grc' dir='ltr'><strong>[ἰώ-ἱ</strong></span> 
     </span>
    </p>
   </div>
   <div class='ocr_carea' id='block_1_113' title="bbox 1001 2708 1788 2746">
    <p class='ocr_par' dir='ltr' id='par_1_113' title="bbox 1001 2708 1788 2746">
     <span class='ocr_line' id='line_1_113' title="bbox 1001 2708 1788 2746; baseline -0.008 -8"><span class='ocrx_word' id='word_1_732' title='bbox 1001 2720 1016 2738; x_wconf 87' lang='lat' dir='ltr'><strong>a</strong></span> <span class='ocrx_word' id='word_1_733' title='bbox 1033 2710 1206 2746; x_wconf 67' lang='lat' dir='ltr'><strong>religiositate</strong></span> <span class='ocrx_word' id='word_1_734' title='bbox 1229 2714 1314 2737; x_wconf 73' lang='lat' dir='ltr'><strong>t‘rstra</strong></span> <span class='ocrx_word' id='word_1_735' title='bbox 1331 2708 1465 2744; x_wconf 78' lang='lat' dir='ltr'><strong>prolatam</strong></span> <span class='ocrx_word' id='word_1_736' title='bbox 1492 2709 1603 2735; x_wconf 70' lang='lat' dir='ltr'><strong>litwutr&#39;r</strong></span> <span class='ocrx_word' id='word_1_737' title='bbox 1617 2708 1739 2743; x_wconf 71' lang='lat' dir='ltr'><strong>suscepit,</strong></span> <span class='ocrx_word' id='word_1_738' title='bbox 1765 2711 1788 2732; x_wconf 80' lang='lat' dir='ltr'><strong>et</strong></span> 
     </span>
    </p>
   </div>
   <div class='ocr_carea' id='block_1_114' title="bbox 819 2788 1114 2816">
    <p class='ocr_par' dir='ltr' id='par_1_114' title="bbox 819 2788 1114 2816">
     <span class='ocr_line' id='line_1_114' title="bbox 819 2788 1114 2816; baseline -0.007 0"><span class='ocrx_word' id='word_1_739' title='bbox 819 2789 905 2816; x_wconf 61' lang='lat' dir='ltr'><strong>SLHL‘</strong></span> <span class='ocrx_word' id='word_1_740' title='bbox 914 2789 978 2816; x_wconf 89' lang='lat' dir='ltr'><strong>Lle</strong></span> <span class='ocrx_word' id='word_1_741' title='bbox 1001 2788 1114 2815; x_wconf 67' lang='lat' dir='ltr'><strong>NUT/E.</strong></span> 
     </span>
    </p>
   </div>
   <div class='ocr_carea' id='block_1_115' title="bbox 192 2856 675 2892">
    <p class='ocr_par' dir='ltr' id='par_1_115' title="bbox 192 2856 675 2892">
     <span class='ocr_line' id='line_1_115' title="bbox 192 2856 675 2892; baseline -0.008 -6"><span class='ocrx_word' id='word_1_742' title='bbox 192 2861 214 2878; x_wconf 68' lang='grc'><strong>³⁵</strong></span> <span class='ocrx_word' id='word_1_743' title='bbox 227 2859 288 2887; x_wconf 76' lang='lat' dir='ltr'><strong>Vid.</strong></span> <span class='ocrx_word' id='word_1_744' title='bbox 306 2857 426 2886; x_wconf 78' lang='lat' dir='ltr'><strong>Facund.</strong></span> <span class='ocrx_word' id='word_1_745' title='bbox 449 2858 497 2886; x_wconf 88' lang='lat' dir='ltr'><strong>lib.</strong></span> <span class='ocrx_word' id='word_1_746' title='bbox 517 2866 542 2889; x_wconf 73' lang='grc' dir='ltr'><strong>ν,</strong></span> <span class='ocrx_word' id='word_1_747' title='bbox 563 2865 622 2892; x_wconf 68' lang='lat' dir='ltr'><strong>cap.</strong></span> <span class='ocrx_word' id='word_1_748' title='bbox 651 2856 675 2883; x_wconf 73' lang='grc' dir='ltr'><strong>ζί.</strong></span> 
     </span>
    </p>
   </div>
   <div class='ocr_carea' id='block_1_116' title="bbox 715 2855 1137 2890">
    <p class='ocr_par' dir='ltr' id='par_1_116' title="bbox 715 2855 1137 2890">
     <span class='ocr_line' id='line_1_116' title="bbox 715 2855 1137 2890; baseline -0.009 -7"><span class='ocrx_word' id='word_1_749' title='bbox 715 2856 735 2871; x_wconf 71' lang='grc'><strong>³⁷</strong></span> <span class='ocrx_word' id='word_1_750' title='bbox 755 2855 813 2883; x_wconf 72' lang='lat' dir='ltr'><strong>Vid.</strong></span> <span class='ocrx_word' id='word_1_751' title='bbox 835 2859 854 2882; x_wconf 82' lang='grc' dir='ltr'><strong>ι.</strong></span> <span class='ocrx_word' id='word_1_752' title='bbox 882 2855 925 2887; x_wconf 77' lang='grc' dir='ltr'><strong>ιν,</strong></span> <span class='ocrx_word' id='word_1_753' title='bbox 948 2865 972 2890; x_wconf 91' lang='lat' dir='ltr'><strong>p.</strong></span> <span class='ocrx_word' id='word_1_754' title='bbox 997 2855 1063 2883; x_wconf 59' lang='grc' dir='ltr'><strong>ΗΞῆ</strong></span> <span class='ocrx_word' id='word_1_755' title='bbox 1081 2863 1137 2888; x_wconf 67' lang='lat' dir='ltr'><strong>seq.</strong></span> 
     </span>
    </p>
   </div>
  </div>
