1969 3052
197 172 242 203 151

194 274 288 301 Leonis
308 274 468 309 subscripsit.
485 273 563 300 Deest
576 274 658 308 igitur
672 278 700 299 ut
717 274 845 300 sententia
860 273 982 308 profera-

195 324 239 346 tur
253 329 268 346 α
287 319 433 346 reverentia
449 322 546 349 vestra,
566 323 594 344 ut
608 317 755 345 Ecclesium
770 326 846 344 suam
861 318 981 351 recipiat,

194 367 261 393 sicut
282 370 305 392 et
323 365 505 392 sanctissimus
525 364 576 391 Leo
604 364 739 399 cpiscopus
760 364 899 398 judicavit.

234 420 243 436 ι
262 412 362 437 Omnes
389 409 610 437 reverendissimi
632 409 752 444 episcopi
775 409 982 435 clamaverunt:

197 454 369 481 Theodorctus
393 453 489 490 «riguus
508 458 545 481 est
567 455 637 485 sede,
653 453 771 480 Ecclesia
791 457 923 488 pastorem
942 462 984 479 re-

195 501 274 535 cipiat
291 500 483 527 :orthodoxum
496 499 626 526 doctorem
642 499 758 526 Ecclesia
770 500 888 534 recipiat,
902 498 982 525 Thco-

195 547 302 573 doretus
322 546 415 581 dignus
429 549 467 572 est
481 545 541 572 sede
556 553 564 571 :
582 545 777 579 archiepiscopo
792 544 873 570 Leoni
890 543 984 570 mullos

197 599 290 618 annos.
314 590 376 618 Post
392 590 474 617 Deum
500 589 551 616 Leo
562 590 712 624 judicavit:
734 588 846 624 populus
861 589 984 615 orthodo-

195 646 260 665 zum
276 637 385 672 recipiat
404 637 512 672 dignum
530 644 579 662 sua
600 637 670 661 sedc.
692 635 848 661 Theodoreto
860 633 985 661 catholico

197 682 296 709 doctori
320 682 447 708 reddatur
466 681 594 708 Ecclesia.

238 739 246 753 ι
264 726 444 754 Paschasinus
467 732 495 753 et
517 726 666 752 Lucentius
685 725 908 752 reverendissimi
926 725 985 759 epi-

200 773 288 808 scopi,
305 772 501 799 etBonifacius
512 770 760 799 reverendissimus
776 770 928 805 presbyter,
945 771 988 797 in-

199 825 281 852 super
288 821 315 843 et
324 817 449 844 Julianus
457 815 702 843 reverendissimus
709 815 855 850 episcopus
862 814 986 846 Coensis,

201 863 334 889 habentes
347 862 437 889 locum
445 861 602 896 apostolica:
611 861 684 888 sedis
693 860 835 888 dixerunt:
845 859 987 887 Sanctissi-

201 916 272 934 mum
280 911 306 934 et
321 907 494 934 venerabilem
505 907 652 942 episcopum
661 906 846 934 Theodoretum
856 907 988 933 sanctissi-

202 961 259 980 mus
270 957 294 979 et
309 953 472 979 beatissimus
488 953 615 979 uniuersa:
627 952 751 979 Ecclesia:
770 952 904 986 episcopus
918 952 987 978 urbis

202 999 291 1026 Romw
307 998 357 1025 Leo
384 998 484 1025 dudum
501 999 528 1024 in
544 998 752 1025 communionem
766 998 897 1032 suscepit;
922 998 987 1024 sicut

203 1045 297 1071 littera
317 1044 348 1071 ab
364 1052 392 1071 eo
403 1044 437 1071 ad
448 1048 565 1070 nostram
580 1043 756 1070 humilitatem
771 1043 876 1069 directa:
890 1047 990 1069 testan-

204 1094 256 1116 tur.
272 1087 301 1115 Si
315 1089 396 1124 igitur
407 1088 487 1122 ﬁdem
501 1088 581 1122 199
591 1087 757 1119 catholicam,
769 1088 836 1114 sicut
849 1088 987 1122 promittit,

204 1138 227 1161 et
241 1133 383 1161 secundum
398 1133 551 1169 prazdictum
573 1133 678 1159 beatum
706 1133 853 1167 episcopum
875 1132 988 1159 subscri-

204 1179 318 1214 ptionem
331 1179 358 1205 in
383 1179 489 1214 proprio
505 1178 592 1205 libello
607 1179 711 1210 direxit,
729 1182 753 1204 et
770 1182 866 1205 nostra:
882 1178 990 1212 insuper

203 1224 348 1252 humilitati
364 1225 417 1251 alio
433 1224 495 1251 dato
518 1224 606 1251 libello
623 1224 789 1255 monstravit,
811 1223 937 1258 quoniam
966 1227 990 1248 et

204 1269 353 1297 Nestorium
371 1275 395 1296 et
409 1269 544 1304 Eutychen
558 1277 610 1295 non
622 1269 708 1296 solum
725 1269 832 1303 scripto,
850 1268 894 1295 sed
908 1271 933 1293 et
943 1268 989 1294 sub

205 1316 344 1350 prwsentia
359 1315 438 1341 totius
454 1322 587 1341 consessus
601 1322 645 1341 ore
658 1314 764 1348 proprio
780 1313 989 1340 anathematiza-

205 1361 251 1392 uit,
268 1360 315 1387 hoc
327 1360 428 1394 judicio
459 1360 625 1386 sanctissima
644 1363 668 1386 et
690 1358 912 1386 cenerandiuima
928 1367 991 1393 sgn-

206 1406 281 1437 odus,
298 1405 405 1439 insuper
420 1413 480 1432 vero
502 1409 527 1430 et
546 1409 635 1431 nostra
648 1405 782 1431 humilitas
798 1404 872 1430 reddi
885 1405 908 1430 ei
925 1412 988 1438 pro-

207 1450 293 1485 priam
310 1448 454 1476 Ecclesium
477 1449 602 1483 deﬁnivit.
621 1459 630 1475 ι

241 1495 288 1526 XI.
302 1495 456 1522 Extremam
471 1495 542 1522 hanc
553 1494 720 1522 Theodoreti
744 1495 839 1522 Patres
863 1495 984 1529 compel-

207 1541 290 1569 lantis
307 1548 411 1573 vocem,
432 1540 530 1567 salvete
542 1561 549 1573 ,
574 1540 745 1575 interpretati
767 1544 831 1567 sunt
849 1539 987 1566 Severiani
1003 1558 1022 1583 η

208 1586 237 1613 in
252 1586 398 1614 collatione
416 1593 479 1614 cum
502 1585 659 1617 Catholicis,
674 1585 789 1620 perinde
814 1591 846 1611 ac
870 1585 892 1610 si
919 1588 991 1610 esset

208 1630 327 1658 hominis
355 1630 512 1665 impositam
542 1630 594 1658 sibi
617 1629 817 1657 commutanda:
851 1627 993 1655 sententia:

209 1676 399 1704 necessitatem
419 1676 596 1710 indignantis,
610 1680 693 1710 atque
709 1675 745 1702 ita
754 1675 825 1702 facto
841 1678 994 1701 retractan-

210 1722 255 1754 tis,
278 1721 350 1756 quod
368 1722 453 1749 verbo
476 1721 581 1748 diceret
601 1729 606 1746 :
627 1721 738 1748 aiebant
762 1720 835 1747 enim
853 1727 916 1746 eum
932 1726 994 1744 cum

209 1768 284 1796 dicto
297 1767 455 1795 discessisse
481 1773 496 1794 a
511 1773 652 1794 consessu.
672 1765 700 1792 ld
718 1773 801 1800 porro
832 1763 993 1794 allcrebant,

213 1818 243 1841 ut
255 1817 377 1840 sanctam
394 1811 528 1847 synodum
551 1811 725 1843 damnarent,
754 1811 796 1838 vel
825 1809 926 1844 recepti
956 1814 996 1836 te-

212 1865 287 1885 mere
301 1857 431 1889 hominis,
445 1857 524 1892 cujus
546 1856 629 1884 dubia
645 1860 726 1890 atque
740 1856 822 1884 etiam
851 1855 912 1882 ﬁcta
926 1853 994 1880 ﬁdes

211 1906 294 1934 esset,
315 1902 358 1929 vel
369 1902 560 1929 consensionis
576 1909 638 1929 cum
660 1901 781 1928 Nestorii
801 1899 954 1927 fautoribus
968 1902 996 1925 et

211 1948 303 1984 Cyrilli
318 1948 445 1979 inimicis,
464 1955 533 1982 quos
549 1947 727 1982 suscepisset.

247 1994 326 2028 Quod
337 1994 424 2026 aiunt,
440 1993 644 2020 Theodoretum
661 1992 823 2020 discessisse
835 1998 897 2018 cum
912 1990 996 2021 dicto,

213 2040 344 2068 abhorret
362 2047 377 2066 a
403 2047 487 2078 vero:
518 2039 647 2066 abhorret
668 2037 764 2070 etiam,
781 2036 854 2071 quod
869 2035 997 2063 dissimu-

215 2086 304 2113 lanter
316 2085 469 2120 professum
488 2084 690 2111 criminantur:
713 2090 775 2110 nam
800 2082 938 2109 desertum
964 2081 998 2108 ab

214 2139 248 2158 eo
261 2138 315 2158 non
334 2137 393 2157 esse
407 2129 499 2157 statim
525 2136 694 2160 consessum,
725 2128 788 2154 inde
814 2126 998 2158 concluditur,

215 2176 288 2212 quod
312 2175 414 2203 actioni
427 2183 471 2202 xtv
485 2174 681 2209 subscripserit
697 2183 702 2200 :
719 2174 828 2200 sincere
842 2171 998 2207 professum

214 2231 248 2250 ex
258 2230 291 2250 eo
313 2227 430 2253 constat,
446 2221 520 2256 quod
535 2228 567 2248 ea
585 2219 694 2254 scripsit
708 2219 730 2234 ³⁸
741 2218 925 2253 postmodum,
938 2225 999 2252 quae
1014 2219 1035 2246 D

215 2267 391 2303 purissimam
435 2265 632 2293 incarnationis
670 2264 751 2291 ﬁdem
797 2263 995 2290 demonstrent.

217 2312 333 2347 Scripsit
348 2319 415 2339 vero
430 2319 485 2340 non
495 2318 581 2345 pauca
594 2310 621 2336 in
633 2316 743 2336 secessu
763 2308 859 2343 procul
869 2307 996 2342 negotiis:

218 2365 308 2392 neque
321 2356 393 2384 enim
409 2355 519 2383 videtur
534 2355 567 2382 ad
584 2351 772 2388 episcopatum
788 2352 914 2383 rediisse,
930 2359 998 2378 con-

219 2407 312 2431 tentus
323 2409 500 2437 recuperasse
512 2400 683 2436 dignitatem,
695 2406 778 2433 quam
798 2402 894 2432 sponte
909 2400 1001 2431 posset

219 2449 359 2476 dimittere

515 2501 627 2529 CAPUT
645 2501 701 2527 ΧΠ.

220 2550 241 2576 1.
259 2549 430 2584 Theodoreti“
446 2552 503 2584 post
511 2546 651 2584 concilium
668 2546 771 2584 recedit.
792 2545 848 2584 “ll.
863 2544 1000 2584 accedenti

254 2583 394 2610 Sooracius
409 2577 517 2610 mditdat
537 2582 648 2608 scribere
662 2582 694 2607 dc
706 2580 855 2607 hwresibus.
871 2579 915 2606 lll.
930 2577 1001 2605 Scri-

255 2613 291 2645 hit
308 2619 422 2653 quinque
436 2618 514 2644 libros
530 2616 625 2653 callide
635 2621 659 2642 et
673 2615 825 2653 artiﬁciose.
839 2614 884 2653 Ν.
901 2613 1002 2653 Seccdit

255 2655 283 2681 iu
301 2649 479 2684 solitudinem,
495 2660 541 2679 nec
555 2652 665 2678 otiatur.
679 2650 709 2677 V.
729 2649 836 2676 Videtur
855 2649 1004 2683 deposuisse

774 168 962 199 GARNERII
979 167 1228 198 DISSERTATIO
1249 167 1262 195 Ι
1266 189 1272 196 .

195 231 303 264 insuper
326 227 443 263 cpistolte
464 228 604 255 memorati
625 228 786 254 sanctissimi
801 227 989 261 archiepiscopi
1005 230 1024 254 A

1768 157 1817 188 152

1076 226 1253 258 episcopatum
1260 244 1268 258 ἶ
1276 221 1453 258 Ῠδξῦτψςιῄιίς.
1460 228 1486 258 a_
1501 223 1602 258 ραη-ςες.
1615 216 1699 258 ιξοηε
1709 215 1817 258 litteras

1073 249 1242 285 utilissimas.
1261 256 1316 283 vn.
1330 255 1368 283 De
1385 249 1453 282 Aetii
1468 254 1530 287 ﬁde.
1545 251 1613 280 vm.
1631 250 1725 287 Scribit
1732 249 1817 287 _Theo~

1072 294 1178 320 doretus
1207 292 1331 319 adversus
1352 290 1380 317 id
1404 285 1474 324 quod
1496 288 1528 314 de
1556 287 1630 324 Aetio
1651 285 1815 320 jactubatur.

1070 328 1114 355 IX.
1126 327 1159 355 Et
1174 326 1375 354 commentarios
1391 322 1419 351 in
1438 322 1633 350 Octateuchum.

1233 371 1270 397 Ab
1283 377 1347 395 anno
1363 368 1454 394 Christi
1466 367 1508 392 451
1522 367 1552 391 ad
1565 366 1619 390 458.

1070 429 1090 455 l.
1105 428 1170 460 Qua:
1181 430 1243 460 post
1269 425 1388 452 solutum
1407 421 1552 450 concilium
1577 419 1670 455 gessit,
1692 427 1746 447 non
1764 423 1818 446 tam

1036 476 1150 502 fortasse
1163 473 1190 498 in
1203 471 1322 498 obscuro
1335 469 1432 499 latent,
1444 474 1524 501 quam
1539 465 1673 492 Baronius
1693 463 1818 491 Sirmon-

1035 520 1142 553 dasque
1163 517 1214 544 rati
1235 521 1319 542 sunt:
1335 521 1398 540 nam
1417 517 1445 540 et
1468 519 1551 546 opera
1568 511 1622 538 duo
1645 508 1818 543 conscripsit,

1035 552 1269 599 praestantissimis
1292 558 1448 594 quibusque
1463 555 1603 590 prioribus
1621 554 1712 588 paria;
1729 557 1757 580 et
1773 552 1818 579 lit-

1037 615 1108 636 teras
1125 607 1202 635 dedit
1225 605 1384 639 accepitque
1410 602 1472 629 ﬁdei
1502 609 1557 629 sate
1583 604 1684 631 testes;
1710 603 1739 626 et
1758 605 1819 625 eam

1037 655 1116 682 inivit
1131 653 1265 680 rationem
1278 650 1351 681 vitaz,
1376 655 1430 683 qua
1444 645 1595 681 superioris
1613 643 1742 678 temporis
1761 650 1818 670 ma-

1037 700 1112 727 culas
1124 698 1280 731 abstergere
1295 694 1395 729 potuit,
1412 693 1565 727 dignusque
1578 690 1705 722 evadere,
1723 688 1770 723 qui
1788 687 1820 715 ﬁ-

1037 752 1099 772 nem
1117 743 1175 770 suis
1192 740 1279 768 initiis
1302 739 1382 774 plane
1409 736 1577 764 admirandis
1601 742 1752 770 congruum
1773 734 1821 768 ha-

1038 791 1129 818 buisse
1144 788 1243 815 merito
1255 786 1377 814 creditus
1393 784 1438 811 sit.

1072 837 1168 866 Statim
1181 836 1264 871 igitur
1275 837 1385 869 peracta
1399 831 1513 868 synodo,
1524 829 1661 865 proripuit
1673 835 1732 856 sese
1740 826 1822 855 Chal‘

1003 896 1023 922 B
1039 884 1153 914 cedone,
1175 882 1234 909 sive
1250 880 1330 914 200
1339 878 1480 905 turbarum
1493 880 1636 911 pertaesus,
1650 881 1717 908 quas
1728 873 1821 908 fugere

1035 931 1090 966 jam
1102 937 1152 963 per
1166 927 1265 955 famam
1280 924 1397 952 licebat:
1411 923 1467 950 sive
1481 921 1508 949 id
1519 928 1624 956 passus,
1638 918 1711 954 quod
1726 919 1823 945 huma-

1038 963 1114 1002 nitus
1127 971 1262 1007 contingit
1272 969 1373 998 excelsi
1390 967 1474 995 animi
1484 966 1563 998 viris,
1577 965 1679 1000 quibus
1690 963 1758 991 nihil
1779 965 1822 990 in-

1039 1019 1212 1047 tolerabilius
1229 1019 1378 1052 conspectu
1405 1013 1547 1042 hominum
1576 1019 1632 1038 sua:
1654 1009 1822 1046 ptenitentie

1041 1066 1164 1093 testium.

1073 1110 1105 1137 ll.
1124 1107 1243 1136 Abeunti
1262 1103 1440 1141 Sporacius"
1456 1124 1463 1136 ,
1481 1110 1553 1130 unus
1572 1101 1605 1128 de
1631 1097 1823 1128 illustrissimis

1037 1155 1187 1191 judicihus,
1199 1157 1227 1180 et
1241 1151 1378 1186 singulare
1390 1148 1555 1177 Theodoreti
1567 1146 1735 1182 praesidium,
1748 1151 1823 1171 man-

1040 1190 1133 1229 datum
1142 1199 1219 1227 dedit
1230 1198 1264 1225 de
1273 1195 1434 1232 explicanda
1448 1193 1640 1222 bznreticarum
1653 1190 1822 1220 fabularum,

1040 1250 1174 1282 quotquot
1189 1244 1223 1271 ab
1242 1248 1305 1271 ortu
1324 1241 1452 1269 Ecclesiae
1475 1239 1652 1268 exstiterunt,
1670 1235 1823 1263 diﬁcrentia

1041 1290 1209 1326 singulisque
1225 1288 1423 1315 catholicorum
1438 1285 1594 1320 dogmatum
1612 1283 1727 1310 veritate
1741 1288 1825 1315 oppo-

1040 1337 1141 1365 nenda.
1168 1335 1197 1363 ld
1213 1333 1370 1370 elllagitavit
1395 1332 1501 1359 scilicet
1520 1330 1562 1357 vir
1583 1330 1714 1364 optimus,
1737 1328 1783 1355 et‘
1797 1327 1825 1353 in

1041 1385 1137 1419 paucis
1151 1381 1315 1412 catholicus,
1331 1387 1386 1406 non
1401 1383 1455 1405 tam
1470 1377 1538 1413 quod
1551 1380 1666 1412 cuperet,
1679 1378 1710 1401 ut
1729 1373 1826 1400 scribit

1042 1426 1327 1457 Tlteodoretus,scire,
1342 1431 1400 1459 qua:
1414 1424 1538 1458 utrinque
1558 1426 1632 1449 extra
1649 1421 1716 1447 uiam
1729 1422 1825 1445 rectam

1043 1478 1145 1502 nouum
1162 1473 1214 1499 sint
1225 1472 1334 1502 semitae,
1351 1478 1464 1504 quarum
1479 1468 1539 1503 ﬁnis
1552 1472 1588 1494 est
1600 1467 1756 1494 barathrum
1765 1472 1825 1499 per-

1042 1519 1148 1546 ditionis
1159 1538 1166 1549 ,
1189 1524 1269 1551 quam
1284 1519 1314 1542 ut
1325 1514 1499 1542 Theodoreto
1514 1513 1591 1540 daret
1602 1511 1772 1539 occasionem
1783 1512 1826 1535 at-

1015 1558 1023 1584 )
1041 1573 1094 1600 que
1110 1563 1192 1590 etiam
1208 1561 1401 1588 necessitatem
1427 1559 1490 1586 ﬁdei
1509 1566 1564 1586 sum
1593 1561 1634 1584 tot
1658 1553 1828 1591 argumentis

1042 1609 1199 1645 prollandxe,
1212 1611 1279 1642 quot
1291 1606 1409 1633 hrereses
1423 1603 1585 1639 exponendo
1597 1603 1748 1630 damnaret.

1078 1654 1122 1680 Ill.
1134 1653 1208 1688 Opus
1220 1653 1281 1683 hoc,
1293 1659 1347 1678 non
1361 1649 1525 1677 laboriosius
1542 1655 1622 1682 quam
1639 1646 1826 1678 artiﬁciosius,

1045 1699 1123 1726 libris
1136 1699 1257 1733 quinque
1269 1694 1529 1730 comprehenditur;
1548 1693 1640 1728 ipsum
1659 1699 1724 1718 vero
1737 1691 1828 1717 Theo-

1045 1747 1158 1773 doretus
1180 1743 1352 1771 elucubravit
1366 1748 1439 1769 anno
1449 1740 1510 1772 452,
1540 1739 1588 1767 sed
1616 1738 1703 1765 edidit
1723 1741 1828 1764 tantum

1045 1796 1179 1825 sequente
1197 1798 1203 1816 τ
1220 1788 1391 1816 elucubratio
1403 1786 1476 1813 enim
1487 1789 1549 1820 post
1569 1784 1727 1815 concilium,
1746 1781 1829 1809 editio

1046 1841 1107 1872 post
1125 1835 1297 1863 consulatum
1315 1831 1450 1867 Sporacii,
1472 1830 1583 1858 accidit.
1606 1828 1758 1856 Concilium
1779 1835 1828 1854 au-

1046 1887 1100 1909 tem
1123 1881 1166 1908 die
1187 1880 1274 1915 prima
1287 1877 1453 1906 Novembris
1471 1883 1544 1903 anno
1561 1875 1608 1902 l5l
1641 1874 1745 1900 ﬁnitum
1771 1877 1829 1905 cst;

1046 1926 1205 1954 consulatus
1219 1923 1341 1959 Sporacii
1356 1921 1484 1949 Kalendis
1497 1919 1619 1947 Januarii
1636 1925 1707 1945 anno
1723 1917 1774 1945 452
1788 1916 1830 1943 in~

1047 1972 1163 1999 choatus
1178 1975 1230 1997 est.

1084 2015 1261 2043 Laboriosum
1273 2014 1328 2041 dixi
1339 2019 1419 2047 atque
1428 2011 1605 2039 artiﬁciosum
1620 2018 1703 2044 opus:
1714 2012 1830 2043 quantus

1048 2062 1121 2089 enim
1136 2060 1213 2087 labor
1228 2059 1371 2094 ponendus
1381 2057 1431 2084 fuit
1442 2056 1468 2083 in
1480 2055 1638 2083 evolvendis
1652 2051 1832 2087 scriptoribus

1050 2106 1097 2141 qui
1113 2105 1140 2132 in
1161 2105 1237 2132 illum
1260 2110 1346 2138 usque
1373 2102 1445 2129 diem
1473 2101 1614 2128 catholicze
1638 2097 1699 2126 ﬁdei
1723 2104 1832 2124 causam

1050 2156 1145 2179 contra
1172 2151 1290 2177 haereses
1320 2147 1525 2175 defenderant?
1551 2145 1604 2173 Sed
1628 2148 1736 2179 quantae
1766 2142 1833 2169 artis

1050 2202 1111 2224 erat
1124 2197 1155 2228 ⁵ο,
1182 2202 1319 2230 quamque
1334 2193 1449 2224 callidae,
1466 2193 1502 2219 ita
1518 2192 1551 2218 de
1577 2190 1691 2225 singulis
1702 2188 1832 2219 scribere,

1051 2247 1081 2269 ut
1092 2241 1259 2276 quilegeret,
1274 2238 1374 2266 sensim
1389 2238 1448 2265 sine
1465 2244 1547 2264 sensu
1558 2243 1606 2271 per
1619 2244 1648 2263 se
1659 2235 1718 2269 ipse
1733 2232 1834 2260 invidia

1050 2285 1241 2314 consensionis
1254 2292 1316 2311 cum
1336 2282 1472 2310 haereticis
1488 2286 1615 2309 oneraret
1630 2280 1712 2307 unius
1731 2283 1834 2305 natura:

1052 2332 1134 2359 Verbi
1149 2332 1295 2358 incarnatus
1311 2329 1480 2357 defensores,
1501 2327 1632 2353 liberaret
1644 2325 1758 2351 duarum
1771 2331 1834 2357 pro-

1054 2381 1233 2412 pugnatores:
1250 2375 1275 2402 id
1305 2379 1357 2406 est,
1382 2378 1412 2400 ut
1434 2377 1513 2400 erant
1526 2377 1659 2406 tempora,
1689 2373 1736 2396 aut
1761 2371 1835 2394 certe

1051 2423 1146 2456 opinio
1167 2421 1251 2455 vulgi,
1275 2423 1418 2446 accusaret
1431 2418 1573 2454 Cyrillum,
1601 2415 1755 2443 absolveret
1781 2413 1835 2440 Ne—

1052 2467 1167 2493 storium
1177 2467 1183 2492 |

1087 2511 1184 2538 Mirum
1198 2518 1264 2537 vero
1277 2516 1328 2540 est.
1345 2510 1505 2541 discrimen,
1522 2516 1577 2543 quo
1593 2505 1726 2534 catholica
1737 2503 1838 2531 veritas

1054 2557 1088 2584 ab
1111 2556 1243 2583 extremis
1263 2556 1373 2583 duobus
1400 2555 1543 2583 erroribus
1568 2552 1756 2587 distinguitur,
1776 2557 1838 2577 cum

1055 2609 1145 2636 neque
1163 2606 1235 2628 esset
1252 2601 1400 2628 admodum
1418 2605 1511 2630 tenue,
1539 2605 1629 2632 neque
1647 2597 1725 2624 valde
1741 2595 1839 2622 obscu-

1057 2655 1130 2679 rum,
1142 2647 1255 2674 latuisse
1272 2651 1362 2674 tamen
1382 2645 1549 2672 Theodoreti
1567 2644 1681 2674 oculos;
1697 2642 1745 2669 sed
1771 2649 1839 2667 aon-

872 2707 1025 2735 SlIHULZlI
1046 2706 1158 2734 NOT/E.

258 2768 280 2784 ³³
292 2767 333 2794 Ea
359 2767 471 2800 scripsit,
502 2771 555 2793 (ιμ’.
583 2765 684 2800 Horum
713 2765 863 2800 immemor
882 2764 967 2800 fuisse
988 2762 1100 2800 yidetur
1122 2762 1282 2793 Garnerius,
1299 2769 1363 2800 cum
1381 2769 1412 2787 ea
1439 2760 1657 2800 scriberet,_quic
1679 2755 1766 2800 (rapite
1780 2762 1842 2800 prn-

223 2803 296 2830 εἰηιο
309 2801 322 2836 §
336 2801 362 2833 3,
381 2798 506 2835 legimus.
546 2801 567 2815 ³³
586 2799 646 2836 Vid.
664 2799 754 2836 Praef1
764 2799 810 2826 lib.
839 2799 946 2836 Ηςιμνςι..
955 2798 1007 2832 fab.

1047 2797 1068 2813 ‘°
1082 2797 1205 2828 Quunlw,
1223 2790 1280 2822 (ηοξ
1299 2796 1394 2822 Mirum
1410 2800 1462 2825 est.
1478 2795 1548 2821 hanc
1563 2790 1681 2820 fabulam
1697 2790 1766 2828 adeo
1782 2791 1841 2828 pla-

224 2825 471 2866 (ιυὶεεὲῦᾷηιὲι-ἱο,
485 2839 515 2861 ut
534 2842 594 2862 eam
616 2834 643 2861 in
662 2825 727 2861 diss.
742 2834 769 2863 2.
784 2842 843 2868 cap.
859 2833 884 2864 6,
906 2825 960 2867 μζ
977 2825 1098 2866 repetere
1121 2840 1172 2858 non
1197 2825 1372 2857 dubitaverit.
1390 2830 1474 2862 Quam
1489 2829 1575 2856 aliena
1593 2828 1627 2854 sit
1641 2835 1656 2854 a
1671 2825 1728 2854 veri
1739 2825 1841 2859 specie,

225 2872 329 2908 lttigius
343 2871 442 2905 aliique
457 2869 560 2898 dudum
576 2869 735 2904 probarunt.
