1969 3052
185 160 235 193 153

770 159 951 189 HISTORIA
969 159 1221 190 THEODORETI.

1753 160 1806 194 ιδι

185 214 250 241 dum
260 217 397 240 exuerant
419 216 505 238 totum
529 211 596 238 illud
611 219 748 238 venenum
772 210 971 238 incredibiliter
987 213 1007 239 Α
1023 216 1113 243 cutus,
1126 213 1198 246 quod
1217 213 1282 239 olim
1297 212 1443 241 Sabiniano
1459 215 1610 249 gratulatus
1630 215 1730 248 erat",
1742 224 1805 243 cum

185 259 296 291 subtile,
318 257 392 292 quod
413 264 490 284 amor
511 256 604 292 gloriae
632 262 660 283 et
688 257 806 291 superba
827 256 969 283 hominum

185 305 336 332 reverentia
352 312 406 330 non
421 311 484 330 raro
496 302 629 330 suffundit
642 312 647 329 :
662 303 688 329 id
697 302 770 337 quod
783 302 872 329 adhuc
886 303 971 329 hare—

184 350 242 383 bat,
268 357 393 377 secessus
421 349 450 376 in
474 349 679 380 monasterium,
706 348 801 382 procul
828 348 970 375 hominum

185 395 338 430 colloquiis,
356 394 499 427 discussit;
514 401 569 421 non
581 397 671 421 tamen
687 398 774 421 totum
787 398 909 428 repente,
922 394 970 421 sed

185 441 317 476 paulatim
343 448 393 475 per
413 444 505 475 partes
522 448 528 466 :
556 439 624 466 adeo
642 439 696 466 alte
722 439 859 467 insederat
879 440 971 466 animo

186 487 353 514 Theodoreti
382 486 519 520 cupiditas
531 486 635 520 gloria),
661 493 714 519 qua
728 485 809 512 vellet
830 485 905 512 credi
920 492 968 519 po-

185 531 270 559 tuisse
288 530 419 567 Cyrillum
433 531 582 558 Orientalis
597 531 726 558 Ecclesiae
741 531 872 558 eximium
896 531 966 557 anti.

185 577 275 604 stitem
295 577 330 604 ab
343 576 439 604 haeresi
461 575 622 610 Apollinarii
648 575 681 602 ad
705 575 786 603 fidem
807 575 968 603 catholicam

183 623 359 657 compellere.

219 668 309 701 Atque
334 667 393 694 haec
416 674 498 693 causa
515 666 577 699 fuit,
600 674 650 693 cur
671 674 829 700 nunquam,
854 674 886 693 ex
914 674 970 701 quo

183 710 301 744 primum
317 714 448 744 ceperat.
463 711 604 738 destiterit
630 711 757 738 insectari
780 711 898 745 capitula
913 720 919 737 :
936 719 969 738 ca

184 757 262 790 20]
279 757 352 783 enim
370 757 575 791 impugnatione
601 761 732 791 perpetua
756 757 918 784 etl‘cctururn
939 764 968 782 se

183 802 320 835 sperabat.
341 806 371 829 ut
383 810 460 829 suam
477 810 573 829 omnes
587 802 614 828 in
629 802 754 829 doctrina
774 802 967 833 constantiam,

182 846 275 882 Cyrilii
290 847 512 879 inconstantiam,
524 848 693 881 alteramque
703 847 817 874 alterius
826 847 967 874 victricem

183 895 373 924 agnoscerent.
400 891 457 919 Nec
474 899 536 919 eum
556 899 605 918 sua
620 899 682 926 spes
699 891 796 918 fefellit
810 900 816 917 :
835 892 969 926 siquidem

183 936 302 970 capitula
329 941 358 963 et
375 929 434 966 suis
461 940 489 964 et
516 936 713 963 catholicorum
734 937 869 971 pluribus,
887 937 970 964 etiam

185 982 378 1014 sanctissimis,
405 986 530 1017 suspecta
547 990 606 1009 esse
627 982 779 1016 persuasit;
800 986 884 1015 atque.
907 983 970 1010 inde

183 1028 296 1060 factum,
312 1033 343 1055 ut
357 1028 390 1056 de
407 1028 474 1063 ipsis
486 1029 578 1056 nullus
592 1028 676 1056 fuerit
689 1037 778 1063 neque
790 1029 861 1056 inter
871 1029 968 1056 incun-

183 1071 245 1099 dam
255 1072 441 1100 Ecclesiarum
453 1080 558 1107 pacem,
574 1081 662 1108 neque
679 1073 707 1100 in
722 1074 839 1102 concilio
852 1074 969 1102 Chalce-

182 1117 311 1149 donensi,
325 1126 413 1152 neque
426 1118 451 1144 in
466 1118 562 1152 quinta
577 1119 692 1154 synodo,
703 1119 753 1146 nisi
770 1127 802 1146 ex
814 1120 968 1152 occasione,

181 1170 285 1191 sermo.

219 1208 261 1235 Ν.
276 1208 436 1243 Cujusmodi
461 1208 544 1236 fuerit
562 1209 716 1236 secedentis
734 1209 862 1241 solitudo.
877 1215 970 1237 narrat

183 1253 240 1288 ipse
251 1254 349 1280 Joanni
369 1262 532 1282 (nconomo:
551 1264 560 1280 ι
580 1255 656 1287 Mihi,
678 1255 810 1290 inquit“,
823 1260 901 1290 grata
925 1261 969 1283 est

181 1300 271 1334 quies,
285 1304 314 1326 et
329 1300 384 1326 vita
398 1300 474 1327 curis
498 1300 582 1327 libera
596 1309 602 1333 ;
618 1306 765 1335 propterea
786 1309 852 1328 sane
866 1306 894 1328 et
907 1310 952 1329 mo
962 1315 969 1322 ι

182 1344 297 1371 nasterii
316 1344 463 1371 atriensem
477 1345 589 1380 januam
618 1345 752 1377 obstruxi,
775 1350 803 1373 ct
817 1346 967 1373 amicorum

181 1389 391 1424 congressiones
417 1389 519 1417 devito.
535 1400 544 1416 ι
570 1390 641 1423 Quin
669 1391 751 1418 etiam
774 1399 788 1418 a
814 1392 969 1420 scribendis

181 1434 292 1466 litteris,
311 1434 481 1469 edendisque
501 1435 530 1462 in
542 1436 682 1470 publicum
698 1437 861 1464 tractatibus
885 1438 969 1465 absti-

181 1488 248 1508 nere
271 1484 417 1513 statuerat,
435 1489 470 1508 ne
489 1481 555 1516 quid
578 1486 706 1509 avocaret
721 1482 842 1509 animum
864 1491 894 1510 se
912 1483 966 1510 frui

182 1527 329 1558 volentem,
341 1531 371 1554 et
378 1534 469 1554 rerum
481 1526 634 1554 divinarum
644 1527 716 1555 sitim
728 1527 836 1562 eiiplere
845 1528 965 1557 avidum:
981 1542 1002 1573 α

181 1581 237 1600 non
253 1572 316 1600 ideo
329 1577 419 1600 tamen
432 1572 558 1607 deposuit
571 1580 679 1601 omnem
690 1574 781 1609 gregis
792 1582 900 1607 curam;
919 1575 967 1603 sed

182 1623 213 1646 nt
228 1623 288 1646 erat
297 1619 495 1646 monasterium
508 1626 593 1653 prope
601 1618 715 1654 Cyrum,
732 1619 769 1646 ita
786 1619 900 1647 vacabat
912 1620 969 1647 sin-

181 1665 252 1700 gulis
264 1664 347 1692 rebus
357 1664 546 1699 providendis,
562 1664 657 1692 saltem
667 1665 828 1699 majoribus.
841 1673 924 1700 quam
937 1671 968 1693 ut

182 1718 197 1736 a
214 1709 421 1745 cllorepiscopis
445 1710 564 1742 duobus,
588 1709 704 1745 Hypatio
724 1715 753 1738 et
770 1711 908 1743 Abramio,
925 1713 967 1747 agi

182 1759 304 1788 possent.

217 1801 249 1828 V.
261 1801 321 1828 Non
342 1804 443 1829 temere
458 1805 548 1829 tamen
563 1802 698 1837 quispiam
713 1803 860 1837 putaverit,
872 1803 963 1830 Theo-

182 1846 309 1873 doretum
321 1846 447 1873 abdicato
456 1847 615 1882 episcopatu
628 1848 744 1875 alterum
755 1847 807 1875 sibi
821 1856 836 1876 e
847 1848 966 1881 duobus,

183 1893 328 1927 Hypatium
344 1893 459 1925 scilicet,
483 1886 668 1926 subst’ituisse,
687 1901 771 1929 seque
793 1898 879 1921 totum
897 1895 967 1922 scri-

183 1938 280 1965 bendis
296 1938 385 1971 libris,
411 1943 459 1966 aut
474 1940 631 1974 repetendis
655 1939 747 1975 potius
763 1941 886 1975 pristinae
905 1941 968 1968 vitae

183 1984 316 2019 religiosae
325 1985 571 2013 exercitationibus
582 1985 702 2013 dedisse.

218 2029 292 2056 Ilanc
302 2030 460 2064 opinionem
477 2031 574 2058 suadet
588 2031 718 2066 primum,
730 2032 804 2066 quod
820 2032 964 2066 episcopa-

183 2079 227 2100 tus
243 2074 322 2101 tiedio
336 2082 365 2101 se
383 2075 482 2106 teneri,
507 2075 604 2102 saltem
627 2075 718 2102 studio
734 2083 789 2102 non
813 2075 962 2103 admodum

182 2119 261 2151 aﬂici,
276 2127 346 2154 saepe
358 2125 472 2148 testatus
490 2121 526 2148 sit
542 2121 582 2153 ⁸²;
601 2129 687 2156 eaque
701 2121 784 2148 animi
797 2121 905 2148 affectio
918 2121 966 2148 de-

154 2175 162 2180 ί
182 2165 273 2193 buerit
284 2173 343 2193 csse
357 2171 436 2196 tunc,
458 2174 520 2194 cum
534 2168 627 2194 essent
653 2167 810 2194 turbulenta
831 2171 965 2202 tempora,

183 2211 372 2238 vehementior
395 2216 478 2246 atque
494 2211 640 2240 efﬁcacior.
659 2212 734 2239 Adde
757 2211 831 2246 quod
855 2212 964 2239 Maximi

182 2257 344 2284 Antiocheni
354 2257 525 2292 patriarchae,
541 2265 623 2292 quem
639 2257 786 2284 Dioscorus
800 2258 886 2284 hostis
899 2265 966 2284 suus

181 2303 351 2338 praefecerat,
364 2303 512 2330 amicitiam
525 2303 614 2330 colere
624 2311 679 2330 non
690 2303 769 2330 facile
785 2309 886 2338 possiet.
895 2303 965 2336 Quid

180 2349 255 2383 quod
270 2350 420 2384 provincia:
435 2349 555 2385 synodis,
574 2357 590 2376 a
600 2349 701 2383 quibus
715 2349 811 2376 abesse
824 2357 878 2376 non
898 2349 965 2376 licc-

183 2395 229 2422 bat
252 2395 402 2429 episcopis,
421 2403 484 2422 cum
511 2394 641 2422 tractoria
669 2399 842 2425 vocarentur,
870 2398 966 2428 optan-

181 2439 249 2466 dum
268 2448 323 2466 non
348 2445 409 2467 erat
431 2440 564 2467 interesse
582 2439 697 2472 homini,
715 2440 759 2466 cui
776 2439 840 2467 inde
863 2443 966 2466 structa

181 2485 246 2512 olim
269 2485 357 2512 fuerat
372 2486 464 2520 gravis
483 2486 622 2512 accusatio
638 2494 645 2517 ;
672 2490 701 2512 et
724 2485 767 2512 cui
783 2485 968 2512 tribuerentur

182 2538 275 2564 porro,
290 2535 404 2565 propter
421 2530 567 2558 collectam
591 2538 625 2558 ex
645 2530 726 2565 longo
750 2530 917 2565 opinionem,
941 2529 964 2556 si

181 2583 243 2609 quae
255 2576 352 2603 ﬁerent
363 2576 390 2602 in
403 2576 437 2603 iis
450 2576 492 2603 vel
506 2576 622 2611 imperio
637 2575 679 2602 vel
693 2575 822 2603 Ecclesia:
834 2576 939 2610 ingrata
956 2584 962 2601 :

181 2620 242 2648 fieri
257 2629 322 2648 vero
346 2621 425 2655 plura
441 2622 561 2656 proclive
584 2626 653 2653 erat,
679 2621 822 2648 commotis
846 2621 936 2647 adhuc
951 2628 966 2647 a

181 2667 286 2694 recenti
310 2667 488 2695 contentione
504 2668 613 2695 animis.
652 2667 764 2695 Videtur
781 2667 863 2694 etiam
880 2667 906 2693 id
924 2675 966 2694 se—

218 2748 232 2762 π
247 2744 270 2771 ll
287 2744 350 2772 Cor.
365 2752 395 2777 ll,
406 2744 451 2776 28,
466 2744 511 2771 29.

1024 257 1185 285 invidiosam
1197 259 1356 286 cathedram
1378 260 1543 294 reliquisset.
1561 261 1684 295 Denique
1703 261 1730 288 id
1750 269 1805 289 non

1023 303 1139 330 obscure
1153 304 1210 338 ipse
1224 305 1325 337 innuit,
1351 313 1413 333 cum
1429 306 1589 340 przefaretur
1601 307 1627 333 in
1640 307 1806 341 posteriores

1023 348 1183 376 Octateuchi
1205 352 1435 385 commentarios;
1453 352 1598 388 Hypatium
1625 352 1699 379 enim
1712 353 1806 387 operis

1022 394 1189 428 suscipiendi
1203 395 1371 424 incentorem
1391 397 1427 424 ita
1448 398 1594 432 compellat
1614 398 1662 425 filii
1682 399 1804 430 nomine,

1022 445 1134 474 propter
1145 445 1264 472 aetatem,
1277 447 1306 468 ut
1322 443 1514 470 auctoritatem
1531 443 1653 471 revereri
1670 443 1805 477 videatur,

1021 489 1132 519 propter
1145 485 1312 520 dignitatem.

1056 529 1099 556 Vl.
1113 530 1142 557 In
1156 531 1208 557 hoc
1219 538 1327 558 secessu
1343 532 1450 566 accepit
1461 532 1484 548 “
1500 540 1515 559 a
1538 537 1632 560 sancto
1652 533 1744 563 Leone
1761 534 1806 562 lit-

1022 579 1103 606 teras,
1120 575 1221 610 quibus
1245 576 1367 610 pontifex
1383 585 1505 604 amorem
1531 578 1558 604 in
1571 579 1742 613 gratulando,
1758 587 1807 613 pa.

1022 624 1129 646 termini
1145 615 1274 648 affectum
1284 621 1311 647 in
1325 622 1507 653 exhortando,
1522 623 1713 650 auctoritatem
1725 624 1806 658 202

1022 665 1048 692 in
1068 665 1166 692 dandis
1189 666 1324 694 mandatis
1340 667 1469 694 ostendit.
1489 667 1646 695 Gratulator
1659 669 1728 695 tria:
1748 670 1807 704 pri-

1021 718 1106 743 nium,
1120 711 1261 738 victoriam
1275 712 1308 739 de
1322 712 1484 740 Ncsloriana
1497 713 1648 747 impietate,
1660 714 1806 749 Eutychia—

1023 763 1058 781 na
1091 757 1212 787 vesania,
1239 757 1318 783 hoste
1344 757 1492 790 Dioscoro;
1510 757 1636 790 alterum,
1666 758 1807 793 dignitatis

1021 801 1223 829 restitutionem
1250 803 1360 829 concilii
1387 803 1543 830 sententia“
1572 804 1727 837 firmatam;
1749 808 1807 831 ter-

1021 845 1101 874 tium.
1115 853 1171 872 sum
1184 846 1305 880 epistolae
1331 847 1463 874 adversus
1476 848 1696 876 contradicentes
1711 848 1804 876 defen-

986 882 1006 909 Β
1021 890 1125 918 sionem
1140 891 1196 918 sive
1208 892 1417 926 expositionem.

1057 937 1216 964 Vehementi
1229 939 1355 965 oratione
1369 938 1496 966 hortatur
1516 939 1549 966 ad
1575 938 1656 965 ﬁdem
1679 938 1804 973 apertius

1021 983 1049 1009 in
1064 987 1204 1017 posterum
1227 982 1411 1018 libentiusque
1425 983 1615 1018 proﬁtendam,
1629 990 1709 1018 quam
1725 982 1806 1010 fecis-

1021 1033 1063 1057 set
1080 1030 1213 1057 hactenus
1229 1038 1284 1064 praa
1300 1030 1418 1057 Nestorii
1432 1038 1525 1058 amore
1538 1026 1660 1057 nondum
1675 1029 1807 1056 radicitus

1020 1075 1125 1102 evulso.
1143 1075 1236 1109 Neque
1251 1074 1323 1102 enim
1339 1075 1460 1109 pontifex
1483 1080 1542 1102 erat
1562 1075 1683 1106 nescius,
1701 1077 1803 1108 quanta

1019 1119 1092 1146 foret
1104 1120 1155 1146 hac
1172 1119 1199 1146 in
1213 1123 1290 1154 parte
1310 1119 1476 1147 Theodoreti
1501 1120 1654 1151 inﬁrmitas,
1667 1127 1804 1155 quamque

1020 1169 1113 1199 egeret
1131 1164 1254 1192 roborari
1268 1173 1274 1191 :
1291 1173 1376 1200 quare
1398 1165 1431 1192 ad
1444 1165 1471 1192 id
1497 1165 1716 1200 persuadendum
1730 1165 1804 1200 quod

1020 1210 1186 1243 consuleret,
1198 1210 1310 1237 adducit
1324 1210 1445 1238 Dioscori
1468 1212 1635 1245 exemplum,
1652 1219 1733 1245 quem
1761 1212 1804 1238 sul

1019 1256 1151 1291 Eutychis
1162 1264 1238 1284 amor
1249 1260 1344 1292 egerat
1358 1256 1386 1284 in
1402 1265 1532 1292 praeceps.
1552 1267 1561 1284 ι
1577 1257 1664 1290 Licet,
1680 1257 1804 1292 inquit“,

1020 1306 1067 1329 tua
1084 1302 1253 1333 fraternitas,
1275 1302 1363 1329 solido
1391 1302 1454 1330 cibo
1471 1302 1588 1334 ﬁrmata,
1615 1302 1658 1330 his
1681 1302 1805 1337 indigere

1019 1347 1133 1374 minime
1147 1347 1272 1374 videatur
1286 1356 1293 1380 ;
1317 1352 1420 1380 tamen,
1437 1352 1476 1380 ut,
1490 1348 1562 1382 quod
1578 1347 1665 1374 nostri
1682 1347 1735 1375 loci
1751 1351 1804 1379 est,

1020 1393 1183 1428 impleamus
1202 1393 1274 1420 circa
1289 1401 1383 1420 vocem
1401 1393 1518 1420 dicentis
1527 1393 1647 1428 Apostoli
1659 1398 1671 1411 υ
1685 1402 1690 1419 :
1706 1393 1808 1419 Praeter

1019 1446 1061 1470 ea,
1068 1446 1125 1473 quia
1133 1439 1291 1465 extrinsecus
1299 1443 1370 1471 sunt,
1378 1439 1506 1465 instantia
1514 1447 1571 1466 mea
1578 1439 1742 1469 quotidiana,
1752 1437 1806 1464 sof-

1020 1484 1125 1512 h'citudo
1140 1485 1256 1511 omnium
1269 1484 1446 1511 Ecclesiarum
1457 1484 1532 1518 ;quit
1547 1484 1709 1517 inﬁrmatur,
1722 1486 1746 1509 et
1759 1491 1806 1517 ego

1019 1538 1072 1556 non
1083 1529 1225 1563 inﬁrmor?
1248 1529 1305 1564 quia
1319 1528 1528 1560 scandalizatur,
1547 1533 1571 1554 et
1591 1536 1638 1562 ego
1649 1536 1701 1555 non
1715 1536 1777 1554 uror
1794 1527 1806 1554 .9

1018 1573 1070 1601 hoc
1082 1574 1219 1608 praecipue
1236 1573 1362 1607 praesenti
1383 1573 1527 1599 occasione
1549 1571 1687 1599 credimus
1709 1571 1805 1598 admo.

1018 1619 1148 1647 nendum.
1162 1619 1245 1645 frater
1259 1617 1428 1650 cliarissime,
1443 1621 1473 1644 ut
1485 1616 1701 1651 quotiescunque
1713 1615 1806 1644 divina

1017 1665 1103 1701 gratia
1117 1664 1336 1695 administrante,
1349 1663 1410 1690 illos
1421 1663 1468 1698 qui
1482 1662 1548 1689 foris
1565 1666 1640 1693 sunt,
1659 1661 1734 1688 fonte
1754 1660 1805 1688 do-

1017 1712 1112 1739 ctrina:
1128 1716 1174 1738 aut
1189 1709 1392 1745 submergimus
1406 1714 1453 1736 aut
1468 1716 1626 1744 purgamus,
1644 1707 1671 1735 in
1685 1707 1762 1734 nullo
1770 1707 1805 1734 ab

1017 1757 1084 1790 illis,
1094 1764 1162 1791 quas
1175 1756 1293 1790 Spiritus
1305 1754 1390 1783 sancti
1404 1754 1532 1782 divinitas
1547 1754 1575 1780 in
1587 1752 1805 1780 Chalcedonensi

1017 1802 1134 1830 concilio
1160 1801 1286 1836 protulit,
1313 1800 1376 1827 ﬁdei
1405 1800 1506 1836 regulis
1533 1798 1702 1830 recedentes,
1733 1798 1806 1826 inter

1018 1851 1166 1882 utrumque
1178 1847 1284 1874 hostem
1297 1846 1412 1874 novellie
1430 1845 1551 1881 perﬁdia:
1572 1851 1728 1872 sermonem
1751 1850 1804 1871 no-

1018 1897 1105 1920 strum
1120 1899 1182 1919 cum
1203 1892 1278 1919 omni
1292 1891 1399 1919 cautela
1415 1891 1548 1918 libremus
1564 1899 1570 1917 :
1585 1898 1640 1917 non
1651 1891 1718 1925 jam,
1731 1890 1804 1924 quod

1018 1938 1103 1965 absit!
1119 1942 1247 1972 tanquam
1261 1937 1295 1964 de
1309 1937 1400 1964 dubiis
1416 1937 1610 1971 disceptantes,
1623 1935 1669 1963 sed
1683 1935 1805 1963 auctori-

1018 1988 1072 2011 tate
1087 1991 1203 2014 summa,
1215 1990 1276 2017 quae
1287 1983 1356 2010 bene
1367 1981 1477 2009 deﬁnita
1490 1986 1563 2013 sunt,
1577 1986 1740 2008 astruentes.
1756 1991 1765 2006 ι

1052 2028 1191 2056 Pontiﬁcis
1217 2028 1308 2055 adhuc
1330 2028 1365 2055 de
1387 2027 1547 2054 inﬁrmitate
1564 2026 1730 2054 Theodoreti
1757 2033 1806 2052 stt-

1017 2075 1105 2110 spicio
1114 2083 1149 2102 ex
1164 2075 1208 2102 his
1223 2082 1333 2102 rursum
1346 2073 1520 2101 manifestius
1543 2077 1657 2107 apparet
1670 2080 1677 2098 :
1698 2081 1707 2098 ι
1726 2071 1804 2100 Unde

1019 2124 1071 2152 hoc
1084 2131 1194 2158 quoque
1213 2131 1264 2151 nos
1279 2128 1374 2151 contra
1399 2123 1493 2150 hostes
1505 2122 1635 2150 Ecclesiae
1660 2120 1804 2155 providere

1018 2170 1183 2205 condignum
1195 2173 1248 2202 est,
1270 2175 1302 2196 ut
1318 2169 1360 2196 eis
1383 2169 1486 2196 nullam
1512 2165 1698 2194 calumniandi
1722 2173 1803 2192 occa-

1019 2216 1134 2246 sionem,
1155 2214 1228 2249 quod
1240 2213 1273 2241 ad
1285 2221 1336 2240 nos
1348 2213 1456 2242 attinet.
1475 2212 1585 2246 penitus
1601 2210 1802 2243 relinquamus;

1019 2268 1070 2288 nec
1095 2267 1214 2294 unquam
1238 2263 1334 2286 contra
1361 2257 1539 2285 Nestorianos
1558 2260 1605 2283 aut
1621 2254 1804 2290 Eutychianos

1017 2309 1139 2339 agentes,
1155 2303 1249 2331 alteris
1259 2310 1355 2330 eorum
1368 2302 1507 2329 videamur
1526 2305 1599 2336 terga
1612 2300 1743 2327 vertisse:
1756 2299 1804 2326 sed

1019 2354 1148 2384 utrosque
1161 2349 1260 2376 Christi
1275 2348 1368 2375 hostes
1387 2355 1464 2381 aequa
1481 2347 1558 2374 lance
1583 2346 1701 2373 vitemus
1722 2349 1804 2379 atque

1019 2394 1196 2425 damnemus;
1215 2393 1251 2419 ita
1266 2396 1296 2419 ut
1310 2399 1368 2424 eos,
1381 2391 1490 2426 quoties
1508 2390 1677 2418 audientium
1692 2392 1805 2423 quanta-

1020 2439 1087 2466 libet
1103 2437 1312 2473 poscitutilitas,
1331 2444 1393 2463 cum
1412 2435 1585 2471 dogmatibus
1602 2441 1698 2461 eorum
1722 2433 1803 2468 digno

1020 2484 1190 2511 anathemate
1206 2482 1410 2518 promptissime
1432 2486 1513 2516 atque
1529 2480 1733 2508 evidentissime
1762 2478 1802 2506 fe-

1021 2531 1142 2558 riamus:
1164 2537 1199 2557 ne
1221 2530 1244 2556 si
1260 2529 1312 2557 hoc
1324 2537 1338 2557 a
1355 2528 1435 2556 nobis
1451 2531 1499 2555 aut
1514 2526 1659 2554 obscurius
1689 2525 1747 2552 ﬁeri
1764 2526 1803 2552 vi-

1013 2575 1111 2602 deatur
1129 2579 1175 2601 aut
1191 2574 1306 2606 tardius,
1320 2578 1433 2608 putetur
1445 2572 1570 2599 invitum.
1582 2570 1659 2605 Quod
1679 2570 1802 2606 quamvis

1015 2620 1185 2655 prudentiam
1208 2624 1282 2646 tuam
1297 2627 1341 2646 res
1354 2618 1411 2653 ipsa
1423 2617 1572 2644 admonere
1585 2615 1710 2649 sufﬁciat,
1728 2622 1803 2643 nunc

1017 2672 1106 2693 tamen
1121 2670 1148 2693 et
1174 2666 1361 2700 experimenta
1377 2663 1540 2692 docuerunt.
1564 2662 1617 2690 Sed
1641 2661 1803 2690 benedictus

850 2798 1010 2826 SCIIULZII
1029 2799 1142 2826 ΝΟΤΑΞ.

216 2858 238 2874 ιε
250 2858 336 2894 Epist.
351 2860 410 2889 iis.
448 2860 470 2876 δ’
486 2860 573 2894 Epist.
588 2860 620 2888 l6
631 2860 671 2887 .id
684 2860 754 2887 mn.

794 2859 815 2876 η
832 2860 915 2893 Epist.
936 2859 995 2886 4‘26.
1034 2859 1054 2876 ιι
1070 2860 1173 2896 Αοιεπίι
1199 2859 1270 2892 uti,
1288 2866 1306 2886 ι.
1325 2859 1366 2890 iv,
1391 2867 1416 2893 p.
1449 2859 1514 2886 “93
1530 2865 1587 2892 seq.
