1969 3052
166 174 215 206 155

721 173 909 203 GARNERII
929 173 1176 205 DISSERTATIO
1197 176 1220 205 Ι.

1738 173 1788 204 156

166 231 237 256 Deus
255 234 359 264 noster,
381 230 458 264 cujus
484 228 651 255 invincihilis
679 228 790 259 veritas,
815 228 849 255 ab
872 227 946 254 omni
964 229 984 256 Α
1001 227 1074 254 illum
1094 229 1205 256 haeresis
1227 233 1369 256 auctorum
1384 228 1505 263 potentia
1516 227 1690 258 deterritum.
1716 227 1789 255 blas-

163 275 301 302 Increseos
335 275 440 301 macula
468 275 600 302 mundum
629 279 666 306 te,
699 274 849 301 secundum
877 273 950 300 sedis

165 319 443 355 apostolictejudicia,
455 319 662 351 demonstravit,
677 320 719 346 cui
738 319 845 354 dignam
869 319 950 346 retri-

166 367 234 393 bues
241 374 290 401 pro
304 371 344 393 tot
361 366 501 394 laboribus
513 367 637 401 gratiam,
652 368 673 393 si
692 367 772 394 talem
786 371 822 397 te,
842 365 949 400 qualem

165 412 344 446 probavimus
359 419 389 438 ac
399 412 556 446 probamus,
571 420 620 447 pro
634 412 799 440 universalis
823 412 951 439 Ecclesiae

165 457 323 484 defensione
337 459 499 484 servaveris.
515 468 523 483 ι

199 503 234 530 Ut
253 503 390 530 efﬁcacius
420 512 503 538 porro
523 504 593 531 foret
618 504 685 531 tanti
703 508 811 539 tamque
834 504 952 530 amantis

165 549 263 576 medici
289 550 453 581 remedium,
473 551 552 584 203
577 550 683 577 addidit
703 551 872 582 mandatum,
895 558 950 584 quo

166 595 491 630 Theodoretunt,juberet
509 595 657 623 idemidem
675 596 708 622 ad
727 595 820 637 sedem
839 601 950 630 aposto-

166 639 244 666 licam
259 639 371 671 referre,
386 648 440 674 quo
451 644 522 667 statu
535 640 624 667 forent
638 649 681 668 res
698 641 838 672 Ecclesiae,
852 648 951 675 quam-

165 692 218 719 que
232 685 288 719 ipse
306 690 417 712 navaret
436 693 546 720 operam
571 686 755 720 exstirpandis
773 686 951 714 Nestoriano-

165 739 224 758 rum
234 735 263 758 et
278 732 510 767 Eutychianorum
523 733 656 767 reliquiis.
671 733 803 760 Latebant
815 733 949 767 siquidem

165 776 192 802 in
206 778 389 809 monasteriis,
407 779 644 813 erumpebantquc
667 778 792 810 subinde,
808 778 950 806 monachis

164 821 198 848 ad
219 823 350 857 populum
365 824 602 855 concionantibus,
621 832 689 859 quos
701 824 782 851 silere
795 824 948 859 jubetLeo,

164 868 286 902 quandiu
316 877 370 896 non
394 869 496 896 fuerint
520 870 553 897 ad
573 870 796 906 presbyterorum
825 870 949 897 ordinem

163 913 262 940 evecd.

201 958 255 985 VII.
275 958 338 986 Htcc
365 959 450 986 sancti
476 960 613 994 pontilicis
639 960 793 988 exhortatio
817 960 890 993 fecit,
909 966 948 994 ut,

163 1010 246 1036 quam
276 1003 467 1031 Theodoretus
496 1005 606 1032 silentio
633 1005 802 1033 obruendam
825 1006 949 1041 putabat,

163 1048 197 1075 de
224 1048 410 1076 incarnatione
433 1051 612 1085 quaestionem
633 1056 763 1079 tractaret
781 1052 948 1088 diligentius,

163 1094 225 1120 data
237 1095 380 1122 occasione
398 1095 479 1127 Aetii,
498 1096 646 1131 edet-etque
660 1105 716 1124 suae
733 1097 795 1124 ﬁdei
807 1098 949 1132 publicmn

162 1139 369 1167 documentum.
398 1141 465 1168 Nam
482 1150 536 1176 quo
558 1147 681 1178 tempore
700 1143 893 1171 ereticarum'
910 1144 950 1178 fa-

162 1183 285 1210 bularum
298 1184 377 1212 libris
394 1185 515 1220 quinque
526 1187 724 1222 componendis
733 1195 843 1222 operam
857 1188 948 1221 dabat,

162 1233 210 1255 aut
223 1236 318 1256 recens
343 1238 412 1264 opus
429 1230 593 1263 absolverat,
617 1232 827 1260 archidiaconus
844 1233 948 1265 Aetius,

162 1279 192 1300 ut
210 1274 352 1302 hominum
372 1276 441 1303 fama
467 1281 535 1308 erat,
555 1285 655 1304 novum
677 1278 806 1312 quiddam
834 1278 861 1305 in
879 1279 948 1305 urbe

161 1326 245 1347 ausus
255 1324 297 1347 est
308 1321 450 1355 proferre;
465 1323 537 1356 quod
550 1327 579 1349 ut
597 1323 732 1350 refclleret
748 1323 947 1355 Theodoretus,

162 1364 260 1390 silendi
275 1366 444 1399 propositum
461 1367 535 1393 velut
554 1367 717 1403 injuriosum
739 1369 861 1401 Christo,
890 1374 950 1396 tan-

162 1409 248 1443 tisper
264 1410 459 1438 inflectendum
477 1417 552 1439 ratus
564 1418 614 1439 est.

199 1455 264 1481 Rem
285 1455 320 1481 ita
336 1456 393 1489 ipse
404 1461 498 1483 narrat
510 1458 550 1484 ‘5:
571 1468 579 1483 I
597 1459 740 1493 Postquam
755 1464 849 1487 contra
865 1468 948 1487 evan—

161 1500 275 1534 gelicam
306 1501 386 1528 fidem
412 1510 456 1529 res
479 1510 564 1530 novas
590 1503 694 1530 moveri
712 1504 806 1535 didici,
825 1505 948 1539 periculo

158 1552 255 1573 carere
279 1546 417 1574 silentium
433 1555 487 1574 non
509 1549 647 1576 existimo.
666 1550 773 1577 Etenim
787 1551 809 1578 si
840 1551 945 1578 mortali

161 1598 225 1626 rege
244 1591 343 1626 injuria
362 1601 411 1627 per
429 1594 535 1628 aliquos
552 1595 660 1627 affecto,
678 1604 733 1623 non
755 1597 788 1623 iis
805 1597 886 1624 modo
900 1598 947 1632 qui

161 1635 288 1671 injuriam
308 1638 441 1671 fecerunt,
456 1640 502 1667 sed
515 1641 547 1668 iis
563 1641 645 1668 etiam
657 1642 704 1677 qui
721 1647 870 1677 praesentes
885 1651 947 1671 cum

160 1687 263 1715 essent,
290 1684 438 1719 injuriosos
462 1687 574 1714 minime
611 1688 782 1723 repulerunt,
809 1690 948 1724 impendet

160 1729 313 1762 periculum
325 1739 332 1762 ;
346 1739 427 1765 quam
446 1739 555 1766 pmnam
570 1741 624 1760 non
642 1734 741 1761 merito
760 1735 946 1767 sustinebunt,

159 1774 207 1808 qui
222 1774 311 1802 illatas
323 1776 350 1802 in
363 1776 448 1804 Deum
462 1782 489 1804 et
500 1777 669 1806 Salvatorem
682 1785 807 1808 nostrum
819 1781 948 1817 blasphe-

161 1820 230 1847 mias
253 1825 430 1850 contemnere
449 1830 503 1850 non
524 1824 669 1852 dubitant?
694 1825 743 1853 Hic
758 1835 801 1854 me
819 1827 901 1855 timor
918 1828 945 1855 in

160 1873 280 1900 pnesens
293 1866 413 1894 scribere
429 1869 572 1903 compulit,
598 1874 625 1897 ct
637 1870 837 1904 demonstrare,
854 1881 915 1908 quae
931 1882 946 1900 a

160 1910 300 1938 nonnullis
316 1911 440 1939 innovari
456 1914 582 1948 cognovi.
595 1914 671 1942 Multi
687 1917 771 1947 enim,
789 1922 819 1944 ut
834 1918 945 1953 quidam

160 1954 304 1988 affirmant,
327 1956 355 1983 in
385 1957 453 1985 urbe
480 1959 594 1993 jactant,
612 1960 684 1994 quod
703 1961 871 1997 presbyteris
884 1964 946 1997 qui-

160 1999 274 2028 busdam
288 2003 444 2034 orantibus,
462 2008 490 2031 et
506 2005 623 2032 orationi
637 2006 747 2034 solitum
768 2007 848 2034 linem
860 2017 946 2044 appo-

159 2045 300 2077 nentibus,
313 2046 535 2082 dicentibusque,
544 2049 606 2076 aliis
617 2050 740 2084 quidem,
756 2051 820 2085 quia
837 2056 862 2078 te
874 2052 945 2079 decet

158 2090 244 2125 gloria
260 2097 284 2118 et
299 2091 432 2120 Christum
445 2097 529 2126 tuum,
546 2099 569 2121 et
582 2100 702 2123 sanctum
711 2101 785 2123 tuum
796 2096 945 2132 Spiritum;

158 2137 218 2163 aliis
227 2145 302 2169 vero,
317 2139 406 2173 gratia
422 2143 445 2165 et
457 2140 618 2174 benignitate
633 2140 730 2168 Christi
752 2143 800 2174 tui,
817 2151 877 2169 cum
894 2152 945 2178 quo

158 2187 183 2208 te
192 2183 262 2209 decet
276 2183 363 2218 gloria
380 2193 438 2211 cum
452 2189 542 2212 sanrto
557 2189 600 2211 tuo
615 2185 735 2221 Spiritu;
749 2188 886 2215 mandarit
903 2197 946 2216 sa-

159 2228 349 2262 pientissimus
361 2223 582 2264 archidiaconus,
595 2239 650 2259 non
663 2238 792 2267 oportere
803 2234 943 2262 Christum

158 2273 261 2306 dicere,
274 2274 321 2302 sed
350 2275 526 2311 Unigenitum
543 2277 714 2312 gloriﬁcare;
732 2279 804 2313 quod
822 2280 945 2314 quidem,

158 2320 180 2346 si
193 2328 286 2346 verum
301 2325 354 2353 est,
367 2329 475 2349 omnem
487 2327 599 2357 superat
611 2324 722 2351 modum
736 2325 894 2360 impietatis.
917 2336 925 2351 ι

193 2365 363 2400 Impietatem
388 2367 525 2402 ejusmodi
561 2369 688 2397 confutat
711 2371 853 2405 pluribus,
884 2372 948 2399 hinc

160 2420 277 2439 exorsus
291 2421 298 2438 :
320 2421 330 2437 ί
350 2412 403 2440 Aut
418 2413 488 2440 duos
502 2414 529 2441 in
545 2414 628 2442 Filios
641 2415 741 2442 dividit
754 2424 838 2442 unum
853 2416 947 2443 Domi-

157 2465 222 2484 num
239 2462 364 2485 nostrum
376 2459 468 2486 Jesum
481 2459 632 2491 Christmn,
646 2465 673 2488 et
684 2462 861 2496 Unigenitum
882 2463 946 2497 qui-

157 2503 218 2530 dem
243 2505 393 2540 legitimum
415 2510 493 2540 putat
521 2514 581 2534 esse
596 2507 694 2534 Filium
723 2512 750 2535 et
779 2509 943 2540 naturalem,

156 2548 294 2576 Christum
309 2558 376 2577 vero
391 2551 549 2585 adoptivum
573 2557 601 2579 et
614 2554 729 2580 nothum
745 2574 752 2585 ,
780 2562 811 2582 ac
829 2554 945 2589 proinde

155 2595 298 2630 indignant
316 2596 515 2631 gloriﬁcatione
533 2606 540 2630 ;
559 2603 606 2625 aut
631 2599 842 2628 insolescentcm
871 2607 946 2628 nunc

157 2642 270 2669 Ineresin
286 2643 410 2670 stabilire
423 2649 548 2671 conatur.
559 2645 598 2672 Ac
612 2646 735 2680 quidem,
753 2647 774 2673 si
797 2646 856 2673 dira
874 2651 944 2673 tent-

156 2688 439 2722 pcstasiacumberet,
460 2691 646 2725 suspicaretur
668 2691 782 2719 fortasse
795 2692 943 2727 quispiam,

193 2768 204 2781 °
223 2765 316 2793 Matth.
331 2775 381 2793 ενι.
400 2767 439 2793 I6.
480 2773 492 2792 Ρ
508 2767 573 2795 ibid.
591 2768 629 2794 I8.

960 1581 983 1610 (ἶ
999 1593 1129 1621 Ecclesiae
1166 1581 1478 1627 Constantinopolitanaa

1002 274 1138 308 phemiam
1166 274 1307 309 indulgere
1333 275 1459 309 tempori.
1488 275 1633 309 Postquam
1648 278 1738 301 autem
1752 274 1786 305 is,

1002 318 1047 353 qui
1061 319 1274 353 blasphematur,
1290 319 1443 354 increpavit
1457 323 1552 346 ventos
1566 324 1593 346 et
1608 319 1786 354 mare.jacla-

1002 363 1089 398 tisque
1107 364 1238 391 Ecclesiis
1255 366 1261 374 '
1287 365 1512 400 tranquillitatem
1535 364 1630 395 dedit,
1659 369 1687 391 et
1715 369 1786 391 terra

1002 410 1125 444 marique
1141 411 1328 445 apostolorum
1357 411 1459 445 ubique
1484 410 1672 445 promulgatur
1688 410 1787 444 praedi-

1002 456 1088 488 catio;
1107 464 1222 490 ecquem
1245 457 1334 483 locum
1356 456 1438 484 habet
1465 456 1657 490 blasphemia?
1678 455 1787 483 Etenim

1001 509 1052 528 nec
1067 501 1122 533 isti,
1140 502 1187 536 qui
1215 510 1296 529 unam
1317 502 1407 529 carnis
1430 502 1638 536 divinitatisque
1663 505 1787 528 naturam

1002 555 1129 581 perverse
1153 547 1234 583 204
1249 556 1322 575 nunc
1344 547 1541 575 ecclesiasticis
1558 547 1733 582 dogmatibus
1746 547 1787 573 in-

1001 596 1105 625 serunt,
1121 592 1260 620 Christum
1278 594 1422 620 Demittunt
1448 592 1553 620 laudari
1580 597 1688 624 vetant;
1705 596 1788 626 atque

1001 638 1055 666 hoc
1069 639 1149 666 facile
1163 643 1204 666 est
1226 647 1258 666 ex
1284 639 1327 671 iis,
1349 639 1396 673 qui
1418 639 1494 665 illinc
1513 638 1666 670 redierunt,
1686 645 1787 673 cogno-

1002 692 1077 712 scere
1095 693 1101 711 :
1118 685 1265 719 oportebat
1275 689 1365 712 autem
1379 685 1467 716 illum,
1483 684 1529 719 qui
1548 683 1637 711 ordini
1659 688 1787 718 praeesset

1000 731 1199 762 ecclesiastico,
1213 731 1335 757 divinam
1346 739 1426 758 nosse
1444 731 1624 765 Scripturam,
1638 739 1646 755 ι
1662 734 1716 756 etc.

1036 777 1148 804 Mcntita
1160 781 1201 804 est
1221 777 1362 804 hominum
1382 777 1452 803 fama
1466 776 1499 803 de
1512 775 1591 803 Aetio
1608 776 1668 802 viro
1692 779 1786 800 ('allm-

1000 822 1060 849 lica:
1086 821 1160 854 ﬁdei,
1185 826 1214 849 ut
1239 825 1348 849 sanctus
1370 821 1424 848 Leo
1449 821 1616 856 loquitur".
1642 820 1688 846 Ille
1712 819 1787 845 enim

1001 871 1113 901 propter
1122 866 1295 894 sanctitatem
1309 870 1336 893 et
1349 866 1412 894 ﬁdei
1438 866 1635 900 integritatem,
1661 873 1676 891 a
1691 871 1788 892 sancto

966 910 987 938 B
1002 912 1122 940 Sisinnio
1138 912 1255 947 primum
1277 912 1303 938 in
1322 913 1425 939 clerum
1447 911 1582 946 ascriptus
1607 914 1649 937 est
1663 931 1670 941 ,
1687 909 1786 936 deinde

1001 967 1015 985 a
1035 963 1130 986 sancto
1141 959 1238 986 Proclo
1262 958 1351 986 factus
1363 958 1507 989 'diaconus,
1520 961 1613 992 postea
1630 965 1643 984 a
1658 956 1787 983 Flaviano

1001 1008 1120 1040 martyre
1131 1012 1203 1031 unus
1213 1004 1383 1030 notariorum
1401 1004 1427 1030 in
1440 1011 1520 1030 causa
1534 1003 1666 1039 Eutychis
1685 1002 1787 1028 consti-

1002 1054 1094 1077 tutus:
1111 1057 1172 1076 mox
1194 1050 1222 1076 in
1236 1049 1452 1076 Chalcedonensi
1480 1049 1608 1081 concilio,
1623 1056 1684 1075 cum
1714 1051 1787 1075 esset

1000 1096 1169 1123 notariorum
1183 1096 1365 1130 primicerius,
1385 1103 1441 1122 rem
1455 1095 1596 1122 catholicte
1609 1093 1670 1121 fidei
1687 1094 1785 1120 adver-

1001 1150 1047 1169 sus
1059 1142 1218 1169 Dioscorum
1236 1141 1357 1168 studiose
1376 1141 1522 1176 promovit,
1548 1145 1575 1167 et
1590 1140 1675 1167 sancti
1688 1139 1786 1166 Leonis

1000 1187 1145 1221 epistolam
1176 1195 1230 1214 non
1244 1191 1349 1213 tantum
1367 1186 1491 1220 exposuit
1514 1185 1712 1214 dubitantibus,
1737 1184 1784 1211 sed

1000 1233 1082 1260 etiam
1108 1232 1240 1259 adversus
1280 1232 1470 1267 impugnantcs
1495 1230 1637 1267 defendit.“
1662 1229 1784 1264 Denique

1000 1281 1158 1304 constanter
1170 1276 1329 1303 adversatus
1344 1281 1385 1303 est
1409 1275 1578 1303 Nestorianis
1589 1275 1671 1302 simul
1690 1279 1717 1301 et
1728 1275 1785 1301 Eu-

1002 1322 1156 1357 tychianis;
1177 1322 1224 1347 sed
1242 1321 1420 1356 Entychianis
1435 1321 1560 1351 maxime,
1575 1328 1644 1355 quos
1657 1319 1785 1347 Ecclesia:

999 1367 1307 1402 Constantinopolitame
1327 1367 1452 1394 insidiari
1469 1366 1584 1394 sentiret
1599 1375 1604 1392 :
1632 1371 1713 1400 atque
1727 1365 1784 1392 haec

999 1421 1080 1441 causa
1091 1413 1205 1444 exstitit,
1234 1412 1431 1444 curAnatolio,
1448 1412 1516 1439 foris
1538 1411 1687 1442 catholico,
1711 1411 1785 1437 intus

999 1460 1180 1496 Eutychiano,
1199 1459 1303 1486 invisus
1316 1459 1414 1490 fuerit;
1433 1466 1482 1486 cur
1503 1458 1567 1485 item
1590 1465 1638 1492 per
1665 1456 1783 1492 speciem

999 1505 1115 1532 honoris
1124 1512 1179 1532 non
1196 1508 1250 1530 tam
1266 1503 1293 1530 in
1304 1504 1497 1539 presbyterum
1512 1508 1622 1530 creatus
1633 1502 1678 1534 sit,
1699 1510 1784 1537 quam

999 1550 1033 1577 de
1049 1549 1236 1577 archidiaconi
1254 1549 1340 1584 gradu
1361 1549 1500 1584 dejectus;
1518 1556 1567 1575 cur
1586 1548 1677 1575 ablata
1700 1548 1784 1575 totius

1528 1592 1764 1619 administratione
1775 1611 1783 1623 ,

998 1640 1186 1667 cmmeterium
1205 1639 1408 1674 procurandum
1429 1638 1582 1672 acceperit;
1598 1646 1648 1665 cur
1665 1638 1785 1672 denique

997 1686 1157 1721 dispensatio
1186 1686 1264 1712 totius
1284 1693 1371 1712 causa:
1390 1689 1415 1711 et
1445 1693 1515 1712 cum
1543 1684 1725 1711 ecclesiasticae
1756 1685 1784 1711 in

997 1731 1130 1758 Andream
1158 1731 1385 1766 Eutychianistam
1408 1735 1513 1765 repente
1538 1730 1669 1757 translata
1694 1731 1738 1757 sit.
1754 1730 1783 1756 Id

998 1777 1124 1811 queritur
1138 1777 1159 1792 “
1171 1777 1242 1811 apud
1264 1777 1456 1811 imperatorem
1482 1776 1648 1804 Marcianum
1666 1776 1783 1804 Pulche-

998 1823 1122 1858 riamque
1137 1824 1285 1858 Augustam
1310 1822 1365 1850 Leo
1381 1822 1512 1856 pontifex,
1527 1822 1627 1850 litteris
1648 1830 1678 1850 ea
1704 1823 1736 1850 de
1754 1831 1782 1849 re

997 1868 1121 1904 Opilione
1134 1869 1246 1895 consule
1259 1867 1433 1902 conscriptis.

1033 1915 1099 1942 VIII.
1112 1915 1212 1941 Verum
1224 1913 1472 1948 quomodocunque
1494 1914 1602 1940 tandem
1617 1913 1687 1940 Aetii
1702 1921 1782 1940 causa

997 1969 1026 1988 se
1043 1960 1179 1991 habuerit,
1198 1959 1371 1986 occasionem
1388 1964 1462 1986 certe
1475 1958 1649 1985 Theodoreto
1664 1959 1781 1992 aperuit,

996 2007 1031 2033 ad
1047 2006 1127 2033 ﬁdem
1154 2013 1231 2032 suam
1247 2005 1281 2032 de
1302 2004 1489 2031 incarnatione
1510 2004 1590 2031 Verbi
1618 2004 1782 2034 testantiam,

996 2052 1153 2087 librumque
1165 2051 1301 2078 edendum
1316 2060 1322 2077 :
1337 2050 1452 2085 (utinam
1463 2050 1568 2084 integer
1579 2049 1612 2076 ad
1624 2057 1675 2076 nos
1686 2057 1783 2084 perve-

996 2097 1123 2133 nisset!)
1142 2105 1206 2132 quo,
1230 2096 1366 2124 mandatis
1390 2096 1490 2123 summi
1527 2095 1667 2130 pontificis
1699 2096 1782 2122 obsc-

996 2150 1086 2176 cutus,
1098 2143 1287 2171 Nestorianam
1302 2142 1480 2177 impietatem,
1493 2142 1686 2175 vesaniamquc
1697 2141 1784 2176 Euty-

997 2191 1125 2218 chianam
1140 2190 1180 2217 sic
1197 2189 1355 2220 declinavit,
1374 2193 1404 2215 ut
1417 2187 1517 2219 media,
1540 2186 1565 2213 id
1580 2190 1632 2218 est,
1650 2186 1782 2213 catholica

996 2236 1039 2263 via
1055 2236 1185 2263 incedens
1197 2236 1309 2263 doceret
1320 2235 1456 2269 exemplo,
1469 2233 1607 2261 neminem
1618 2240 1721 2264 errare,
1736 2240 1782 2267 qm

997 2282 1136 2310 Christum
1159 2290 1207 2309 ore
1216 2282 1288 2309 Petri
1304 2282 1463 2316 loquentem
1487 2285 1628 2314 sequatur.
1663 2279 1781 2308 tNemo.

998 2329 1097 2363 inquit,
1110 2328 1193 2355 alium
1207 2327 1363 2363 quempiam
1377 2327 1459 2354 stulte
1472 2330 1549 2361 putet
1560 2325 1700 2352 Christum
1712 2332 1781 2355 esse,

997 2382 1078 2409 quam
1100 2374 1197 2401 Filium
1216 2373 1408 2408 unigenitum;
1427 2379 1516 2406 neque
1539 2379 1590 2397 nos
1605 2370 1784 2404 sapientiores

998 2420 1118 2454 Spiritus
1130 2419 1216 2454 gratia
1230 2418 1418 2446 existimemus
1434 2424 1503 2448 esse,
1519 2416 1566 2443 sed
1581 2424 1708 2451 magnum
1733 2416 1782 2442 Pe»

998 2470 1071 2492 trum
1091 2465 1235 2492 audiamus
1248 2465 1431 2491 clamantem:
1450 2463 1487 2489 Tu
1515 2471 1540 2489 es
1558 2462 1684 2491 Christus,
1703 2460 1783 2487 Filius

997 2511 1046 2537 Dei
1058 2510 1136 2537 vivi“.
1153 2509 1304 2537 Audiamus
1331 2513 1358 2535 et
1383 2508 1521 2536 Christum
1546 2508 1691 2535 Dominum
1716 2515 1782 2533 con-

997 2557 1144 2585 fessionem
1161 2557 1231 2582 hanc
1245 2556 1453 2582 confirmantem
1470 2564 1476 2581 :
1493 2554 1577 2589 Super
1593 2555 1661 2580 hunc
1682 2558 1783 2588 petram

997 2602 1132 2636 (Udi/inibo
1151 2601 1293 2628 Ecclesium
1311 2609 1407 2632 meum,
1425 2604 1447 2626 et
1463 2604 1546 2634 portat
1563 2599 1641 2633 inferi
1653 2607 1703 2624 non
1716 2606 1784 2633 pm?-

996 2646 1118 2674 vnlcbtmt
1147 2644 1271 2672 mltvl'rsns
1299 2649 1392 2671 t'umP.
1434 2643 1538 2670 Idcirco
1567 2642 1784 2678 sapientissimus

997 2692 1107 2721 Paulus,
1123 2701 1131 2716 ι
1149 2696 1201 2717 etc.
1230 2691 1313 2717 I‘anlo
1332 2695 1395 2717 ante
1419 2689 1535 2722 dixerat,
1555 2689 1627 2716 unde
1644 2689 1784 2716 videretur

821 2824 980 2852 rCIIUlJII
1003 2823 1116 2851 NUTA'T.

193 2875 218 2892 "
232 2877 329 2912 Ittquil.
357 2878 429 2905 Loco
447 2879 537 2906 citato,
579 2883 598 2895 η
614 2882 698 2915 Epist.
722 2883 777 2909 Iili.

818 2882 838 2897 "7
853 2883 938 2916 Epist.
958 2883 1000 2908 57.

1247 2882 1266 2896 ίί¹
1282 2881 1366 2915 ι’]ιήιηι.
1387 2881 1445 2907 Ilii.

1039 2882 1060 2896 ³⁸
1075 2882 1145 2908 Loro
1161 2881 1207 2907 t'il.
