1969 3052
110 154 164 187 I57

109 216 275 243 retractare,
293 220 355 247 qua:
374 213 502 241 acerbius
515 214 550 241 ad
565 214 703 243 decimum
718 217 812 252 Cyrilli
827 211 909 253 caput
925 222 945 248 Α

108 257 180 287 olim
200 257 339 285 eﬂ'uderat
356 268 362 285 :
386 258 514 287 Christus
538 261 691 296 appellatus
705 269 757 295 est,
775 268 905 298 tanquam

108 304 218 338 Spiritu
231 309 327 331 sancto
338 305 492 333 secundum
508 307 647 335 hominem
658 313 767 341 unctus,
781 315 808 337 et
817 310 906 338 factus

108 349 236 383 pontifex
250 354 345 377 noster
358 355 386 378 et
405 352 558 386 apostolus,
576 354 656 389 205
669 360 697 382 et
714 356 859 390 propheta,
878 362 906 384 et

107 402 168 422 rex.
205 395 293 423 Moses
326 397 399 424 enim
426 398 536 425 divinus
561 399 641 435 longe
670 405 734 428 ante
751 402 903 430 clamabat:

106 438 273 474 Prophetam
286 442 356 468 vobis
366 442 502 469 suscitabit
519 443 645 471 Dominus
659 444 729 472 Deus
738 446 770 472 ’de
779 447 905 481 fratribus

106 487 216 518 vestris,
233 487 350 512 sicutme
362 492 384 513 η.
397 487 431 514 Et
442 487 553 515 divittus
567 489 652 516 David
669 490 836 518 vociferatus
852 497 903 522 est.

106 531 343 559 dicens:lurauit
360 532 500 566 Dominus,
527 537 551 560 et
580 542 633 561 non
657 536 790 570 pteniteln't
817 545 876 564 eum
895 547 904 564 .'

107 576 147 603 Tu
168 585 195 604 es
221 578 344 605 sacerdos
381 580 408 605 in
436 583 577 612 mternum,
608 582 751 608 secundant
785 583 904 610 ordinent

105 623 313 650 Melchisedech
340 624 547 661 Conﬁrmatque
583 627 755 662 prophetiam
795 629 905 657 divinus

104 670 268 704 Apostolus,
305 675 334 698 et
356 671 456 699 iterum
469 674 507 700 ait
537 682 544 700 :
571 674 701 702 Habentes
733 684 795 710 ergo
818 678 905 711 ponti—

103 715 184 749 ficem
205 725 343 752 magnum,
360 719 406 753 qui
431 722 579 754 penetrauit
599 722 686 753 ra'los,
701 721 791 748 Iesum
807 722 904 750 Filium

103 762 167 795 Dei,
188 767 325 791 teneamus
344 765 535 800 confessionem
547 769 569 793 ι.

141 809 189 836 IX.
206 810 284 837 llunc
300 811 423 838 laborem
436 812 631 847 excepitalius,
647 819 760 849 rogante
776 815 902 851 Hypatio,

104 855 270 890 (ueterisque
288 856 480 888 familiaribus,
504 858 618 891 veritis,
650 868 683 887 tte
707 869 769 888 cum
795 862 904 889 inﬁrtno

103 899 250 935 fractoque
264 902 343 929 annis
358 907 386 930 et
399 903 478 931 ntalis
492 903 658 932 Theodoreti
672 914 798 941 corpore,
816 908 903 935 inter-
921 893 941 921 Β

104 946 162 973 iret
178 947 278 974 eximia
295 948 322 975 in
356 949 530 978 elueidattdis
544 951 695 986 Seripturze
708 953 844 981 abstrusis
862 955 903 982 lo-

104 992 157 1024 cis,
178 1001 232 1028 qua
243 994 373 1028 pollebat,
394 995 529 1023 doctrina.
552 1007 560 1023 ι
578 997 693 1033 Scripsit
709 999 791 1034 igitur
809 1001 903 1035 expla—

104 1037 251 1065 nationem
278 1039 374 1073 (verba
397 1045 461 1068 sunt
485 1041 622 1078 Pltotii'“)
642 1043 669 1069 in
691 1043 902 1079 Octateucltum,

103 1091 167 1117 qua:
188 1083 396 1120 inscriptionem
424 1092 506 1114 nacta
523 1093 566 1116 est
590 1089 666 1124 operi
693 1096 901 1126 congruentem,

103 1128 133 1155 in
151 1129 269 1158 obscura
293 1135 321 1159 et
335 1133 461 1160 abstrusa
488 1134 638 1170 Scriptura:
652 1137 711 1163 loca
729 1146 734 1163 ε
749 1137 776 1164 iit
803 1138 903 1173 quibus

103 1180 171 1202 sunt
189 1181 215 1203 et
233 1177 266 1204 ad
291 1178 377 1205 libros
392 1179 508 1214 Regum,
523 1185 551 1207 et
564 1181 591 1208 in
610 1182 828 1218 Paralipomena.
843 1184 902 1212 Uti-

102 1220 241 1249 lissimum
256 1228 348 1250 autem
362 1224 389 1252 in
407 1225 505 1260 primis
521 1226 574 1254 ltoc
591 1235 670 1262 opus,
687 1239 695 1254 t
715 1234 768 1256 etc.

147 1266 264 1294 Miretur
277 1276 342 1296 vero
362 1269 498 1305 quispiam
510 1292 517 1303 ,
537 1271 676 1299 hominem
690 1276 902 1310 septuagenario

102 1315 249 1350 majorem,
263 1316 374 1345 inﬁrtno
389 1326 515 1354 corpore,
539 1320 688 1356 fractisque
704 1322 822 1354 viribus,
841 1327 902 1350 tan-

103 1366 162 1388 tum
181 1370 261 1397 opus,
280 1367 354 1391 tattta
372 1364 398 1391 vi
416 1366 527 1398 mentis,
546 1371 600 1393 tant
618 1375 702 1401 parvo
716 1372 837 1403 tempore
853 1369 902 1396 ab-

102 1407 231 1435 solvisse.
255 1408 308 1436 Sed
321 1410 421 1437 mirunt
443 1411 529 1446 magis
540 1416 592 1444 est,
609 1412 777 1448 dignumque
789 1419 902 1449 propter

101 1452 177 1487 quod
196 1454 336 1482 immensa:
352 1455 400 1483 Dei
413 1456 576 1492 benignitati
594 1459 690 1486 laudes
704 1460 836 1494 rependat
849 1461 901 1488 Ec-

102 1498 187 1526 clesia
198 1499 365 1529 Theodoreti
388 1502 530 1531 laboribus
543 1504 649 1537 fruens,
670 1506 744 1540 quod
762 1507 901 1534 scribendi

102 1544 186 1571 simul
199 1549 228 1572 et
244 1545 355 1574 vivendi
369 1547 450 1575 ﬁnem
466 1548 561 1576 fecerit
575 1549 647 1577 inter
664 1551 759 1579 laudes
781 1552 900 1580 incredi-

102 1591 169 1619 bilis
181 1592 391 1627 misericordim,
404 1603 458 1630 qua
480 1595 553 1624 Deus
569 1597 709 1625 Manassen
722 1599 900 1634 castigatione

102 1637 138 1665 ad
159 1638 302 1666 meliorem
323 1639 428 1675 frugem
451 1642 602 1677 compulit;
629 1643 757 1679 quodque
775 1653 852 1672 suam
872 1646 899 1673 in

101 1684 228 1713 Manasse
245 1686 356 1714 videtur
369 1687 549 1717 adumbrasse
568 1695 680 1722 sortem,
705 1692 900 1728 sincerumque

101 1731 188 1759 animi
216 1739 328 1760 sensum
357 1735 536 1769 expressisse.
567 1735 612 1763 Sic
642 1737 716 1764 enini
742 1738 898 1766 scribit“:

105 1787 114 1802 ι
131 1776 197 1804 Luit
219 1785 315 1813 poenas
335 1779 484 1814 impietatis
511 1781 648 1810 Manasses
665 1793 671 1810 :
689 1784 805 1812 traditus
826 1786 900 1812 enittt

101 1828 145 1850 est
168 1824 225 1859 regi
242 1825 417 1861 Assyriorum
441 1827 606 1863 vinctusque
620 1828 647 1856 in
670 1829 836 1868 Babylonem
850 1831 899 1858 ab-

101 1869 221 1903 ductus;
241 1871 289 1898 sed
305 1871 370 1900 huic
383 1876 474 1900 tamen
495 1874 691 1902 misericordia:
713 1875 804 1904 fontes
818 1877 899 1914 abys-

101 1922 151 1942 sus
165 1915 343 1951 benignitatis
355 1917 498 1952 impertiit.
510 1918 652 1954 Postquam
667 1921 747 1953 enim,
757 1922 805 1954 ait,
818 1931 899 1949 coatt~

100 1965 225 1996 gustatus
234 1966 272 1988 est
284 1961 431 1996 Manasses,
449 1965 535 1991 orauit
553 1964 697 1992 Dominum
714 1966 798 1993 Deum
811 1977 898 2001 suum,

101 2011 129 2034 et
144 2007 302 2035 humiliatus
318 2012 355 2035 est
374 2009 452 2036 valde
473 2018 563 2037 coram
585 2010 639 2037 Deo
655 2016 763 2046 patrum
779 2021 899 2047 suorum,

101 2058 126 2080 et
143 2053 299 2088 deprecatus
321 2059 360 2082 est
380 2064 451 2089 eum,
471 2060 496 2083 et
512 2057 646 2084 exaudivit
669 2067 756 2085 vocem
772 2060 839 2094 ejus,
859 2068 900 2087 re-

101 2099 231 2134 dnzitque
247 2108 308 2127 eum
333 2100 547 2137 Hierosolymam
569 2104 597 2129 in
614 2112 726 2139 regnum
749 2114 841 2137 suum,
875 2111 899 2133 et

101 2146 222 2181 cognovit
243 2146 379 2174 Manasses
404 2148 474 2182 quod
493 2148 621 2176 Dominus
647 2151 703 2184 ipse
721 2155 787 2177 esset
807 2151 899 2184 Deus;

102 2198 192 2226 usque
214 2191 284 2220 adeo
315 2193 474 2221 volentibus
508 2194 621 2229 prodest
646 2195 790 2231 castigatio
811 2206 818 2223 :
839 2206 900 2232 qua:

101 2237 177 2264 enim
192 2245 310 2274 regnans
322 2246 378 2267 non
391 2239 499 2274 habuit,
515 2240 574 2268 hate
589 2242 711 2269 serviens
724 2242 854 2271 obtinuit.
870 2254 878 2269 t
915 2243 936 2270 Ι)

388 2297 396 2306 ⁹
411 2296 524 2325 CAPUT
542 2297 613 2325 XIII.

306 2341 437 2378 anticipat
446 2346 560 2376 tempus,
577 2351 628 2378 quo
636 2343 810 2372 Tlteadoretus
823 2345 894 2372 obiit.

138 2374 271 2411 II.Di]Tcrt
284 2375 358 2403 ultra
365 2374 472 2404 modum
484 2374 653 2406 Marcellinus
661 2388 754 2406 eomes.
764 2379 808 2407 III.
816 2380 897 2406 Tlteo—

136 2410 220 2449 dorus
227 2410 321 2438 Lector
337 2413 434 2449 in_nui_t.
445 2412 487 2439 IV.
503 2413 571 2440 Obiit
584 2422 654 2441 anno
669 2415 731 2442 458.
748 2415 780 2442 V.
796 2415 898 2449 Defun—

135 2449 193 2472 ctus
210 2446 238 2473 in
262 2454 328 2481 pace
353 2447 479 2475 Ecclesiae
509 2450 649 2476 asseritur.
669 2449 713 2477 VI.
738 2446 898 2478 Assertionis

137 2485 297 2517 argumenta
310 2487 420 2518 septem.
439 2483 495 2511 VII.
510 2483 636 2520 Elogium
651 2485 777 2520 detuncti.

374 2538 447 2564 Anno
461 2538 552 2565 Christi
569 2540 624 2565 458.

138 2590 221 2626 206
233 2591 255 2618 l.
270 2590 330 2625 Quo
344 2596 469 2627 tempore
484 2593 677 2621 Theodoretus
689 2594 799 2627 obicrit,
818 2603 899 2622 ttetno

100 2635 216 2664 deﬁnite
235 2636 328 2665 tradit.
346 2637 506 2667 Gennadius
517 2639 678 2667 defunctum
692 2640 729 2667 ait
743 2640 795 2667 sub
807 2640 898 2668 Leone

915 1571 936 1599 C

138 2717 153 2739 ς
164 2713 245 2742 Deut.
259 2722 334 2750 mn,
348 2715 392 2744 15.
433 2722 443 2736 ι·
459 2717 530 2745 Psal.
543 2726 596 2750 ctx,
610 2718 635 2745 4.
675 2724 686 2737 ε
704 2718 787 2745 Ilcbr.
798 2727 844 2749 vn,
859 2719 904 2746 2|.

702 163 882 193 HISTORIA
901 164 1156 196 TIIEODORETI.

961 221 1084 255 Augusto
1094 220 1127 253 ",
1151 220 1197 255 qui
1212 228 1326 255 regnare.
1344 220 1426 255 cmpit
1439 227 1512 247 anno
1527 220 1592 251 457;
1612 220 1685 247 unde
1699 221 1756 247 col-

957 265 1002 301 ligi
1016 271 1116 300 potest,
1140 274 1230 302 neque
1253 267 1346 294 statim
1365 274 1379 293 a
1392 266 1511 293 concilio
1532 265 1751 293 Chalcedottensi

957 312 1069 343 obiisse,
1083 312 1156 347 quod
1169 312 1256 339 visum
1273 316 1314 339 est
1331 311 1488 343 Sirmondo,
1498 319 1586 345 neque
1600 315 1662 346 post
1677 311 1753 337 initia

957 356 1243 392 Leonisimperatoris
1257 356 1436 391 superfuisse,
1451 355 1525 390 quod
1539 355 1601 382 aliis
1610 354 1755 390 placitum.

958 403 1033 430 Facit
1054 402 1188 430 adversus
1201 401 1377 429 Sirmondunt
1391 402 1417 428 id
1433 401 1526 433 etiam,
1539 401 1613 436 quod
1628 400 1755 427 Theodo-

958 452 1034 474 retus
1056 447 1138 474 fuerit
1156 447 1247 474 adhuc
1268 447 1295 472 in
1319 446 1390 473 vivis
1404 446 1448 473 die
1464 446 1495 473 I0
1514 445 1587 473 Junii
1605 445 1671 472 anni
1686 446 1752 477 455,

957 501 1011 527 quo
1026 498 1148 527 tentpore
1171 493 1278 519 litteras
1305 491 1340 518 ad
1365 499 1428 519 eum
1448 495 1561 518 sanctus
1578 491 1635 518 Leo
1657 490 1752 518 dedit:

957 539 1021 566 facit
1045 543 1141 566 contra
1167 539 1245 571 alios,
1270 538 1344 573 quod
1368 537 1402 565 de
1421 537 1596 564 Tltcodorelo
1613 537 1688 564 nulla
1706 536 1753 564 ﬁat

957 585 1060 611 mentio
1075 588 1136 619 post
1152 584 1250 611 initunt
1266 593 1280 611 a
1300 584 1391 610 Leone
1408 582 1565 617 imperiunt.

992 631 1023 657 ll.
1044 630 1178 658 Meminit.
1197 630 1301 661 fateor,
1322 628 1488 656 Theodoreti
1511 628 1686 655 Marcellinus
1707 635 1754 655 co-

956 683 1014 702 mes
1029 674 1061 702 ad
1078 682 1179 701 annum
1194 674 1297 701 Christi
1321 674 1382 705 466,
1398 673 1489 700 Leone
1507 672 1615 699 seniore
1636 681 1664 699 ιιι
1687 680 1753 699 con-

956 722 1024 753 sule,
1033 722 1091 749 ind.
1100 730 1139 748 tv:
1151 731 1159 747 ‹
1168 722 1369 753 Theodoretus,
1379 719 1478 754 inquit,
1488 720 1632 754 episcopus
1641 724 1754 747 sanctus

955 768 1017 804 Cyri
1031 768 1160 799 civitatis,
1175 767 1285 802 scripsit
1301 767 1335 793 de
1358 766 1545 792 incarnatione
1569 765 1678 792 Domini
1702 765 1751 791 ad-

956 823 1052 842 versus
1063 815 1204 850 Eutychen
1216 818 1243 841 et
1257 811 1615 840 DioscorumAlexandrinm
1625 811 1753 838 Ecclesia:

956 861 1180 895 episcopnnt,qui
1193 860 1340 887 humanam
1348 859 1374 886 in
1384 859 1494 886 Christo
1502 865 1612 885 carnem
1623 861 1732 892 negant.
1740 867 1749 882 ι

957 906 1008 933 Sed
1020 911 1132 941 apertus
1144 910 1186 933 est
1200 906 1232 933 de
1259 910 1380 940 tempore
1400 913 1479 932 error
1501 904 1650 932 Marcellini
1667 912 1673 930 :
1688 911 1752 931 nant

956 959 1017 978 cum
1043 951 1187 983 Gennadii,
1216 951 1421 978 Theodoretum
1444 950 1580 978 tradentis
1609 949 1752 984 scripsisse

955 1002 1050 1025 contra
1061 998 1201 1033 Eutychen
1217 1001 1244 1024 et
1254 997 1425 1028 Dioscorum,
1439 1001 1467 1024 et
1477 996 1529 1024 sub
1542 996 1632 1023 Leone
1642 995 1751 1023 seniore

955 1048 1103 1076 tnortuunt,
1123 1043 1205 1071 verba
1219 1043 1390 1071 exscriberet
1403 1065 1409 1075 ,
1433 1043 1565 1078 temporis
1578 1041 1749 1069 indeﬁnitam

954 1091 1046 1114 notam
1059 1088 1092 1115 de
1111 1088 1198 1115 ntedia
1213 1093 1290 1122 parte
1303 1088 1410 1122 imperii
1428 1088 1529 1115 Leonis
1546 1088 1747 1122 interpretatus

953 1138 1005 1165 est,
1026 1134 1051 1160 Ill
1065 1142 1120 1169 quo
1134 1135 1234 1161 mirum
1251 1139 1385 1169 quantum
1400 1134 1599 1166 hallucinatttr;
1613 1133 1750 1168 siquidem

954 1181 1111 1212 Eranistes,
1129 1180 1176 1214 qui
1192 1184 1286 1207 contra
1300 1179 1442 1215 Eutychen
1454 1184 1481 1206 et
1498 1179 1660 1206 Dioscorum
1683 1179 1754 1206 seri-

953 1232 1018 1262 ptus
1032 1226 1132 1253 dicitur
1148 1234 1163 1253 a
1186 1225 1338 1257 Gcnnadio,
1353 1224 1456 1259 prodiit
1470 1225 1496 1250 itt
1512 1225 1601 1251 lucent
1616 1227 1680 1250 ante
1698 1231 1748 1250 an-

954 1281 1019 1300 nunt
1035 1272 1096 1303 “6,
1123 1277 1152 1298 ut
1172 1271 1199 1298 in
1215 1271 1376 1298 recensione
1400 1270 1520 1304 Opcrunt
1545 1269 1689 1296 manifesta
1708 1276 1751 1296 ra-

955 1319 1027 1346 tione
1040 1317 1229 1345 conﬁcitur".

987 1364 1031 1391 Ill.
1049 1363 1212 1391 Theodorus
1232 1361 1331 1389 Lector
1351 1361 1379 1388 in
1397 1356 1579 1389 Collectaneis
1591 1361 1614 1376 "'
1629 1359 1686 1386 haec
1703 1359 1751 1386 ha-

953 1411 996 1438 bel
1015 1419 1021 1437 :
1041 1420 1049 1435 ι
1070 1410 1173 1438 Urnam
1198 1408 1390 1436 Tlteodoretus
1415 1415 1514 1441 magno
1533 1406 1636 1434 Iacobo
1654 1405 1687 1432 ad
1706 1413 1750 1432 sc-

953 1457 1091 1492 pultnram
1111 1455 1233 1490 paravit;
1249 1454 1338 1489 ipsum
1349 1458 1441 1481 autent
1457 1452 1661 1480 Tlteodoretum
1673 1451 1751 1486 prius

954 1502 1019 1529 mori
1029 1501 1160 1536 contigit:
1174 1501 1202 1527 in
1212 1500 1309 1527 cadent
1325 1503 1415 1527 tamen
1431 1503 1459 1525 et
1470 1499 1528 1533 ipse
1541 1506 1655 1533 magnus
1670 1498 1750 1525 Jaco-

953 1548 1004 1575 bus
1021 1547 1179 1574 reconditus
1189 1550 1241 1573 est.
1261 1555 1270 1571 t
1298 1545 1363 1573 Inde
1379 1549 1468 1580 potest
1482 1553 1537 1571 non
1549 1544 1668 1571 obscure
1682 1551 1734 1570 con

953 1593 1025 1620 cludi
1045 1597 1162 1627 tempus,
1178 1600 1233 1626 quo
1242 1591 1433 1618 'l‘heodoretus
1447 1590 1578 1617 decessit.
1591 1589 1657 1616 Nam
1671 1589 1749 1616 Jaco-

952 1639 1004 1666 bus
1020 1639 1065 1666 ille
1085 1639 1297 1672 thaumaturgus
1322 1637 1433 1663 vivebat
1450 1636 1540 1662 adltuc
1557 1643 1630 1662 antto
1650 1634 1751 1662 Leonis

952 1682 1128 1718 imperatoris
1150 1682 1283 1713 secundo,
1304 1681 1351 1716 qui
1372 1681 1474 1708 Christi
1492 1680 1554 1712 458,
1569 1680 1591 1706 si
1606 1687 1660 1714 qua
1677 1678 1744 1706 ﬁdes

951 1730 1068 1765 Evagrio
1083 1729 1126 1755 "z
1148 1736 1237 1763 neque
1257 1728 1304 1755 diu
1325 1732 1467 1762 superstes
1480 1734 1540 1753 esse
1557 1726 1662 1761 potuit,
1686 1733 1749 1752 eum

950 1776 1021 1802 foret
1035 1782 1067 1801 ea
1088 1777 1251 1808 tempestate
1264 1772 1411 1800 admodum
1428 1780 1522 1804 senex,
1548 1777 1576 1798 et
1594 1778 1751 1805 nonagena-

952 1820 1010 1847 rius
1027 1820 1135 1850 saltem,
1152 1823 1198 1846 aut
1219 1819 1301 1845 etiam
1321 1818 1422 1853 major;
1441 1819 1544 1852 quippe
1560 1817 1606 1851 qui
1621 1816 1676 1851 jam
1691 1823 1749 1842 nta-

951 1867 995 1902 gni
1010 1867 1081 1894 foret
1098 1865 1217 1892 nominis
1234 1869 1347 1900 propter
1371 1863 1555 1899 prodigiosum
1577 1862 1641 1889 vitae
1661 1862 1747 1888 ratio-

950 1920 1025 1943 nem,
1045 1911 1157 1947 quando
1188 1910 1273 1938 Isauri
1295 1910 1416 1937 latrones
1438 1909 1517 1944 plura
1542 1907 1662 1935 Orientis
1685 1907 1745 1934 loca

951 1957 1110 1994 depopulati
1127 1963 1192 1984 sunt
1202 1957 1236 1989 “,
1251 1955 1325 1991 quod
1343 1955 1458 1990 contigit
1469 1961 1541 1981 anno
1554 1954 1615 1981 404.
1631 1953 1658 1980 Si
1673 1952 1747 1980 enim

951 2009 1018 2033 tunc
1041 2007 1160 2039 portatur
1182 2007 1264 2030 natus
1275 2009 1363 2028 annos
1380 2001 1425 2032 55,
1437 2008 1498 2035 qua:
1515 2005 1606 2027 tamen
1618 2004 1684 2026 aetas
1704 1998 1751 2025 vix

951 2053 1027 2077 tanto
1041 2048 1146 2076 nomini
1160 2055 1210 2082 par
1222 2047 1317 2078 fuerit,
1334 2045 1469 2073 dicendus
1486 2048 1529 2072 est
1543 2043 1750 2078 nonagesimum

950 2102 1052 2122 annum
1075 2093 1237 2124 excessisse.
1253 2097 1317 2119 tunc
1332 2100 1394 2120 cum
1415 2091 1449 2118 ab
1472 2091 1641 2125 imperatore
1658 2089 1750 2116 Leone

950 2140 1050 2167 litteris
1063 2139 1097 2166 de
1119 2143 1194 2166 tomo
1205 2137 1426 2166 Chalcedonensi
1451 2136 1616 2164 sententiam
1639 2139 1751 2170 rogatus

950 2190 1001 2213 est.
1013 2185 1080 2218 Quis
1093 2192 1160 2212 vero
1172 2183 1267 2211 credat
1281 2182 1450 2218 superfuisse
1465 2182 1508 2208 vel
1531 2188 1635 2216 paucos
1650 2187 1748 2211 annos,

950 2239 1013 2258 cum
1029 2235 1057 2258 et
1082 2231 1175 2258 senior
1198 2234 1272 2258 esset
1293 2229 1408 2263 reliquis
1425 2228 1485 2255 aliis
1503 2227 1651 2255 admodum
1668 2230 1749 2254 actate

953 2276 1102 2312 provectis,
1117 2283 1234 2311 quorum
1252 2274 1445 2302 Theodorctus
1454 2273 1585 2308 deinceps
1595 2273 1664 2300 vitas
1683 2275 1751 2300 scri-

951 2323 1022 2357 psit;
1041 2326 1068 2349 et
1082 2329 1142 2349 eam
1159 2321 1222 2348 vitae
1239 2321 1373 2348 rationem
1391 2324 1508 2351 teneret,
1522 2327 1603 2354 quam
1620 2318 1749 2346 Theodo-

950 2372 1037 2399 retus,
1048 2368 1112 2395 licet
1124 2367 1249 2394 oculatus
1267 2366 1354 2398 testis,
1369 2366 1414 2392 vix
1432 2369 1543 2400 propter
1556 2365 1637 2400 207
1656 2365 1748 2391 inere-

950 2413 1112 2440 dibilitatem
1135 2420 1249 2440 narrare
1266 2420 1349 2439 ausus
1373 2415 1433 2444 est;
1456 2416 1485 2438 et
1504 2410 1630 2445 corporis
1651 2410 1748 2437 habitu

947 2458 1053 2485 morbis
1080 2457 1217 2484 obnoxius
1247 2457 1327 2489 foret,
1354 2460 1382 2484 et
1405 2456 1531 2483 decintus
1561 2455 1658 2482 tertius
1682 2455 1747 2482 vita:

946 2504 1129 2539 septenarius,
1151 2503 1198 2538 qui
1225 2502 1348 2530 omnium
1378 2501 1495 2528 maxime
1517 2500 1624 2533 letifer,
1652 2499 1678 2526 in
1697 2507 1746 2526 an-

947 2558 1012 2577 num
1027 2549 1235 2584 nonagesimum
1248 2549 1366 2584 primum
1378 2547 1527 2575 inciderit?

984 2595 1028 2622 IV.
1047 2595 1109 2622 Ilaec
1125 2599 1216 2622 autem
1232 2595 1324 2621 omnia
1340 2594 1361 2621 si
1376 2597 1451 2621 recte
1469 2601 1498 2620 se
1512 2593 1625 2625 habent,
1645 2592 1746 2627 proba—

948 2641 1067 2676 biliaque
1087 2646 1162 2673 sunt,
1179 2641 1329 2668 ostendunt
1343 2640 1549 2668 Theodoretum
1559 2659 1566 2671 ,
1580 2639 1627 2674 qui
1645 2639 1747 2666 Jacobo

946 2720 955 2737 ι
973 2719 1055 2746 lIebr.
1075 2728 1110 2753 tv,
1133 2720 1176 2747 Η.
1215 2725 1228 2739 ιι
1245 2719 1267 2746 Il
1282 2719 1370 2746 Paral.
1389 2727 1483 2752 xxxni,
1499 2718 1543 2752 12,
1562 2718 1592 2746 15

776 2785 936 2814 SCIIULZII
956 2785 1072 2814 NOT/E.

146 2838 246 2877 "God.
261 2841 326 2869 ΞΗ.
364 2842 385 2857 ⁸¹
402 2842 472 2870 Vide
488 2850 580 2877 supra,
601 2848 620 2869 t.
637 2843 658 2872 I.
675 2851 701 2877 p.
719 2843 781 2870 599.

106 2879 168 2910 cap.
187 2876 214 2909 6,
229 2876 244 2912 ᾗ
259 2877 281 2904 I.
323 2877 344 2893 "‘
360 2877 481 2910 Collcrt.,
501 2876 584 2906 libit.
625 2879 646 2893 ⁵³
662 2876 719 2905 Lib.
739 2887 755 2905 ιι
773 2879 852 2910 ΙΙὶδι.⁷
871 2886 921 2912 cap

821 2844 843 2858 “
860 2843 898 2869 Dc
915 2842 1005 2877 script.
1021 2842 1095 2873 ραι,
1115 2850 1138 2869 e.
1155 2843 1198 2869 89.
1238 2843 1260 2858 ⁵³
1280 2842 1312 2869 Ut
1328 2843 1365 2871 in.
1382 2847 1435 2869 etc.
1450 2842 1509 2870 Vid.
1528 2842 1596 2869 infra
1625 2839 1692 2867 diss.
1709 2837 1737 2870 2,

947 2879 972 2905 ‘J.
1012 2878 1034 2893 “
1051 2878 1111 2905 Vid.
1130 2878 1212 2910 ῑ.111,
1237 2878 1321 2913 Ile/ig.
1350 2879 1422 2909 Irish,
1449 2886 1508 2912 cap.
1538 2877 1581 2902 2i.
