1969 3052
203 124 213 155 1
219 125 252 156 59

766 124 955 155 GARNERll
976 125 1225 156 DISSERTATIO
1245 126 1270 156 Ι.

1787 125 1838 158 ιω

199 182 232 209 ad
254 182 412 217 sepulcrum
439 181 555 216 prteivit,
582 181 654 208 diem
681 185 835 207 extremum
858 179 990 207 clausisse
1007 184 1025 210 Α
1043 181 1304 214 qua'Theodorctus
1337 188 1403 206 urna
1423 180 1512 209 condi.
1538 181 1588 210 Iste
1611 186 1679 215 quos
1703 182 1735 208 ad
1761 181 1841 209 ﬁdem

199 235 255 262 quo
272 235 344 255 anno
359 227 425 266 Leo.
440 227 487 262 qui
504 226 605 254 dicitur
618 225 725 259 Senior,
743 226 890 260 imperium
901 233 995 261 capes-

199 273 275 305 sivit.
292 278 339 300 aut
353 273 444 308 potius
455 273 475 289 ³⁷
503 277 651 307 sequente,
667 273 714 307 qui
738 272 790 299 fuit
811 272 914 300 Christi
931 272 993 300 458.

237 320 266 347 ν.
293 319 323 346 In
344 327 411 354 pace
427 319 558 347 Ecclesia:
572 319 726 346 decessisse
746 318 779 346 de
796 319 852 346 vita
876 319 995 354 probant

199 366 400 400 amplissimam
424 365 564 393 veteribus
582 365 739 400 sanctisque
759 365 943 400 scriptoribus
967 366 993 392 in

200 410 289 444 ipsum
303 414 365 445 post
382 414 497 436 mortem
516 415 653 444 congestae
673 409 777 437 laudes.
797 409 902 436 Summi
920 414 994 437 certe

199 456 344 491 pontiﬁces
356 457 470 492 Vigilius
482 457 516 489 ",
525 457 652 492 Pelagius
666 457 687 488 l,
705 456 830 491 Pelagius
843 456 876 488 ll,
889 456 992 491 Grego-

198 502 257 529 rius
271 502 383 538 Magnus
393 507 422 530 et
439 503 496 534 alii,
517 502 701 530 venerabilem
714 506 796 537 atque
809 502 992 529 orthodoxum

198 547 304 580 dicunt,
326 547 543 582 defunctumque
573 548 599 574 in
616 547 810 574 communione
831 547 993 574 universalis

198 593 328 621 Ecclesiae
345 598 492 621 testantur.

228 640 289 675 Ipsa
309 641 393 667 etiam
406 641 501 675 quinta
518 640 649 676 synodus,
667 640 717 667 etsi
741 639 884 667 erroribus
901 638 992 665 Theo-

196 686 284 714 doreti
296 687 425 721 graviter,
442 691 472 714 ut
485 695 533 722 par
543 694 612 719 erat.
626 686 742 717 infensa,
757 693 880 721 persona:
898 689 991 712 tamen

196 731 314 758 detraxit
327 732 408 763 nihil,
424 732 479 759 imo
496 732 528 759 ad
543 736 659 758 mortem
681 739 767 766 usque
788 738 843 758 non
862 738 991 765 perman-

197 783 264 804 SIsse
277 776 306 803 in
320 776 363 808 iis,
377 784 439 812 qua:
455 776 610 804 damnanda
623 776 740 811 putavit,
753 779 848 810 aperte
860 774 959 801 innuit.

232 821 302 849 Sunt
321 826 348 849 et
363 823 416 849 alia
437 822 598 857 gravissima
615 821 643 848 in
659 821 730 848 hanc
748 829 807 848 rem
823 820 989 851 testimonia,

1047 226 1226 253 convertebat
1252 234 1285 254 ex
1310 225 1456 262 gentibus,
1480 226 1592 259 Iudaeis,
1629 226 1776 259 hatrcticis,
1809 227 1842 255 ad

1047 270 1252 298 Theodorctum
1278 271 1422 303 mittebat,
1451 271 1646 299 benedictione
1665 275 1694 300 et
1715 271 1841 299 doctrina

1046 316 1260 344 conﬁrmandos.

1081 363 1218 391 Noluisset
1232 363 1422 398 proculdubio
1436 371 1500 391 suos
1511 364 1620 393 eineres
1631 365 1753 392 haeretici
1765 365 1841 392 cine-

1046 407 1124 435 ribus
1142 408 1251 436 misceri
1273 408 1402 440 Jacobus,
1421 409 1540 437 eximius
1555 410 1600 438 ille
1621 410 1685 438 ﬁdei
1700 410 1843 439 catholicae

1045 452 1183 485 defensor,
1206 453 1253 488 qui
1278 458 1391 489 propter
1421 454 1578 482 doctrinam
1606 463 1668 483 cum
1696 456 1844 486 sanctitate

1045 499 1230 533 conjunctam,
1255 499 1289 526 de
1313 499 1409 535 synodi
1434 499 1669 528 Chalcedonensis
1688 501 1835 528 retinendi:

1044 543 1253 571 deﬁnitionibus
1278 544 1312 571 ab
1339 545 1504 579 imperatore
1519 553 1568 580 per
1590 545 1695 573 litteras
1720 554 1836 581 rogatus,

1044 595 1107 614 cum
1127 588 1263 615 universis
1292 597 1363 623 pene
1382 589 1460 616 orbis
1483 589 1649 624 praesulibus
1677 591 1840 618 sententiam

1043 633 1135 660 dixit:
1152 634 1285 661 noluisset
1310 635 1413 669 pariter
1432 635 1555 662 mortalis
1583 635 1628 662 ille
1658 636 1773 671 angelus
1798 636 1841 664 Si-

1044 688 1136 713 meon,
1152 689 1235 715 quam
1258 681 1361 716 ubique
1384 685 1520 708 terrarum
1545 682 1724 716 promovebat
1747 682 1840 715 ﬁdem.

1043 727 1239 754 communione
1248 735 1311 755 eum
1327 728 1457 755 haretico
1471 728 1606 764 polluere.

1080 773 1201 808 Uterque
1224 777 1273 800 aut
1296 773 1502 801 Thcodorclum
1527 774 1604 802 novit
1628 774 1743 803 sincera:
1765 774 1839 806 ﬁdei,

1043 821 1091 845 aut
1103 824 1133 846 ut
1156 818 1233 846 ﬁeret
1252 825 1315 847 ante
1337 819 1456 852 obitum,
1470 828 1525 855 quo
1539 821 1636 848 ambos
1649 823 1802 856 praecessit,
1826 831 1840 849 a

195 875 257 902 quae
269 868 334 902 quia
352 868 424 895 inter
438 868 585 903 legendum
603 867 704 902 smpius
716 870 876 898 occurrunt,
889 866 990 901 sigilla-
1006 865 1025 892 B
1042 865 1097 892 Deo
1125 865 1247 892 obtinuit
1261 875 1267 892 :
1281 866 1425 901 utriusque
1452 871 1528 895 certe
1554 875 1660 903 preces,
1687 875 1749 895 cum
1777 869 1840 896 vitae

197 913 245 940 tim
267 914 396 949 persequi
416 922 472 941 non
482 919 526 941 est
541 922 612 949 opus
626 923 632 940 :
646 913 721 941 sileri
737 919 826 940 tamen
840 919 895 939 non
908 911 989 939 debet

194 957 308 986 Joannis
331 958 472 987 Euchaitaa
493 959 624 995 elogium.
643 959 757 986 Vivebat
783 958 827 985 ille
847 957 898 985 sub
918 957 990 985 Con-

195 1005 316 1032 stantino
336 1005 527 1036 monomacho,
551 1005 856 1039 ecclesiasticorumque
875 1004 990 1039 scripto-

195 1057 255 1077 rum
275 1050 400 1078 encomia
426 1051 537 1085 scripsit
561 1051 685 1078 versibus
706 1050 842 1077 iambicis.
868 1049 937 1078 Cum
954 1049 989 1076 ad

195 1094 398 1123 Theodoretum
411 1097 543 1128 venisset,
568 1096 626 1124 haec
637 1096 745 1129 Cecinit,
766 1103 827 1131 quae
847 1095 882 1124 de
895 1096 989 1124 Graeco

195 1148 274 1168 versa
286 1140 350 1168 stant
362 1149 377 1169 a
396 1141 544 1169 Sirmondo
559 1163 565 1169 .

144 1236 149 1248 ,
194 1213 217 1250 ’ξ
235 1213 328 1250 Dogos
342 1215 483 1250 magistros
501 1215 595 1242 litteris
611 1216 673 1242 dum
690 1223 846 1250 prosequor,

193 1248 257 1275 lure
273 1248 442 1277 Theodoritus
452 1251 521 1276 inter
537 1251 582 1277 hos
596 1248 740 1277 censendus
761 1248 810 1280 est.

195 1283 302 1319 ininus
322 1292 350 1310 ut
363 1285 412 1316 vir,
432 1289 457 1311 et
472 1285 597 1319 magister
610 1286 737 1319 optimus,

196 1317 270 1345 Fidei
285 1319 436 1346 orthodoxae
446 1327 492 1346 ceu
505 1317 631 1347 columna
641 1320 781 1348 immobilis
796 1329 806 1347 :

194 1352 291 1389 Quodsi
306 1363 449 1388 parumper
461 1359 530 1381 sort:
544 1355 661 1389 quartam
679 1360 763 1383 motus
781 1360 831 1388 est,

193 1387 276 1415 Homo
295 1387 352 1415 erat
363 1397 372 1415 :
388 1390 468 1424 quies
483 1387 571 1422 homo,
588 1398 620 1416 ne
635 1391 734 1417 crimen
744 1391 855 1426 inferas,
869 1400 942 1420 cave.

227 1465 270 1492 Vl.
295 1466 302 1475 ‘
318 1465 352 1492 Et
363 1473 428 1493 vero
444 1466 491 1493 Dei
507 1466 672 1502 benignitas,
689 1475 750 1503 quas
769 1469 797 1495 in
810 1477 906 1498 omnes
919 1470 987 1498 libe—

191 1510 257 1537 ralis
267 1515 319 1543 est,
332 1512 360 1538 in
373 1511 578 1540 Theodorctum
595 1521 665 1548 pene
678 1514 752 1549 justa
766 1514 818 1543 fuit
831 1524 837 1542 :
849 1523 902 1550 qua
911 1517 984 1544 enim

191 1558 307 1590 ratione,
322 1558 345 1585 si
357 1557 422 1586 licet
437 1559 474 1585 ita
487 1559 572 1594 loqui,
584 1559 694 1588 sivisset
708 1560 736 1588 in
751 1566 885 1589 aeternum
897 1563 984 1590 inter-

189 1601 257 1628 itum
271 1609 350 1629 ruere
370 1603 459 1630 virum
476 1611 525 1638 per
541 1607 581 1631 tot
594 1604 725 1632 miracula
739 1605 869 1633 donatura
890 1606 985 1634 Eccle—

188 1647 246 1679 size,
263 1651 338 1675 tanta
354 1656 463 1683 passum
481 1657 530 1684 pro
543 1649 642 1679 ﬁdeab
659 1650 806 1682 brereticis.
822 1656 861 1679 tot
877 1652 986 1680 virtuti-

189 1691 242 1719 bus
258 1692 409 1727 insignem,
430 1701 522 1721 rerum
537 1695 721 1722 humanarum
747 1695 816 1722 adeo
831 1696 986 1731 despicien-

190 1739 255 1767 tem,
270 1740 323 1762 tam
340 1736 517 1764 laudabiliter
531 1746 644 1766 uiuncre
658 1739 779 1775 episcopi
799 1740 984 1775 perfunctum,

189 1789 272 1816 quem
287 1782 454 1810 sanctissimi
467 1783 569 1818 quique
588 1792 641 1812 non
654 1785 799 1813 coluerunt
811 1790 927 1817 tantum.
937 1787 984 1814 scd

189 1827 272 1854 etiam
295 1827 425 1862 singulari
456 1829 578 1857 amicitia
612 1830 787 1864 dilexerunt;
817 1839 873 1858 uno
901 1833 985 1859 verbo

188 1874 319 1901 eximium
335 1882 389 1901 non
408 1875 555 1902 Orientalis
566 1875 658 1908 modo,
674 1877 721 1903 sed
741 1877 877 1904 universa:
893 1877 984 1905 Eccle-

189 1920 236 1947 siae
253 1920 357 1947 lumen.
368 1920 418 1947 Vix
439 1928 489 1955 ego
507 1921 673 1948 crediderim
696 1926 802 1956 spretas
816 1930 832 1949 a
849 1923 905 1950 Deo
924 1931 986 1957 pre-

191 1973 248 1997 ces,
271 1973 340 2001 quas
355 1966 452 2001 procul
471 1966 557 1993 dubio
575 1967 695 1994 incensis
710 1968 810 1995 studiis
828 1976 878 2003 pro
896 1968 986 1996 Theo-

187 2011 286 2039 doreto
302 2012 463 2039 obtulerunt
479 2013 657 2041 admirabiles
686 2014 725 2041 illi
746 2014 894 2046 monachi,
925 2015 984 2042 sive

188 2064 307 2088 quorum
329 2058 410 2085 vitam
427 2057 602 2093 conscripsit,
619 2067 770 2094 precesque
789 2059 914 2094 expetiit,
927 2061 985 2087 vel-

188 2103 228 2130 uti
251 2110 301 2138 pro
320 2103 463 2135 mercede;
481 2104 539 2131 sive
555 2112 672 2139 quorum
691 2105 817 2132 oratione
838 2109 919 2132 natus
932 2110 983 2137 est,

186 2150 324 2184 altusque,
341 2154 369 2176 et
379 2149 413 2176 ad
428 2154 535 2177 aetatem
551 2150 654 2177 divinis
667 2151 750 2185 208
765 2150 907 2186 obsequiis
924 2151 983 2178 ido-

186 2202 266 2221 neam
282 2200 439 2229 provectus,
458 2203 577 2230 quorum
603 2204 632 2224 se
656 2201 684 2224 et
697 2204 749 2231 ope
765 2197 910 2225 haereticos
933 2198 982 2225 do-

187 2239 300 2269 muisse.
317 2244 345 2267 et
357 2241 554 2269 consuetudine
571 2242 606 2269 ad
615 2242 779 2270 sanctiorem
794 2243 876 2270 vitam
891 2244 984 2272 inccn-

188 2292 249 2311 sum
264 2293 335 2317 esse,
353 2286 448 2313 tradit.
516 2285 518 2287 ’

224 2329 279 2357 Hos
290 2330 363 2358 inter
374 2331 490 2360 eximios
506 2333 554 2361 Dei
574 2338 602 2361 et
615 2333 781 2361 Theodoreti
797 2335 900 2362 amicos
914 2335 983 2362 emi-

188 2381 307 2403 cuerunt
334 2376 400 2408 duo.
425 2378 460 2406 de
474 2378 575 2413 quibus
598 2378 727 2406 dubitare
754 2387 835 2407 nemo
863 2380 985 2414 prudens

188 2428 281 2457 queat,
297 2423 364 2458 quin
382 2424 557 2452 Theodoreto
577 2432 688 2452 omnem
704 2432 784 2460 opem
799 2425 925 2458 tulerint,
941 2426 987 2453 Ja-

187 2469 284 2501 cobus,
313 2470 347 2496 dc
367 2478 423 2505 quo
442 2470 556 2502 dictum,
576 2474 605 2498 et
628 2470 739 2498 Simeon
768 2479 896 2506 magnum
910 2472 987 2499 orbis

190 2515 364 2547 miraculum,
390 2515 472 2542 ambo
496 2515 640 2551 stupenda:
666 2516 838 2549 sanctitatis,
860 2517 986 2544 thauma-

190 2560 263 2596 lurgi
288 2561 381 2593 ambo.
394 2566 422 2589 et
439 2562 588 2597 singularis
609 2563 681 2598 apud
704 2564 790 2590 Deum
813 2563 917 2599 gratiae.
939 2564 987 2591 Ille

190 2605 217 2631 in
243 2606 345 2633 amoris
366 2606 514 2641 singularis
533 2606 744 2638 monimentum,
761 2608 849 2635 voluit
876 2609 984 2640 eadem,

226 2679 237 2692 τ
252 2675 262 2702 1
280 2675 351 2703 Tim.
363 2683 381 2708 I,
397 2675 439 2708 13,
455 2676 498 2703 14.

1044 910 1124 936 taedio
1136 914 1164 937 et
1180 911 1332 946 emigrandi
1347 912 1498 947 cupiditate
1516 917 1667 945 teneretur,
1679 913 1772 941 verbis
1783 921 1840 949 pce-

1043 956 1167 984 nitentise
1184 957 1353 992 plenissimis
1365 959 1490 993 expetiit.

1078 1002 1219 1038 Ejusmodi
1240 1008 1313 1036 sunt,
1330 1013 1391 1040 quae
1403 1005 1498 1033 Jacobi
1518 1006 1639 1041 elogium
1654 1007 1815 1034 claudunt"
1829 1016 1837 1034 :

1047 1056 1056 1073 ι
1075 1047 1187 1075 Pietatis
1199 1049 1365 1076 athletarum
1381 1051 1547 1086 agon0tbeta
1562 1051 1643 1078 ﬁnem
1663 1052 1729 1079 huic
1749 1056 1838 1079 certa—

1043 1094 1166 1121 minibus
1185 1095 1298 1130 dignum
1312 1096 1426 1128 tribuat,
1438 1101 1478 1129 ut,
1494 1098 1568 1132 quod
1589 1103 1715 1133 superest
1729 1106 1837 1130 cursus.

1043 1142 1128 1176 priori
1142 1143 1304 1175 consentiat,
1321 1143 1463 1178 victorque
1479 1144 1588 1172 tandem
1604 1145 1637 1172 ad
1658 1150 1757 1172 metam
1775 1154 1838 1180 pcr-

1043 1187 1144 1220 vcniat,
1157 1192 1185 1215 et
1200 1189 1388 1218 inﬁrmitatem
1413 1196 1534 1218 nostram
1550 1191 1611 1226 ejus
1625 1191 1755 1226 precibus
1769 1199 1822 1219 con
1832 1207 1838 1212 -

1043 1231 1143 1264 ﬁrmet,
1159 1237 1188 1260 ut
1209 1234 1381 1261 corroborati
1402 1236 1502 1263 multas
1513 1236 1606 1264 (lades
1623 1240 1730 1263 nostras
1747 1244 1837 1264 resar-

1041 1277 1157 1308 ciamus,
1171 1282 1199 1305 el
1211 1287 1244 1305 ex
1256 1279 1305 1306 hac
1320 1279 1375 1307 vita
1387 1281 1507 1308 victores
1521 1281 1697 1309 excedamus.
1710 1292 1719 1307 ι

1077 1322 1147 1351 Sunt
1162 1329 1190 1350 et
1211 1324 1262 1351 ista
1290 1325 1316 1352 in
1341 1326 1431 1362 elogio
1447 1327 1584 1354 Simeonis
1602 1337 1631 1354 :1
1651 1327 1786 1355 Caeterum
1810 1329 1837 1355 in

1042 1368 1084 1396 his
1093 1369 1157 1396 dum
1174 1376 1309 1402 versatur,
1326 1376 1408 1407 atque
1419 1373 1476 1400 bree
1489 1373 1579 1400 omnia
1596 1378 1716 1408 praestat,
1731 1379 1837 1401 saneta-

1042 1423 1103 1442 rum
1122 1415 1202 1443 simul
1216 1416 1403 1445 Ecclesiarum
1425 1419 1626 1453 providentiam
1643 1427 1698 1446 non
1714 1420 1836 1455 negligit,

1040 1468 1114 1488 nunc
1136 1469 1260 1496 pugnans
1280 1467 1376 1490 contra
1395 1464 1539 1499 gentilium
1562 1465 1748 1500 impietatem,
1763 1474 1837 1494 nunc

1039 1506 1197 1533 Judmorum
1215 1507 1343 1543 frangens
1364 1510 1577 1542 contumaciam,
1592 1519 1665 1538 nunc
1688 1511 1834 1539 haeretico—

1039 1559 1097 1578 rum
1113 1557 1216 1579 turmas
1239 1554 1396 1590 proﬁigans,
1415 1559 1497 1591 atque
1518 1557 1655 1584 interdum
1672 1555 1705 1585 ad
1720 1558 1824 1593 impera

1038 1600 1125 1623 torem
1134 1597 1168 1624 de
1182 1597 1225 1625 bis
1240 1598 1346 1626 litteras
1357 1599 1480 1633 mittens,
1498 1601 1637 1628 interdum
1652 1603 1784 1637 praasides
1801 1603 1834 1632 ad

1036 1642 1160 1670 divinum
1178 1644 1267 1671 zelum
1280 1646 1419 1678 excitans,
1437 1647 1511 1682 ipsos
1523 1648 1607 1675 etiam
1627 1649 1766 1676 interdum
1782 1649 1835 1677 Ec-

1037 1688 1183 1716 clesiarum
1207 1696 1332 1724 pastores
1357 1692 1521 1724 admonens,
1537 1698 1566 1720 ut
1587 1702 1700 1730 gregum
1722 1703 1834 1723 suorum

1037 1735 1167 1770 majorem
1181 1743 1275 1763 curam
1291 1741 1397 1772 gerant.
1414 1747 1423 1763 ι
1447 1738 1480 1765 Et
1495 1743 1590 1773 postca
1607 1749 1613 1766 :
1636 1750 1644 1765 ι
1660 1740 1716 1776 Ego
1728 1749 1794 1768 vero
1806 1747 1834 1768 et

1037 1780 1126 1815 ipsum
1145 1782 1264 1816 propriis
1283 1783 1457 1811 orationibus
1480 1785 1603 1820 adjutum
1628 1786 1656 1813 in
1672 1786 1753 1814 bonis
1777 1787 1836 1814 isus

1037 1825 1180 1854 laboribus
1200 1834 1379 1862 perseverare
1393 1829 1487 1863 cupio.
1514 1834 1542 1856 et
1562 1830 1648 1857 Deum
1664 1838 1723 1862 oro,
1746 1838 1834 1858 meam

1037 1872 1124 1907 ipsius
1136 1873 1221 1900 vitam
1234 1873 1346 1909 corrigi,
1367 1880 1449 1909 atque
1463 1875 1496 1902 ad
1508 1876 1695 1911 evangelicum
1709 1885 1833 1904 normam

1037 1917 1129 1953 dirigi.
1155 1928 1163 1944 ι

1073 1963 1169 1992 Tantis
1189 1966 1313 2000 patronis
1329 1967 1392 1993 addi
1419 1971 1533 2002 possunt
1557 1967 1676 1995 Joannes
1701 1970 1832 2004 Bapt-sta.

1037 2010 1124 2037 sancti
1137 2010 1264 2044 apostoli,
1279 2015 1307 2039 et
1325 2012 1418 2047 inclyti
1439 2017 1583 2048 martyres,
1604 2013 1706 2047 quibus
1728 2023 1832 2041 nn-mo-

1037 2055 1092 2082 rias
1111 2056 1211 2090 erexit,
1225 2057 1329 2091 quique
1350 2057 1516 2092 singularem
1532 2058 1684 2092 laboranti,
1699 2060 1763 2087 dum
1784 2069 1834 2096 pro

1037 2101 1089 2129 ﬁde
1105 2107 1233 2135 certaret,
1248 2110 1328 2137 opem
1341 2104 1473 2130 tulerunt.

1072 2146 1142 2174 Addi
1154 2147 1235 2174 etiam
1254 2152 1343 2182 potest
1357 2148 1490 2175 immensa
1502 2155 1652 2183 pauperum
1670 2150 1830 2182 multitudo,

1037 2201 1118 2228 quam
1132 2200 1237 2228 pauper
1250 2193 1307 2228 ipse
1323 2193 1420 2226 factus,
1435 2194 1493 2221 suis
1505 2199 1533 2221 et
1546 2195 1675 2223 Ecclesia:
1689 2196 1770 2224 bonis
1783 2204 1831 2231 pa-

1037 2240 1087 2267 vit.
1103 2239 1246 2273 Quomodo
1259 2240 1332 2267 cnim
1347 2240 1563 2268 misericordiam
1584 2250 1638 2269 non
1653 2243 1688 2269 sit
1702 2250 1830 2271 consecu—

1039 2291 1082 2313 tus
1095 2295 1110 2314 a
1123 2287 1205 2322 209
1216 2287 1271 2314 Deo
1280 2287 1364 2314 homo
1378 2292 1431 2314 tam
1447 2288 1558 2322 profuse
1569 2289 1748 2316 misericors?
1763 2298 1832 2324 pne—

1038 2333 1132 2360 sertim
1150 2342 1212 2361 cum
1233 2334 1356 2369 Apostoli
1367 2335 1451 2362 verba
1477 2343 1611 2369 usurpare
1625 2340 1733 2370 posset,
1751 2336 1832 2368 Blas-

1039 2381 1147 2415 plremus
1156 2379 1192 2414 fui
1205 2380 1244 2415 (in
1257 2380 1419 2415 Christum),
1435 2385 1585 2416 persecutor
1602 2381 1712 2414 (sanctre
1725 2383 1829 2418 synodi)

1037 2430 1062 2453 et
1078 2425 1284 2453 contumeliosus
1302 2426 1341 2461 (in
1352 2426 1510 2462 Cyrillum).
1527 2427 1712 2462 sedignoram
1730 2428 1778 2462 feci
1803 2430 1830 2455 in

1037 2471 1232 2503 incredulitate.
1249 2471 1309 2499 zelo
1331 2479 1387 2506 prae
1407 2471 1514 2500 fervore
1539 2477 1658 2500 mentem
1674 2478 1829 2501 emovente.

1038 2516 1268 2552 Superabundovit
1283 2521 1372 2545 autem
1379 2518 1467 2553 gratia
1479 2518 1586 2545 Domini
1604 2523 1688 2546 nostri
1702 2528 1763 2546 cum
1777 2519 1831 2553 [ide

1038 2567 1062 2589 et
1075 2562 1222 2595 dilectione,
1244 2572 1302 2598 qua:
1313 2569 1351 2591 est
1364 2566 1392 2591 in
1406 2563 1512 2592 Christo
1530 2564 1593 2591 Iesu
1603 2569 1628 2592 '.

1074 2608 1129 2635 γη.
1150 2609 1300 2641 Permitte,
1318 2609 1434 2642 Lector,
1454 2614 1484 2637 ut
1512 2610 1572 2637 loco
1594 2610 1675 2646 elogii
1701 2611 1828 2638 defuncto

860 2713 1020 2741 SCllULZII
1041 2712 1157 2742 NOTAE.

225 2781 254 2817 "_
266 2778 317 2817 .tut
348 2780 531 2817 potiunuvid.
546 2781 626 2813 infra,
643 2782 709 2809 diss.
725 2783 752 2813 Ξ,
771 2783 840 2809 r.'1.
856 2783 869 2817 ᾗ
890 2784 912 2810 1,
951 2784 973 2799 ⁸⁸
987 2784 1014 2811 In
1029 2784 1189 2815 constituto,
1208 2785 1233 2811 in
1255 2783 1371 2811 Profess.
1392 2784 1465 2814 lidci,
1484 2784 1510 2811 in
1535 2788 1615 2817 epist.
1630 2784 1657 2814 5,
1670 2784 1710 2810 Ad
1729 2783 1777 2809 Hi.
1789 2794 1821 2810 νη,

190 2814 211 2831 ⁵⁸
235 2814 406 2848 Epigramma
435 2815 500 2842 illud
526 2816 661 2849 integrum
688 2821 777 2844 exstat
797 2814 890 2845 Graece
912 2822 939 2845 cl
959 2819 1053 2846 Latine
1072 2819 1099 2846 in
1119 2819 1323 2854 Prolegomenis
1340 2819 1384 2846 ad.
1403 2824 1421 2846 ι.
1446 2819 1454 2846 l
1474 2819 1540 2847 edit.
1554 2814 1679 2846 'nostraa.

198 2851 219 2875 ι.
239 2848 283 2879 Ill,
303 2849 368 2876 llisr.
389 2849 473 2879 relio..
494 2858 554 2879 can.
570 2852 615 2878 Ἡ.
655 2853 675 2868 ⁸¹
694 2852 753 2879 Vid.
774 2853 853 2879 ibid..
875 2861 933 2879 can.
947 2854 991 2879 26.

698 2854 753 2890 Yid.
774 2854 853 2885 ibid.,
875 2861 933 2887 cap.
947 2854 991 2880 96.

198 2851 219 2875 ι.
239 2848 283 2881 Ill,
303 2849 368 2876 Hist.
389 2849 473 2885 relig.,
494 2858 554 2886 cap.
570 2852 615 2878 Ἣ.

1719 2821 1740 2833 ’⁸³
1767 2819 1820 2846 ὶμις
