1969 3052
137 143 182 174 itii
719 144 899 174 HISTORIA
920 144 1174 176 TH-EODORETI.

1709 151 1760 183 162

131 203 237 237 scripti,
250 209 333 237 quam
350 210 401 237 ego
414 203 525 236 concepi
541 202 716 233 Theodoreti,
735 206 782 229 aut
799 202 861 229 vita:
871 209 919 236 po-
935 205 954 230 Α
1002 202 1094 240 polum
1106 205 1252 240 jactqrent.
1268 204 1303 240 7V.
1322 205 1524 240 Adjuvabantur
1540 206 1692 235 Theodoreti
1718 215 1759 237 te-

131 248 188 275 tius
201 255 216 275 a
231 247 404 274 Theodoreto
418 252 494 278 actse.
517 248 636 282 speciem
659 247 708 274 tibi
728 254 823 274 rursus
843 247 920 274 ellin-

130 300 201 328 gam.
221 292 336 320 Videtur
352 292 431 322 mihi,
444 292 516 326 quod
536 292 613 318 initio
624 291 690 323 dixi,
712 300 766 319 non
785 292 919 319 absimilis

130 337 282 365 narrationi
310 338 468 369 theatricm,
499 338 526 365 in
541 346 594 373 qua
620 338 798 365 induceretur
825 338 918 366 infelix

129 383 254 419 qutedam
267 389 295 411 et
310 384 474 411 miserabilis
486 384 584 415 virtus,
598 384 701 411 erroris
711 384 826 417 artibus,
840 385 917 419 quasi

128 427 251 460 Circaeis,
277 436 347 463 pene
358 436 452 455 amens
471 428 578 459 ell'ecta,
605 428 721 455 alienam
745 428 860 456 formam
876 429 918 456 in-

127 474 225 505 duere,
243 474 270 501 in
288 481 375 508 eaque
391 482 537 509 personam
556 482 585 501 se
601 474 737 509 indignam
758 474 805 501 diu
825 483 915 510 agerc,

127 520 218 547 donec
229 520 322 547 divina
337 520 509 555 perculiente
522 520 597 555 virga
607 520 640 546 ad
657 528 685 547 se
705 521 824 552 rediens,
841 525 868 548 et
883 521 915 548 ad

126 568 266 592 ostensam
293 565 392 592 divina).
416 564 540 591 veritatis
564 565 716 591 columnam
745 565 915 600 confugiens.

126 610 280 646 pratstigias
297 610 401 637 erroris
429 618 483 637 non
511 610 688 638 erubesceret
716 615 839 642 tantum.
868 612 916 638 sed

124 656 211 682 etiam
228 660 428 683 exsecraretur.

160 702 229 728 Nam
244 701 291 736 qui
312 701 384 728 inter
399 701 530 728 miracula
544 705 572 728 et
584 701 693 735 pietatis
711 701 738 728 in
759 702 820 729 sinu
835 707 917 729 natus

126 746 232 780 fuerat;
248 747 295 782 qui
306 747 340 773 ab
353 746 465 774 infantia
478 751 603 774 creverat
619 747 646 774 in
662 748 828 775 monasterio
845 748 916 775 inter

127 792 259 819 virtutum
272 792 427 827 prodigiosa
442 793 582 826 exempla;
594 792 640 827 qui
655 800 700 820 res
711 793 845 821 humanas
859 802 914 821 non

124 838 204 872 prius
215 841 340 869 noverat,
358 845 439 872 quam
455 837 595 872 despexit;
608 838 654 872 qui
667 838 695 865 in
710 838 815 866 divinas
831 839 916 868 Litte-

125 890 171 909 ras
194 882 361 909 incubuerat
389 883 480 910 studio
508 883 612 917 pariter
634 888 662 910 et
675 884 774 912 indolis
793 885 912 920 impetu;

124 928 172 962 qui
189 927 321 962 elegerat,
333 936 346 955 a
368 935 423 962 quo
437 928 594 960 doceretur,
611 929 695 956 totius
717 930 857 962 Ecclesite,
885 935 915 958 ut

124 977 190 1000 tunc
201 973 350 1004 ferebatur,
369 977 375 984 '
398 975 576 1009 magistrum;
596 975 642 1009 qui
666 975 855 1009 imprudenter
868 982 914 1004 aut

125 1019 274 1046 infeliciter
291 1019 382 1054 potius
397 1027 518 1047 errorem
545 1020 607 1047 inde
624 1020 729 1052 didicit,
745 1022 816 1048 unde
842 1023 911 1049 veri-

125 1068 209 1091 tatem
235 1065 382 1099 sperabat;
410 1073 460 1092 nec
478 1065 574 1092 didicit
588 1070 704 1099 tantum,
717 1067 764 1094 scd
777 1067 913 1096 Theodori

123 1109 205 1140 fama,
220 1117 273 1144 qua
287 1114 360 1137 totus
370 1110 445 1137 orbis
457 1112 631 1145 personabat,
647 1112 781 1140 incautam
795 1119 912 1141 mentem

123 1154 285 1186 faseiuante,
314 1156 559 1183 bestoriibteresin
585 1162 613 1184 et
630 1155 723 1193 Cyrilli
751 1158 830 1186 ﬁdem
850 1167 913 1194 pcr-

122 1199 231 1234 spicere
247 1207 300 1226 non
314 1200 418 1233 valens,
432 1201 568 1228 Theodori
579 1202 715 1237 discipulo
729 1203 804 1236 favit,
813 1205 914 1240 Eccle-

122 1246 171 1272 site
186 1245 327 1273 doctorem
348 1245 487 1274 insecutus
506 1253 558 1275 est.
574 1249 674 1276 Verum
698 1254 841 1285 postquam
866 1251 912 1278 diu

122 1297 173 1324 per
185 1291 276 1317 varios
289 1299 370 1319 casus
384 1297 464 1327 atque
477 1293 644 1321 calamitates
658 1295 777 1330 jactatus
785 1302 912 1329 errasset,

121 1343 186 1362 curn
204 1337 279 1364 velut
300 1337 401 1365 Christi
421 1339 507 1366 hostis
522 1343 549 1366 ct
563 1340 708 1375 impietatis
726 1341 831 1374 doctor,
852 1347 914 1377 post

120 1389 221 1408 novem
231 1386 259 1409 et
271 1383 365 1417 viginti
376 1384 552 1418 pontiﬁcatus
564 1392 650 1413 annos
661 1386 694 1413 de
706 1387 770 1414 sede
780 1387 911 1422 deiectus,

119 1427 251 1454 exclusus
264 1427 385 1460 civitate,
404 1436 475 1463 aqua
494 1432 521 1456 et
538 1430 599 1464 igne
618 1429 792 1463 interdictus,
813 1431 841 1458 in
857 1440 913 1459 mo-

121 1472 244 1499 nasterio
269 1473 419 1500 Palmstina:
442 1474 524 1501 latere
544 1479 656 1502 coactus
679 1480 766 1509 esset;
783 1477 911 1511 tandem,

120 1521 184 1552 post
207 1518 377 1552 imploratam
395 1518 495 1546 frustra
512 1524 652 1554 potentum
669 1528 748 1556 opem
759 1542 766 1554 ,
784 1522 911 1557 despcra-
927 1538 946 1562 ε

122 1566 232 1597 tamque
242 1570 318 1597 spem
332 1571 440 1590 omnem
454 1564 544 1595 aliam,
558 1568 683 1600 tangente
696 1566 752 1593 Deo
765 1574 812 1594 cor
823 1568 913 1594 homi-

120 1607 175 1639 nis,
191 1607 224 1634 ad
240 1611 358 1635 mentem
376 1608 467 1638 rediit,
483 1608 611 1643 sedisque
633 1611 801 1644 apostolicae,
824 1622 833 1637 ε
853 1621 913 1646 qua:

119 1656 203 1678 rectae
212 1651 274 1678 ﬁdei
289 1652 379 1679 radios
394 1652 483 1679 fundit
493 1652 514 1669 ⁶¹
541 1653 635 1688 (verba
651 1658 715 1681 sunt
731 1656 912 1689 patrocinium

119 1697 320 1732 implorantis),
339 1705 399 1732 qua
411 1698 597 1726 Ecclesiarum
617 1700 702 1727 totius
717 1701 794 1728 orbis
811 1702 913 1736 print-i-

118 1747 213 1777 patum
224 1746 308 1774 tenet,
319 1751 380 1778 quae
392 1743 425 1770 ab
437 1744 510 1770 omni
524 1752 631 1778 semper
641 1745 766 1773 literetica
779 1747 912 1781 pravitate

119 1787 252 1814 immunis
279 1788 342 1818 fuit,
371 1793 476 1815 rectum
509 1794 541 1815 ac
562 1789 666 1824 justum
682 1790 803 1823 tribunal
832 1790 911 1818 invo-

117 1831 202 1859 cavit.
215 1841 224 1857 I

155 1878 220 1905 Inde
236 1886 302 1905 vero
321 1879 464 1906 veritatem
482 1880 599 1914 primum
617 1881 741 1914 edoctus,
756 1882 855 1909 deinde
877 1883 910 1909 ab

119 1923 214 1957 iniqua
224 1924 345 1951 Dioscori
358 1925 503 1957 sententia,
517 1926 750 1961 meliorejudicio,
759 1928 908 1960 absolutus,

119 1967 231 1995 tandem
243 1974 383 1997 annuente
396 1971 514 1997 concilio
529 1972 649 2006 generali
667 1972 694 1998 in
707 1973 853 2006 pristinum
869 1974 908 2000 lo‘

116 2021 182 2041 cum
195 2015 350 2047 restitutus,
363 2023 456 2043 veram
477 2017 616 2050 pietatem,
635 2025 699 2044 vera
716 2018 769 2045 ﬁde
789 2019 909 2046 innixam

117 2059 217 2091 coluit,
231 2060 313 2094 idque
325 2061 383 2096 ipse
398 2062 534 2096 praestitit,
550 2062 622 2096 quod
636 2063 783 2097 scripserat
794 2064 827 2091 de
841 2065 908 2092 Pro-

118 2105 202 2138 pheta
225 2106 394 2132 exclamante
415 2106 447 2133 ad
471 2107 554 2134 Deum
574 2116 580 2133 :
600 2108 681 2142 210
702 2107 822 2140 Bonum,
845 2111 908 2144 quia

118 2150 265 2178 humilium
284 2158 336 2183 me,
353 2156 381 2178 ut
395 2152 494 2178 discant
510 2153 714 2187 justiﬁcationes
732 2159 792 2180 tuas
805 2159 815 2172 ι
828 2163 837 2182 :
852 2155 907 2190 egit

1005 238 1137 264 slimonio.
1172 238 1214 265 Vl.
1247 239 1343 266 Multos
1361 238 1538 268 abduxerim!
1571 243 1599 269 in
1631 251 1758 272 errorem.

1008 272 1062 298 VH.
1081 273 1254 300 Theodoretus
1275 282 1333 301 cum
1347 275 1446 306 synodo
1465 275 1668 305 Chalcedouemi
1683 280 1760 306 dam-

1005 311 1087 341 natur
1102 307 1339 341 Constantinopoli.
1357 307 1423 337 Vill.
1444 310 1478 338 Et
1495 310 1600 339 Sidone.
1620 312 1664 340 IX.
1681 313 1758 341 Arta

1003 340 1230 379 Eutychianorum
1247 340 1281 370 ad
1302 345 1463 379 decipiendos
1475 347 1601 374 homines.
1617 347 1651 374 Χ.
1666 340 1759 376 Conci;

1007 376 1072 403 lium
1083 376 1361 413 Hierosolymitanumi

1221 424 1259 448 Ab
1269 431 1333 448 anno
1345 425 1390 449 458
1402 426 1431 450 ad
1444 425 1498 450 518.

1004 473 1024 500 1.
1042 474 1099 500 Etsi
1115 474 1305 503 Theodoretus
1321 475 1426 510 quievit
1450 476 1478 503 in
1500 484 1567 511 pace
1589 482 1617 505 et
1633 485 1757 506 commu-

969 518 1050 544 nione
1068 518 1213 552 Ecclesiae,
1233 520 1303 547 fama
1324 525 1414 547 tamen
1426 521 1513 555 ipsius
1525 529 1679 556 nomenque
1697 528 1758 558 post

968 562 1072 590 obitum
1090 569 1216 592 vexatum
1237 570 1279 593 est
1296 575 1302 592 :
1324 574 1480 601 quanquam
1509 567 1667 601 laborabat,
1684 569 1757 604 quod

969 608 1112 636 honestum
1130 610 1190 641 fuit,
1207 619 1260 638 non
1277 612 1348 646 apud
1364 612 1529 645 Catholicos,
1550 614 1598 641 sed
1612 615 1683 649 apud
1699 615 1757 642 dis-

967 654 1030 681 sidii
1043 660 1181 687 amantes;
1195 664 1246 683 nec
1256 664 1304 683 sua
1318 657 1403 684 solius
1415 657 1527 690 invidia,
1542 658 1588 685 sed
1603 659 1758 693 apostolica:

967 699 1049 730 sedis,
1063 708 1077 726 a
1088 708 1140 734 qua
1157 705 1282 735 receptus
1294 706 1363 734 erat,
1383 702 1437 728 imo
1454 703 1537 729 totius
1547 703 1685 735 Ecclesiae,
1697 711 1758 738 quas

967 750 1061 773 secuta
1079 747 1177 781 capitis
1200 748 1384 779 sententiam,
1411 748 1513 783 injuria
1540 749 1698 776 damnatum
1728 750 1756 776 in

967 796 1060 819 sancta
1072 793 1176 828 synodo
1186 792 1403 821 Chalcedonensi
1414 794 1540 821 absolvit.

1002 838 1067 864 Erat
1082 838 1225 865 enimvero
1246 843 1310 872 tunc
1332 840 1463 872 temporis
1480 839 1506 866 id
1520 839 1670 874 gloriosum
1694 840 1756 868 uni-

966 882 1094 916 cuipiam,
1111 882 1223 909 eosdem
1240 883 1343 910 habere
1368 884 1470 915 hostes,
1487 884 1668 919 eamdemque
1693 892 1756 912 cum

966 926 1030 953 sede
1047 927 1206 961 apostolica,
1223 928 1407 963 universaque
1426 929 1547 957 Ecclesia
1563 930 1682 964 experiri
1698 938 1758 958 sor-

967 977 1031 1002 tem,
1055 981 1105 999 nec
1121 980 1202 1007 posse
1218 974 1371 1006 criminari,
1390 975 1456 1009 quin
1475 976 1678 1003 eriminationis
1693 984 1757 1011 pars

966 1018 1081 1044 maxima
1092 1018 1119 1045 in
1130 1020 1326 1046 meumenicam
1340 1021 1473 1055 synodum
1483 1022 1649 1049 redundaret
1663 1031 1669 1048 :
1681 1030 1755 1056 nam,

966 1067 1047 1096 prout
1068 1063 1184 1097 quisque
1211 1063 1381 1091 alliciebatur
1406 1066 1498 1092 animo
1521 1074 1585 1101 erga
1609 1066 1754 1101 synodum,

965 1108 1000 1134 ita
1027 1109 1163 1135 sentiebat
1178 1109 1213 1136 de
1238 1109 1428 1143 Theodoreto;
1454 1111 1500 1145 qui
1525 1111 1641 1146 Eutycbi
1660 1112 1755 1139 stude-

964 1153 1040 1185 bant,
1060 1159 1207 1188 utrumque
1228 1155 1442 1188 aversabantur;
1455 1156 1501 1191 qui
1517 1160 1608 1191 partes
1626 1157 1755 1185 Ecclesia!

963 1199 1150 1234 sequebantur
1161 1219 1168 1231 ,
1182 1201 1321 1227 communi
1341 1205 1486 1236 utrumque
1497 1202 1588 1229 studio
1603 1210 1755 1237 proseque-

963 1244 1074 1272 bantur.

1002 1289 1031 1316 ΙΙ.
1051 1289 1096 1316 Sic
1105 1289 1249 1317 fuitunum
1261 1290 1319 1318 fere
1336 1292 1478 1324 saeculum,
1490 1291 1657 1319 Theodoreti
1672 1300 1755 1320 causa

963 1341 992 1360 se
1008 1339 1147 1368 utcunque
1172 1335 1273 1369 partim
1301 1336 1487 1363 studiosorum
1515 1337 1631 1369 artibus,
1653 1338 1754 1372 partim

963 1379 1091 1406 Ecclesia
1114 1379 1227 1415 iudiciis
1242 1384 1436 1408 sustentante:
1457 1389 1613 1416 quanquam
1638 1390 1685 1410 sex
1705 1383 1755 1410 im-

963 1429 1121 1458 peratorum
1136 1425 1188 1452 sibi
1205 1426 1322 1452 invicem
1340 1426 1547 1453 succedentium
1559 1427 1660 1459 studia,
1674 1431 1755 1462 prout

963 1470 1037 1497 varia
1061 1471 1235 1503 exstiterunt,
1253 1472 1289 1499 ita
1301 1472 1486 1499 conditionem
1500 1480 1590 1499 rerum
1613 1473 1754 1508 ipsamque

966 1516 1130 1545 Theodoreti
1154 1517 1292 1545 fortunam
1311 1518 1503 1548 alternarunt,
1532 1518 1621 1545 donec
1643 1518 1753 1546 tandem

966 1559 1047 1586 unius
1066 1552 1196 1592 hominis,
1213 1565 1260 1587 aut
1273 1565 1348 1588 certe
1366 1561 1450 1588 trium
1463 1569 1559 1593 causa,
1575 1569 1637 1589 cum
1652 1563 1754 1589 evasis-

964 1609 1006 1631 set
1029 1613 1176 1633 eommune
1191 1610 1272 1640 atque
1294 1606 1390 1641 ingens
1407 1607 1492 1633 totius
1507 1606 1584 1633 orbis
1601 1607 1751 1639 negotium,

965 1656 1076 1676 necesse
1093 1649 1154 1682 fuit,
1173 1655 1201 1676 ut
1215 1651 1370 1685 conjunctis
1391 1651 1519 1678 Ecclesiae
1536 1651 1698 1686 imperiique
1710 1653 1752 1679 vi-

964 1694 1050 1727 ribus,
1069 1696 1171 1729 quinta:
1186 1696 1281 1731 synodi
1301 1697 1437 1731 generalis
1454 1697 1558 1732 iudicio
1572 1697 1709 1730 ﬁniretur,
1728 1697 1752 1725 si

965 1744 1055 1767 tamen
1073 1741 1114 1767 vel
1134 1741 1174 1767 sic
1194 1741 1269 1768 ﬁnita
1283 1746 1340 1774 est;
1359 1749 1409 1769 nec
1424 1742 1498 1769 enim
1513 1742 1636 1770 deﬁnitio
1654 1743 1750 1778 synodi

964 1791 1072 1820 recepta
1090 1787 1141 1813 fuit
1162 1789 1252 1814 statim
1266 1787 1300 1814 ab
1312 1787 1441 1814 omnibus
1452 1788 1533 1815 simul
1548 1788 1689 1822 Ecclesiis,
1703 1789 1751 1817 sed

963 1831 1092 1865 paulatim
1108 1835 1135 1858 et
1151 1832 1228 1866 quasi
1248 1840 1297 1866 per
1308 1836 1409 1866 partes,
1426 1833 1496 1860 adeo
1517 1837 1548 1860 ut
1561 1833 1589 1860 in
1604 1834 1672 1861 orbe
1683 1838 1750 1862 tunc

962 1876 1117 1911 contigerit,
1135 1877 1208 1911 quod
1224 1877 1251 1904 in
1271 1878 1340 1904 mari
1362 1878 1441 1910 solet,
1459 1883 1602 1914 postquam
1623 1879 1750 1907 horribili

963 1927 1123 1958 tempestate
1144 1928 1311 1952 commotum
1331 1929 1390 1957 est,
1408 1925 1505 1953 silente
1520 1926 1651 1954 nimirum
1668 1927 1749 1958 coelo,

961 1967 1051 1995 adhuc
1064 1969 1143 1996 undae
1155 1970 1290 2004 mugiunt,
1302 1977 1333 1997 ac
1344 1971 1422 2005 211
1432 1971 1509 1998 velut
1521 1979 1593 2006 aegre
1606 1977 1749 2006 pacantur.

961 2013 989 2040 ld
1004 2022 1057 2047 qua
1075 2014 1180 2042 ratione
1193 2015 1334 2046 acciderit,
1344 2016 1507 2050 quantisque
1529 2024 1621 2043 rerum
1633 2025 1748 2044 convero

961 2058 1096 2091 sionibus,
1113 2059 1214 2093 quibus
1226 2059 1368 2086 hominum
1383 2061 1489 2087 artibus
1499 2081 1505 2093 ,
1518 2065 1566 2088 attt
1577 2065 1678 2095 quanta
1703 2070 1748 2096 po-
1777 2084 1780 2087 .

960 2105 1016 2132 tius
1034 2105 1160 2132 Numinis
1183 2105 1355 2140 providentia
1368 2111 1510 2140 peractum
1532 2106 1577 2138 sit,
1597 2114 1746 2141 exponere,

960 2150 1028 2177 nihil
1046 2150 1194 2177 admodum
1220 2155 1328 2185 oportet
1357 2150 1390 2177 ad
1414 2151 1588 2183 institutum,
1613 2151 1668 2177 imo
1696 2159 1748 2178 nec

118 2202 218 2230 nempe
225 2195 337 2230 gratias,
358 2205 367 2221 ι
384 2196 420 2222 ob
433 2203 528 2223 severa
548 2195 647 2223 medici
659 2197 790 2229 remedia,
807 2197 907 2224 sanie-1-
924 2198 943 2224 ι)
957 2202 1047 2228 operae
1057 2195 1176 2229 pretium
1185 2199 1237 2227 est,
1250 2203 1312 2222 cttm
1322 2196 1406 2222 multa
1415 2195 1619 2222 Theodoretum
1631 2202 1664 2221 ex
1675 2195 1745 2222 obli-

118 2245 174 2266 tem
183 2247 346 2275 agnoscens,
363 2248 424 2275 quae
437 2241 500 2268 inde
516 2242 651 2276 processit
661 2242 693 2269 ".
710 2253 718 2268 I

154 2284 268 2316 Exinde,
290 2285 389 2317 credo,
420 2290 513 2312 sancte
532 2286 614 2318 vixit,
637 2287 745 2321 pristini
775 2286 906 2321 temporis

117 2328 219 2356 damna
232 2329 364 2362 sarciens,
376 2334 459 2365 atque
472 2331 554 2358 etiam
567 2332 649 2363 forte,
666 2340 726 2366 quae
741 2339 846 2359 summa
857 2331 905 2358 Dei

116 2372 319 2406 misericordia,
331 2375 432 2402 meruit
442 2380 554 2403 sanctus
566 2376 631 2403 dici.

409 2433 522 2461 CAPUT
541 2433 609 2460 XIV.

116 2489 139 2517 1.
156 2489 330 2531 {inpugnetur
353 2495 423 2531 post_
436 2491 789 2531 mortem_ab_t_zdvt_2rsnrii§_
802 2493 905 2520 concilii

153 2524 372 2562 Chalcedonensis
387 2525 582 2562 NEutycltianis.
610 2526 641 2553 ll.
670 2526 705 2553 Et
727 2527 831 2561 quidem
857 2537 904 2562 per

150 2559 287 2591 Momms,
297 2561 323 2586 in
345 2561 437 2594 quibus
456 2559 561 2595 inagna:
570 2559 765 2588 commotiones.
782 2559 904 2594 ΙΙΙ.ρῇἰᾶ

149 2599 243 2621 contra
260 2595 399 2622 concilium
416 2596 575 2631 Eutychiani
587 2597 765 2623 mussitarent.
776 2596 820 2624 iV.
833 2596 903 2629 Quid

157 2677 170 2690 ἰ
187 2671 259 2699 Psal.
277 2680 367 2704 cxvnt,
386 2673 429 2699 Ἠ.

957 2247 1013 2274 quo
1026 2243 1131 2266 tantum
1147 2244 1272 2274 spectent
1283 2260 1289 2270 ,
1307 2245 1335 2267 et
1355 2239 1382 2266 in
1394 2240 1433 2267 eis
1445 2239 1614 2274 exponendis
1630 2239 1743 2274 diligen-

959 2289 1000 2311 ter
1013 2285 1114 2311 versati
1129 2285 1184 2311 sint
1196 2285 1344 2319 scriptores
1359 2284 1412 2312 ﬁde
1424 2284 1586 2319 dignissimi,
1598 2285 1680 2312 veluti
1696 2284 1746 2312 Fe-

958 2329 996 2364 lix
1009 2329 1139 2358 defensor
1155 2331 1284 2358 Ecclesiae
1297 2331 1465 2363 Romanae“,
1478 2331 1622 2357 Liberatus
1632 2330 1746 2358 Cartha-

959 2374 1081 2409 ginensis
1103 2375 1236 2402 diaconus
1247 2375 1280 2408 ⁸³,
1299 2375 1431 2402 Leontius
1448 2375 1613 2410 Byzantinus
1621 2376 1655 2408 ",
1671 2376 1742 2402 Eva-

958 2420 1035 2454 grius
1043 2420 1077 2452 ",
1094 2424 1121 2447 et
1136 2421 1192 2447 alii.

993 2465 1190 2493 Praetermissis
1220 2467 1303 2502 igitur
1332 2466 1470 2501 pluribus,
1498 2464 1652 2501 eujusmodi
1680 2468 1744 2492 sunt

957 2510 1087 2538 Ecclesiae
1107 2512 1297 2539 Alexandrina:
1321 2511 1480 2538 intestinum
1495 2516 1603 2539 centum
1622 2510 1678 2538 fere
1692 2517 1742 2537 an-

957 2563 1054 2583 norum
1065 2557 1201 2589 duellum;
1215 2557 1346 2585 discessio
1362 2557 1444 2584 totius
1458 2556 1587 2584 Ecclesiaz
1595 2555 1743 2584 Orientalis

957 2607 972 2626 a
987 2600 1118 2633 Romana,
1135 2605 1248 2636 propter
1265 2601 1468 2636 improbitatem
1488 2601 1598 2634 Acacii',
1616 2599 1740 2628 Basilisci

784 2731 848 2760 SCH
855 2732 942 2760 [ιλιι
963 2731 1076 2760 NOTAE.

151 2808 175 2825 ⁶¹
189 2808 249 2846 Vi_d.
265 2807 351 2846 Epist.
366 2808 421 2846 _i_l_3
438 2813 473 2846 et_
487 2808 545 2846 116ἔ
583 2794 704 2846 ".Yerba
722 2814 785 2846 sunt
813 2809 1060 2846 Tlieodtadihunc
1086 2810 1199 2846 locum,
1221 2810 1280 2846 Vid,
1301 2815 1319 2837 t.
1345 2811 1365 2842 ῐ,
1388 2819 1414 2846 p.
1442 2812 1520 2840 M57.
1567 2812 1733 2841 "Brevicul.

115 2841 185 2871 Hist.
209 2841 326 2877 Eutych.
364 2844 386 2860 "
398 2843 518 2871 Breviar.
537 2844 645 2872 haeresis
660 2844 814 2872 Nestorian.
852 2846 874 2861 “
891 2844 951 2872 Lib.
968 2845 1007 2872 De
1015 2846 1100 2872 sectis.
1138 2846 1160 2862 ⁸⁷
1176 2845 1246 2873 Hist.
1262 2845 1310 2873 lib.
1327 2853 1345 2873 ll
1361 2841 1458 2881 et'seq.
