1969 3052
209 140 259 170 Hi3

207 197 330 233 tyrannis
345 197 505 232 religionem
521 195 671 222 etnentita:
691 195 853 222 llenoticum
875 195 992 222 Zenonis
1009 201 1028 228 Α

207 244 406 272 discordiarum
434 242 619 273 incentivum;
644 241 804 276 patriarciue
829 242 921 275 plures
944 249 993 275 pro

209 291 321 318 libidine
335 291 489 325 principum
508 290 623 316 subinde
639 292 645 300 '
659 290 790 324 depositi;
807 291 914 317 femina!
926 294 992 319 tres.

209 337 338 368 Ariadna,
353 336 469 362 Zenonis
484 340 511 362 ct
529 335 681 366 Theodora.
698 335 855 362 uxoriorum
876 335 991 370 impera-

211 387 299 410 torum
316 382 471 417 agitatrices
494 382 570 416 quasi
599 379 674 408 fuiiie
686 390 692 413 ;
706 381 924 417 Origcnistarum
937 389 995 407 mo—

211 429 360 455 nachorum
375 427 508 453 tumultus
523 427 549 453 in
561 427 713 457 Paltestina,
726 431 780 453 (te.
794 426 862 458 :his,
872 427 992 460 inquam,

210 474 412 509 prmtermissis,
431 475 559 509 prosequi
577 479 694 508 oportet,
711 482 771 509 qua:
785 479 849 500 sunt
867 473 993 500 Theodo-

211 520 281 547 reti:
297 524 324 546 et
350 520 430 550 illud,
443 519 588 554 imprimis,
605 519 676 553 quod
705 524 785 546 antea
806 519 909 546 dictum
941 523 993 550 cst,

211 574 292 600 quam
304 570 377 593 arcte
398 566 543 600 conjuncta
555 565 641 599 ipsius
657 569 683 591 et
694 570 795 592 sanctae
806 565 900 601 synodi
914 572 995 591 causa

211 611 380 646 populariter
392 611 497 638 credita
516 611 561 637 sit.

247 656 290 683 lll.
309 656 360 689 Qui
381 660 473 690 partes
494 656 626 691 Eutychis
646 656 841 690 sequebantur,
865 656 997 683 adversus

210 701 431 729 Chalcedonensc
439 702 583 728 concilium
594 702 677 728 multa
691 701 866 736 objiciebant,
881 701 927 728 sed
941 701 996 728 duo

212 748 338 778 maxime.
354 747 422 774 clam
444 755 539 777 unum,
552 747 640 782 palam
662 747 794 779 alterum;
810 747 889 774 ambo
904 755 952 782 per
967 755 996 774 se

212 792 322 827 quidem
335 792 481 823 levissima,
497 793 587 826 gravis
604 797 692 818 tamen
707 792 836 819 momenti
849 792 922 826 apud
939 793 997 819 vul-

212 846 262 873 gus
281 838 355 865 falsis
369 838 545 872 opinionibus
559 841 733 872 occupatum.

768 137 954 167 GARNERII
977 134 1222 166 DISSERTATIO
1243 135 1266 164 Ι.

1780 134 1828 166 ιρι

1079 194 1122 221 IV.
1139 194 1202 220 llaec
1214 198 1239 220 et
1251 193 1303 219 alia
1315 192 1384 219 clam
1399 191 1450 223 illi,
1462 191 1550 226 palam
1563 199 1628 219 vero
1642 193 1823 226 querebantut

1045 240 1106 266 tria.
1135 239 1265 271 Primum,
1297 245 1352 264 non
1373 241 1478 264 tantum
1504 237 1645 264 restitutos
1678 245 1692 264 a
1724 239 1829 273 synodo

1044 284 1247 311 Theodoretum
1269 287 1297 310 et
1328 283 1403 310 ibam
1432 281 1524 317 Cyrilli
1548 282 1760 310 criminatores:
1781 283 1828 310 sed

1043 330 1126 356 etiam
1151 329 1261 364 scripta,
1275 329 1375 363 quibus
1394 332 1506 355 sanctus
1522 327 1584 355 ﬁdei
1605 327 1732 355 defensor
1747 337 1829 356 accu~

1044 376 1157 403 sabatur
1177 375 1299 407 hzercsis,
1317 375 1416 409 partim
1431 373 1524 406 tacite,
1545 375 1644 408 partim
1672 379 1764 409 aperte
1779 382 1828 409 ap-

1044 411 1158 456 probata
1174 428 1245 448 esse.
1268 420 1401 451 Alterum,
1425 419 1580 446 damnatam
1600 418 1684 446 fuisse
1699 419 1829 454 Eutychis

1045 467 1219 498 sententiam,
1252 466 1388 493 laudatam
1425 465 1604 492 Orientalium
1636 465 1733 496 fidem;
1766 473 1830 492 cum

1047 517 1136 539 tamen
1160 520 1212 539 nec
1238 512 1283 538 illa
1311 519 1325 538 a
1349 511 1494 538 duodecim
1510 510 1646 545 capitulis,
1663 518 1714 537 nec
1743 510 1794 537 ista
1815 517 1830 537 a

1046 558 1163 585 Nestorii
1189 558 1317 592 opinione
1342 556 1473 584 dill‘errct.
1489 557 1672 587 I‘ostremnm,
1687 555 1830 591 Cyrillum.

1045 602 1095 628 etsi
1112 602 1203 629 verbis
1222 601 1381 629 honorificis
1395 601 1547 636 appelletur
1562 600 1590 627 in
1610 599 1724 635 synodo,
1742 600 1832 634 reipsa

1047 652 1137 674 tamen
1149 647 1236 682 rejici,
1249 647 1433 682 pietatemque
1445 647 1474 673 in
1490 654 1523 673 eo
1538 646 1699 674 catholicam
1713 646 1833 681 proscri-

1047 692 1091 724 bi;
1109 692 1331 727 quandoquidem
1343 692 1458 719 duarum
1471 691 1572 718 Christi
1589 696 1750 719 naturarum
1768 698 1832 726 pro-

1047 741 1212 772 pugnatores
1229 737 1454 767 restituebantur,
1474 734 1633 762 defensores
1656 735 1739 762 unius
1762 735 1832 770 deji-

1046 783 1200 810 ciebautur.

1086 830 1114 855 Υ.
1129 829 1224 856 Isthmo
1242 832 1452 863 quantacunque
1467 827 1520 854 fuit
1534 827 1656 862 querela.
1673 835 1726 854 non
1742 826 1834 854 minus

247 884 323 911 Clam
340 883 531 915 mussitabant,
555 891 608 910 non
633 891 692 910 esse
710 888 833 910 coactum
851 883 898 909 Dei
918 887 996 915 nutu,

1054 875 1167 903 habebat
1180 873 1334 905 calumniae,
1349 881 1430 908 quam
1443 873 1553 900 invidia:
1567 882 1573 899 :
1587 873 1726 900 nitebatur
1743 876 1833 899 tamen

212 929 260 957 sed
272 930 330 956 sola
343 929 424 956 unius
441 929 549 956 femina:
572 929 665 956 ulcisci
687 928 842 963 appetentis
862 928 997 962 impoten-

213 975 249 1002 tia
264 984 270 1001 :
284 975 449 1002 Marcianum
467 974 594 1008 Augusta:
612 973 688 1000 uxori
707 973 865 1000 famulatum
882 981 955 1005 esse,
968 978 999 1000 nt

212 1021 267 1048 dati
290 1020 396 1055 imperii
412 1019 576 1047 beneﬁcium
594 1020 737 1052 redderet;
755 1019 924 1046 Pulcheriam
937 1027 998 1046 mu-

212 1065 290 1092 liebri
306 1057 446 1092 iracundia
465 1066 548 1092 ultam
578 1065 659 1092 amici
677 1067 718 1092 sui
737 1065 856 1092 Flaviani
875 1065 997 1100 injurias,

212 1115 240 1138 et
251 1111 351 1145 proditi
365 1111 396 1137 de
409 1110 559 1137 ordinanda
571 1110 725 1138 diaconissa
740 1110 890 1145 imperialis
900 1111 998 1138 secreti

212 1155 298 1182 vicem
318 1154 486 1189 rependisse,
514 1159 542 1181 ut
567 1159 754 1189 recuperatam
776 1154 933 1182 dominandi
951 1163 999 1189 po-

213 1204 340 1229 testatem
360 1204 529 1231 ostentaret,
561 1199 655 1227 fratris
684 1200 759 1234 jnssa
781 1200 864 1234 jussis
889 1205 998 1227 contra-

213 1245 271 1280 riis,
294 1243 364 1271 facta
394 1243 473 1270 factis
505 1243 658 1270 rescidisse.
687 1244 796 1275 Indixit,
827 1244 997 1278 inquiebant,

213 1288 386 1315 Theodosius
409 1287 557 1314 concilium
575 1287 688 1314 sororia:
710 1288 849 1314 servitutis
866 1288 955 1320 liber;
973 1293 1000 1315 et

212 1341 276 1361 ecce
287 1332 442 1364 Pulcheria,
456 1331 542 1359 fratre
554 1333 598 1359 vix
613 1332 755 1363 defuncto,
768 1333 842 1359 aliud
851 1334 934 1367 cogit,
945 1342 1000 1368 quo

214 1378 289 1412 prius
305 1377 381 1404 velut
392 1377 566 1403 latrocinium
576 1377 774 1411 proscribatur.
786 1377 894 1404 Miserat
909 1378 999 1404 Theo-

213 1421 307 1449 dosius
329 1422 363 1449 ad
386 1422 533 1449 concilium
553 1422 709 1456 cognitores
726 1422 806 1454 duos,
830 1431 947 1457 quorum
968 1424 999 1450 li—

214 1468 276 1496 dem
293 1472 421 1502 expertus
433 1471 502 1498 erat,
515 1467 652 1501 Elpidium
667 1467 806 1499 comitem,
817 1473 844 1494 cl.
855 1467 999 1502 Eulogium

215 1513 375 1546 tribunum;
390 1513 450 1540 illos
470 1513 562 1540 statim
579 1513 722 1540 Pulcheria
736 1514 763 1540 in
777 1514 901 1549 ordinem
920 1514 999 1540 reda-

214 1564 274 1587 ctos
285 1559 366 1594 ejecit
380 1559 452 1585 aula.
472 1558 657 1592 Chrysaphius
677 1566 734 1585 rem
758 1559 867 1586 concilii
889 1567 998 1593 promo-

213 1608 302 1637 verat,
321 1604 377 1631 imo
398 1607 426 1631 et
450 1603 608 1638 publicam;
630 1610 680 1630 suo
697 1604 828 1638 sanguine
848 1604 1003 1638 parentavit

215 1649 362 1677 Theodosii
382 1649 519 1676 manibus.
537 1649 659 1677 Iusserat
671 1649 842 1677 Theodosius
857 1650 1002 1685 persiderc

215 1695 336 1722 Flaviani
358 1694 463 1729 judicio
482 1695 644 1721 Dioscorum
658 1702 720 1721 cum
738 1695 868 1722 Juvenale
884 1701 911 1722 et
932 1695 1002 1721 Tha-

215 1739 308 1771 lassio,
334 1740 433 1775 spretis
462 1740 592 1767 Ecclesia:
625 1740 754 1767 Romana:
781 1741 890 1775 legatis;
917 1741 1003 1768 voluit

216 1785 361 1812 Pulcheria
376 1785 479 1819 legatos
495 1784 568 1811 sedis
588 1785 743 1819 apostolica
759 1793 875 1820 praeesse
887 1787 1002 1821 judicio,

215 1829 289 1864 quod
312 1829 354 1864 de,
374 1829 513 1861 Dioscoro,
531 1829 661 1856 Juvenale
676 1833 704 1857 et
729 1830 869 1858 Thalassio
897 1831 1002 1858 institui

214 1874 305 1909 jussit.
333 1874 501 1900 Firmavcrat
518 1873 688 1901 Theodosius
711 1874 808 1901 edictis
830 1876 938 1902 concilii
961 1876 1002 1903 sui

217 1919 399 1951 sententiam;
427 1919 517 1946 edicta
544 1918 644 1946 edictis
666 1919 746 1953 212
771 1921 916 1947 contrariis
938 1921 1002 1948 Pul-

217 1963 310 1991 cheria
321 1963 472 1999 abrogavit.
485 1963 585 1998 Ephesi
599 1963 741 1991 absolutus
752 1964 840 1991 fuerat
851 1965 1002 2000 Eutychos;

216 2009 389 2037 Chalcedone
429 2009 584 2036 damnatur.
617 2009 717 2044 Ephesi
751 2010 906 2042 Flavianus,
941 2018 1003 2037 cum

218 2053 304 2088 iniqui
319 2053 426 2089 judicii,
440 2057 496 2080 turn
511 2053 625 2081 hmresis
643 2062 658 2081 a
675 2054 808 2082 Dioscoro
822 2055 1004 2083 damnationis

216 2100 380 2126 sententiam
405 2100 522 2133 tulerat;
535 2100 658 2127 eamdem
678 2100 774 2128 iisdem
792 2101 826 2128 de
849 2102 939 2129 causis
955 2110 1003 2137 pa-

217 2145 284 2172 titur
297 2144 471 2172 Chalcedone
485 2145 642 2172 Dioscorus.
659 2146 867 2173 Damnationem
883 2147 1003 2174 Flaviani

216 2197 363 2218 consecuta
374 2196 432 2219 erat
450 2191 576 2226 dejectio,
590 2192 745 2227 deportatio
757 2197 784 2220 ct
802 2200 876 2220 mors
889 2202 895 2225 ;
909 2193 1004 2229 dejici-

217 2240 262 2263 tur
275 2236 433 2268 Dioscorus,
457 2237 578 2272 Gangras
598 2238 625 2265 in
642 2238 768 2265 exsilium
790 2240 904 2273 rapitur,
927 2247 1004 2267 exse-

217 2286 310 2309 cratus
321 2282 458 2316 Eutyches
471 2290 504 2309 eo
519 2282 638 2317 ejicitur,
656 2291 711 2317 quo
724 2291 804 2311 nemo
818 2285 903 2311 novit.
917 2284 1003 2320 Chry-

217 2326 330 2361 saphius
350 2327 482 2362 obsequio
505 2332 644 2355 meruerat
664 2329 699 2356 ab
715 2329 882 2363 imperatore
908 2330 1002 2365 diligi;

217 2375 285 2399 nutu
306 2372 456 2400 Pulcherice
472 2373 619 2401 occiditur.
637 2374 796 2401 Prohibitus
812 2374 901 2402 fuerat
916 2376 1004 2403 Theo-

216 2417 329 2444 doretus
355 2417 451 2445 adesse
473 2419 578 2454 synodo
607 2419 762 2454 Ephesime,
781 2420 816 2447 ob
838 2421 955 2455 scriptos
977 2422 1003 2448 in

216 2462 346 2499 Cyrillum
362 2462 498 2499 ﬁdemque
514 2465 614 2496 libros;
633 2466 728 2500 jussus
742 2470 784 2492 est
805 2465 899 2493 adesse
924 2466 1005 2493 Chal-

216 2509 375 2541 cedonensi,
390 2514 418 2536 et
431 2509 502 2537 inter
517 2510 612 2537 Patres
623 2509 778 2541 considere,
791 2510 872 2537 etiam
890 2515 951 2538 ante
964 2511 1005 2537 di-

214 2553 364 2589 judicatam
377 2562 499 2586 causam,
518 2555 600 2582 etiam
629 2555 809 2582 irrctractalis
830 2555 916 2586 libris,
937 2564 1006 2590 quos

217 2597 336 2629 siluisse.
362 2600 529 2634 approbasse
555 2599 616 2626 fuit.
647 2600 775 2626 Ecclesia-
801 2600 939 2635 Berytensi
961 2602 1006 2636 jus

217 2645 376 2679 metropolis
405 2646 540 2672 tribuerat
564 2645 736 2673 Theodosius
757 2656 763 2678 ;
784 2647 926 2682 abrogavit
955 2655 1002 2681 per

217 2690 350 2725 synodum
366 2698 441 2717 suam
459 2691 613 2718 Pulcheria.

870 2754 1027 2785 solun.th
1048 2758 1164 2786 NOT/E.

717 2804 738 2819 "’
757 2804 814 2831 Vid.
840 2809 909 2839 part.
938 2813 966 2831 ιιι
982 2813 1059 2832 conc.
1076 2804 1207 2833 Chalctd.
1223 2812 1282 2839 cap.
1300 2805 1340 2832 l0.

253 2802 274 2819 ⁸⁸
288 2801 348 2828 Vid.
362 2801 442 2836 epist.
463 2801 495 2828 ad
519 2801 677 2830 Himerium.

216 2835 266 2864 lib.
280 2837 332 2863 Pro
346 2836 427 2863 tribu:
440 2838 518 2871 capit.
558 2839 580 2854 "‘
601 2838 670 2866 Vict.
691 2839 798 2865 Tunon.
819 2835 847 2866 iii
862 2839 984 2866 Chronic.

1021 2219 1041 2246 Ιὶ

1049 920 1214 948 Theodoreti
1229 919 1374 946 sententia.
1386 919 1531 946 Asserebat
1542 919 1587 946 ille
1598 919 1620 934 ⁸⁸
1633 918 1757 945 eamdem
1773 925 1834 946 esse

1048 966 1240 998 Orientalium,
1252 972 1312 1000 quae
1330 965 1459 996 Nestorii,
1475 964 1690 997 confessionem;
1709 964 1834 991 eamdem

1048 1011 1151 1046 pariter
1164 1010 1269 1046 Cyrilli,
1284 1018 1345 1037 cum
1364 1018 1414 1044 pax
1427 1009 1495 1037 inita
1503 1013 1554 1041 est,
1570 1017 1631 1044 qua:
1641 1008 1832 1041 Orientalium,

1050 1056 1130 1083 ﬁdem
1154 1063 1161 1082 :
1182 1060 1264 1090 atque
1294 1055 1331 1082 ita
1361 1055 1481 1089 jactahat
1508 1054 1648 1090 Cyrillum.
1678 1058 1744 1081 tunc
1771 1061 1834 1081 cum

1049 1101 1228 1129 Orientalium
1249 1100 1329 1128 ﬁdem
1359 1100 1504 1135 reciperet,
1528 1107 1672 1128 revocasse
1692 1109 1752 1135 quae
1771 1105 1835 1128 ante

1049 1147 1181 1174 docuerat
1197 1147 1224 1174 in
1240 1146 1385 1182 capitibus.
1399 1146 1532 1178 Addebat,
1547 1146 1636 1181 ipsum
1650 1147 1678 1174 in
1699 1147 1835 1182 capitibus

1050 1193 1124 1220 aliud
1139 1201 1279 1228 nunquam
1295 1193 1432 1225 docuisse,
1449 1200 1530 1227 quam
1546 1193 1618 1228 quod
1636 1197 1682 1220 aut
1693 1192 1835 1227 Apollina-

1050 1239 1108 1266 rius
1122 1239 1197 1271 olim,
1216 1243 1264 1266 aut
1289 1243 1355 1266 tunc
1377 1239 1524 1274 Eutyches.
1550 1239 1694 1266 Nitebatur
1709 1239 1730 1254 δ’
1751 1239 1834 1265 etiam

1050 1283 1162 1318 querela
1173 1283 1232 1310 hare
1249 1283 1387 1310 communi
1401 1283 1523 1310 omnium
1535 1283 1664 1318 opinione
1676 1283 1834 1314 scientium,

1050 1330 1184 1356 Eranisue
1213 1329 1334 1364 dialogos
1359 1329 1532 1364 imperatoris
1562 1328 1690 1355 mandato
1719 1327 1835 1355 flammis

1051 1374 1167 1401 traditos
1183 1374 1266 1401 fuisse
1277 1375 1310 1406 ",
1326 1373 1398 1408 quod
1421 1373 1513 1409 Cyrilli
1534 1377 1562 1400 et
1585 1373 1726 1408 Eutychis,
1744 1373 1834 1400 tacitis

1050 1420 1162 1455 quidem
1181 1419 1349 1451 nominibus,
1367 1419 1415 1446 sed
1433 1419 1517 1446 certis
1527 1419 1707 1453 argumentis,
1720 1425 1834 1445 consen-

1050 1465 1155 1492 sionem
1176 1464 1322 1491 ostendere
1343 1464 1526 1490 moliebantur

1086 1510 1130 1537 Vl.
1153 1510 1214 1537 Haec
1229 1517 1290 1536 cnm
1307 1509 1473 1544 importune,
1492 1516 1656 1543 quocunque.
1672 1512 1794 1542 tempore
1808 1511 1836 1534 et

1051 1563 1216 1590 quocunque
1234 1555 1296 1582 loco
1313 1555 1347 1581 ab
1358 1555 1536 1589 Eutychianis
1548 1554 1773 1585 obtruderentur,
1785 1560 1836 1579 au-

1052 1601 1145 1628 diendi
1169 1601 1368 1628 consuetudine
1393 1600 1492 1627 factum
1513 1605 1570 1631 est,
1590 1605 1629 1632 nt,
1655 1599 1728 1634 quod
1754 1597 1835 1625 tradit

1052 1646 1197 1674 Facundus
1211 1649 1244 1679 7',
1262 1647 1431 1682 populariter
1446 1645 1615 1677 crederetur,
1630 1645 1701 1672 inter
1718 1643 1836 1672 Nestorii

1052 1696 1079 1718 et
1100 1692 1232 1727 Eutychis
1255 1691 1419 1720 doctrinam.
1434 1690 1487 1717 hoc
1502 1695 1554 1722 est,
1572 1690 1643 1717 inter
1661 1689 1777 1716 duarum
1789 1696 1837 1715 na-

1052 1743 1175 1765 turarum
1193 1741 1220 1764 et
1234 1737 1314 1764 unius
1327 1735 1665 1767 confessionem,medium
1678 1734 1758 1769 213
1769 1734 1836 1760 nihil

1051 1791 1130 1815 esse;
1156 1788 1239 1817 atque
1270 1782 1306 1808 ita
1335 1782 1386 1808 hac
1416 1782 1443 1808 in
1478 1781 1655 1808 contentione
1687 1779 1838 1814 quemlibet

1052 1833 1100 1855 aut
1123 1821 1298 1855 Nestorianas
1322 1831 1414 1862 partes
1440 1826 1518 1861 sequi
1541 1826 1652 1858 debere,
1683 1824 1729 1852 aui
1752 1824 1836 1858 Euty-

1053 1874 1176 1901 ehianas.

1089 1920 1150 1947 llzec
1161 1919 1254 1954 opinio
1271 1918 1469 1946 incredibiliter
1485 1917 1592 1944 inhaesit
1605 1916 1767 1951 populorum
1780 1915 1839 1942 ani-

1054 1966 1116 1997 mis,
1140 1966 1197 1993 sive
1220 1965 1246 1992 id
1266 1964 1356 1992 ell‘ecit
1370 1972 1449 1992 error
1466 1963 1577 1995 mentis,
1589 1962 1646 1989 sive
1661 1961 1776 1988 allectus
1787 1968 1837 1987 vo-

1053 2012 1165 2039 lunlatis
1179 2020 1185 2038 :
1199 2016 1279 2046 atque
1292 2011 1354 2038 inde
1368 2010 1501 2046 originem
1516 2009 1594 2036 duxit
1604 2008 1699 2043 ingens
1714 2006 1837 2041 quaedam

1054 2059 1139 2085 totius
1161 2058 1235 2085 orbis
1255 2058 1413 2089 commotio,
1432 2064 1492 2092 quae
1515 2056 1560 2083 vix
1578 2053 1725 2090 aliquando
1746 2053 1837 2080 sedata

1054 2108 1105 2131 est.

1091 2150 1099 2159 ‘
1112 2149 1168 2176 VII.
1187 2149 1254 2175 Dum
1280 2152 1426 2183 agerentur
1452 2146 1585 2173 luctuosa:
1607 2145 1669 2175 illae.
1688 2151 1757 2179 quas
1775 2151 1838 2178 per-

1055 2195 1227 2226 strinximus,
1248 2193 1396 2228 tragoedia,
1413 2197 1441 2218 et
1460 2190 1638 2218 occidentalis
1655 2190 1767 2224 insuper
1787 2189 1837 2215 Ec-

1055 2240 1138 2267 clesia
1155 2239 1315 2266 orientalem
1327 2238 1426 2266 Aeacio
1440 2237 1575 2264 addictam
1589 2235 1780 2263 communione
1792 2241 1840 2261 sua

1055 2286 1216 2316 abstineret,
1231 2290 1278 2311 aut
1298 2291 1352 2310 non
1370 2282 1536 2310 audiebatur
1547 2279 1712 2308 Theodoreti
1729 2287 1839 2310 nomen,

1055 2340 1111 2366 pra:
1127 2331 1202 2358 orbis
1219 2330 1337 2357 tumultu
1353 2338 1360 2362 ;
1375 2334 1422 2356 aut
1439 2329 1460 2356 si
1479 2327 1652 2357 audiebatur,
1665 2325 1738 2361 quod
1751 2325 1840 2352 credi-

1055 2377 1147 2408 bilius,
1170 2375 1235 2410 quid
1257 2383 1290 2402 eo
1319 2375 1415 2406 ﬁeret,
1442 2372 1582 2401 memoriae
1605 2378 1686 2398 nemo
1705 2369 1840 2397 tradidit:

1055 2422 1154 2458 conjici
1179 2426 1268 2448 tamen
1290 2426 1431 2455 utcunque
1457 2423 1547 2455 potest
1558 2427 1592 2446 ex
1609 2422 1732 2446 veterum
1746 2423 1844 2443 monu-

1056 2467 1166 2498 mentis,
1192 2475 1253 2502 qute
1279 2471 1439 2501 supersunt,
1461 2471 1489 2493 et
1509 2464 1617 2492 duobus
1638 2462 1790 2498 pratsertim
1809 2469 1844 2488 cx

1056 2512 1192 2543 conciliis,
1222 2512 1294 2547 quod
1329 2517 1476 2546 utrumque
1497 2509 1657 2537 Anastasius
1684 2508 1841 2542 imperator.

1056 2558 1155 2592 partim
1169 2558 1416 2592 Constantinopoli,
1433 2557 1531 2592 partim
1548 2555 1649 2582 Sidone
1661 2553 1688 2580 in
1702 2551 1842 2580 Palaestina

1056 2603 1179 2637 coegisse
1197 2602 1299 2629 dicitur
1312 2612 1318 2629 :
1331 2603 1444 2630 alterius
1459 2602 1551 2628 Victor
1570 2599 1754 2630 Tnuonensis,
1777 2598 1844 2624 alte-

1056 2648 1114 2674 rius
1123 2648 1254 2682 Evagrius
1269 2648 1404 2677 meminit.

1092 2693 1130 2719 Dc
1156 2693 1248 2727 priore
1278 2693 1313 2720 ita
1337 2688 1461 2719 Victor"
1479 2701 1485 2719 :
1502 2701 1511 2716 ‹
1529 2684 1618 2718 dibbo
1634 2691 1666 2717 ι’.
1685 2689 1714 2717 C.
1733 2688 1844 2717 consule

1394 2806 1415 2821 ⁷⁰
1433 2806 1500 2833 Vide
1514 2813 1606 2840 supra,
1624 2813 1640 2840 p
1670 2804 1730 2833 ιδι.
1754 2805 1791 2832 .«⁷¹
1814 2803 1842 2832 In
