1969 3052
128 109 174 143 165

127 170 144 196 A
153 169 282 196 iastasius
313 168 472 204 imperator,

128 215 274 242 Philoxeno
301 214 507 248 llierapolitano
539 214 721 248 prarsulibus,
755 213 913 241 Constanti-

127 260 244 295 nopolim
283 260 418 296 synodum
460 265 621 295 congregat,
658 265 686 287 et
719 264 815 287 contra
851 260 914 286 Dio-

127 308 222 334 dorum
260 307 434 338 Tarsensem,
466 307 643 334 Theodorum
680 306 912 341 Mopsuestenum,

127 361 185 381 cum
210 353 330 387 scriptis,
366 353 565 380 Theodoritum
601 353 675 388 Cyri,
717 353 791 380 Ibam
828 353 913 380 Edes-

127 407 230 431 scnum.
248 399 397 429 Andream.
413 399 586 431 Eutherium,
596 399 697 435 Cyrum
725 404 753 426 et
779 399 912 426 Joannem

126 445 282 479 episcopos,
305 448 473 478 ueteresque
494 444 572 476 alios,
590 445 636 479 qui
670 445 697 471 in
721 444 831 471 Christo
845 444 914 472 duas

127 490 310 524 praedicabant
345 494 468 521 naturas,
495 490 618 525 duasque
651 490 768 522 formas,
798 496 827 518 et
865 491 912 526 qui

127 544 177 563 non
213 536 411 563 confiterentur
446 544 531 563 unum
570 536 605 563 de
647 536 781 564 Trinitate
824 537 914 564 cruci-

127 583 219 614 fixum,
238 590 291 609 una
309 589 371 608 cum
398 582 488 608 Leone
510 582 640 616 episeopo
663 582 797 613 Romano,
812 587 840 609 et
854 584 914 617 ejus

126 633 214 660 tomo,
233 632 316 663 atque
343 626 561 655 Chalcedonensi
590 629 693 655 svnodo
723 628 822 655 inferre
846 636 913 655 ana-

126 675 215 702 thema
233 673 379 709 persuasit.
400 683 408 698 ι
587 699 598 710 ’

159 720 197 746 Ex
221 719 275 746 illis
302 723 364 746 octo
389 717 527 753 episcopis
555 717 660 752 priores
683 726 729 745 Sex
756 718 812 745 noti
838 722 912 751 sunt,

126 765 292 800 posteriores
305 765 361 792 duo
382 765 481 799 partim
500 773 533 791 ex
548 765 715 792 Theodoreti
733 764 856 799 epistolis
870 764 913 791 in-

126 816 279 843 notescunt,
296 812 394 846 partim
411 819 445 839 ex
464 811 533 838 actis
553 811 663 838 concilii
682 811 828 846 Ephesini;
850 818 912 838 nam

715 111 895 141 HISTORIA
916 111 1172 142 TIIEODURETI.

514 168 642 195 Flariano
677 168 849 195 Antiocheno
889 172 916 194 et
932 171 952 198 Α
969 168 1102 203 integrala
1123 169 1257 204 pravitate
1274 170 1434 197 Anastasius
1455 169 1581 197 infamem
1598 174 1623 197 et
1639 170 1758 198 irriden-

1709 114 1759 147 {66

968 215 1029 241 dam
1045 215 1179 250 synodum
1193 215 1265 250 apud
1280 215 1408 242 Sidonem
1422 216 1572 247 civitatem,
1589 224 1655 242 uxx
1673 216 1758 243 ferme

968 259 1136 294 perfidorum
1157 261 1293 295 episcopis
1317 261 1496 296 congregatis,
1512 261 1644 288 adversus
1662 261 1759 289 ortho-

967 306 1101 332 doxorum
1119 306 1262 341 episcopos
1288 307 1345 333 fieri
1369 307 1522 342 imperavit.
1546 307 1688 335 Flavianus
1705 308 1760 335 An-

969 351 1076 378 tiochize
1098 352 1250 380 catholicus
1271 353 1441 388 patriarcha,
1463 359 1490 381 et
1510 354 1629 382 Joannes
1652 355 1759 382 Pallen-

967 397 1038 424 sium
1052 399 1146 433 oppidi
1163 399 1294 434 ponlifex,
1312 400 1440 434 quoniam
1461 401 1534 428 hunc
1553 406 1655 428 coetum
1671 402 1758 428 sacri-

966 443 1057 478 legum
1070 444 1241 478 refellcrunt,
1258 446 1284 472 in
1298 447 1449 478 castellum,
1465 447 1537 482 quod
1552 447 1632 475 Petra
1646 448 1756 480 dicitur,

967 490 1076 518 exsules
1092 491 1168 518 missi
1183 497 1256 519 sunt.
1273 492 1312 519 ibi
1328 492 1471 520 Flavianus
1487 494 1627 521 confessor
1642 493 1757 525 Christi,

967 535 995 562 in
1017 536 1132 564 Domino
1146 538 1281 572 requievit
1297 547 1302 564 ε
1319 538 1451 566 Joannem
1469 539 1593 566 Justinus
1608 539 1756 575 Augustus.

967 588 1030 608 mox
1050 581 1199 616 imperator
1215 582 1312 615 factus,
1331 584 1479 611 revocavit.
1500 593 1508 608 ι

1003 627 1104 654 Verum
1123 628 1259 656 Palmstini
1283 630 1409 656 monachi
1432 630 1458 656 in
1478 630 1577 657 litteris
1597 630 1629 657 ad
1648 630 1759 666 Alcyso-

968 681 1030 700 nem
1046 682 1103 701 rem
1119 675 1282 710 explicatius
1297 681 1411 704 narrant
1427 686 1432 703 :
1451 677 1473 704 si
1489 681 1589 708 tamen.
1602 682 1632 703 ut
1646 677 1759 711 quibus-

967 716 1030 744 dam
1046 718 1165 750 videtur,
1185 727 1218 746 eo
1239 721 1387 754 pertinent,
1406 729 1466 756 qua!
1482 721 1516 748 de
1529 721 1632 749 Xenaia
1653 726 1682 749 et
1698 722 1759 750 Fla-

968 763 1048 791 viano
1068 765 1239 793 Antioehcno
1256 767 1386 802 episeopo
1394 767 1527 796 referunt.
1546 778 1554 793 ε
1574 768 1703 801 Xenaias,
1719 769 1760 796 in-

968 810 1068 844 quiunt
1083 811 1116 844 7‘,
1135 812 1228 839 nescio
1253 820 1307 847 quo
1331 813 1457 845 consilio,
1477 822 1529 841 nec
1550 822 1603 848 qua
1625 814 1658 841 de
1679 821 1760 842 causa

125 859 152 886 in
168 859 237 886 actis
248 857 336 894 Cyrus
346 858 449 885 dicitur
461 857 702 893 Marcopolitanus,
715 858 834 885 Joannes
847 857 916 886 Ger—
932 852 952 879 Β
967 861 1109 892 susceptas
1121 858 1254 885 adversus
1272 859 1431 886 Flavianum
1448 860 1604 887 inimicitias
1617 868 1758 890 exercens.

125 905 302 933 manieiensis
323 905 479 939 episcOpus.
493 904 535 931 Ad
557 908 704 939 utrumque
726 904 916 932 Theodoretus

123 952 255 988 epistolas
277 951 358 984 fecit;
384 950 418 978 ad
441 950 543 986 Cyrum
569 949 705 977 decimam
734 949 858 982 tertiam,
882 949 915 976 ad

123 999 256 1026 Joannem
272 997 452 1025 centesimam
472 996 631 1023 vicesimam
651 995 786 1030 quintam,
802 1000 829 1022 et
852 1003 917 1022 cen-

125 1043 249 1070 tesimam
266 1042 425 1070 vicesimam
442 1045 578 1076 quartam.

159 1088 219 1115 Erit
235 1087 361 1119 fortasse,
377 1086 424 1121 qui
439 1090 549 1113 moneat
566 1092 619 1111 non
635 1092 695 1112 esse
710 1085 769 1111 sine
784 1085 915 1111 observa-

125 1134 198 1161 tione
214 1131 447 1168 praetereundum,
468 1130 542 1165 quod
561 1130 595 1157 de
613 1130 723 1157 Andrea
738 1134 766 1156 et
783 1129 916 1156 Eutherio

123 1179 255 1206 scribitur
268 1187 274 1205 :
289 1178 352 1205 inde
368 1177 443 1205 enim
456 1176 545 1203 lucem
562 1176 687 1211 accipere
701 1175 773 1210 quod
789 1175 914 1207 traditur.

124 1230 181 1252 tum
196 1233 212 1252 a
228 1224 396 1260 Theophane
413 1224 441 1251 in
460 1223 698 1259 Chronographia,
713 1223 849 1250 Andream
868 1223 916 1250 Sa-

122 1275 297 1299 mosatenum
318 1279 334 1298 a
356 1271 486 1298 Dioscoro
505 1269 605 1305 Ephesi
625 1269 779 1303 depositum
803 1278 809 1294 :
826 1273 883 1295 tum
900 1276 914 1295 a

122 1317 266 1345 monachis
288 1316 439 1344 Palestina:
458 1316 485 1343 in
509 1315 631 1350 Epistula
650 1314 684 1341 ad
703 1314 865 1349 Alcysonem
881 1314 915 1341 de

122 1371 238 1391 numero
258 1363 462 1397 episcoporum,
478 1369 547 1396 quos
563 1360 726 1396 Eutychiani
742 1359 915 1387 anathemate

120 1417 270 1444 percussos
285 1409 398 1436 vellent.
413 1408 514 1435 Verum
532 1407 636 1434 fallitur
655 1406 749 1433 Victor
763 1412 839 1432 more
853 1412 914 1436 suo,

121 1464 174 1484 nec
199 1455 381 1490 Theophanes
405 1453 562 1481 audiendus
584 1457 640 1485 est,
667 1452 787 1486 fidesque
811 1456 914 1479 temere

120 1501 266 1528 monachis
279 1500 436 1527 adhibenda
449 1508 456 1525 :
470 1507 521 1526 nec
539 1499 612 1526 enim
627 1503 675 1524 aut
690 1498 736 1524 ille
752 1501 800 1524 aut
813 1497 858 1524 isti
871 1505 915 1524 sa-

967 906 1099 936 pradextu
1118 906 1206 930 tamen
1221 904 1293 935 fidei,
1310 908 1339 930 ut
1354 904 1477 939 plerique
1491 909 1613 936 narrant,
1628 905 1760 932 adversus

967 955 1030 975 eum
1055 950 1236 981 comnmveri,
1266 958 1385 985 eumque
1411 945 1539 985 tauquam
1566 952 1758 979 Nestorianum

965 993 1127 1020 calumniari
1152 995 1245 1029 cmpit.
1263 995 1317 1022 Sed
1340 1003 1402 1023 cum
1428 996 1472 1023 ille
1493 996 1649 1024 Nestorium
1667 998 1759 1030 simul,

966 1039 1081 1073 ejusque
1097 1041 1255 1074 opinionem
1270 1049 1321 1068 suo
1334 1042 1507 1070 anathemate
1527 1043 1693 1076 damnasset,
1707 1044 1760 1071 Xe-

967 1084 1044 1111 nains
1060 1085 1155 1112 relicto
1168 1086 1294 1113 Nestorio
1306 1087 1339 1114 ad
1354 1087 1501 1115 Diodorum
1518 1093 1703 1124 tranSgressus
1711 1097 1761 1119 est.

966 1134 993 1156 et
1007 1130 1040 1156 ad
1054 1130 1229 1158 Theodorum
1247 1137 1275 1159 et
1288 1132 1497 1165 Theodoritum,
1512 1134 1585 1162 Ibam
1601 1142 1633 1162 ac
1646 1135 1758 1171 Cyrum,

966 1180 995 1202 et
1015 1175 1176 1203 Eutherium
1202 1186 1234 1205 ac
1258 1178 1402 1210 Joannem.
1421 1179 1544 1215 aliosque
1565 1181 1659 1208 nescio
1677 1189 1757 1216 quos,

966 1227 1018 1247 nec
1048 1221 1121 1248 unde
1150 1222 1297 1254 collectos,
1323 1231 1356 1250 ex
1384 1224 1485 1259 quibus
1510 1225 1620 1259 quidam
1640 1225 1758 1254 Nestorii

967 1266 1065 1302 dogma
1088 1275 1182 1294 revera
1205 1269 1291 1295 secuti
1312 1269 1430 1301 fuerant,
1443 1270 1553 1305 quidam
1572 1279 1638 1299 vero
1653 1279 1714 1299 cum
1731 1273 1759 1301 in

966 1312 1150 1346 suspicionem
1170 1314 1230 1348 ejus
1245 1314 1283 1341 rei
1300 1316 1449 1347 venissent,
1466 1321 1559 1351 postea
1574 1317 1646 1346 idem
1660 1318 1759 1354 dogma

965 1364 1016 1384 suo
1033 1358 1207 1386 anathemate
1224 1359 1430 1392 damnaverant,
1446 1365 1473 1387 et
1489 1361 1516 1388 iu
1537 1362 1664 1390 Ecclesia:
1684 1371 1761 1390 com-

966 1403 1097 1430 munione
1118 1409 1270 1431 extremum
1290 1405 1363 1432 diem
1385 1406 1550 1434 clauserant.
1574 1407 1636 1439 Hos.
1658 1409 1758 1444 inquit,

966 1456 1055 1476 omnes
1078 1449 1230 1477 Nestoriuni
1254 1451 1384 1486 dogmatis
1411 1457 1554 1480 assertores
1575 1455 1625 1481 nisi
1649 1457 1760 1482 anathe-

966 1496 1144 1528 matizaveris,
1150 1496 1324 1524 Nestorianus
1331 1506 1366 1529 rs,
1376 1499 1433 1524 licet
1442 1499 1534 1525 millies
1542 1500 1690 1528 Nestorium
1699 1511 1757 1529 cum

121 1547 157 1574 tis
172 1547 316 1574 historiam
334 1549 471 1573 noverunt
490 1544 644 1575 hominum,
660 1551 730 1578 quos
741 1547 912 1570 memorant:
929 1533 950 1562 Ο
966 1541 1087 1568 doctrina
1107 1543 1188 1577 ipsius
1206 1543 1423 1570 attat/muatizcs.
1436 1545 1552 1580 Scriptis
1568 1547 1574 1555 '
1588 1547 1670 1573 etiam
1686 1547 1759 1575 litte-

119 1600 220 1628 nempe
233 1596 297 1620 ante
309 1592 444 1627 synodum
462 1590 650 1617 latrocinalem
662 1589 717 1616 vita
728 1593 913 1620 excesserant,

119 1644 168 1667 aut
189 1644 264 1666 certe
284 1638 443 1673 episcopatu
464 1636 588 1664 Andreas
607 1640 636 1663 et
653 1635 802 1662 Eutherius
823 1644 829 1661 :
851 1642 914 1661 nam

119 1684 252 1712 Ruaicus
270 1683 387 1711 Δηὼ-θέε
410 1690 553 1710 successor
573 1681 645 1708 inter
667 1680 811 1715 episcopos
831 1680 916 1707 latro-

117 1730 187 1758 cinii
210 1734 337 1757 censetur
354 1729 446 1760 ",-et
471 1727 581 1755 Patricii
611 1726 766 1762 Tyanorum
791 1726 915 1760 praesulis

117 1775 196 1803 vices
210 1775 239 1802 in
255 1775 353 1802 eodem
370 1773 516 1801 latrocinio
531 1772 614 1808 214
628 1771 783 1807 Anthymus
800 1772 914 1807 presby-

119 1827 163 1850 ter
179 1822 272 1856 gessit.
296 1820 362 1847 Inde
382 1819 486 1854 pariter
508 1818 703 1850 emendantur,
719 1818 766 1852 qui
790 1825 838 1853 pro
858 1818 914 1845 Eu-

107 1867 212 1894 therio
226 1865 394 1893 Eucherium
415 1869 461 1892 aut
481 1863 671 1892 Eleutherium
681 1883 688 1896 ,
701 1871 752 1898 pro
763 1863 833 1898 Cyro
847 1863 914 1896 Qui-

116 1920 180 1940 rum
195 1916 243 1939 aut
253 1911 386 1947 Cyrillum
397 1911 502 1946 legunt.

168 1957 226 1985 Cur
254 1961 346 1985 autem
383 1957 502 1984 Diodoro
531 1956 694 1984 Theodorus
719 1958 912 1992 conjungatur,

115 2003 266 2031 Theodoro
289 2002 481 2030 Theodoretus
503 2005 531 2030 et
557 2002 635 2034 lbas,
662 2002 772 2037 utrique
790 2002 914 2029 Andreas

113 2055 146 2078 et
161 2049 322 2082 Eutherius,
340 2049 470 2076 omnibus
485 2048 573 2084 Cyrus
590 2053 618 2076 et
638 2049 767 2081 Joannes,
785 2056 867 2076 causa
885 2049 913 2076 in

114 2099 248 2130 promptu
268 2099 310 2122 est
332 2103 338 2120 :
361 2102 424 2121 nam
451 2094 586 2121 Diodorus
612 2094 786 2121 Theodorum
807 2094 911 2125 docuit,

114 2144 268 2174 utrumque
290 2139 480 2166 Theodoretus
502 2143 530 2166 et
555 2139 616 2166 lbas
642 2139 839 2172 defenderunt,
858 2139 912 2166 An-

112 2186 199 2213 dreas
224 2189 253 2212 et
283 2185 432 2213 Eutherius
461 2185 593 2212 adversus
618 2185 750 2220 Cyrillum
776 2185 911 2212 virulenta

111 2231 219 2266 scripta
244 2230 400 2258 ediderunt.
426 2230 514 2266 Cyrus
540 2235 568 2258 et
595 2231 715 2259 Joannes
745 2231 911 2258 Theodoreti

110 2281 210 2312 partes
243 2276 377 2304 acerrime
405 2284 592 2312 propngnasse
621 2277 802 2311 perhibentur
828 2276 910 2303 :imo

109 2322 257 2351 societatis
276 2329 339 2350 cum
361 2322 488 2350 Nestorio
511 2322 669 2357 suspicione
691 2323 811 2350 Joannes
832 2322 910 2349 labo-

109 2368 204 2400 ravit,
228 2375 344 2403 eamque
368 2367 404 2395 ob
424 2376 482 2395 rem
501 2367 529 2394 in
555 2368 674 2395 concilio
692 2367 909 2395 Chalcedonensi

105 2415 209 2450 jussus
225 2418 267 2441 est
279 2413 407 2441 Nestorio
422 2414 567 2441 anathema
579 2413 671 2441 dicere
685 2413 718 2440 ⁷⁵.

148 2459 221 2488 VIII.
239 2459 277 2487 De
296 2459 383 2486 altero
400 2459 517 2487 concilio
537 2464 585 2487 aut
600 2459 744 2486 latrocinio
760 2459 862 2494 potius,
881 2459 909 2486 in

104 2512 170 2541 quo
197 2504 366 2532 mentionem
398 2504 566 2532 Theodoreti
597 2504 697 2532 factam
730 2504 908 2539 scripsimus,

103 2549 245 2586 quodque
270 2554 395 2577 eoactum
422 2550 539 2585 legimus
563 2550 597 2577 ab
625 2550 784 2581 Anastasio,
807 2549 909 2577 Sidone

103 2596 138 2623 in
162 2594 307 2622 Palaestina
327 2601 400 2622 anno
416 2594 519 2622 Christi
535 2594 598 2626 512,
611 2594 747 2622 Anastasii
761 2594 806 2627 22,
823 2594 909 2621 Paulo

102 2643 136 2667 et
149 2638 281 2667 Muciano
290 2646 374 2672 coss,
391 2640 449 2667 haec
463 2639 547 2667 tradit
560 2639 732 2667 Marcellinus
746 2639 767 2654 ⁷³
783 2648 790 2666 :
811 2649 820 2664 ‹
837 2639 909 2666 Hed-

967 1586 1006 1614 ris
1017 1586 1049 1613 ad
1063 1587 1184 1614 fautores
1197 1588 1319 1615 Dioscori
1337 1593 1363 1615 et
1381 1589 1521 1625 Eutychis.
1538 1598 1585 1617 eos
1600 1593 1756 1623 concitavit,

966 1632 1084 1660 suadens
1104 1633 1155 1664 eis,
1176 1638 1206 1660 ut
1227 1634 1278 1660 sibi
1300 1634 1431 1661 adversus
1451 1635 1609 1663 Flavianum
1630 1637 1760 1672 prmsidio

965 1682 1069 1709 essent,
1088 1678 1168 1713 215
1193 1680 1389 1715 exigerentque
1410 1681 1444 1707 ab
1462 1689 1506 1711 eo,
1525 1690 1579 1709 non
1600 1683 1710 1717 quidem
1729 1690 1759 1711 ut

966 1721 1052 1756 ipsam
1067 1723 1212 1758 synodum,
1224 1723 1271 1750 sed
1288 1729 1318 1751 ut
1333 1733 1378 1752 eas
1392 1725 1521 1754 duntaxat
1536 1721 1678 1762 personas.
1690 1737 1759 1764 quas

965 1776 1048 1803 supra
1058 1769 1206 1801 nominavi,
1222 1771 1394 1798 anathemate
1407 1771 1551 1800 damnaret
1563 1782 1569 1800 :
1581 1775 1682 1809 quibus
1693 1784 1757 1803 cum

966 1815 1110 1842 Flavianus
1123 1816 1268 1850 episcopus
1279 1817 1325 1844 diu
1337 1818 1509 1853 multumque
1526 1821 1681 1852 restitisset,
1699 1822 1759 1849 alii-

965 1868 1018 1895 que
1032 1869 1128 1888 rursus
1145 1870 1206 1888 cum
1226 1862 1328 1889 Xenaia
1348 1863 1479 1891 adversus
1496 1864 1570 1891 illum
1592 1865 1757 1894 insurrexis-

965 1911 1042 1939 sent,
1066 1907 1213 1934 Eleusinus
1240 1908 1345 1935 scilicet
1377 1909 1487 1943 quidam
1513 1909 1692 1945 Cappadociae
1715 1920 1758 1939 sc—

965 1952 1062 1979 eundze
1076 1953 1232 1987 episcopus,
1245 1953 1337 1980 Nicias
1348 1952 1489 1981 Laodiceze
1502 1962 1561 1988 qum
1572 1960 1615 1982 est
1626 1955 1653 1982 in
1667 1956 1754 1992 Syria.

965 2003 992 2026 et
1006 2006 1037 2025 ex
1054 1999 1115 2026 aliis
1130 1999 1198 2026 locis
1215 2000 1272 2032 alii,
1291 2008 1408 2034 quorum
1428 2000 1484 2027 odii
1502 2000 1634 2028 adversus
1652 2002 1757 2030 Flavia-

964 2053 1029 2072 num
1044 2053 1169 2080 qumnam
1181 2053 1269 2072 causae
1284 2046 1396 2078 fuerint,
1409 2046 1482 2073 haud
1500 2052 1623 2075 nostrum
1638 2052 1689 2081 est,
1707 2049 1755 2076 sed

964 2091 1079 2118 aliorum
1097 2099 1254 2126 exponere:
1275 2092 1383 2119 tandem
1406 2092 1467 2120 illos
1483 2093 1535 2120 hoc
1555 2093 1627 2120 facto
1646 2094 1755 2128 quietu-

965 2146 1010 2164 ros
1027 2138 1186 2169 arbitratus,
1201 2138 1285 2165 cessit
1305 2139 1413 2166 illorum
1432 2140 1618 2172 contentioni;
1637 2148 1754 2174 eumque

964 2183 1136 2218 supradictas
1147 2191 1278 2218 personas
1288 2185 1390 2218 scripto
1401 2184 1667 2217 anathematizasset,
1677 2185 1755 2212 libel-

964 2228 1021 2255 lum
1037 2236 1116 2255 suum
1131 2228 1165 2255 ad
1182 2228 1374 2262 imperatorem
1389 2229 1463 2256 misit
1477 2238 1482 2254 :
1497 2237 1558 2256 nam
1575 2233 1602 2256 et
1619 2230 1692 2257 hunc
1708 2231 1752 2258 ad-

965 2282 1061 2301 versus
1085 2274 1262 2306 Flavianum,
1289 2279 1416 2309 tanquam
1440 2275 1595 2302 Nestoriani
1620 2276 1755 2311 dogmatis

964 2325 1205 2355 propugnatorem,
1226 2325 1440 2347 commoverant.
1466 2321 1518 2348 Sed
1543 2329 1631 2356 neque
1651 2322 1702 2349 hac
1724 2330 1754 2348 re

963 2371 1109 2394 contentus
1126 2366 1243 2393 chaias
1264 2366 1354 2401 Exegit
1377 2366 1476 2393 iterum
1493 2375 1508 2394 a
1529 2367 1668 2400 Flaviano,
1683 2372 1711 2395 ut
1727 2373 1755 2395 ct

962 2411 1095 2447 synodum
1111 2411 1207 2446 ipsam,
1222 2415 1249 2438 et
1267 2419 1314 2437 eos
1331 2410 1378 2446 qui
1395 2410 1463 2438 duas
1477 2415 1588 2439 naturas
1602 2412 1629 2439 in
1643 2411 1754 2439 Christo

963 2457 1196 2492 pragdicavcrant,
1225 2457 1337 2484 alteram
1364 2457 1471 2489 carnis,
1496 2458 1608 2484 alteram
1633 2457 1753 2490 deitatis,

963 2504 1129 2531 anathemati
1144 2503 1300 2538 subjiceret.
1316 2513 1325 2528 ι

998 2549 1043 2576 IX.
1059 2548 1133 2584 Opus
1143 2548 1195 2576 fuit
1209 2553 1262 2575 tam
1275 2548 1381 2583 prolixo
1395 2547 1562 2580 testimonio,
1580 2547 1678 2583 partim
1690 2549 1755 2584 quia

963 2595 1106 2622 historiam
1115 2595 1227 2630 exponit
1238 2594 1348 2622 aliunde
1357 2594 1513 2627 obscuram,
1523 2595 1622 2630 partim
1629 2595 1662 2623 ad
1674 2596 1755 2624 intel-

962 2641 1113 2676 ligendum,
1125 2649 1178 2676 qua
1195 2641 1238 2668 via
1252 2641 1371 2668 solerent
1383 2641 1558 2677 Eutychiani,
1572 2648 1643 2677 quos
1666 2642 1756 2671 abdu-

788 2722 946 2751 SCHULZII
966 2721 1080 2749 NOT/E.

144 2789 171 2805 ’³
187 2787 250 2815 Vid.
267 2787 328 2816 Act.
340 2796 418 2817 conc.
436 2788 567 2816 Chalced.

94 2832 173 2860 cap.
197 2823 245 2851 '54.

607 2788 627 2804 ⁷⁵
641 2788 702 2816 Vid.
718 2788 782 2816 Acta
801 2797 880 2817 conc.
896 2789 1027 2816 Chalced.
1043 2794 1096 2817 aet.
1113 2790 1138 2817 8.

1179 2791 1200 2805 ⁷⁵
1214 2790 1242 2817 In
1260 2790 1382 2817 Chronic.
1423 2791 1444 2806 ⁷⁶
1458 2791 1627 2827 Vid.Eva3r.
1647 2790 1696 2819 lib.
1714 2799 1753 2821 in.
