1969 3052
188 118 241 150 ibi

778 123 804 152 Η
810 123 959 154 [ΞΤΟΒΙΛ
977 125 1221 159 THEODORETI
1226 153 1232 160 .

1764 132 1815 164 170

152 175 160 204 ‘t
187 178 340 208 Antiochia
352 184 438 216 gesta,
453 179 554 207 auditis
568 179 702 207 militibus
712 179 746 206 de
761 178 843 207 tertio
861 187 975 206 numero
990 182 1013 211 Α
1026 185 1149 215 consule,
1163 185 1197 212 ad
1219 185 1341 214 Orientis
1355 186 1512 222 pmfectmn
1531 187 1617 215 Sacra
1634 187 1813 216 scriberetun

187 225 439 259 Stabilisianorum,
461 227 508 261 qui
535 225 599 262 Cyri
621 225 746 258 aderant,
760 225 826 252 dum
850 229 977 260 ageretur

187 272 296 306 fabula;
310 273 415 308 perlata
445 278 509 300 sunt.
532 273 560 300 in
583 273 680 300 urbem
707 273 808 308 regiam
823 275 851 299 et
877 271 936 299 haec
950 277 978 298 et

189 318 234 345 illa
251 327 257 344 :
275 318 386 346 additur
398 319 586 353 Euphratesiz
602 318 750 354 provincia:
773 317 976 352 episcoporum,

189 365 329 400 ipsiusque
338 364 426 400 Sergii
437 365 558 397 libellus,
569 372 624 399 quo
635 364 776 392 Nestorius
790 363 976 394 damnaretur,

188 415 217 437 et
231 414 350 445 quatuor
359 410 541 438 conciliorum
556 409 624 437 ﬁdes
638 410 812 444 probaretur.

224 456 255 483 V.
271 455 405 483 Perlectis
420 456 559 488 omnibus,
577 455 727 490 imperator
741 453 872 489 praefecto
881 452 979 480 Orien-

190 501 226 529 tis
241 501 288 529 dat
303 501 460 536 inquirendi
480 501 649 533 mandatum,
663 503 691 527 et
706 499 773 526 illud
791 498 903 533 quidem
916 505 979 525 ver-

189 548 243 580 bis,
261 553 291 575 ut
307 555 356 582 par
372 551 441 578 erat,
455 547 518 574 ﬁdei
535 547 627 574 studio
640 545 760 573 incensis
776 545 808 570 ⁷⁸.
831 553 839 569 ε
856 543 896 571 Nc
912 542 980 570 emi-

190 594 284 621 nentia
296 598 342 620 tua
361 598 483 620 nostram
502 592 693 620 tantummodo
708 592 803 618 timeat
814 589 980 624 indignatio-

190 647 264 671 nem,
285 639 334 667 sed
350 639 433 666 etiam
456 638 505 665 Dei
529 638 616 670 iram;
632 645 688 665 non
701 637 774 672 piget
795 643 847 663 nos
865 638 894 662 et
905 635 980 669 jura-

191 689 313 712 mentum
328 684 353 712 ei
377 684 519 719 imponere
540 683 568 711 in
587 683 697 711 nomine
713 682 821 710 Domini
840 684 868 708 et
888 679 981 706 Salva-

192 730 260 758 toris
271 729 375 758 Christi
389 729 438 756 Dei
455 728 552 761 nostri,
566 728 602 756 ad
616 736 698 763 quem
709 727 773 754 talia
786 725 934 762 pertinent,
951 727 981 749 ut

192 777 278 811 ipsam
290 776 434 803 veritatem
451 775 573 810 undique
589 774 732 809 requiras:
750 777 778 801 et
791 772 928 808 siquidem
940 771 981 797 in-

192 823 337 850 veniantur
356 822 458 849 milites
472 830 520 857 per
533 822 624 848 omnia
637 821 703 848 falsa
724 819 835 851 dixisse,
849 823 876 846 et
890 822 980 851 neque

191 876 242 903 pro
264 867 394 902 imagine,
410 875 500 902 neque
525 874 574 902 pro
597 865 758 894 collectione
781 871 845 892 vera
864 863 975 893 dixisse,

191 919 246 938 non
265 916 370 939 tantum
383 919 432 943 ea,
447 918 508 945 qua:
527 910 554 937 in
572 910 730 937 Nestorium
745 909 912 940 referuntur,
929 909 976 936 sed

191 957 275 985 etiam
290 957 346 989 illa,
362 965 423 991 qua;
435 957 462 983 in
474 955 680 983 Theodoretum
694 959 721 982 et
745 955 921 982 Theodorum
946 963 977 982 ac

191 1001 352 1034 Diodorum,
372 1009 435 1029 mox
458 1001 609 1028 fortissimo
628 1008 744 1029 numero
766 1001 922 1036 ejiciantur,
949 1000 978 1026 in

191 1055 247 1082 quo
261 1048 380 1075 militare
400 1051 561 1078 noscuntur,
573 1050 601 1074 et
624 1046 753 1073 omnibus
768 1046 912 1073 tormentis
932 1052 979 1072 eo-

193 1101 253 1120 rum
265 1100 380 1128 corpora
395 1093 564 1120 crucientur.
579 1092 607 1119 Si
622 1096 713 1119 autem
725 1091 870 1118 veritatem
882 1091 910 1118 in
921 1091 980 1118 suis

193 1137 413 1172 depositionibus
430 1137 561 1169 dixerint,
581 1137 639 1164 sive
651 1144 701 1171 pro
715 1136 842 1171 imagine,
855 1136 912 1164 sive
929 1144 978 1171 pro

191 1183 354 1211 collectione
368 1183 412 1211 vel
427 1183 558 1215 Nestorii,
573 1183 617 1210 vel
631 1183 749 1210 aliorutn
760 1182 853 1214 trium,
870 1182 903 1209 de
922 1189 980 1209 om-

191 1228 274 1256 nibus
290 1228 371 1256 nobis
392 1235 517 1263 suggere,
536 1232 566 1254 ut
584 1235 751 1262 cognoscere
764 1227 900 1262 possimus
921 1234 979 1258 eos,

192 1274 241 1309 qui
257 1274 284 1301 in
311 1281 404 1302 veram
418 1279 445 1301 ct
465 1274 677 1305 immaculatum,
691 1281 773 1308 quant
789 1278 817 1300 et
839 1281 889 1300 nos
912 1273 980 1300 coli-

193 1327 265 1350 mus,
294 1319 375 1346 tidem
398 1322 591 1354 peccaverunt.
613 1318 653 1344 Ne
671 1318 737 1352 quid
762 1323 853 1345 autem
876 1325 908 1344 ex
926 1317 980 1349 liis,

193 1373 254 1400 qua:
264 1372 279 1392 ις
293 1365 373 1392 nobis
388 1364 457 1391 lecta
478 1367 552 1395 sunt,
567 1367 641 1390 tuam
659 1363 877 1398 magnitudinem
899 1363 983 1398 218

193 1409 294 1441 lateat,
313 1408 446 1444 jussimus
463 1408 559 1436 eadem
577 1412 668 1444 gesta,
687 1415 749 1443 quae
771 1407 835 1443 Cyri
858 1407 982 1435 confecta

194 1459 269 1486 sunt,
288 1459 316 1481 ct
336 1453 370 1481 ad
393 1461 444 1481 nos
464 1454 564 1484 relata,
579 1461 630 1480 nec
644 1461 698 1481 non
722 1453 855 1488 rescripta
874 1460 980 1484 eorutn,

194 1507 255 1535 quae
273 1499 425 1527 Antiochiae
447 1500 571 1527 confecta
600 1503 675 1531 sunt,
693 1499 743 1526 tibi
766 1498 926 1530 transmitti,
953 1503 983 1526 ut

195 1550 256 1581 post
275 1545 398 1574 confecta
421 1546 523 1576 omnia.
539 1553 600 1580 qua:
620 1545 763 1580 iussimus,
785 1545 886 1572 iterum
902 1544 983 1571 nobis

197 1590 374 1617 remittantur
389 1590 459 1625 ipsa,
474 1598 536 1624 qua:
554 1590 583 1616 in
605 1589 675 1624 Cyro
687 1589 812 1616 confecta
831 1593 896 1616 sunt
912 1598 918 1615 :
933 1597 983 1624 pro

196 1636 248 1663 hac
264 1636 366 1664 etenim
382 1644 465 1663 causa
478 1635 678 1663 destinavimus
692 1634 824 1662 Thomam
839 1635 977 1663 devotissi-

195 1690 271 1710 mum
288 1686 413 1716 agentem
428 1681 456 1708 in
475 1681 558 1708 rebus
571 1684 600 1707 ct
620 1680 809 1715 subadjuvam.
830 1679 928 1707 Latum
947 1687 983 1706 vn

197 1727 261 1756 ldus
280 1727 405 1762 Augusti,
421 1725 670 1760 Constantinopoli,
690 1725 802 1751 Rustico
824 1717 897 1752 νξε.
918 1731 983 1751 con-

195 1773 265 1800 sule.
284 1782 293 1798 ›

232 1819 275 1846 Vl.
291 1818 362 1852 Quid
380 1822 559 1846 consecutum
578 1817 623 1849 sit,
638 1821 684 1844 attt
705 1824 786 1851 quam
812 1816 907 1843 tulerit
935 1816 984 1843 Ju-

196 1863 295 1896 stinus,
312 1864 426 1899 perlatis
440 1863 473 1890 ad
500 1869 529 1890 se
551 1862 645 1898 gestis,
661 1862 836 1893 sententiam,
860 1861 983 1895 ignotum

196 1914 240 1936 est
252 1918 258 1936 :
272 1909 402 1936 credibile
421 1913 521 1940 tamen,
536 1911 584 1934 aut
596 1914 704 1934 causam
723 1912 782 1934 arte
794 1906 903 1941 politica
915 1913 982 1933 con-

197 1955 323 1989 sopitum,
335 1963 370 1982 ne
380 1955 443 1989 quis
452 1953 629 1988 inquisitione
643 1961 707 1980 reus
719 1953 982 1987 deprehenderetur,

197 2007 278 2034 quem
293 2000 442 2027 innocuum
455 1998 541 2025 videri
554 1998 700 2030 intererat;
715 2001 763 2024 aut
777 1997 982 2032 inquisitionem

197 2045 280 2080 gestis
297 2053 351 2072 non
364 2045 512 2072 admodum
526 2043 697 2071 consensisse
713 2052 720 2070 :
743 2051 832 2078 neque
851 2043 924 2070 enim
935 2043 984 2070 Ju-

197 2090 333 2118 stinianus
359 2091 507 2125 imperator
521 2089 693 2124 neglexisset,
706 2097 757 2124 pro
772 2097 822 2116 suo
835 2089 918 2117 trium
937 2096 983 2116 ca-

198 2135 347 2170 pitulorutn
366 2135 440 2167 odio,
456 2134 480 2162 si
500 2134 566 2169 quid
587 2134 714 2161 acerbius
736 2134 886 2162 indicatum
899 2138 988 2168 esset,

1063 230 1129 257 Vlll.
1148 231 1208 259 Non
1227 232 1297 265 erit,
1314 233 1422 268 opinor,
1446 233 1567 260 alienum
1587 240 1602 260 a
1616 233 1677 261 loco
1695 235 1814 269 aperire,

1029 276 1101 303 unde
1114 282 1173 304 orta
1185 278 1221 305 sit
1237 279 1434 307 monachorum
1446 278 1628 307 Orientalium
1644 287 1708 316 erga
1718 280 1814 308 Nesto.

1029 322 1100 349 rium
1124 323 1230 358 religio.
1260 332 1314 359 qua
1343 325 1566 360 improbissimus
1586 325 1692 353 Christi
1715 326 1814 358 hostis,

1028 369 1105 403 quasi
1125 374 1228 405 martyr
1245 370 1318 402 fidei,
1331 375 1358 398 et
1376 372 1468 399 cultus
1485 372 1521 399 sit
1531 371 1596 398 olim
1606 391 1613 403 ,
1626 376 1655 398 et
1663 372 1815 398 etiamnum

1028 414 1136 441 colatur
1150 415 1184 442 ab
1196 416 1328 448 Ecclesia,
1338 417 1382 444 cui
1394 424 1495 444 nomen
1512 417 1585 444 fecit.

1069 459 1109 487 Ex
1119 468 1173 495 quo
1192 461 1300 497 imperii
1311 462 1391 489 sedes
1399 462 1545 489 Antiochia
1557 462 1715 497 Byzantium
1728 467 1819 490 trans-

1029 505 1083 533 lata
1098 511 1149 539 est,
1167 507 1283 542 perfecit
1299 508 1408 535 artibus
1420 506 1478 535 suis
1494 508 1572 536 urbis
1585 508 1667 543 regia:
1684 509 1815 541 antistes,

1030 554 1060 577 ut
1075 550 1246 579 Antiochcno
1271 553 1381 586 praeiret
1394 561 1400 578 :
1423 551 1485 579 inde
1498 555 1561 579 nata
1573 552 1688 578 Asianos
1702 551 1773 578 inter
1788 555 1817 578 et

1030 594 1183 623 Orientales
1199 595 1310 624 invidia:
1330 597 1411 631 plena
1424 596 1562 624 aemulatio
1578 602 1585 620 :
1599 595 1663 623 inde
1675 596 1817 630 episcopo-

1031 650 1091 669 rum
1109 644 1191 671 etiam
1209 644 1236 671 in
1256 644 1390 676 conciliis,
1406 648 1435 671 et
1447 644 1570 679 ipsorum
1587 650 1696 678 quoque
1708 647 1816 670 sancto-

1031 694 1091 713 rum
1114 688 1311 715 monachorum
1332 687 1463 723 frequens
1481 687 1578 715 scissio
1595 696 1601 713 :
1623 687 1686 715 inde
1700 686 1816 714 Asiano-

1032 740 1092 759 rum
1114 736 1174 760 orta
1197 733 1378 768 impatientia,
1390 732 1413 759 si
1434 731 1544 767 quando
1567 739 1600 758 ex
1620 731 1816 762 Orientalibus,

1031 778 1181 813 praesertim
1193 778 1344 811 monachis,
1359 777 1691 812 Constantinopolitanum
1702 777 1730 804 in
1741 777 1819 805 thro-

1031 830 1098 851 num
1116 823 1216 859 aliquis
1237 824 1402 851 eveheretur
1417 832 1423 850 :
1440 823 1503 851 inde
1518 831 1574 850 non
1592 822 1705 849 minima
1723 829 1816 855 causa,

1031 878 1081 897 cur
1090 870 1301 905 Chrysostomus
1318 870 1429 905 indigna
1449 869 1567 904 plurima
1586 875 1683 903 passus
1694 867 1741 901 sit,
1752 872 1780 894 et
1800 875 1817 894 ι

1028 916 1086 943 suis
1098 916 1216 949 clericis,
1228 920 1257 943 et
1269 916 1303 943 ab
1316 916 1392 943 urbis
1399 915 1551 942 monachis.

1076 961 1266 989 Antiochenus
1277 965 1337 988 erat
1351 961 1511 994 Nestorius;
1527 961 1554 987 in
1569 960 1700 995 Euprepii
1718 966 1815 987 mona-

1029 1008 1115 1035 sterio
1131 1007 1283 1034 sanctitatis
1303 1007 1462 1043 opinionem
1482 1007 1647 1041 collegerat;
1660 1006 1776 1033 ﬂorebat
1788 1007 1816 1033 in

1029 1053 1199 1080 Antiochena
1212 1052 1344 1085 Ecclesia,
1355 1060 1418 1079 cum
1428 1051 1737 1086 Constantinopolitanae
1749 1058 1818 1086 prtu-

1029 1097 1118 1125 fcctus
1135 1101 1192 1130 est;
1212 1097 1239 1124 id
1258 1104 1347 1131 neque
1367 1096 1494 1124 monachi
1518 1103 1608 1130 neque
1629 1095 1722 1122 clerici
1740 1095 1818 1122 urbis

1031 1143 1113 1178 regiae
1137 1150 1216 1177 aequo
1237 1142 1330 1169 animo
1351 1141 1483 1173 tulerunt,
1500 1140 1576 1167 velut
1595 1139 1638 1167 sui
1657 1143 1816 1174 contemptu

1031 1187 1143 1220 factum;
1158 1186 1386 1214 dissimulandum
1401 1191 1490 1213 tamen
1502 1185 1554 1212 fuit
1566 1188 1680 1219 propter
1690 1184 1814 1211 volunta-

1032 1237 1086 1259 tem
1098 1232 1241 1267 principis,
1248 1235 1276 1258 et
1289 1230 1461 1258 cohibendus
1471 1229 1643 1262 livor,donec
1651 1228 1765 1255 ultionis
1774 1236 1819 1255 oc-

1032 1278 1106 1305 casio
1114 1285 1143 1304 se
1151 1277 1239 1304 daret.
1248 1277 1349 1304 Verum
1359 1275 1405 1303 ubi
1418 1275 1536 1310 primum
1544 1273 1688 1301 Nestorius
1698 1272 1821 1308 prodidit

1033 1323 1169 1354 hatresim,
1192 1323 1248 1357 jam
1266 1330 1320 1349 non
1344 1329 1372 1348 se
1388 1320 1524 1348 continuit
1540 1319 1738 1346 monachorum
1755 1318 1821 1345 all'e-

1033 1373 1104 1400 ctus,
1118 1369 1200 1403 219
1217 1368 1265 1395 sed
1284 1367 1378 1394 divino
1396 1365 1529 1393 instinctu
1553 1367 1707 1391 commotus
1728 1363 1821 1398 erupit

1034 1415 1062 1442 in
1077 1420 1199 1450 apertam
1223 1413 1436 1442 dissensionem.
1455 1411 1548 1439 Saeviit
1564 1410 1709 1438 Nestorius
1730 1409 1757 1436 in
1773 1408 1819 1436 ad-

1034 1464 1176 1487 versantes
1188 1468 1195 1486 :
1213 1459 1307 1486 libello
1321 1458 1360 1485 illi
1376 1456 1517 1492 petierunt
1530 1455 1565 1483 ab
1583 1455 1748 1489 imperatore
1761 1453 1820 1488 cogi

997 1511 1019 1541 c
1036 1505 1193 1536 concilium,
1209 1512 1264 1539 quo
1284 1503 1396 1530 haeresis
1416 1502 1595 1529 damnaretur
1610 1508 1616 1526 :
1632 1507 1689 1527 rem
1713 1507 1824 1534 promo-

1035 1551 1074 1577 vit
1089 1551 1200 1581 acriter,
1217 1553 1298 1583 atquc
1313 1548 1395 1574 etiam
1416 1546 1530 1581 perfecit
1547 1544 1709 1576 Dalmatius,
1728 1551 1822 1570 mona-

1034 1596 1148 1623 chorum
1171 1594 1249 1622 urbis
1271 1593 1407 1620 cxarchus
1423 1600 1430 1618 :
1447 1591 1569 1619 Orientis
1580 1598 1596 1617 e
1614 1589 1751 1617 contrario
1763 1597 1822 1616 mo-

1035 1641 1114 1669 nachi
1131 1640 1245 1676 Ephesi,
1258 1646 1312 1674 quo
1325 1637 1525 1669 confluxerant,
1536 1643 1598 1663 cum
1610 1636 1705 1662 Patres
1718 1642 1821 1662 conve-

1034 1688 1136 1718 nirent,
1152 1694 1202 1721 pro
1226 1685 1355 1712 Nestorio
1382 1690 1431 1711 suo
1457 1681 1615 1709 tumultuati
1638 1684 1712 1712 sunt,
1737 1684 1763 1707 et
1784 1679 1821 1707 ita

1033 1733 1155 1769 quidem,
1168 1737 1199 1759 ut
1211 1731 1255 1758 vix
1268 1729 1482 1765 comprimendis
1499 1735 1579 1763 pares
1591 1731 1685 1754 essent
1695 1733 1757 1753 cum
1771 1726 1822 1752 mi—

1034 1779 1127 1806 litibus
1140 1777 1264 1805 comites.
1279 1776 1418 1812 Dejectum
1434 1773 1589 1802 Nestorium
1605 1771 1776 1800 reduxerunt
1787 1771 1821 1798 ad

1035 1824 1165 1859 Euprcpii
1186 1822 1402 1851 monasterium:
1419 1820 1446 1847 in
1461 1820 1514 1846 hoc
1534 1819 1580 1845 ille
1599 1823 1685 1845 annos
1703 1821 1823 1851 quatuor

1035 1871 1154 1905 integros
1166 1869 1264 1904 exegit,
1273 1867 1337 1894 inde
1348 1865 1470 1893 Orientis
1482 1863 1648 1891 monasteria
1659 1862 1821 1894 sollicitans,

1034 1921 1116 1951 atque
1129 1915 1212 1942 etiam
1234 1921 1297 1941 suas
1312 1913 1340 1940 in
1358 1915 1452 1947 partes
1464 1910 1613 1937 abducens.
1630 1907 1751 1935 Fallendi
1775 1915 1822 1934 ars

1033 1963 1103 1991 erat,
1120 1959 1162 1986 vel
1176 1966 1241 1990 una,
1261 1957 1303 1984 vel
1314 1955 1512 1986 efﬁcacissima,
1529 1952 1650 1988 pictatis,
1668 1952 1820 1987 patientiae,

1035 2012 1127 2032 rerum
1141 2004 1324 2031 humanarum
1351 2000 1537 2036 despicientiae
1552 2007 1583 2026 ac
1595 1998 1766 2033 paenitentia:
1782 1998 1822 2025 af-

1033 2051 1132 2078 fectata
1153 2049 1269 2084 species.
1477 2038 1500 2065 ’τ

1069 2095 1091 2122 Ε
1117 2093 1285 2121 monasterio
1307 2092 1467 2127 deportatus
1493 2090 1521 2117 in
1549 2089 1653 2121 Oasim,
1670 2094 1822 2122 perpessus

1035 2144 1076 2168 est
1095 2148 1155 2175 quae
1176 2140 1222 2166 vix
1248 2145 1368 2173 unquam
1392 2135 1593 2172 generosissimi
1615 2136 1748 2168 martyres
1767 2141 1773 2159 :
1789 2140 1822 2159 ca

198 2180 226 2207 id
239 2181 270 2207 ad
285 2180 381 2216 synodi
393 2181 488 2208 Patres
499 2180 696 2212 transmittere,
707 2187 770 2207 cum
783 2180 879 2207 charta
893 2180 983 2208 Sacrae
999 2178 1021 2206 D
1039 2183 1251 2212 lamentabilitcr
1265 2183 1335 2210 mala
1347 2181 1484 2216 exposuit,
1496 2187 1550 2213 qua
1570 2178 1690 2213 ponebat
1702 2181 1760 2204 arte
1778 2178 1822 2204 di-

197 2233 214 2253 a
231 2226 338 2254 Justiuo
351 2226 474 2260 scriptor,
489 2233 571 2260 quam
583 2233 599 2253 e
618 2225 728 2253 scriniis
750 2225 875 2260 diligenti
892 2225 984 2253 studio

197 2272 281 2299 eruit.

236 2317 290 2345 Vll.
307 2318 370 2345 Haec
390 2325 473 2352 porro
485 2317 543 2345 sive
565 2318 708 2353 tragoedia,
721 2318 778 2345 sive
805 2317 907 2350 fabula,
921 2318 984 2354 Cyri

199 2367 259 2390 acta
271 2367 313 2390 est
323 2371 396 2390 anno
413 2363 515 2390 Christi
527 2363 578 2390 519
586 2366 714 2396 exeunte,
727 2363 800 2398 quod
814 2363 985 2396 credibilius,

199 2413 248 2436 aut
258 2409 450 2443 consequentis
467 2408 554 2441 initio,
565 2416 620 2443 quo
636 2416 708 2436 anno
719 2409 847 2436 Rusticus
858 2409 983 2437 consula-

199 2458 258 2480 tum
277 2454 362 2488 gessit
387 2462 393 2480 :
414 2461 502 2488 neque
522 2454 596 2480 enim
619 2454 709 2488 potuit
731 2462 812 2482 causa
830 2459 870 2482 tot
889 2455 982 2490 gestis,

199 2504 294 2534 totque
316 2499 444 2533 precibus
463 2503 491 2526 et
514 2499 614 2526 libellis
627 2501 634 2509 '
658 2499 800 2531 instructa,
816 2500 893 2527 brevi
917 2505 984 2528 tem-

199 2553 277 2580 pore,
293 2550 341 2573 aut
358 2546 623 2581 Constantinopolim
644 2546 738 2574 venire
755 2546 826 2582 Cyro
841 2551 894 2574 tam
917 2555 983 2582 pro-

199 2597 244 2620 cul
261 2594 395 2625 distante,
408 2598 456 2620 aut
474 2593 502 2620 in
515 2593 577 2620 aula
594 2593 710 2628 negotiis
727 2597 839 2628 propter
855 2593 984 2620 Vilaliani

164 2665 171 2675 τ
199 2639 321 2665 causalis
335 2638 479 2666 factionem
494 2643 522 2665 et
540 2645 646 2669 necem,
662 2646 722 2672 qua:
737 2646 830 2666 mense
845 2639 918 2666 Julio
938 2646 985 2666 ac-

203 2683 276 2715 cidit,
288 2683 567 2718 impedita,eognosci,
577 2687 607 2710 ut
620 2691 654 2710 vn
664 2683 727 2710 ldus
736 2683 983 2718 Augusti,Rustico

1033 2231 1134 2259 cendi:
1151 2228 1322 2256 miserabiles
1349 2227 1458 2254 litteras
1478 2224 1556 2252 dedit
1580 2224 1614 2251 ad
1635 2223 1822 2250 TheodOsium

1035 2277 1239 2312 imperatorem,
1251 2278 1279 2301 et
1287 2273 1320 2300 ad
1328 2271 1475 2308 pra-sidem
1485 2269 1645 2301 Thebaidis,
1658 2277 1727 2304 quas
1738 2268 1822 2296 etiam

1035 2322 1185 2349 amicorum
1211 2318 1364 2347 ministerio
1385 2325 1435 2352 per
1445 2315 1567 2343 Orientis
1586 2314 1715 2342 mandras
1730 2313 1821 2349 spargi

1035 2368 1150 2396 curabat
1175 2375 1183 2393 :
1212 2365 1381 2401 querebatur
1407 2370 1437 2391 se
1459 2362 1554 2390 exsilio
1579 2360 1691 2387 duriora
1715 2359 1782 2394 pati,
1805 2367 1822 2386 a

1037 2413 1177 2441 Blemmiis
1203 2412 1349 2449 primum;
1361 2408 1425 2436 Oasi
1451 2412 1566 2438 vastata,
1589 2406 1616 2433 in
1635 2404 1822 2439 captivitatem

1037 2459 1186 2486 abductum
1195 2477 1202 2487 .
1214 2464 1278 2483 mox
1287 2449 1439 2482 Nomadum
1453 2457 1529 2480 metu
1541 2451 1685 2478 dimissum
1695 2450 1821 2484 Panope-

1037 2502 1084 2529 lim
1097 2501 1214 2530 venisse,
1235 2499 1298 2526 inde
1319 2497 1526 2532 Elephantinam
1549 2499 1683 2530 raptatum
1699 2502 1713 2521 a
1726 2494 1822 2521 militi-

1038 2547 1102 2579 bus,
1118 2551 1175 2573 tum
1192 2545 1335 2572 reductum
1348 2542 1518 2577 Panopolim,
1531 2541 1706 2576 postmodum
1725 2539 1822 2566 detru~

1034 2600 1096 2620 sum
1110 2592 1136 2618 in
1150 2591 1270 2618 vicinum
1285 2588 1430 2623 Panopolis
1448 2587 1550 2619 locum,
1565 2586 1683 2621 denique
1702 2585 1730 2612 in
1741 2593 1823 2620 quar-

1038 2643 1096 2665 tum
1114 2636 1241 2664 exsilium
1263 2635 1391 2670 ejectum,
1414 2641 1477 2660 cum
1502 2639 1558 2660 uno
1573 2631 1719 2660 damnatus
1737 2634 1821 2658 esset.

1071 2682 1156 2710 Tanta
1173 2681 1344 2709 miseriarum
1370 2678 1546 2714 perpessione
1571 2682 1626 2705 tam
1649 2677 1775 2705 ﬂebiliter
1788 2675 1822 2702 ab

894 2760 1050 2790 SCllULle
1070 2759 1184 2787 NOTAE.

238 2819 261 2832 ⁷⁸
275 2828 336 2857 Vid.
354 2828 449 2864 synodi
464 2837 488 2861 v,
505 2828 594 2856 collat.
608 2828 635 2855 8.

323 2876 458 2905 ΡΑἸ-ιιοι..
481 2875 539 2904 (in.
563 2872 721 2911 LXXXIV.
