1967 3047
156 132 212 166 ³171

729 128 917 158 GARN'ERII
937 128 1043 157 DISSE
1049 127 1183 157 RTATIO
1203 128 1227 156 Ι.

1742 127 1794 159 172

157 186 388 224 eloquentissimo
413 185 515 212 misero
543 183 682 218 exposita,
713 191 728 210 a
755 182 953 218 potentissimis
968 186 991 213 Α
1005 182 1099 217 opinio
1121 182 1155 209 de
1173 181 1318 209 sanctitate
1331 181 1449 209 Nestorii
1461 202 1467 214 ,
1497 187 1527 209 ιιι
1545 181 1706 209 seculorum
1724 183 1794 210 duo—

162 233 318 261 t'autoribus
334 231 536 266 amplificata,a
561 229 628 256 viris
654 229 680 255 in
705 228 823 263 speciem
850 227 952 255 sanctis

163 270 424 310 laudatafinflexit
457 275 567 302 tandem
608 273 781 308 imperatoris
812 274 951 306 animum;

163 331 248 359 quare
268 322 393 357 permisit
417 321 554 348 hominem
577 320 611 347 ab
624 320 721 347 exsilio
740 319 864 347 redire"
882 328 888 345 :
905 319 952 346 sed

163 369 251 401 senio,
267 367 471 396 calamitatibus
495 371 523 394 et
545 366 675 393 aerumnis
702 366 728 392 in
747 366 790 391 via
812 365 954 391 confectus

163 418 216 445 est,
236 414 290 440 Deo
307 412 456 439 damnante
474 411 654 446 irreligiosam
679 411 826 438 Theodosii
845 410 954 437 miseri-

162 457 285 485 cordiam
290 475 297 483 .

201 504 265 532 Huic
283 510 346 530 cum
376 502 404 529 in
417 501 481 529 Oasi
502 501 645 528 Nestorius
662 504 812 535 pateretur,
833 508 849 528 a
868 500 957 527 Theo-

164 548 263 576 doreto
276 548 303 574 in
327 546 439 575 Oriente
461 546 662 580 praedicabatur
673 546 748 572 velut
767 545 957 572 sanctissimus

165 594 228 622 fidei
245 593 384 625 defensor,
407 601 415 617 ι
432 592 479 626 qui
494 592 563 619 nihil
579 596 680 626 praeter
691 599 784 618 sanam
804 591 956 618 doctrinam

157 639 289 667 novisset
309 643 337 665 et
351 637 504 670 docuisset;
525 637 572 672 qui
587 643 643 671 prce
658 636 759 672 Cyrillo
773 636 906 663 innocens
917 636 958 663 fo—

160 689 217 716 ret,
234 687 263 711 et
279 683 360 710 morti
374 686 464 709 tamen
485 682 658 714 traderetur;
680 689 762 716 quem
781 681 848 708 socii
865 686 957 715 pasto-

165 736 209 756 res
232 728 345 756 calamis
366 727 549 759 occidissent;
575 734 657 761 quem
678 726 777 754 laedere
803 734 858 752 non
884 726 958 753 aliud

164 774 247 806 foret,
260 781 343 808 quam
360 773 489 807 pietatem
506 772 593 807 ipsam
605 771 721 799 violare.
735 781 744 797 ι

199 818 442 854 Exaggerabantur
467 818 604 853 ejusmodi
621 818 717 845 laudes
742 825 757 844 a
788 818 849 844 viro
873 817 959 844 totius

163 864 286 893 Orientis
302 864 540 899 eloquentissimo,
555 869 584 891 et
605 864 634 890 in
655 863 835 891 concionibus
854 864 955 898 palam,

163 914 193 938 et
214 910 242 937 in
255 910 449 945 congressibus
463 909 535 944 apud
551 909 740 937 sanctissimos
756 916 880 944 quosque
895 916 954 935 mo-

163 955 279 983 nachos.
300 955 417 991 Cyrillus
437 960 532 982 contra
554 955 698 983 dicebatur
711 956 733 971 ⁸⁰
752 964 761 980 ι
780 955 807 981 in
828 954 956 989 blasphe-

164 1008 223 1027 mas
245 1007 277 1027 ac
293 999 392 1035 impias
408 1007 490 1027 voces
509 1000 652 1034 erupisse,
680 1007 823 1027 revocasse
850 999 955 1026 (ludum

162 1046 327 1073 exstinctam
352 1045 515 1080 Apollinarii
543 1045 653 1072 inanem
676 1045 758 1072 simul
787 1049 815 1071 et
843 1044 954 1079 impiam

158 1091 320 1118 doctrinam
331 1111 338 1123 ,
353 1091 506 1118 aulicorum
524 1091 639 1126 gratiam
655 1097 801 1117 munerum
817 1090 954 1125 pollicita-

162 1136 239 1164 tione
263 1136 424 1168 redemisse,
448 1137 475 1163 in
499 1136 616 1163 concilio
641 1136 709 1163 nihil
728 1144 784 1163 non
803 1135 956 1163 Memnonis

162 1190 214 1218 ope
234 1190 282 1217 per
304 1183 359 1210 vim
373 1183 473 1218 egisse,
489 1183 634 1217 episcopos
648 1183 682 1209 ad
699 1182 886 1209 damnandum
900 1181 954 1208 Ne-

163 1227 281 1254 storium
299 1227 368 1254 alios
386 1235 452 1254 auro
467 1227 591 1258 traxisse,
612 1227 681 1254 alios
695 1231 770 1253 metu
792 1226 922 1260 coegisse.
942 1234 951 1250 ι

206 1273 288 1307 220
303 1272 364 1299 Ilaec
377 1276 405 1298 et
418 1272 469 1299 alia
486 1280 548 1299 cum
564 1272 662 1299 callide
677 1277 882 1306 spargerentur,
896 1279 956 1298 crc-

164 1317 301 1345 debantur
313 1317 404 1347 facile,
415 1317 567 1351 praesertim
582 1317 617 1343 ab
632 1317 675 1347 iis,
689 1317 735 1351 qui
750 1317 955 1344 Theodoretum

164 1362 361 1398 suspiciebant,
379 1361 454 1388 velut
480 1361 605 1388 doctrina
625 1369 787 1396 morumque
812 1361 955 1388 sanctitate

162 1407 233 1435 nulli
249 1407 401 1434 secundum
417 1416 423 1433 :
439 1407 626 1442 suspiciebant
639 1415 705 1435 vero
725 1407 897 1434 anachoreta:
915 1407 954 1434 illi

164 1452 269 1484 eximii,
287 1459 320 1478 ex
348 1459 465 1486 quorum
492 1455 560 1479 nutu
578 1452 734 1486 pendebant
757 1453 954 1479 monachorum

165 1497 330 1528 voluntates,
352 1497 572 1531 populorumque
582 1497 696 1532 judicia.
713 1496 876 1531 Opinionem
898 1502 955 1524 tan-

974 859 994 885 ll

1005 227 1094 254 decim
1104 227 1181 262 lapsu
1190 235 1244 253 non
1253 226 1404 260 efﬂuxerit;
1420 227 1474 254 imo
1483 228 1586 262 plures,
1594 234 1664 261 quos
1671 233 1796 255 recenset

1006 273 1033 299 in
1043 272 1228 306 suoCatalogo
1237 272 1419 305 lIchcd—Jesu,
1426 272 1613 300 defensionem
1619 274 1679 308 ejus
1685 273 1795 309 Syriace

1006 317 1167 352 scripserint
1180 327 1185 344 :
1200 326 1252 344 una
1263 322 1338 345 certe
1349 317 1530 345 Orientalium
1542 318 1796 350 Ecelesiarum,no—

1005 363 1070 390 stris
1086 363 1236 390 etiamnum
1254 364 1424 398 temporibus
1435 385 1442 396 ,
1463 365 1522 399 ejus
1536 363 1647 390 nomine
1664 364 1797 399 gloriatur

1005 408 1118 443 ejusque
1140 408 1310 441 doctrinam,
1337 409 1401 436 licet
1418 409 1592 444 aliquatenus
1604 412 1795 443 temperatam,

1006 452 1141 488 sequitur.

1304 498 1415 527 CAPUT
1435 499 1503 526 XVI.

1007 554 1027 580 l.
1046 553 1136 592 Status
1152 563 1239 592 rerum
1259 555 1408 592 imperante
1430 555 1696 592 ΙμδζιηίαιιοχΙΙεΑίΙ
1712 557 1797 592 ipsum

1045 590 1173 626 legatione
1190 590 1309 626 fungitur
1324 590 1551 626 sanctusSabbas.
1567 591 1611 618 Ill.
1629 591 1697 623 Quid
1714 590 1797 626 egerit

1043 632 1102 661 curm
1127 624 1262 661 Theodoro
1287 625 1422 661 A};gua_ta_._
1433 625 1476 652 IV.
1496 625 1575 661 Origo
1598 624 1749 661 quwstionis
1765 627 1798 653 de

1045 659 1126 686 tribus
1150 659 1285 693 capitulis.
1304 660 1336 686 V.
1364 659 1477 686 Collatia
1504 659 1574 687 inter
1599 659 1746 688 Catholicae
1772 667 1798 689 rt

1044 693 1209 725 Severianos,
1225 695 1267 720 ubi
1284 699 1372 721 actum
1383 695 1415 720 de
1427 694 1595 722 Theodoreto.
1607 696 1650 722 Vl.
1662 696 1797 723 Theodoro

1045 728 1113 763 favet
1129 727 1291 760 Severianis,
1306 734 1330 755 et
1352 730 1460 756 molitur
1482 731 1510 756 in
1536 739 1652 757 errarent
1674 732 1798 758 inducere

1045 768 1128 800 totam
1139 763 1432 800 Ecclesittmj'lILQuw
1446 765 1605 799 fuerit.VlIl.
1621 766 1653 792 Et
1667 767 1797 800 quomodo

1045 799 1181 826 dominata
1199 799 1329 835 ονωλικί
1342 799 1400 825 Vult
1415 801 1534 826 anmibus
1544 799 1688 835 majoribus
1698 802 1798 828 throni:

1045 842 1104 860 suos
1120 835 1262 869 imponere,
1273 833 1596 869 X.Contantinopolitana}
1609 834 1732 862 Ecclesia:
1743 836 1799 862 An-

1047 868 1304 905 tln'imumrprwﬁcit.
1336 868 1381 895 X-l.
1418 868 1493 896 Hunc
1520 871 1653 905 Agapetus
1682 870 1796 897 abdicat.

1045 903 1103 940 XII.
1121 903 1244 940 Vigiliam
1257 908 1492 940 auroforruptnm
1513 903 1595 931 tentat
1614 906 1642 931 in
1651 906 1721 940 isede
1732 914 1798 940 apo-

1044 938 1136 965 stolica
1157 938 1296 965 collocare.
1313 938 1382 965 XIII.
1398 938 1460 965 Ideo
1481 939 1557 973 jubet
1572 940 1630 974 ιο]ἰεὶ
1645 938 1796 970 Silveriam.

1044 975 1088 1008 qui
1106 974 1211 1000 tandem
1225 974 1337 999 miseriis
1353 979 1520 1008 consumptus
1536 976 1658 1001 moritur.
1667 974 1736 1001 XIV.
1756 975 1798 1001 Vi-

1044 1007 1123 1044 gilius
1143 1010 1291 1044 exiturus!)
1306 1008 1337 1041 ﬁt
1353 1007 1484 1043 legitimus
1504 1009 1631 1044 pontifex.
1648 1009 1704 1036 XV.
1722 1009 1797 1036 Alias

1046 1044 1160 1078 majores
1173 1043 1303 1069 Ecclesias
1312 1044 1495 1078 2211-9511111:
1506 1043 1798 1071 Catltoliri.'XVl.Pau-

1047 1079 1087 1105 lus
1111 1078 1307 1105 Alexandrinus
1322 1078 1470 1112 deponitur.
1491 1078 1572 1105 XVII.
1595 1079 1613 1106 Λ
1639 1079 1798 1113 depositione

1046 1118 1176 1140 reuertens
1191 1112 1314 1148 Pelagius
1330 1113 1434 1148 adducit
1449 1114 1587 1140 monac/tos
1599 1114 1629 1140 de
1644 1112 1799 1148 Ofigenistis

1062 1153 1191 1179 araturos,
1199 1152 1223 1173 ct
1233 1148 1263 1174 de
1273 1147 1403 1173 Theodoro
1413 1147 1568 1182 Cappadoci:
1574 1148 1677 1183 Pelagii
1691 1147 1797 1176 hamulo.

1062 1157 1191 1179 nmmos,
1199 1157 1223 1173 cr
1233 1157 1263 1174 ae
1275 1157 1403 1173 lIIEDHOTO
1413 1157 1568 1182 eappaaoce
1574 1157 1676 1183 l’t’tagtt
1691 1157 1797 1176 wmuto.

1043 1157 1137 1210 glVlll.
1164 1182 1292 1218 Pelagqu
1311 1182 1426 1218 incendit
1457 1183 1642 1218 imperatorem
1673 1184 1798 1209 adversus

1044 1217 1215 1252 Origenistas.
1233 1211 1305 1243 XIX.
1333 1211 1504 1244 Damnantui'
1529 1217 1580 1250 illi,
1605 1217 1697 1245 silente
1718 1218 1799 1245 Theo-

1044 1253 1117 1284 doro,
1131 1252 1175 1279 sed
1189 1253 1329 1278 vindictam
1343 1252 1495 1279 meditante.

1207 1308 1244 1332 Ab
1255 1314 1318 1331 anno
1335 1307 1424 1332 Christi
1437 1308 1481 1332 527
1494 1308 1523 1332 ad
1537 1308 1594 1333 511.

1044 1360 1068 1386 1.
1083 1359 1183 1394 Sopita:
1197 1360 1285 1386 videri
1307 1365 1456 1394 potuerunt
1468 1360 1495 1387 in
1509 1360 1587 1396 Syria
1600 1360 1697 1392 turbae,
1711 1368 1799 1395 quan-

1009 1406 1055 1433 diu
1071 1406 1197 1433 Justinus
1215 1406 1363 1440 imperium
1384 1406 1511 1438 retinuit,
1533 1406 1582 1434 sed
1603 1406 1695 1434 statim
1716 1411 1798 1441 atque

1009 1452 1075 1479 illud
1094 1452 1249 1480 Justiniano
1266 1452 1390 1484 tradidit,
1408 1456 1519 1487 repente
1532 1452 1728 1479 tumultuatum
1744 1456 1798 1484 est,

1009 1506 1097 1533 eoque
1111 1498 1305 1525 vehementius
1322 1498 1451 1525 commoti
1468 1498 1563 1530 animi,
1578 1505 1633 1533 quo
1646 1498 1709 1532 plus
1729 1497 1802 1525 acri-

155 1547 220 1570 -tam
251 1542 417 1569 conciliabat
444 1542 618 1570 Theodoreto
643 1543 774 1577 frequens
796 1547 954 1570 sanctorum
969 1537 990 1566 C
1009 1543 1106 1570 monito
1130 1542 1280 1577 compressi
1304 1543 1482 1577 collegerant,
1495 1550 1605 1577 quoque
1619 1543 1800 1578 opportunior

156 1589 300 1625 ejusmodi
323 1589 461 1621 salutatio,
475 1590 549 1622 vice,
561 1598 642 1624 quam
659 1594 782 1625 agerent,
799 1590 954 1622 admiratio,

164 1635 216 1670 piae
242 1635 386 1670 cujusdam
412 1635 522 1662 invidiae
546 1636 637 1670 plena,
663 1635 801 1670 colloquia
821 1635 855 1662 de
873 1635 957 1662 rebus

164 1679 268 1707 divinis
279 1679 382 1706 fervida
393 1687 425 1706 ac
435 1687 505 1714 pene
514 1679 650 1712 ardentia,
663 1688 777 1714 precum
787 1680 953 1715 imploratio,

163 1729 193 1752 et
207 1725 281 1759 quod
296 1725 340 1751 vel
364 1732 480 1759 superos
499 1729 608 1760 tangat,
627 1726 781 1760 conscripta
803 1726 956 1753 viventium

160 1778 275 1805 quoque
298 1770 425 1802 historia,
440 1772 449 1780 '
465 1775 493 1798 et
506 1771 617 1805 quidem
635 1772 783 1806 ejusmodi,
804 1780 864 1806 quae
885 1779 955 1806 prte—

164 1815 239 1841 clara
249 1818 418 1850 exaggerata),
435 1815 546 1843 virtutis
560 1816 686 1850 exempla
701 1817 849 1844 verborum
865 1816 956 1850 splen-

164 1859 232 1887 dore
247 1860 410 1893 illustraret,
427 1868 458 1887 ac
468 1868 539 1895 pene
558 1865 689 1895 aequaret.

200 1905 270 1933 Hinc
289 1910 383 1933 exorta
404 1906 602 1933 monachorum
619 1906 794 1934 orientalium
813 1907 839 1933 in
856 1906 954 1933 Nesto-

165 1949 237 1975 rium
254 1949 413 1983 propensio,
429 1949 578 1984 opinioque
600 1955 685 1982 tanta,
702 1955 732 1978 ut
751 1951 874 1978 defuncti
890 1951 956 1978 reli-

165 1994 244 2029 quias
258 1994 383 2021 nonnulli
399 1995 600 2029 conquisierint
623 1995 657 2022 ad
681 1995 796 2023 cultum.
813 1995 895 2023 Certe
909 2004 955 2024 eo-

164 2047 226 2067 rum
243 2045 276 2067 ex
291 2048 407 2067 numero
423 2040 545 2073 fuerunt,
560 2041 607 2075 qui
629 2042 797 2069 tumultuose
813 2042 898 2069 semel
914 2045 954 2069 at-

162 2093 217 2120 que
228 2085 329 2112 iterum
344 2085 373 2112 in
388 2085 505 2113 concilio
517 2085 745 2119 Chalcedonensi,
761 2095 851 2114 coram
865 2087 953 2122 impe-

162 2134 254 2157 ratore
279 2130 417 2158 Marciano
445 2131 645 2166 Pulcheriaque
673 2133 806 2168 Augusta,
825 2133 954 2160 Patribus

160 2176 308 2203 anathema
319 2176 535 2204 inclamantibus
549 2177 688 2210 Nestorio,
702 2180 897 2212 reclamarunt,
909 2181 951 2207 vi-

160 2227 224 2246 rum
237 2221 440 2248 sanctissimum
463 2222 636 2250 anathemate
656 2224 777 2257 percelli.
795 2234 803 2249 ι
823 2225 851 2251 Id
867 2229 951 2253 testa-

162 2270 219 2298 tur,
234 2266 373 2293 referente
387 2266 505 2302 Evagrio
517 2267 550 2300 ⁸¹,
566 2267 728 2296 Eustathius
741 2269 889 2305 episcopus
903 2270 953 2297 Be-

161 2310 216 2346 ryti
227 2311 254 2337 in
278 2310 389 2343 litteris,
407 2319 476 2346 quas
494 2311 528 2339 ad
542 2312 676 2340 Joannem
689 2314 860 2349 episcopum,
875 2321 904 2343 et
917 2315 950 2342 ad

161 2356 279 2384 alterum
290 2357 425 2384 Joannem
440 2357 633 2393 presbyterum
650 2359 685 2386 de
703 2359 788 2387 rebus
807 2361 835 2387 in
846 2361 952 2396 synodo

159 2402 247 2435 gestis
265 2401 386 2436 scripsit.
408 2401 602 2434 Occurrentes,
624 2403 724 2439 inquit,
738 2405 830 2432 denuo
859 2406 878 2433 ii
903 2407 950 2441 qui

160 2446 278 2474 Nestorii
293 2447 423 2482 reliquias
441 2450 626 2483 postulabant,
643 2455 736 2478 contra
756 2453 890 2487 synodum
904 2461 952 2481 vo-

162 2491 269 2519 ciferati
283 2498 366 2520 sunt:
386 2493 444 2526 Qua
460 2494 492 2521 de
509 2503 589 2522 causa
604 2497 655 2523 uiri
676 2498 763 2524 sancti
780 2499 950 2526 anathemate

160 2538 347 2566 damnantur?
363 2540 433 2567 adeo
448 2545 478 2567 ut
499 2541 652 2577 imperator
672 2543 860 2579 indignatione
875 2553 950 2572 com-

161 2589 253 2611 motus
267 2585 462 2619 prolictoribus
474 2588 533 2615 suis
548 2588 730 2622 mandaverit,
747 2594 776 2617 ut
789 2597 837 2617 cos
853 2591 949 2625 procul

159 2630 340 2665 expellerent.
360 2641 369 2657 ι

193 2675 262 2703 Tam
275 2677 329 2704 alte
341 2686 423 2713 porro
435 2679 537 2707 insedit
548 2681 731 2715 quorumdam
740 2683 842 2710 animis
855 2683 950 2710 isthaec

1007 1588 1064 1616 visa
1076 1593 1119 1615 est
1136 1589 1256 1615 molibus
1272 1589 1412 1616 successio
1435 1589 1603 1623 principum.
1620 1589 1799 1616 Justinianus

1007 1634 1080 1660 enim
1094 1634 1257 1669 jampridem
1269 1634 1399 1661 audiebat
1409 1634 1562 1662 acerrimus
1575 1634 1671 1669 synodi
1683 1635 1799 1662 Chalce-

1007 1678 1148 1709 donensis,
1164 1686 1316 1712 eorumque
1329 1678 1409 1709 adeo,
1424 1686 1494 1712 quos
1507 1679 1627 1714 synodus
1638 1680 1799 1714 recepisset,

1008 1722 1146 1755 defensor,
1160 1723 1232 1750 unde
1244 1727 1272 1750 et
1287 1722 1422 1758 Synodin
1437 1732 1538 1751 nomen
1555 1725 1599 1752 vel
1611 1732 1625 1751 a
1639 1725 1741 1759 populo
1751 1732 1800 1751 ac“

1006 1772 1174 1802 ceptaverat,
1185 1769 1228 1795 vel
1254 1768 1276 1795 si
1297 1769 1437 1796 credimus
1461 1770 1588 1805 Evagrio,
1612 1770 1798 1797 all‘ectaverat.

1042 1814 1073 1840 II.
1090 1814 1168 1842 Tunc
1184 1814 1268 1849 igitur
1281 1815 1355 1842 vires
1375 1820 1594 1850 resumpserunt,
1607 1816 1652 1850 qui
1670 1817 1796 1844 Theod0<

1006 1860 1056 1886 reti
1087 1865 1188 1894 partes,
1206 1861 1308 1896 quique
1326 1862 1444 1888 Nestorii
1467 1862 1655 1896 sequebantur
1674 1862 1795 1890 :caadem

1006 1907 1079 1934 enim
1093 1912 1159 1934 tunc
1168 1908 1295 1940 credite;
1307 1908 1443 1942 siquidem
1459 1909 1612 1935 invalncrat
1623 1909 1707 1936 stulta
1721 1916 1798 1943 quae—

1006 1953 1080 1985 dam,
1101 1954 1157 1980 sive
1180 1957 1350 1988 temporum,
1373 1954 1429 1980 sive
1449 1954 1612 1988 populorum
1635 1954 1797 1986 credulitas,

1005 2002 1155 2033 utrumque
1168 1999 1429 2026 communi-invidia
1447 1999 1573 2026 laborare
1589 2007 1595 2026 :
1611 2003 1692 2034 atque
1709 1999 1735 2025 id
1747 1999 1798 2026 fuit

1006 2044 1033 2071 in
1049 2052 1142 2074 causa,
1153 2051 1202 2071 cur
1215 2048 1326 2072 sanctus
1341 2044 1445 2071 Sabbas
1456 2045 1489 2077 κ’,
1510 2052 1571 2071 cum
1584 2045 1720 2080 legatione
1733 2045 1798 2072 Ilic-

1005 2089 1190 2125 rosolymitani
1217 2089 1347 2116 antistitis
1363 2090 1396 2116 ad
1411 2090 1595 2117 Justinianum
1625 2091 1796 2125 fungeretur,

1005 2139 1150 2169 postquam
1165 2136 1288 2161 exoravit
1303 2135 1523 2162 Christianorum
1545 2143 1655 2163 causam
1667 2157 1673 2168 ,
1686 2140 1798 2171 propter

1005 2188 1087 2215 quam
1104 2185 1228 2213 venerat,
1242 2181 1367 2216 iramque
1384 2181 1558 2216 imperatoris
1570 2182 1597 2209 in
1611 2182 1797 2209 Samaritanos

1006 2227 1153 2257 convertit,
1164 2234 1227 2254 mox
1238 2227 1307 2259 Arii,
1316 2227 1434 2254 Ncstorii
1450 2232 1478 2255 et
1487 2228 1614 2263 Origenis
1624 2232 1712 2255 sectas
1723 2236 1796 2256 com-

1006 2271 1086 2306 primi
1100 2272 1282 2306 postulaverit
1302 2273 1470 2299 ineluctabili
1484 2273 1602 2307 quadam
1621 2281 1732 2308 precum
1750 2281 1796 2308 po.

1006 2317 1109 2344 tentia:
1125 2325 1187 2344 nam
1204 2317 1293 2345 fuerat
1304 2318 1398 2345 divino
1414 2319 1545 2346 instinctu
1562 2323 1658 2354 pactus
1674 2319 1733 2346 fore
1754 2323 1792 2348 ut.

1005 2362 1027 2389 si
1045 2363 1217 2390 Justinianus
1238 2363 1267 2391 id
1280 2364 1463 2398 praestitisset,
1479 2364 1615 2396 Siciliam,
1640 2365 1752 2392 Romam
1769 2371 1797 2392 et

1004 2407 1197 2443 Carthaginem
1208 2417 1258 2444 pro
1272 2412 1399 2439 mercede
1412 2412 1560 2447 reciperet.

1044 2453 1088 2480 III.
1112 2453 1232 2489 Contigit
1255 2463 1321 2482 vero
1339 2456 1390 2484 hac
1413 2457 1440 2484 in
1465 2458 1600 2492 legatione
1622 2458 1711 2493 quod,
1731 2458 1794 2493 quia

1004 2498 1124 2533 pertinet
1138 2499 1171 2525 ad
1186 2500 1305 2528 nobilem
1323 2503 1405 2530 trimn
1417 2504 1599 2538 capitulorum
1615 2504 1795 2539 impugnatri-

1004 2552 1074 2577 cem,
1096 2545 1197 2573 referre
1214 2554 1269 2574 non
1286 2553 1328 2575 est
1348 2549 1465 2576 alienum
1481 2557 1497 2576 a
1523 2549 1593 2576 loco.
1609 2549 1678 2576 Cum
1692 2549 1796 2576 Sahbas

1005 2590 1034 2617 in
1045 2592 1147 2626 palatio
1156 2598 1324 2626 versaretur,
1337 2594 1494 2629 elllagitavit
1506 2594 1651 2621 Theodoro
1662 2594 1795 2628 Angusta,

1005 2641 1128 2672 utquam
1144 2639 1278 2667 hactenus
1293 2640 1394 2668 frustra
1408 2644 1551 2675 optaverat
1575 2641 1681 2675 prolem
1701 2640 1752 2668 sibi
1777 2642 1791 2668 ἐι

1003 2683 1060 2711 Deo
1076 2684 1146 2718 dari,
1162 2686 1290 2719 precibus
1311 2687 1354 2713 vir
1369 2690 1480 2714 sanctus
1501 2686 1639 2713 obtineret
1656 2694 1662 2711 :
1685 2687 1794 2722 negavit

831 2759 987 2788 SCIIIILZII
1006 2761 1121 2790 NOTAE.

195 2803 216 2847 ἶυ
228 2804 339 2847 Evt";qu
511 2811 575 2830 χχιι.
615 2805 637 2820 ⁸ο
652 2805 739 2840 Epist.
752 2805 786 2832 ad
797 2806 892 2834 Joann.
910 2805 1037 2833 Antioch.
1076 2807 1097 2823 δι
1114 2807 1174 2835 Lib.
1190 2817 1218 2842 η,
1237 2817 1296 2844 cap.
1317 2810 1343 2837 ἓ.
1383 2810 1404 2826 θ’
1420 2810 1514 2846 Cyrill.
1527 2810 1631 2847 in_Vita
1640 2809 1668 2838 S.
1681 2807 1785 2838 Sabim.

160 2845 220 2873 top.
234 2838 278 2871 94,
293 2838 338 2866 die
355 2838 371 2865 Β
385 2838 512 2866 Decemb.
