1967 3047
236 123 287 157 173

828 121 1007 152 HISTORIA
1024 121 1276 152 THEODORETL

1808 127 1858 159 174

234 181 281 209 ille
294 187 323 207 se
335 179 482 212 facturum,
503 189 511 205 ‹
535 187 570 207 ne
585 179 669 216 (quod
685 179 781 207 amicis
798 179 954 214 importune
976 186 1021 205 ro-
1037 180 1059 208 A
1074 178 1228 207 Theodosia
1239 185 1266 207 ct
1278 179 1410 208 Curcsina
1421 179 1454 207 ad
1473 180 1602 216 Cyprum.
1614 181 1711 209 Mirum
1728 191 1793 211 vero
1809 193 1859 220 pro

234 226 362 262 gantibus
373 225 499 261 privatim
514 226 644 262 aperuit),
658 225 800 261 siquidem
817 225 935 253 fructum
950 233 984 252 ex
992 232 1023 252 ea

235 273 280 300 edi
294 273 366 300 Deus
380 272 495 304 sineret,
510 272 567 307 ipse
589 280 698 307 quoque
711 275 833 307 gustaret
851 271 946 299 Severi
959 271 1025 306 dog-

236 322 318 350 mata,
340 321 367 345 et
380 317 534 345 deteriores
546 325 629 351 quam
651 317 727 352 prius
745 317 779 344 ab
806 317 967 349 Anastasio,
982 321 1024 343 tu—

237 363 351 396 multus,
367 363 415 391 Dei
431 363 629 390 conturbarent
641 363 792 390 Ecclesiam
805 363 838 390 ".
860 373 869 388 ι

278 408 323 435 1V.
338 407 458 435 Fovebat
480 407 588 434 scilicet
614 407 735 442 Augusta
761 407 960 442 Accphalorum
984 414 1026 434 se-

220 460 224 464 ‘
238 457 320 485 ctam,
338 452 490 488 synodique
511 452 600 480 hostis
615 456 684 485 erat,
700 452 756 479 sive
773 452 810 479 ita
827 452 917 487 reipsa
939 451 1023 479 senti-

239 503 296 531 ret,
321 498 394 533 quod
416 504 514 525 eventa
538 497 707 530 docuerunt,
729 498 797 531 sive,
814 498 887 533 quod
907 497 1026 533 politicis

239 548 306 572 tunc
321 543 479 575 videbatur,
495 543 633 570 divisisset
646 550 708 570 cum
733 542 832 569 marito
854 546 941 569 totum
961 541 1026 568 reli-

237 589 327 625 gionis
340 589 542 624 principatum,
555 591 587 615 ut
605 588 663 623 ipsa
681 588 737 615 dux
753 587 965 622 Acephalorum,
979 586 1027 614 Iu-

239 635 373 663 stinianus
390 633 584 670 Synoditarum
602 633 688 665 foret,
702 638 785 667 atque
802 634 839 661 ita
858 633 939 660 ambo
953 640 1028 660 com-

239 680 386 707 municatis
398 679 518 707 consiliis
528 686 577 706 sua
588 686 638 713 pro
650 683 770 713 tempore
782 683 809 705 et
820 679 879 705 loco
891 680 1027 705 momenta

238 725 363 761 partibus
374 726 550 752 alternarent.

278 770 366 799 Silere.
384 779 440 798 non
458 779 571 806 possum
588 771 661 807 quod
674 770 793 806 Cyrillus
808 770 956 798 Monachus
972 771 978 779 ⁵
990 769 1028 797 le-

239 817 357 853 gationis
378 817 496 852 scriptor
516 816 610 849 tradit,
631 817 696 844 dum
713 824 810 844 causas
831 816 962 851 inquirit,
979 823 1028 843 cur

239 844 396 898 "222apud
418 844 611 898 imperatorem
627 863 732 891 Sabbas
742 844 1028 897 Nestorii-atque'Ori-
1045 844 1067 873 Β

238 909 316 943 genis
325 908 480 935 meminerit
492 917 498 935 :
512 908 576 936 facit
588 908 662 935 enim
674 908 708 935 ad
724 908 813 936 lucem
830 908 951 935 historiae
963 907 1029 935 aﬁe-

239 954 365 982 rendam.
389 963 398 980 ε
415 954 545 986 Nestorii,
559 954 650 989 inquit
668 954 701 986 ".
721 960 749 981 et
769 953 895 989 Origenis
917 954 1029 981 haeresis

239 1000 338 1027 morbo
365 999 442 1027 multi
467 999 595 1027 monachi
615 999 796 1032 laborabant,
820 1004 849 1027 ct
877 998 1028 1026 timendum

239 1048 300 1072 erat
317 1052 352 1072 ne
373 1044 442 1071 alios
455 1045 626 1072 attraherent
641 1044 675 1071 ad
699 1044 833 1072 malorum
845 1044 1004 1071 societatem
1021 1052 1028 1070 :

241 1097 304 1117 nam
321 1097 383 1117 cum
395 1089 508 1124 quidam
523 1097 612 1124 nuper
626 1090 818 1116 convenissent
833 1089 959 1116 monachi
977 1089 1029 1123 By-

241 1135 372 1167 zantium,
388 1135 440 1162 visi
454 1139 518 1162 sunt
534 1135 619 1170 aliqui
637 1140 730 1163 tenere
749 1135 875 1170 dogmata
891 1134 1030 1162 Theodori

241 1180 430 1216 Mopsuestia,
454 1180 500 1207 alii
528 1185 620 1207 autem
650 1180 786 1216 Origenis.
808 1179 958 1212 Leontius,
983 1179 1030 1215 qui

240 1229 300 1252 erat
323 1225 382 1259 ipse
401 1231 512 1259 quoque
538 1225 706 1257 monachus,
725 1232 827 1259 genere
842 1224 1028 1260 Byzantinus,

241 1278 313 1297 unus
327 1270 415 1302 exiis,
429 1270 474 1304 qui
493 1277 556 1297 cum
568 1270 666 1298 Nonno
679 1270 795 1305 ingressi
810 1269 920 1297 fuerant
933 1278 1030 1297 novam

242 1315 370 1348 Laur-am,
384 1323 453 1351 quos
469 1320 612 1350 postquam
636 1316 764 1351 cognovit
782 1323 897 1350 magnus
916 1315 1030 1346 Sabbas,

243 1370 258 1389 a
270 1369 382 1389 suorum
397 1361 490 1389 statim
504 1361 609 1396 expulit
618 1362 838 1394 conversatione,
853 1371 863 1387 ι
881 1366 935 1389 etc.

278 1407 318 1434 Ex
335 1406 378 1434 his
398 1409 523 1440 apertum
543 1410 586 1433 est
601 1406 657 1441 jam
679 1405 742 1433 inde
758 1413 774 1433 a
787 1406 886 1433 Justini
902 1405 1032 1440 tempori-

243 1453 295 1482 bus
307 1451 544 1487 Constantinopoli
561 1452 632 1478 rixas
650 1451 735 1479 fuisse
751 1455 839 1479 motas
853 1452 926 1479 inter
943 1451 1033 1478 Theo—

1075 223 1177 252 Severo
1199 233 1334 260 pugnasse
1353 226 1568 261 Euphratenscs,
1592 235 1708 263 quorum
1728 229 1860 258 hactenus

1075 269 1164 297 fuerat
1177 270 1204 297 in
1217 270 1420 298 Thcodoretum
1437 272 1563 306 pertinax
1582 281 1679 300 amor:
1701 275 1748 302 sed
1770 277 1859 303 studia

1076 315 1246 350 temporibus
1256 318 1356 344 mutari
1369 325 1424 344 non
1442 318 1563 345 insolens
1575 323 1626 346 est.

1112 361 1152 387 Ex
1169 361 1313 388 duodecim
1333 370 1415 397 porro
1431 364 1574 391 recensitis
1588 365 1725 400 episcopis
1736 366 1860 394 Catholi~

1077 415 1124 435 cos
1146 415 1192 434 sex
1209 407 1358 442 imperator
1377 414 1540 442 vocaverat;
1556 410 1602 437 alii
1618 410 1721 438 dudum
1746 411 1772 438 in
1793 413 1861 439 urbe

1077 453 1150 488 regia
1164 453 1350 486 morabantur,
1373 455 1440 486 suis,
1458 456 1568 489 opinor,
1580 456 1684 490 expulsi
1701 465 1716 483 a
1735 457 1862 491 plebibus

1074 503 1189 533 propter
1208 499 1335 527 lueresin.
1351 499 1435 534 Opem
1462 500 1501 527 illi
1522 501 1651 535 precibus
1667 502 1862 531 ellicacissimis

1076 544 1223 572 Iustiniani
1247 545 1440 579 implorabant.
1456 546 1602 580 sponsione
1626 547 1755 575 nimirum
1780 548 1861 582 facta,

1078 594 1125 623 ut,
1151 590 1174 617 si
1198 590 1232 618 de
1256 590 1314 618 suis
1331 585 1531 625 questionibus
1560 591 1736 625 docerentur,
1763 598 1864 622 sanctae

1078 635 1182 670 synodo
1203 635 1404 662 consentirent.
1418 635 1584 664 Conditione
1604 643 1725 673 accepta,
1745 639 1863 675 impera-

1079 683 1122 706 tor
1139 679 1232 706 doceri
1245 687 1292 707 eos
1308 680 1405 712 voluit,
1420 681 1512 709 habita
1533 682 1680 710 collatione
1695 691 1756 712 cum
1768 686 1864 713 erudi-

1079 724 1192 752 tissimis
1208 725 1376 760 quibusque,
1390 734 1444 753 non
1455 735 1554 763 magno
1566 733 1655 756 tamen
1666 737 1756 764 operae
1766 731 1864 766 pretio;
1899 716 1907 722 κ

1078 775 1224 806 propterea
1242 771 1315 806 quod
1335 771 1471 806 Augusta,
1486 777 1513 800 et
1537 774 1595 809 ipsa
1614 774 1771 810 Severiana,
1784 778 1865 814 223

1080 816 1149 843 clam
1162 821 1291 844 nutantcs
1305 817 1449 850 retinebat,
1464 826 1511 853 spe
1524 819 1605 851 facta.
1619 819 1676 848 fore
1693 826 1722 849 ut
1735 823 1762 849 in
1774 823 1864 857 sedes,

1081 862 1156 889 salvo
1172 870 1279 894 errore,
1293 863 1423 891 Ecclesia:
1447 871 1517 898 pene
1541 866 1625 893 totius
1635 868 1771 895 sententia
1784 869 1866 897 resti-

1080 912 1234 936 tuerentur.
1251 908 1413 937 Moliebatur
1423 910 1528 938 scilicet
1536 911 1591 946 jam
1606 912 1669 939 inde
1683 913 1770 941 audax
1786 914 1864 949 quid-

1080 954 1147 981 libet
1163 958 1268 982 tentare
1286 955 1394 987 mulier,
1412 963 1465 990 qua
1484 957 1589 984 ratione
1609 963 1702 992 posset
1717 960 1868 996 majoribus

1082 998 1169 1025 tribus
1200 998 1322 1031 sedibus,
1344 999 1485 1032 Romanae,
1501 1000 1812 1038 Constantinopolitanae
1840 1010 1868 1033 et

1080 1043 1287 1077 Alexandrinae,
1315 1044 1441 1072 homines
1472 1053 1528 1073 suae
1557 1046 1684 1076 factionis
1710 1049 1866 1083 przelicere.

1081 1088 1182 1123 quibus
1211 1088 1397 1116 servientibus
1424 1097 1469 1116 res
1498 1089 1628 1118 Ecclesiae
1647 1092 1761 1126 perinde
1785 1098 1868 1129 atque

1081 1133 1190 1168 imperii
1207 1141 1260 1169 pro
1268 1133 1384 1161 arbitrio
1397 1133 1543 1161 inclinaret
1557 1144 1564 1161 :
1579 1140 1607 1163 et
1620 1136 1648 1163 id
1660 1144 1725 1164 sane
1743 1139 1868 1173 perfece-

1081 1183 1134 1212 rat,
1146 1179 1210 1212 nisi,
1221 1180 1278 1207 Deo
1292 1179 1443 1207 Ecclesiam
1458 1185 1628 1216 protegente,
1640 1183 1803 1210 muliebrem
1816 1185 1868 1211 im-

1081 1225 1246 1260 probitatem
1261 1233 1324 1259 spes
1337 1224 1506 1252 frustrassct.

1117 1269 1160 1297 Vl.
1178 1269 1208 1297 ld
1220 1274 1278 1297 tum
1297 1270 1407 1297 demum
1422 1270 1531 1305 planius
1544 1276 1707 1306 exponetur,
1729 1281 1791 1301 cum
1809 1282 1868 1302 uta-

1082 1314 1181 1342 nifeste
1197 1315 1336 1347 claruerit,
1353 1322 1414 1349 quae
1430 1314 1515 1343 fuerit
1534 1315 1652 1349 indoles,
1663 1318 1766 1353 quique
1779 1327 1870 1348 mores

1083 1360 1190 1387 femina:
1221 1364 1343 1387 sanctam
1380 1359 1515 1395 synodum
1539 1359 1791 1390 Chalcedonensem
1820 1372 1870 1399 per

1082 1406 1154 1433 latus
1181 1405 1346 1432 Theodoreti
1376 1405 1549 1441 aliorumque
1581 1406 1698 1434 duorum
1729 1409 1868 1442 petentis;

1082 1450 1136 1477 hoc
1158 1454 1209 1482 est,
1229 1449 1358 1477 Ecclesiae
1385 1449 1434 1476 toti
1458 1449 1619 1477 facessentis
1640 1450 1773 1479 famosum
1802 1453 1869 1481 illud

243 1499 303 1527 (lori
320 1498 504 1534 Mopsuesteni
518 1502 547 1525 et
561 1497 689 1532 Origenis
709 1501 859 1525 sectatores
879 1506 887 1524 :
906 1501 1030 1532 apertum
1044 1506 1067 1536 α
1084 1496 1165 1523 trium
1181 1495 1363 1530 capitulorum
1376 1495 1527 1530 negotium,
1544 1503 1598 1530 quo
1616 1500 1689 1524 totus
1703 1497 1778 1524 orbis
1789 1497 1870 1525 Chri-

243 1546 327 1573 etiam
351 1545 428 1572 initia
443 1547 566 1571 motuum
586 1543 641 1578 jam
666 1542 730 1570 inde
746 1542 829 1570 ducta
845 1550 921 1574 esse,
935 1547 965 1569 ut
982 1542 1033 1569 mi-

245 1599 305 1619 rum
319 1599 373 1619 non
383 1591 429 1623 sit,
443 1594 538 1625 postea
554 1589 616 1616 odia
627 1593 655 1616 et
672 1596 777 1623 pugnas
789 1589 862 1616 inter
873 1588 1032 1615 eorumdem

244 1638 404 1665 defensores
422 1635 568 1663 exarsisse.

280 1681 346 1714 Quae
364 1680 537 1708 narravimus
560 1679 695 1706 hactenus
717 1677 751 1705 de
770 1677 905 1712 legatione
925 1676 1031 1708 Sabbaa,

245 1727 420 1761 cornigerum
446 1733 518 1752 anno
541 1724 688 1752 Iustiniani
708 1723 741 1755 4,
764 1722 865 1750 Christi
887 1722 948 1753 550,
970 1729 1033 1749 cum

246 1771 352 1798 Sabbas
367 1768 551 1804 nonagenario
573 1769 659 1804 major
677 1771 760 1799 esset,
772 1771 800 1794 et
815 1772 905 1794 tamen
929 1766 1034 1801 aliquot

245 1821 310 1843 ante
323 1815 484 1851 legationem
497 1815 576 1842 annis
589 1813 715 1841 monachi
726 1813 830 1848 iurgari
841 1816 992 1847 cmperant.

282 1861 315 1888 ν.
336 1860 449 1888 Duobus
471 1864 531 1894 post
550 1859 629 1886 annis
648 1862 696 1885 aut
717 1858 803 1885 ferme
820 1857 921 1890 tribus,
941 1857 1034 1885 habita

247 1911 289 1934 est
304 1904 541 1939 Constantinopoli
556 1904 665 1932 collatio
678 1903 834 1931 Calholicos
855 1903 927 1931 inter
941 1907 969 1931 et
987 1903 1035 1931 Se-

247 1952 386 1983 verianos,
394 1951 422 1977 in
441 1958 494 1985 qua
510 1950 544 1976 de
555 1949 729 1976 Theodoreto
741 1948 873 1975 nonnulla
893 1947 944 1975 fuit
961 1956 1035 1983 qum-

249 1998 322 2025 stio:
343 1997 402 2024 hac
415 1996 442 2023 in
463 1995 575 2031 primis,
590 1994 729 2030 quomodo
745 1994 918 2022 Chalcedone
936 1993 1036 2021 dixerit

248 2043 393 2070 anathema
405 2040 543 2073 Nestorio,
555 2048 590 2068 an
602 2048 634 2068 ex
650 2040 753 2072 animo,
767 2048 800 2067 an
819 2039 1033 2072 dissimulanter,

248 2092 277 2114 et
286 2086 371 2114 verbo
381 2091 472 2113 tenus.

285 2132 339 2159 Res
354 2132 382 2158 in
397 2131 472 2158 hunc
485 2130 596 2158 modum
616 2134 692 2165 gesta
710 2135 760 2157 est.
774 2130 968 2157 Convenerunt
985 2129 1035 2157 Iu-

1085 1540 1190 1568 stianus
1203 1539 1360 1574 impeditus.
1374 1548 1424 1574 pro
1439 1540 1527 1567 tribus
1543 1541 1702 1569 hominibus
1711 1550 1766 1569 non
1780 1544 1871 1572 minus

1085 1586 1224 1621 pugnavit,
1242 1593 1323 1620 quam
1340 1593 1390 1620 pro
1405 1585 1508 1613 Christi
1525 1585 1589 1613 ﬁde.

1121 1631 1174 1658 VII.
1191 1630 1285 1657 Traxit
1294 1629 1439 1657 Theodora
1454 1630 1614 1664 imperatrix
1633 1631 1766 1666 originem
1783 1640 1817 1660 ex
1828 1633 1872 1660 in-

1085 1676 1156 1703 fima:
1184 1676 1265 1703 sortis
1287 1675 1459 1711 parentibus,
1486 1679 1564 1710 patre
1588 1676 1724 1712 siquidem
1741 1686 1871 1706 ursorum

1086 1722 1185 1749 theatri
1213 1722 1311 1753 altore,
1339 1725 1427 1748 matre
1454 1721 1585 1748 scenica:
1613 1722 1702 1749 caruit
1727 1727 1805 1757 patre
1826 1724 1873 1751 vix

1085 1767 1281 1803 quinquennis,
1307 1767 1425 1802 ideoque
1453 1767 1480 1794 in
1505 1768 1601 1795 matris
1621 1768 1703 1796 domo
1724 1773 1872 1804 egestatem

1086 1821 1165 1849 passa
1181 1818 1223 1841 est
1238 1821 1300 1840 cum
1318 1813 1461 1841 sororibus
1474 1813 1594 1846 duabus,
1610 1822 1692 1849 quam
1710 1820 1741 1842 ut
1754 1815 1871 1851 fugeret,

1086 1861 1177 1888 statim
1194 1863 1276 1894 atque
1298 1866 1347 1894 per
1369 1863 1478 1887 aetatem
1508 1858 1596 1891 licuit,
1619 1860 1751 1894 producta
1776 1866 1818 1888 est
1844 1862 1873 1889 in

1086 1913 1206 1937 scenam,
1235 1905 1283 1932 ubi
1313 1904 1384 1932 inter
1407 1904 1506 1931 mimos
1528 1903 1625 1931 didicit
1643 1912 1771 1939 spernere
1786 1906 1873 1941 pudo-

1086 1959 1143 1979 rem
1166 1951 1199 1978 ⁸⁵.
1227 1950 1305 1978 Hunc
1325 1957 1387 1977 cum
1400 1949 1539 1985 posuisset
1552 1950 1580 1976 in
1594 1949 1661 1977 urbe
1674 1950 1758 1985 regia,
1772 1950 1872 1978 Penta-

1086 1997 1157 2031 polis
1174 1996 1345 2031 prmfectum,
1359 1996 1439 2031 cujus
1456 1995 1565 2022 libidini
1580 1995 1727 2028 serviebat,
1744 1995 1873 2024 comitata

1085 2046 1127 2068 est
1152 2041 1179 2068 in
1199 2040 1356 2076 Egyplum,
1384 2040 1457 2068 unde
1479 2041 1744 2075 Constantinopolim
1763 2049 1873 2069 reversa

1088 2087 1188 2115 meruit
1201 2086 1273 2114 inter
1290 2086 1475 2114 cmholiarias.

1121 2132 1228 2159 Placuit
1239 2137 1305 2159 tunc
1319 2132 1450 2166 temporis
1470 2131 1625 2159 Iustiniano
1644 2130 1804 2166 iuveniliter
1829 2131 1874 2158 in-

249 2177 362 2204 stiniani
380 2176 509 2203 mandato
523 2176 587 2203 hinc
601 2179 628 2203 et
642 2175 705 2203 inde
721 2183 768 2202 sex
781 2175 901 2210 episcopi
913 2184 920 2208 ;
932 2175 1034 2202 Catho-
1051 2174 1073 2202 ι)
1087 2177 1215 2208 sanienti,
1231 2176 1278 2204 sed
1291 2181 1321 2203 ut
1335 2177 1419 2203 amica
1437 2176 1566 2210 primum,
1581 2175 1681 2202 deinde
1695 2176 1770 2203 velut
1786 2184 1873 2203 uxor:

251 2224 367 2251 licorum
388 2223 444 2250 dux
461 2226 521 2250 erat
540 2222 674 2258 Hypatius
684 2222 851 2256 Ephesinus,
872 2222 1036 2250 Severiano-

250 2277 310 2296 rum
329 2268 440 2304 Sergius
461 2267 525 2303 Cyri
536 2268 691 2302 episcopus.
705 2268 820 2302 Hypatio
841 2267 955 2295 aderant
977 2267 1037 2294 Stc-

250 2315 358 2349 phanus
383 2314 524 2345 Seleuciae,
544 2313 690 2340 Anthimus
717 2313 914 2347 Trapezuntis,
940 2314 1036 2340 Demc-

251 2360 320 2386 trius
334 2359 533 2393 Philipporum,
553 2358 672 2386 Ioannes
684 2358 792 2385 V'eznize
809 2358 937 2389 civitatis,
950 2363 978 2386 ct
991 2359 1035 2385 ln-

251 2404 395 2430 noccntius
419 2403 546 2430 Maronia:
570 2403 703 2437 episcopi,
726 2411 821 2430 omnes
845 2403 1032 2441 metrppolitaa.

250 2449 370 2476 Aderant
394 2449 490 2483 Sergio
517 2449 636 2476 Thomas
659 2449 849 2481 Germanicia,
869 2450 1035 2477 Philoxenus

251 2494 387 2526 Dolichos,
400 2494 497 2522 Petrus
515 2494 749 2529 Theodosiopolis,
765 2495 884 2523 Ioannes
904 2496 1037 2523 Constan-

251 2538 324 2569 tium,
337 2537 451 2565 Nonnus
461 2537 600 2565 Curesina:
611 2538 706 2571 urbis;
721 2546 826 2571 omnes,
835 2539 858 2566 si
869 2539 940 2568 forte
952 2541 1035 2568 Ioan-

252 2590 315 2610 nem
332 2582 463 2617 excipias,
482 2583 618 2610 minorum
635 2583 777 2611 civitatum
792 2585 924 2620 episcopi,
934 2594 968 2613 ex
980 2586 1036 2613 Eu-

251 2629 390 2664 phratesia
412 2633 441 2656 et
463 2629 552 2664 Cypro
569 2638 575 2655 :
595 2629 683 2665 Cyrus
702 2630 794 2663 enim,
815 2630 988 2659 Germanicia
1009 2638 1038 2660 et

251 2677 364 2705 Dolirhe
380 2677 414 2705 ad
430 2675 640 2711 Euphratesiam
665 2677 804 2712 pertinent
820 2686 826 2704 :
844 2677 1034 2710 Constantina,

1087 2230 1149 2250 nam
1169 2222 1321 2257 Euphemia
1349 2222 1479 2256 Augusta,
1506 2221 1606 2249 Justini
1623 2222 1733 2256 conjux,
1752 2221 1874 2256 quandiu

1087 2268 1164 2299 vixit,
1184 2267 1322 2294 indecoris
1337 2267 1440 2301 nuptiis
1456 2266 1584 2299 obstitit;
1600 2274 1631 2294 ea
1647 2275 1712 2294 vero
1728 2266 1873 2298 exstincta,

1089 2313 1211 2341 rescissa:
1226 2316 1290 2340 sunt
1308 2312 1393 2347 leges,
1410 2312 1510 2347 quibus
1521 2312 1739 2347 prohibebantur
1753 2312 1872 2347 patricii,

1089 2366 1123 2386 ne
1154 2359 1277 2386 sccnicas
1298 2357 1441 2385 ducerent.
1468 2358 1514 2385 Sic
1537 2357 1681 2385 Theodora
1704 2364 1738 2384 ex
1766 2357 1876 2384 scenica

1088 2405 1175 2431 evasit
1210 2404 1308 2439 conjux
1337 2403 1470 2435 Caesaris,
1501 2411 1564 2430 mox
1589 2403 1726 2437 Augusta,
1756 2401 1875 2436 denique

1089 2450 1183 2477 mundi
1210 2450 1294 2477 totius
1321 2448 1448 2481 domina,
1468 2456 1548 2483 quem
1579 2456 1641 2476 cum
1665 2448 1764 2479 bellis,
1793 2447 1875 2475 uadi-

1089 2496 1151 2528 bus,
1168 2495 1282 2530 rapinis,
1309 2494 1473 2530 llagitiisque
1497 2501 1583 2521 unum
1608 2499 1636 2521 et
1665 2493 1760 2528 viginti
1790 2499 1876 2519 annos

1090 2545 1225 2573 vcxassct,
1243 2540 1356 2575 ipsaque
1374 2539 1422 2566 Dei
1435 2539 1566 2574 patientia
1579 2547 1658 2566 versa
1676 2538 1785 2566 tandem
1802 2543 1876 2567 esset

1089 2588 1117 2614 in
1131 2587 1266 2619 nemesin,
1282 2586 1365 2621 periit
1380 2593 1453 2613 anno
1467 2585 1528 2618 548,
1543 2586 1589 2612 lue
1606 2586 1698 2613 cancri
1724 2593 1824 2620 corpus
1843 2585 1876 2612 li-

1089 2632 1231 2660 bidinibus
1248 2632 1379 2660 foedatum
1396 2632 1404 2641 '
1418 2631 1603 2667 depascente;
1624 2635 1706 2666 atque
1723 2631 1797 2658 hunc
1817 2629 1876 2657 exi-

1090 2684 1146 2707 tum
1167 2679 1262 2706 sortita
1280 2683 1322 2706 est
1340 2679 1447 2713 impura
1461 2678 1570 2710 mulier,
1589 2677 1676 2705 hostis
1688 2681 1788 2704 sanctxe
1803 2676 1877 2702 illius

928 2755 1087 2784 SCllULle
1108 2755 1223 2783 N035.

285 2829 307 2845 "
322 2831 430 2868 Evagr.,
446 2833 493 2860 lib.
509 2841 537 2860 ιι.
574 2834 596 2850 ⁸⁸
613 2834 640 2861 in
655 2834 716 2862 Vita
736 2835 763 2862 S.
782 2834 888 2867 Sabbaz,
905 2843 965 2870 cap.
979 2836 1024 2864 95.
1060 2837 1083 2853 ⁸⁸
1101 2836 1244 2871 Evagrius,
1266 2836 1421 2870 Liberatus,
1443 2837 1557 2871 Procop.
1583 2835 1609 2862 iu
1624 2835 1691 2862 (list.
1708 2839 1805 2861 Arcan.
