1967 3047
126 135 179 169 «175

688 131 875 163 ΟΑΗΝΕΙΠΙ
895 131 1141 162 DISSERTATIO
1160 130 1184 161 Ι.

1701 127 1752 161 I76

128 192 234 229 synodi,
256 200 338 227 quam
354 191 524 219 nobilissima
540 189 671 224 Augusta,
688 188 912 222 sanetissimaque
930 189 946 214 Λ
963 194 1035 219 care,
1059 187 1153 214 statuit
1181 186 1306 213 maximis
1328 185 1457 213 Ecclesia
1477 185 1589 213 sedibus
1612 185 1752 221 imponere

127 241 203 274 virgo
216 239 360 266 Pulcheria
374 241 510 272 coegerat.

165 285 272 313 Mulieri
299 284 350 311 fuit
377 283 485 309 animus
510 288 608 317 genere
630 280 726 315 major,
756 279 804 307 sed
826 279 913 306 elatus

128 331 215 366 magis
236 337 318 364 quam
346 329 480 360 excelsus,
504 326 661 354 dominandi
691 325 808 360 cupidus
831 332 914 358 supra

128 381 241 407 sortem,
266 373 465 401 incredibiliter
485 377 628 407 promptus
650 370 785 405 quidlibet
807 368 915 404 excogi-

129 427 186 448 tare
211 425 238 448 et
267 419 388 454 aggredi,
415 419 548 446 infractus
572 417 651 444 malis
675 420 703 443 et
729 416 817 442 audax
837 414 913 442 abuti

128 467 238 493 fortuna
264 465 340 492 velut
361 464 508 498 mancipio.
526 464 577 490 Par
595 462 687 489 animo
704 462 853 497 ingenium,
869 469 914 487 va-

128 513 210 543 frum,
229 511 381 545 multiplex,
404 509 559 544 versipelle,
580 512 667 535 totum
684 516 698 534 a
711 512 808 535 natura
823 506 915 534 inimi—

128 565 190 585 cum
207 565 213 583 :
232 560 380 590 utrumque
394 555 541 590 adjuvabat
552 554 620 580 mira
633 553 756 588 quaedam
769 552 914 587 eloquendi

128 603 254 634 facilitas,
281 609 334 636 qua
358 601 426 628 nihil
451 608 505 627 non
533 603 640 634 poterat
668 599 755 627 cuivis
779 598 913 625 suadere:

129 647 224 675 aderat
244 652 272 674 et
289 647 412 674 liberalis
426 645 503 680 quasi
518 645 649 678 avaritia;
666 653 762 672 aurum
777 645 850 672 enim
866 652 915 679 ap-

129 693 248 728 petebat,
271 697 300 719 ut
320 692 473 720 effunderct
501 692 527 718 in
551 692 727 719 consiliorum
756 691 914 717 ministros:

129 739 224 766 aderat
241 738 344 773 pariter
362 745 407 764 ars
428 737 560 764 induendi
585 737 704 771 speciem
731 735 851 771 pietatis,
868 743 917 770 po-

130 783 281 818 nendique,
298 791 349 818 pro
362 782 538 809 inclinatione
560 782 641 817 224
664 789 755 809 rerum
773 791 779 808 ι
800 781 848 809 sed
874 782 917 808 his

130 829 259 856 omnibus
273 836 321 863 per
336 836 365 855 se
380 827 579 863 potentissimis
592 827 647 854 vim
667 827 858 855 incredibilem
870 827 917 854 ad-

129 875 213 902 debat
226 861 319 901 forina:
330 861 497 909 praestantia,
509 877 638 908 quantam
653 881 734 900 nemo
750 874 857 904 artifex,
873 873 916 900 vel
933 861 954 888 Β

130 920 258 954 penicillo
276 920 367 954 potuit
389 920 431 946 vel
449 919 514 946 celo
536 919 709 953 exprimere;
731 927 811 946 nemo
830 925 914 951 certe,

130 965 194 992 licet
209 965 364 1000 superbam,
381 973 435 992 non
452 965 547 992 coluit.

167 1010 234 1038 V'lll.
250 1010 298 1037 His
313 1011 480 1045 adjumentis
503 1010 649 1041 instructa,
678 1011 775 1037 marito
799 1010 917 1044 primum

131 1055 266 1082 dominari
289 1055 385 1087 voluit,
410 1062 466 1090 quo
493 1054 598 1082 caeteris
623 1055 718 1089 jugum
743 1054 917 1088 imponeret:

128 1103 214 1133 utque
247 1103 363 1126 noverat
385 1104 521 1126 amantem
548 1099 614 1131 otii,
644 1099 798 1133 scholteque
827 1099 920 1134 potius

130 1151 213 1178 quam
236 1152 319 1180 regno
331 1149 436 1176 natum,
450 1146 580 1180 cupidum
596 1146 656 1173 auri
668 1154 699 1174 ac
712 1147 773 1173 vani
787 1147 917 1179 nominis,

130 1188 219 1223 ipsum
235 1197 250 1216 a
261 1186 335 1225 regni
346 1191 420 1218 euris
435 1190 468 1218 ad
483 1199 528 1218 res
539 1199 630 1219 sacras
642 1192 798 1219 tractandas
808 1193 916 1224 avertit,

130 1234 336 1270 scribendisque
351 1236 483 1270 applicuit
501 1237 617 1272 legibus,
640 1237 741 1272 quibus
763 1242 791 1264 et
812 1238 918 1272 opimas

131 1280 308 1307 baereditatcs
329 1281 415 1313 adire,
439 1282 538 1317 etjura
555 1283 684 1314 vendere,
703 1287 730 1310 et
749 1283 918 1317 privatorum

131 1333 197 1360 opes
211 1325 340 1353 invadere
353 1326 450 1354 liceret
465 1335 471 1353 :
491 1327 530 1354 sic
541 1327 614 1354 enim
629 1328 791 1362 suppetebat
804 1329 918 1360 alfatim,

131 1371 204 1405 quod
220 1371 247 1398 in
260 1371 350 1403 ludos,
366 1372 514 1406 pensiones
527 1372 718 1405 barbarorum,
735 1373 844 1401 insanas
855 1374 919 1401 sub<

131 1416 307 1449 structiones,
324 1420 351 1443 et
369 1417 481 1444 bellicos
496 1422 622 1452 smnptus
638 1418 837 1446 clfunderetur.
855 1419 919 1446 Cin-

131 1461 170 1488 xit
185 1461 268 1496 igitur
283 1462 421 1489 hominem
437 1462 516 1489 valde
531 1462 645 1495 bonum,
660 1464 821 1491 clericorum
832 1464 918 1499 juris—

130 1507 337 1541 peritorumque
358 1507 497 1539 satellitio,
521 1508 567 1542 qui
592 1508 709 1543 scriptos
734 1517 748 1535 a
775 1517 805 1537 se
832 1509 919 1537 libros

130 1556 316 1586 supponercnt
325 1552 473 1579 vanissimo
488 1553 614 1588 principi.

166 1599 201 1626 Ut
215 1600 297 1626 etiam
308 1600 425 1627 serviret
435 1600 525 1626 mariti
538 1600 693 1632 affectibus.
705 1601 773 1629 fovit
784 1602 916 1629 immensa

129 1643 239 1672 licentia
252 1645 428 1674 Prasinorum
444 1646 665 1681 Venetorumque
675 1648 917 1682 amphitheatrales

129 1690 357 1722 concertationes,
373 1699 489 1725 quarum
510 1692 601 1720 studio
620 1693 772 1720 insaniebat
784 1694 916 1721 Justinia-

130 1741 192 1760 nus.
205 1734 240 1761 Ut
251 1734 363 1761 vanitati
377 1735 557 1767 blandiretur,
570 1737 655 1763 suasit
667 1737 767 1772 ubique
783 1742 916 1765 terrarum

129 1777 303 1805 aedificandas
316 1778 410 1811 urbes,
434 1780 542 1814 aliaque
563 1789 647 1816 opera
673 1782 792 1816 publica,
816 1784 916 1817 quibus

129 1830 230 1850 nomen
263 1830 343 1850 suum
369 1824 540 1853 Justinianus
567 1826 728 1861 imponeret.
755 1828 825 1862 Quin
853 1838 916 1857 cum

128 1867 201 1894 bella
221 1868 351 1902 gessisset
366 1867 483 1896 feliciter
496 1870 570 1897 ‘orbe
586 1874 643 1897 toto
659 1879 708 1905 per
729 1872 914 1905 administros,

121 1919 161 1939 ex
179 1913 222 1939 his
241 1913 300 1940 viro
321 1913 419 1940 stolide
432 1914 543 1949 ,ignavo
562 1915 666 1943 allinxit
684 1917 842 1945 inanissima
864 1926 915 1944 no-

128 1958 213 1991 mina,
242 1959 405 1992 Alemanici,
436 1961 555 1993 Gothici,
581 1962 716 1995 Franciei,
747 1963 913 1996 Germanici,

127 2003 230 2036 Antici,
245 2005 361 2037 Alaniei,
373 2006 522 2039 Vandalici,
534 2006 629 2041 Africi,
647 2014 699 2036 etc.

163 2049 212 2077 His
228 2051 336 2078 artibus
355 2052 486 2079 illudebat
499 2053 695 2087 Iustinianum,
713 2055 849 2090 simulque
872 2060 915 2082 to-

129 2095 184 2122 tius
208 2095 283 2122 orbis
306 2095 450 2130 imperium
473 2098 583 2126 tenebat
604 2099 744 2134 tyrannica
758 2105 912 2134 potestate:

128 2147 191 2167 nam
203 2140 237 2167 ad
250 2141 405 2174 arbitrium,
422 2147 450 2169 et
462 2143 605 2177 praefectos
620 2145 780 2179 provinciis,
795 2150 822 2172 et
836 2153 915 2173 exer-

128 2185 228 2212 citibus
244 2186 337 2219 duces,
365 2192 394 2214 et
419 2188 547 2216 Ecclesiis
575 2190 711 2217 antistites
736 2191 911 2225 prreficiebat,
929 2203 952 2230 ι)

127 2238 207 2264 quos,
226 2231 272 2258 ubi
289 2232 441 2265 colliberet,
464 2234 602 2268 redigebat
619 2234 645 2261 in
659 2235 793 2267 ordinem,
819 2244 913 2263 amans

127 2275 230 2302 arbitra
256 2277 338 2304 sortis
358 2277 463 2304 audire.
485 2278 594 2304 Nullum
612 2279 708 2306 habuit
721 2279 914 2314 obsequentio-

128 2329 184 2348 rem
205 2321 302 2349 ducem
324 2323 465 2355 Belisario,
482 2324 528 2358 qui
549 2324 723 2352 serviendum
740 2325 847 2353 feminae
861 2335 914 2361 pti-

129 2367 205 2399 tavit,
219 2371 249 2394 ut
267 2367 398 2396 Romanis
414 2370 581 2397 exercitibus
602 2371 770 2406 imperaret;
795 2377 823 2399 et
849 2382 913 2401 vero

126 2413 224 2448 dignus
239 2419 298 2441 erat
308 2418 383 2442 tanto
392 2415 544 2449 dominatu,
561 2417 700 2452 gloriaque
719 2417 815 2445 bellica
832 2424 913 2453 atque

127 2459 247 2491 politica,
272 2459 325 2487 nisi
354 2461 498 2488 Antonian
519 2463 638 2497 conjugi,
667 2462 830 2491 feminarum
852 2469 914 2499 post

126 2503 296 2532 Theodoram
309 2506 493 2540 nequissimze,
504 2507 652 2542 nupsisset.

160 2549 205 2576 IX.
226 2550 386 2585 llujusmodi
400 2551 500 2578 femina
512 2560 575 2578 etim
585 2552 720 2586 potiretur
732 2561 834 2585 rerum,
847 2562 912 2581 ausa

125 2597 166 2620 est
185 2597 266 2621 totam
289 2594 453 2622 labefactare
476 2596 646 2624 Ecclesium:
668 2605 786 2633 cumque
812 2606 912 2625 concc-

124 2645 200 2675 ptum
212 2641 376 2676 jampridem
396 2641 541 2668 consilium
558 2642 592 2670 de
604 2643 782 2671 convellenda
797 2644 910 2679 synodo,

123 2686 267 2721 tribusque
281 2685 408 2721 capitulis
422 2687 584 2714 damnandis
599 2689 680 2716 vellet
696 2689 804 2717 tandem
822 2691 911 2724 expli-

964 232 1090 259 homines
1106 231 1232 259 factionis
1248 239 1314 263 suae,
1327 237 1357 258 ut
1369 238 1463 258 eorum
1482 231 1617 258 sententia
1632 235 1752 266 postmo-

964 277 1029 304 dum
1057 277 1120 304 tidei
1147 276 1352 309 defensionem,
1378 276 1750 309 constitutamChalcedone,

963 327 1110 351 everteret.

999 368 1032 396 Χ.
1058 370 1213 405 Epiphanio
1237 370 1319 405 igitur
1336 369 1411 396 urbis
1425 368 1505 404 regiae
1517 369 1645 404 episcopo
1659 367 1753 395 Anthi—

964 422 1039 441 nium
1049 415 1166 448 suffecit,
1175 423 1231 443 suae
1240 415 1422 449 Trapezuntis
1429 415 1558 442 Ecclesiae
1570 415 1752 445 desertorem,

965 460 1061 488 aulicis
1086 462 1192 488 artibus
1220 461 1343 496 apprime
1370 461 1521 492 eruditum,
1551 459 1753 494 Aeephalorum

965 507 1126 541 pessimum,
1151 511 1179 534 et
1197 507 1241 534 cui
1267 511 1372 533 tantum
1395 506 1505 541 pietatis
1528 505 1555 532 in
1577 505 1694 540 speciem
1719 504 1753 534 ad

966 552 1114 580 fallendum
1129 552 1189 584 fuit,
1202 557 1333 587 quantum
1355 551 1538 586 improbitatis
1561 550 1595 578 ad
1619 550 1756 584 quidlibet

966 597 1035 624 clam
1052 598 1218 625 audendum.

973 674 975 676 η
1002 642 1048 669 Xl.
1066 643 1119 670 Sua
1133 648 1224 670 tamen
1243 650 1304 678 spes
1319 642 1459 668 mulierem
1474 641 1586 668 fefellit:
1606 649 1668 668 nam
1682 649 1755 668 sum-

968 697 1030 716 mus
1041 689 1162 723 pontifex
1174 689 1311 724 Agapetus
1323 689 1436 715 veniens
1446 688 1709 722 Constantinopolim
1721 687 1754 719 ⁸⁸,

968 741 1059 760 rerum
1086 734 1242 760 Italicarum
1269 740 1362 765 causa,
1389 733 1544 760 adulterum
1569 733 1649 767 225
1672 733 1755 764 hunc,

968 779 1154 813 nequidquam
1179 779 1322 806 obnitente
1341 787 1395 814 qua
1420 779 1512 810 minis,
1539 787 1592 813 qua
1618 778 1755 813 precibus,

969 825 1083 858 aurique
1099 824 1238 852 oblatione
1250 824 1383 860 Augusta,
1398 832 1474 851 suam
1486 824 1605 859 primum
1619 825 1653 851 ad
1664 825 1757 852 Eccle-

969 871 1035 898 siam
1063 871 1179 903 remisit,
1210 876 1268 898 tum
1295 872 1405 906 penitus
1418 871 1565 904 abdicavit,
1584 872 1697 906 ipsoque
1711 879 1757 900 vo-

967 917 1040 944 lente
1048 917 1214 950 Justiniano,
1223 918 1347 945 Mennam
1356 919 1444 945 virum
1455 919 1596 945 meliorem
1605 918 1757 946 substituit.

1004 963 1060 989 ΧΠ.
1076 962 1174 990 Verum
1186 972 1267 998 quam
1277 963 1586 999 Constantinopolitanae
1596 972 1649 991 non
1659 964 1757 999 potuit,

969 1009 1097 1036 Romanae
1124 1018 1186 1037 mox
1208 1010 1338 1037 Ecclesiae
1363 1010 1515 1045 perniciem
1539 1010 1640 1037 inferre
1664 1010 1757 1037 molita

968 1057 1019 1080 est.
1037 1053 1157 1089 Agapeto
1170 1054 1254 1087 enim,
1271 1062 1332 1081 cum
1351 1054 1377 1081 in
1400 1061 1433 1082 eo
1451 1058 1532 1086 esset,
1555 1059 1585 1081 ut
1609 1059 1760 1082 revertere-

971 1102 1015 1126 tur
1037 1099 1065 1126 in
1091 1098 1266 1126 Occidentem
1281 1120 1288 1132 ,
1309 1099 1343 1126 ad
1372 1107 1487 1134 superos
1509 1100 1660 1132 translato,
1685 1101 1759 1136 Vigi-

968 1144 1035 1171 lium
1058 1144 1172 1179 Agapeti
1187 1144 1407 1179 apocrisiarium,
1433 1153 1514 1179 quem
1532 1145 1589 1172 sedi
1604 1146 1760 1180 apostolica:

970 1190 1076 1217 inhiare
1091 1195 1215 1222 noverat,
1234 1191 1376 1225 promissis
1394 1191 1558 1225 aggteditltr.
1584 1191 1706 1226 Spondet
1729 1196 1759 1218 ut

968 1235 1091 1262 Belisarii
1118 1236 1232 1263 Romam
1258 1241 1324 1263 tunc
1348 1237 1467 1263 tenentis
1483 1245 1534 1271 ope
1547 1237 1669 1271 pontifex
1682 1245 1760 1264 crea-

969 1285 1054 1313 retur,
1065 1282 1087 1308 si
1099 1282 1273 1315 promitterct
1290 1286 1395 1309 tantum
1410 1290 1449 1314 se,
1461 1290 1523 1309 cum
1536 1283 1654 1316 primum
1666 1283 1758 1310 sedem

970 1328 1147 1362 apostolicam
1158 1333 1329 1362 occupasset,
1344 1332 1372 1355 et
1381 1329 1486 1364 synodo
1495 1328 1548 1355 vim
1558 1329 1759 1362 detracturum,

969 1376 996 1398 et
1016 1371 1175 1404 Theodosii,
1193 1372 1327 1404 Anthimi,
1344 1373 1494 1407 Severique
1505 1373 1586 1400 fidem
1599 1374 1699 1402 litteris
1713 1374 1760 1401 lir-

969 1421 1105 1444 maturum
1119 1427 1125 1443 :
1141 1417 1247 1444 addidit
1261 1418 1403 1452 promissis
1412 1418 1494 1450 dona,
1507 1419 1566 1445 auri
1578 1423 1682 1454 septem
1694 1427 1760 1447 cen-

970 1463 1073 1489 tenaria
1090 1472 1097 1495 ;
1115 1463 1176 1490 auri
1192 1464 1299 1498 species
1318 1464 1478 1497 perstrinxit
1497 1464 1635 1492 hominem
1647 1473 1759 1493 avarum

968 1508 1044 1543 juxta
1058 1513 1084 1535 et
1100 1508 1285 1535 ambitiosum.
1298 1508 1388 1541 Quare
1404 1509 1468 1536 dato
1480 1509 1662 1545 chirographo
1677 1511 1757 1538 fidem

971 1553 1127 1588 obstringit,
1153 1558 1180 1580 et
1204 1554 1237 1581 ad
1260 1554 1378 1588 prazdam
1405 1555 1498 1581 volat:
1523 1555 1570 1582 sed
1587 1555 1758 1591 liomamap-

971 1599 1067 1633 pulsus
1096 1598 1244 1625 Silverium
1276 1601 1378 1633 reperit
1401 1600 1456 1634 jam
1483 1600 1652 1628 ordinatum.
1669 1602 1760 1629 Monet

970 1644 1003 1670 de
1017 1651 1047 1670 re
1064 1644 1246 1676 Theodoram,
1266 1644 1345 1678 jubet
1361 1644 1406 1671 illa
1423 1644 1581 1672 Bclisarium
1596 1646 1759 1680 proditionis

971 1690 1134 1716 calumniam
1151 1689 1267 1717 Silverio
1281 1690 1380 1722 facere,
1401 1694 1428 1717 et
1451 1691 1478 1716 in
1500 1691 1626 1718 exsilium
1647 1692 1757 1726 ejicere,

970 1736 1056 1770 ejecto
1065 1736 1213 1771 subrogare
1222 1736 1359 1770 Vigiiium.
1374 1736 1448 1762 Fecit
1458 1736 1591 1770 imperata
1601 1737 1757 1768 Bclisarius,

970 1786 1084 1816 cogente
1108 1781 1244 1808 Antonina
1272 1790 1367 1814 uxore,
1396 1790 1450 1816 qua
1479 1782 1603 1810 ministra
1630 1784 1759 1810 utebatur

971 1825 1126 1859 'l‘heodora,
1141 1827 1291 1861 redemptis
1308 1827 1507 1854 adulteriorum
1519 1829 1695 1856 excusatione
1707 1830 1760 1856 mi-

970 1871 1100 1898 nisteriis.

1006 1916 1074 1944 Xlll.
1089 1917 1204 1952 Ejicilur
1217 1926 1284 1953 ergo
1296 1918 1419 1945 Pataram
1435 1919 1460 1946 in
1475 1919 1602 1946 exsilium
1614 1919 1757 1951 Silverius;

969 1965 977 1973 '
992 1963 1039 1990 sed
1055 1963 1211 1990 Patarensis
1230 1964 1353 1998 episcopi
1375 1965 1427 1991 viri
1451 1965 1617 1991 sanctissimi
1641 1966 1756 1997 monitu,

967 2007 1045 2043 jubet
1075 2008 1139 2035 inde
1174 2009 1269 2036 reduci
1299 2010 1465 2044 imperator,
1491 2014 1522 2037 ut
1548 2016 1758 2044 cognosceretur

969 2053 1061 2081 Romae
1077 2061 1168 2081 causa.
1189 2055 1244 2082 Hac
1268 2059 1358 2083 tamen
1381 2056 1514 2086 inaudita,
1539 2064 1664 2084 summus
1691 2065 1759 2091 pon-

969 2099 1035 2126 tifex
1053 2099 1150 2135 Vigilio
1165 2101 1294 2128 venditur
1318 2102 1445 2128 ducentis
1467 2102 1526 2128 auri
1554 2102 1654 2136 pondo,
1679 2103 1757 2137 cujus

968 2145 1096 2172 mandato
1106 2146 1134 2173 in
1149 2146 1266 2174 insulam
1277 2147 1417 2174 Palmarite
1426 2147 1576 2181 proximam
1585 2147 1755 2182 deportatus,

967 2191 1152 2226 atrumnisque
1167 2196 1213 2218 aut
1237 2192 1325 2219 inedia
1347 2192 1509 2227 absumptus
1530 2193 1654 2229 martyrii
1680 2202 1757 2221 corn-

966 2244 1028 2263 nam
1045 2237 1161 2271 adeptus
1173 2242 1224 2264 est.

1002 2281 1069 2309 XIV.
1086 2282 1182 2309 Fertur
1199 2283 1313 2318 Vigilius
1327 2284 1436 2311 interim
1451 2284 1570 2316 dedisse,
1583 2293 1651 2320 quas
1662 2289 1757 2320 pactus

966 2333 1034 2358 erat,
1051 2335 1166 2355 arcanas
1180 2329 1296 2361 litteras,
1319 2334 1349 2356 ut
1371 2330 1470 2365 pignus
1487 2330 1587 2363 forent,
1607 2336 1655 2358 aut
1674 2332 1756 2358 arrha

966 2373 1067 2407 potius,
1095 2374 1168 2406 fidei,
1196 2382 1259 2401 cum
1287 2379 1396 2409 tempus
1409 2376 1522 2407 sineret,
1544 2377 1710 2411 prodendzc:
1729 2377 1755 2404 in

967 2419 1000 2446 iis
1015 2419 1188 2446 Theodorum
1200 2420 1362 2447 nominatim
1374 2426 1457 2455 atque
1469 2421 1672 2449 Theodoretum
1682 2423 1758 2450 dam-

966 2458 1069 2496 nabat;
1084 2465 1228 2500 ipsumque
1256 2466 1375 2493 Leonem
1402 2467 1539 2501 Magnum,
1564 2472 1645 2502 atque
1673 2468 1757 2494 etiam

966 2515 1088 2536 sanctam
1106 2511 1250 2546 synodum.

970 2556 977 2560 '
1002 2555 1072 2583 Sunt
1097 2556 1144 2590 qui
1164 2557 1270 2584 litteras
1296 2558 1410 2585 credant
1436 2559 1591 2592 suppositas
1613 2558 1647 2585 ab
1673 2559 1755 2590 Afris,

966 2601 1064 2636 Vigilio
1087 2602 1262 2637 impudenter
1275 2603 1390 2631 infensis
1405 2613 1411 2635 ;
1430 2612 1481 2631 nec
1499 2612 1566 2631 rana
1585 2605 1756 2632 credentium

967 2647 1034 2674 fides
1049 2649 1159 2676 videtur
1177 2659 1183 2676 :
1200 2658 1262 2678 nam
1278 2652 1368 2685 primo
1384 2651 1455 2685 apud
1482 2651 1587 2678 nullum
1617 2656 1758 2679 auctorem

965 2693 1104 2728 leguntur,
1123 2699 1223 2729 praeter
1248 2695 1328 2723 Afros
1355 2695 1426 2722 duos
1449 2695 1648 2729 schismaticos,
1673 2696 1756 2724 Libe-

816 2767 975 2797 SCllL‘Lle
995 2769 1111 2797 NOT/E.

161 2839 318 2869 i“Liberat.
335 2841 430 2875 Brcv.,
453 2851 513 2879 cap.
530 2843 560 2870 2|
582 2850 609 2871 et
627 2845 678 2877 :22;
696 2846 789 2874 Anast.
815 2848 946 2878 Biblioth.
964 2855 990 2877 et
1007 2851 1121 2886 Proeop.
