1967 3047
147 172 196 206 179

706 170 893 201 (ΞΑΗΝΕΒΙΙ
914 169 1160 201 DISSEilTATIO
1180 172 1203 201 Ι.

1715 167 1764 200 180

103 245 111 253 .
145 228 174 256 in
201 227 321 255 Ecclesia
334 228 492 255 auctoritas.
508 228 542 256 Ut
556 228 628 255 enim
639 228 677 255 rei
694 227 818 263 gerenth
833 225 929 253 modus
945 226 964 253 Δ
981 226 1086 258 suadet,
1113 228 1265 262 Acephalos
1287 235 1341 254 uoii
1361 232 1413 254 tam
1431 227 1510 254 facile
1524 225 1656 253 debellari
1675 233 1765 261 posse.

146 273 315 308 displiceret,
343 281 387 300 res
410 278 500 300 tamen
521 274 578 308 ipsa
604 280 753 308 paucorum
779 273 927 300 intererat:

146 319 281 354 siquidem
299 319 350 346 hoc
360 319 393 346 dc
406 318 515 354 Origine
531 319 633 346 bellum
651 319 678 346 in
690 319 806 346 desertis
819 317 930 353 potissi—

146 372 220 392 mum
242 364 310 391 locis
333 364 403 391 inter
426 365 574 391 monachos
595 365 736 399 agebatur.
759 363 810 396 Qui
838 367 929 390 autem

147 410 216 445 stylo
230 409 411 444 imperatoris,
422 417 477 444 quo
490 410 616 444 Pelagius
635 410 773 442 utebatur,
797 409 929 443 peteban-

147 459 191 482 tur
203 455 323 489 episcopi
338 455 402 485 duo,
425 454 588 482 Theodorus
611 460 638 482 et
664 455 846 486 Domitianus,
871 461 929 480 ser—

145 501 257 528 viebant
276 508 324 534 pro
344 508 418 527 morc
435 508 485 527 suo
502 500 628 534 tempori,
646 500 776 534 tacitique
791 499 874 534 228
887 506 930 525 se—

146 547 300 580 quebantur
333 546 503 580 imperatoris
533 550 626 578 nutus,
656 545 706 573 etsi
730 549 932 580 aucuparentur

147 592 318 618 occasionem
343 593 450 627 Pelagio
474 592 569 627 synodi
587 592 710 619 studioso
727 590 875 626 reponendi
889 590 930 616 vi-

147 643 217 663 cem.
234 636 347 663 Occasio
364 637 501 671 quomodo
517 644 545 663 se
560 637 676 667 dederit,
690 644 751 663 mox
765 635 930 668 narrabitur,

149 681 194 708 ubi
208 681 241 708 de
256 682 360 708 ratione
375 682 506 716 temporis
522 689 607 716 pauca
631 681 754 716 quaedam
778 681 867 708 obiter
888 681 931 708 di-

149 727 277 754 xerimus.

185 771 338 799 Obscurum
360 777 412 804 est,
434 781 488 807 quo
505 781 576 800 anno
591 777 664 807 gesta
679 773 743 803 sint,
759 781 819 806 qua:
835 772 932 799 retuli—

150 825 221 849 mus,
246 825 354 852 quoque
376 818 438 845 data
459 818 606 846 Justiniaui
632 818 752 852 Epistola
770 818 819 853 (sic
832 818 932 844 librum

150 863 208 896 ipse
224 862 368 898 nominat).
383 862 536 890 Obscurum
560 871 625 890 vero
645 863 758 895 idcirco,
773 862 845 897 quod
860 863 932 889 nulla

151 906 282 942 temporis
304 912 379 940 nota,
403 911 450 935 aut
469 908 497 935 in
511 908 624 942 epistola
636 908 821 943 consignetur,
839 912 934 936 contra

150 959 255 979 morem
282 952 437 986 Sacrarum,
460 958 507 981 aut
526 954 560 980 ab
584 954 722 980 historicis
742 954 793 980 hac
818 953 844 979 in
858 956 934 987 parte

151 998 297 1025 incuriosis
318 998 440 1025 tradatur
456 1007 463 1025 :
488 998 570 1026 certis
585 1003 675 1025 tamen
687 999 854 1033 argumentis
868 1005 934 1024 cou-

150 1044 258 1071 clusum
279 1048 321 1071 est
345 1044 373 1071 in
389 1044 580 1072 dissertatione
600 1045 633 1072 de
651 1045 746 1079 quinta
761 1044 876 1080 synodo,
892 1043 935 1070 Li-

152 1087 239 1115 berati
257 1088 396 1115 Breviario
409 1089 564 1123 subjuncta,
594 1089 662 1115 Zoili
689 1088 798 1123 quidem
823 1087 934 1114 ordina-

151 1133 253 1160 tionem
268 1141 340 1161 anno
353 1134 413 1167 540,
423 1134 557 1169 judicium
573 1141 638 1161 vero
664 1134 838 1168 imperatoris
865 1141 935 1160 auiio

152 1182 283 1213 sequente
308 1179 465 1214 contigisse.
494 1180 560 1207 Nam
584 1179 669 1214 quod,
689 1179 844 1213 Nicephoro
866 1178 937 1205 Cou-

152 1224 394 1259 staiitinopolitano
405 1229 526 1257 auctore,
547 1233 563 1252 a
579 1225 743 1260 quibusdam
769 1224 869 1250 dicitur
895 1231 938 1250 se-

151 1274 226 1304 ptem
243 1278 329 1297 annos
347 1275 452 1298 tantum
469 1271 572 1298 sedisse
601 1271 703 1301 Zoilus,
728 1278 808 1304 queui
832 1273 938 1296 constat

153 1322 225 1341 anno
251 1315 297 1342 55I
326 1315 492 1349 depositum,
505 1315 610 1341 minimi
624 1318 666 1341 est
680 1321 734 1348 pro:
751 1313 811 1340 aliis
827 1313 938 1340 rationi-

154 1360 206 1386 bus
231 1360 372 1386 momenti.
398 1360 569 1394 Nicepliorus
592 1360 676 1390 enim,
703 1364 732 1386 ut
751 1359 785 1386 de
801 1359 858 1385 suis
869 1357 937 1385 Cou-

154 1403 415 1438 stautinopolitaiiis,
429 1404 517 1438 iisque
528 1412 583 1431 sua:
590 1404 662 1431 tetati
673 1403 861 1436 ricinioribus,
872 1403 938 1430 certi

154 1449 258 1483 aliquid
283 1450 433 1484 scripserit,
457 1449 491 1477 de
515 1449 577 1476 aliis
603 1454 677 1476 certe
699 1449 812 1476 aliarum
832 1448 938 1476 sedimu

155 1495 320 1529 patriarcliis
343 1495 443 1530 tibique
465 1495 522 1522 fere
555 1495 698 1522 manifeste
726 1495 792 1522 falsa
817 1494 938 1527 tradidit,

157 1544 187 1566 tit
202 1540 229 1567 iu
239 1540 395 1575 praefatione
406 1541 438 1568 ad
453 1541 611 1568 Liberatuin
627 1541 842 1567 demonstratum
853 1544 904 1567 est.

437 1595 548 1624 CAPUT
576 1595 656 1623 XVII.

159 1642 179 1670 Ι.
195 1642 288 1669 Scribit
302 1643 445 1677 imperator
457 1643 581 1669 adversus
603 1641 746 1676 Acepliuloa
774 1650 820 1677 pro
844 1641 942 1675 synodo

192 1676 405 1704 Clialccdoneiisi.
421 1677 452 1703 Il.
469 1677 595 1704 Scribenti
609 1681 698 1703 auctor
723 1680 761 1702 est
785 1676 942 1706 Theodorus,

194 1716 223 1747 git
239 1713 337 1747 stylmn
358 1716 490 1747 conuertat
514 1713 541 1738 in
557 1712 609 1738 tria
622 1711 720 1746 capita,
734 1710 825 1747 quibus
841 1711 943 1747 {avebat

194 1745 328 1781 Pelagius.
351 1746 394 1773 IlI.
417 1745 511 1773 Scribit
525 1747 677 1781 imperator,
693 1746 868 1781 scriptumque
879 1745 945 1781 reci-

195 1779 269 1816 pinni
293 1781 430 1807 orientalis
450 1779 716 1816 imperii'ontistites.
736 1779 778 1807 IV.
797 1779 890 1816 Βρλὶτῇ
903 1779 945 1807 Vi-

194 1814 272 1849 gilius
296 1823 354 1842 cum
381 1815 535 1842 accidentuli
561 1815 690 1846 Ecclesia,
717 1815 850 1850 frendente
866 1814 946 1841 Theo-

196 1850 271 1876 dora.
287 1851 319 1877 V.
335 1849 435 1884 Pelagii
454 1850 565 1877 Romam
579 1851 698 1882 reditus;
717 1858 746 1876 eo
764 1850 869 1876 absente
886 1857 947 1884 pro-

196 1889 248 1911 stat
271 1886 382 1911 edictum
410 1885 441 1911 de
460 1886 605 1919 recipiendo
627 1886 732 1920 scripto.
756 1885 799 1911 VI.
818 1884 947 1920 Ind‘iritur

197 1919 335 1954 concilium
364 1919 485 1954 generale
509 1920 537 1946 in
562 1929 640 1946 causa
666 1918 742 1946 trium
771 1918 945 1954 capitulorum

197 1953 424 1989 Constantinopoli
450 1955 606 1981 habendum.
635 1955 691 1981 VII.
721 1954 827 1989 Cogitur
853 1961 882 1989 eo
908 1954 947 1989 ire

198 1989 325 2024 pontifex.
343 1987 410 2016 VIII.
427 1989 460 2016 In
473 1991 514 2016 vin
542 1993 625 2024 tentot
644 1987 794 2024 r/firerefut
811 1989 839 2015 in
857 1987 947 2014 Sicilia

198 2023 326 2059 habeatur
344 2024 468 2058 synodus.
489 2024 533 2051 IX.
552 2023 803 2059 Constantinopolim
818 2025 949 2058 ingressus

199 2058 309 2085 damnat
319 2067 371 2090 eos,
386 2060 429 2093 qui
441 2059 552 2086 edictum
563 2064 724 2094 receperant,
736 2059 815 2085 etiam
826 2059 949 2085 Hennam

200 2094 279 2128 regite
293 2094 363 2120 urbis
389 2092 545 2129 episcopum.
563 2092 597 2119 Χ.
620 2092 722 2120 Nititur
744 2093 880 2129 Theodoro
901 2094 950 2129 In};

200 2127 334 2154 occasione
346 2127 498 2155 Anthimuin
510 2136 640 2159 revocare,
661 2129 705 2155 sed
721 2129 829 2162 frustra.
848 2127 891 2154 XI.
909 2127 951 2153 Vi-

199 2162 293 2198 gilium
309 2164 454 2198 imperator
467 2169 534 2190 metu
545 2171 636 2198 rogere
652 2168 762 2189 conatur
774 2163 807 2188 ad
823 2163 951 2197 recipien-

201 2197 265 2224 dum
282 2197 403 2224 edictum.
422 2198 479 2225 XII.
492 2198 575 2225 Habet
587 2207 662 2225 suum
675 2198 812 2224 conciliant
824 2197 950 2231 pontifex,

202 2237 226 2258 et
240 2267 244 2268 γ
257 2231 411 2260 Judicatum
424 2234 525 2268 isti-ibit,
557 2241 608 2268 quo
633 2233 744 2268 dainnut
772 2233 950 2268 trioncupito,

202 2267 282 2294 salvis
289 2268 414 2302 personis.
424 2267 491 2294 XIII.
501 2265 655 2294 Ilelnrtutur
665 2267 812 2294 Fltt‘tllttltts.
822 2265 890 2294 XIV.
900 2266 952 2293 Alii

202 2303 281 2328 etiam
297 2307 501 2329 commoventur.

368 2357 405 2382 AI)
415 2364 479 2382 anno
491 2358 578 2383 Christi
591 2357 632 2382 5H
654 2358 682 2382 ad
700 2358 752 2381 3MB.

204 2410 226 2437 Ι.
243 2409 388 2445 Postquam
403 2410 573 2438 .lustiniaiius
588 2419 668 2438 suum
680 2410 713 2437 de
728 2411 844 2445 Origene
854 2411 963 2448 librum.

170 2455 205 2482 ab
232 2456 360 2482 omnibus
385 2457 530 2490 probatum
551 2455 682 2490 vidisset,
710 2456 799 2483 siiuile
826 2456 955 2491 quiddam

172 2502 321 2529 meditatus
347 2506 388 2527 est
414 2501 547 2528 adversus
573 2502 735 2537 Aceplialos,
763 2510 818 2535 quo
844 2502 957 2537 perinde

175 2547 289 2580 probato
313 2546 466 2579 fiuireutur,
495 2553 525 2574 ut
553 2548 664 2582 quidem
678 2548 816 2582 sperabat,
831 2548 958 2575 Ecelesite

173 2593 254 2624 bella,
269 2599 417 2626 omnesque
435 2593 462 2619 in
474 2594 637 2622 sententiam
649 2593 744 2628 synodi
760 2594 957 2628 conspirarent.

209 2637 242 2665 ll.
259 2637 327 2664 Cum
343 2643 416 2665 totus
430 2638 457 2665 in
471 2646 503 2666 eo
518 2645 600 2671 esset,
610 2639 746 2674 simulque
758 2639 853 2674 synodi
868 2639 960 2666 llrft‘ll-

174 2683 280 2711 sionem
303 2688 398 2711 contra
418 2684 570 2719 Aeepbalos
593 2693 661 2719 pene
683 2685 854 2718 absolvisset,
870 2684 960 2712 Theo-

176 2730 260 2756 dorus
286 2728 464 2756 Caesariensis
491 2728 637 2763 episcopus
661 2729 870 2756 communicatis
899 2737 960 2756 eum

175 2775 296 2810 Augusta
310 2775 441 2807 consiliis,
458 2774 589 2801 utendum
607 2779 682 2801 ratus
691 2780 732 2802 est
747 2774 960 2809 opportunitate,

176 2828 230 2854 qua
246 2820 355 2855 Pelagio
372 2820 498 2852 diacono,
513 2819 645 2855 synodum
658 2819 780 2854 apprime
793 2819 960 2851 observanti,

177 2871 228 2900 par
240 2864 364 2892 referret.
385 2864 546 2899 Imperatori
564 2872 630 2900 ergo
643 2865 762 2892 scribere
777 2863 882 2892 ardenti
898 2871 962 2899 per-

954 1549 975 1578 c
992 1553 1064 1576 cuiu,
1080 1545 1164 1571 etiam
1176 1547 1237 1578 post
1248 1543 1433 1570 Ecclesiaruin
1446 1548 1539 1575 pacem

981 280 1062 306 quam
1088 272 1265 308 Origenistas,
1290 281 1351 300 cum
1371 272 1409 299 illi
1426 272 1453 299 in
1467 271 1625 299 civitatibus
1640 270 1765 298 domina-

982 323 1087 351 rentur,
1116 319 1160 346 isti
1181 319 1298 346 laterent
1325 319 1351 346 iii
1372 319 1456 346 lauris
1479 317 1679 350 autmandris;
1695 316 1765 344 Acc-

982 363 1076 397 plialos
1105 372 1121 391 a
1145 363 1227 399 229
1256 364 1358 399 synodo
1386 364 1442 398 ipsa
1470 362 1686 390 Clialcedoueusi
1711 369 1766 389 non

981 409 1142 441 abhorrere,
1165 409 1213 436 sed
1242 410 1276 436 ab
1308 409 1341 436 iis
1365 414 1469 436 tantum
1491 408 1660 439 hominibus,
1686 415 1765 442 quos,

981 453 1106 480 Nestorio
1123 461 1176 480 non
1190 455 1296 482 sincere
1308 455 1423 489 ejurato,
1442 453 1600 488 recepisset,
1612 453 1767 487 quibusque

982 498 1108 532 receptis,
1121 498 1208 525 videri
1227 503 1343 533 poterat,
1363 506 1424 525 cum
1446 497 1572 524 Nestorio
1596 496 1767 530 aliquatenus

982 544 1106 577 sentire;
1135 545 1214 571 unica
1242 545 1292 571 hac
1321 543 1502 572 confessionis
1525 541 1616 577 specie
1633 541 1768 576 plurimos

982 590 1105 621 offendi,
1135 591 1235 625 alioqui
1261 590 1424 621 Catliolicos,
1449 594 1477 616 et
1502 588 1587 623 pacis,
1617 595 1670 622 qua
1700 586 1768 614 fides

984 639 1040 662 tuta
1058 635 1103 666 sit,
1121 635 1430 662 auiaiites:Catholieos
1452 633 1596 669 ejusmodi,
1621 632 1691 660 facto
1715 631 1768 659 sibi

982 679 1182 714 Accplialoruui
1205 680 1326 711 nomine,
1354 679 1447 706 testari
1468 678 1534 706 satis
1551 685 1580 705 se
1601 685 1691 712 neque
1710 676 1767 704 Eu-

984 725 1092 761 tychen,
1106 733 1194 761 neque
1207 725 1362 752 Nestorium
1383 724 1470 759 sequi,
1502 728 1583 758 atque
1605 723 1642 750 ita
1659 726 1768 757 paratos

984 772 1109 799 assentiri
1126 771 1229 807 synodo
1239 776 1386 805 utrumque
1403 769 1542 797 dainnauti
1557 777 1564 801 ;
1577 768 1644 803 quin
1660 774 1708 794 eos
1722 774 1769 801 pa-

984 818 1036 844 lam
1052 825 1208 844 asseverare
1230 817 1392 851 sincereque
1418 815 1551 851 profiteri,
1577 814 1598 841 si
1622 812 1768 850 proscripti

985 862 1086 890 fuerint
1099 861 1291 889 haereticorum
1308 861 1429 896 magistri
1451 868 1482 887 ac
1497 860 1666 891 defensores,
1687 862 1768 892 atque

985 907 1053 934 adeo
1072 911 1172 934 sancta:
1191 906 1286 942 synodi
1307 906 1451 940 Ephesinze
1462 904 1610 940 Cyrillique
1622 902 1770 931 calumnia-

986 956 1068 984 tores,
1080 959 1263 979 consensuros
1277 959 1306 979 se
1329 951 1447 978 libenter
1468 950 1495 977 iu
1520 956 1602 976 uuam
1627 948 1689 975 ﬁdei
1712 946 1769 973 for-

985 1006 1056 1026 mam
1073 1007 1080 1025 :
1098 1006 1207 1025 causam
1231 998 1313 1025 trium
1337 996 1491 1027 hominum,
1516 995 1598 1023 etiam
1622 994 1769 1024 bonorum,

986 1051 1039 1069 non
1066 1050 1125 1070 esse
1152 1042 1229 1073 tanti,
1247 1041 1313 1076 quin
1333 1041 1425 1076 sperni
1438 1040 1525 1075 possit
1537 1047 1592 1074 prie
1605 1038 1680 1065 orbis
1693 1044 1769 1072 pace.

1022 1088 1090 1116 Tres
1104 1089 1175 1121 illos,
1193 1088 1227 1115 de
1242 1088 1344 1122 quibus
1361 1087 1462 1122 agitur,
1483 1093 1538 1112 non
1563 1092 1623 1112 esse
1647 1084 1767 1118 integros

987 1136 1075 1168 fatuae,
1093 1142 1144 1162 nec
1161 1134 1309 1161 criminum
1333 1140 1434 1168 puros;
1460 1131 1638 1159 Theodorum
1653 1129 1698 1157 diu
1719 1135 1771 1155 no-

988 1181 1070 1208 iiiiiiis
1087 1180 1129 1208 sui
1148 1180 1244 1207 umbra
1260 1179 1359 1206 texisse
1372 1177 1497 1205 infandas
1508 1177 1638 1205 haereses,
1651 1180 1767 1209 quarunt

989 1233 1070 1254 causa
1085 1225 1111 1252 fu
1119 1225 1171 1252 crit
1188 1233 1202 1252 ιι
1215 1224 1318 1260 Cyrillo
1332 1223 1444 1258 scriptis
1469 1222 1548 1249 libris
1570 1219 1771 1255 reprehensus;

988 1280 1061 1304 eum,
1079 1272 1144 1298 dum
1160 1271 1275 1302 viveret,
1289 1273 1413 1296 coactum
1438 1266 1591 1295 Antiochia:
1605 1263 1773 1300 palinodiam

988 1317 1134 1352 aliquando
1148 1323 1257 1347 cauere.
1281 1318 1343 1349 post
1356 1318 1470 1340 mortem
1491 1320 1506 1339 a
1530 1311 1615 1339 sacris
1636 1307 1773 1344 diptycliis

993 1355 1159 1398 expunctum
1171 1363 1253 1389 etiam
1266 1370 1280 1388 a
1294 1362 1361 1388 suis.

1026 1409 1230 1436 Tlieodoretum
1254 1407 1444 1441 Peiitalogiuni
1468 1404 1611 1438 scripsisse
1643 1401 1774 1428 adversus

991 1454 1156 1490 Ephesinam
1190 1453 1335 1489 synodum.
1355 1451 1487 1486 Cyrillum
1514 1450 1589 1477 velut
1614 1447 1774 1475 haereticqu

992 1498 1292 1531 lraduxisse,laudasse
1326 1495 1483 1523 Nestorium
1500 1499 1628 1528 tanquam
1654 1490 1776 1519 Catholi-

1561 1549 1567 1566 :
1588 1539 1677 1565 virum
1692 1536 1776 1564 exsti—

994 1591 1059 1617 tisse
1072 1589 1179 1616 factiosi
1194 1588 1307 1622 ingenii,
1323 1586 1370 1621 qui
1388 1586 1515 1613 debuerit
1531 1583 1704 1620 imperatoris
1718 1589 1779 1609 san-

994 1636 1084 1662 ctione
1095 1633 1230 1661 contineri
1244 1632 1315 1667 Cyro
1329 1631 1405 1666 quasi
1424 1637 1543 1662 carcere,
1570 1637 1604 1656 ne
1618 1626 1778 1655 tumultuari

995 1684 1135 1716 pergeret;
1146 1680 1219 1714 juste
1233 1678 1345 1712 Ephesi,
1356 1677 1419 1704 licet
1434 1676 1467 1703 ab
1479 1676 1591 1711 iiijusto,
1611 1672 1779 1708 depositum,

996 1734 1046 1752 uec
1061 1725 1095 1752 ab
1111 1722 1336 1751 Occidentalibus
1354 1722 1513 1749 restitutum
1533 1728 1566 1747 ex
1591 1720 1678 1746 forma
1700 1724 1782 1744 cauo-

996 1779 1079 1798 iiuni:
1109 1770 1279 1797 renuntiasse
1299 1768 1410 1804 quidem
1435 1766 1562 1795 Nestorio
1590 1764 1779 1796 Chalcedone,

998 1817 1044 1845 sed
1057 1817 1141 1844 verbo
1153 1821 1246 1848 tenus;
1259 1815 1363 1850 Syriam
1377 1813 1567 1844 commovisse,
1578 1812 1643 1839 dum
1659 1811 1780 1841 viveret;

998 1864 1103 1894 urbem,
1124 1866 1186 1897 post
1203 1865 1330 1888 mortem.

1032 1909 1092 1936 .laui
1107 1916 1171 1935 vero
1187 1907 1260 1934 Iliam
1280 1905 1389 1941 iudiciis
1401 1905 1509 1931 duobus
1533 1902 1701 1937 postulatum
1719 1899 1785 1926 fuis-

999 1964 1027 1981 se
1050 1954 1083 1981 de
1112 1953 1286 1984 criminibus,
1304 1959 1421 1986 quorum
1447 1949 1567 1983 suspicio
1585 1946 1696 1974 infamia
1724 1949 1783 1978 est;

1001 1999 1267 2034 causaiiijudicatam
1284 2006 1337 2024 nou
1352 1995 1479 2028 esSe,scd
1494 1993 1701 2022 dissimulanter
1712 1998 1785 2018 com-

1002 2044 1134 2079 positam:
1148 2043 1256 2070 Edessze
1272 2041 1392 2068 scholam
1406 2038 1597 2067 Nestorianam
1617 2036 1650 2063 ab
1675 2043 1718 2067 eo,
1733 2041 1787 2068 qua

1002 2091 1054 2117 late
1070 2097 1118 2124 per
1135 2088 1251 2123 populos
1265 2087 1351 2122 pestis
1383 2088 1567 2120 spargeretur,
1585 2081 1628 2108 vel
1653 2084 1786 2115 apertam.

1003 2137 1046 2162 vel
1064 2136 1165 2166 fotaui;
1180 2134 1215 2161 ab
1230 2141 1263 2160 eo
1279 2131 1422 2167 Ephesium
1444 2128 1550 2164 synodo
1572 2131 1722 2160 sanctoque
1734 2125 1787 2160 Cy-

1004 2181 1066 2208 rillo
1081 2181 1183 2207 illatam
1195 2178 1323 2214 injuriain
1336 2186 1342 2210 ;
1357 2176 1451 2204 eadem
1469 2175 1558 2209 ipsum
1572 2180 1634 2200 cum
1662 2170 1790 2198 Theodo-

968 2226 990 2254 D
1007 2233 1065 2254 retu
1078 2225 1238 2261 pertinacia,
1252 2229 1279 2251 et
1293 2223 1404 2250 ιιίιτρεὶε
1415 2225 1541 2248 auctores
1569 2217 1719 2246 honoriﬁce
1740 2224 1789 2250 ap-

1006 2271 1131 2307 pellasse,
1147 2274 1174 2297 et
1189 2268 1325 2304 sprevisse
1343 2266 1405 2293 fidei
1427 2265 1598 2292 defensores.

1041 2317 1079 2343 Ad
1108 2315 1166 2342 hinc
1192 2321 1302 2341 causam
1327 2311 1422 2348 synodi
1451 2307 1682 2337 Chalcedonensis
1712 2313 1792 2340 posse

1006 2362 1109 2390 facilca
1121 2368 1203 2387 causa
1214 2359 1297 2386 trium
1313 2357 1456 2384 liouiiiitiiii
1485 2353 1609 2389 seiungi;
1631 2352 1703 2379 illam
1730 2351 1792 2378 fidei

1007 2416 1078 2439 esse,
1096 2408 1176 2434 istam
1193 2411 1390 2440 personarum;
1416 2402 1497 2428 fidem
1515 2405 1572 2427 ttim
1599 2399 1710 2426 demum
1722 2397 1794 2424 intc-

1009 2462 1084 2489 gram
1104 2451 1221 2482 servari,
1242 2457 1305 2477 cum
1320 2448 1465 2475 anathema
1477 2446 1589 2477 dicitur,
1606 2451 1661 2470 non
1674 2442 1793 2470 homini—

1008 2499 1060 2526 bus
1073 2501 1182 2524 taiituiii
1197 2494 1313 2522 Iiwrcsin
1326 2491 1522 2529 professis,sed
1533 2490 1600 2525 ipsis
1614 2490 1697 2517 etiam
1709 2488 1795 2515 hatre-

1011 2544 1049 2572 εἰς
1067 2543 1179 2570 nomine
1191 2541 1335 2576 suspectis.

1046 2588 1168 2622 Denique
1181 2587 1301 2617 futuram
1316 2585 1387 2611 Iiaiic
1411 2582 1540 2610 omnibus
1563 2578 1796 2614 consequentibus

1012 2634 1119 2662 sarculis
1133 2632 1298 2667 singularem
1313 2629 1488 2664 imperatoris
1507 2627 1639 2668 _gloriam,
1659 2625 1681 2652 si
1699 2631 1796 2658 repur-

1012 2685 1101 2716 gasset
1115 2679 1249 2715 synodum
1266 2686 1281 2704 ει
1295 2676 1420 2707 maculis,
1443 2682 1511 2710 quas
1536 2671 1713 2700 humanitatis
1739 2670 1798 2716 fato

1013 2714 1210 2756 contraxisset;
1225 2723 1248 2750 si
1267 2721 1389 2749 dedisset.
1407 2726 1501 2754 pacem
1515 2717 1643 2745 Ecclesiae
1671 2714 1800 2742 omnibus

1015 2771 1095 2799 bouis
1108 2769 1273 2804 optabilem;
1295 2767 1317 2794 si
1335 2766 1457 2794 omnium
1488 2764 1643 2790 voluntates
1659 2761 1685 2788 in
1716 2766 1800 2786 uuam

1015 2816 1110 2847 fidem.
1125 2814 1240 2842 sublatis
1255 2813 1415 2848 opinionum
1439 2810 1571 2840 dissidiis,
1596 2808 1758 2835 aduiiasset:
1773 2804 1800 2830 id

1017 2863 1051 2890 ab
1067 2862 1232 2897 imperatore
1241 2860 1326 2886 Deum
1343 2864 1498 2894 reposcere,
1516 2860 1660 2890 postquam
1682 2851 1799 2881 Africani
