1967 3047
178 165 227 199 181

760 161 943 193 HISTORIA
960 159 1214 191 THEODORETI.

1761 153 1811 188 182

177 219 259 256 230
268 222 364 251 totam,
380 216 556 252 Siciliamque
569 221 596 244 et
612 215 716 244 italiam
733 223 795 243 cum
813 216 900 243 Roma
920 222 966 242 ve-
981 217 1002 244 A
1017 211 1156 256 dorusque
1181 211 1383 256 subripuissent
1402 219 1408 238 :
1435 211 1594 256 metuebant
1621 211 1727 239 scilicet
1743 218 1785 239 'ne
1798 231 1810 245 ν

179 269 235 292 tere
247 264 276 290 in
289 263 376 299 ipsius
390 263 522 290 ditionem
538 261 690 296 redegerit:
705 261 732 288 id
752 269 836 288 unum
852 259 966 295 rependi

181 316 288 345 possea
305 308 431 343 piissimo
449 308 584 342 principe,
597 314 646 341 pro
669 311 708 333 tot
736 306 859 333 victoriis
872 314 887 333 a
912 305 968 333 Nu-

179 354 252 381 mine
267 354 391 386 indultis,
410 353 474 380 dare
488 360 584 386 pacem
609 352 751 383 Ecclesiae,
767 359 827 386 qua:
854 351 901 377 Dei
922 358 967 378 re-

178 407 262 434 gnum
276 403 328 431 est,
341 405 424 433 quam
451 397 523 425 Deus
544 397 624 424 dedit
636 396 710 428 orbi,
730 395 804 431 quod
820 395 968 423 Justiniani

180 444 339 478 imperium.

217 487 260 516 lll.
277 488 325 514 His
336 487 453 522 aliisque
468 487 628 521 imperator,
647 491 677 513 ut
699 491 760 513 erat
780 486 863 513 homo
889 486 969 513 valde

180 534 279 565 bonus,
296 541 395 568 passus
411 532 583 566 estprimum
603 540 631 559 se
661 531 782 558 amoveri
811 539 826 558 a
841 535 969 566 suscepto

181 578 315 606 adversus
344 577 499 611 Aeephalos
523 583 623 611 opere,
656 579 712 603 tum
740 576 839 603 deinde
867 575 969 602 librum

181 621 320 649 Theodori
333 621 425 649 studio
438 621 642 652 clucubratum,
665 629 715 648 suo
740 621 850 648 nomine
870 620 970 648 inscri-

182 668 329 702 psitatquc
340 667 444 694 edidit:
463 666 583 694 edictum
597 671 703 702 postea,
722 666 795 702 quod
821 667 970 694 voluminis

183 713 268 740 instar
281 713 334 743 sit,
360 720 375 739 a
397 711 598 739 Theodorianis
626 712 808 747 compositum
838 712 970 739 adversus

183 759 234 786 tria
248 759 366 793 capitula
378 759 482 785 edidit:
497 759 615 793 denique
638 758 779 785 mandavit
792 758 894 792 ubique
916 762 971 785 ter-

183 813 286 836 rarum,
315 805 349 832 ab
380 805 508 832 omnibus
532 812 609 831 suam
637 804 728 831 edicto
741 803 970 838 subscriptionem

183 849 312 884 supponi.

1019 262 1072 289 qua
1087 254 1193 282 valebat
1203 254 1274 290 apud
1290 255 1484 289 imperatorem
1504 255 1601 290 gratia,
1617 263 1727 290 quoque
1749 256 1811 283 ani-

1019 307 1064 327 mo
1090 304 1149 328 erat
1168 308 1232 336 erga
1249 303 1370 327 sanctam
1395 300 1542 335 synodum,
1565 300 1715 335 prazstigias
1734 307 1814 327 suas

1020 345 1192 377 dissolveret,
1210 345 1404 372 etJustiniano
1423 345 1545 377 fraudes,
1558 353 1619 380 qua:
1640 345 1691 380 ipsi
1708 345 1803 372 tende-

1020 391 1131 423 bantur,
1148 391 1332 426 factionisque
1348 391 1466 418 infandm
1481 391 1628 418 consilium
1641 391 1774 426 aperiret.

1053 437 1163 471 Pelagio
1176 436 1261 470 igitur
1273 437 1368 471 procul
1389 437 1489 471 posito,
1516 437 1687 472 suffectoque
1709 437 1737 464 in
1749 437 1810 472 ejus

1021 482 1111 509 locum
1128 480 1278 516 Stephano,
1294 482 1405 509 homine
1418 483 1493 517 paris
1517 483 1630 517 quidem
1655 483 1741 511 studii
1757 491 1808 518 pro

1021 528 1084 559 fide,
1100 527 1148 554 sed
1160 527 1273 562 imparis
1283 527 1311 554 in
1328 527 1390 555 aula
1405 528 1499 562 gratim
1517 532 1600 563 atque
1620 529 1806 561 auctoritatis,

1021 573 1144 608 prostitit
1157 572 1397 608 Constantinopoli
1410 573 1532 600 edictum
1541 594 1548 605 ,
1577 574 1749 609 missumque
1773 575 1807 602 ad

1022 628 1120 647 omnes
1143 620 1220 647 orbis
1236 620 1392 655 episcopos.
1419 620 1538 647 concivit
1560 628 1632 652 eam,
1649 629 1710 656 qua:
1734 621 1808 649 dicta

1021 670 1073 698 est,
1094 665 1307 693 commotionem
1331 666 1496 693 animorum.
1520 666 1583 693 Haec
1609 671 1640 694 ut
1653 667 1807 700 sedaretur,

1022 712 1227 739 convocandam
1256 712 1341 740 totius
1368 712 1498 739 Ecclesia:
1530 712 1664 747 synodum
1679 713 1809 741 Iustinia-

1022 765 1074 785 nus
1088 758 1217 790 credidit,
1230 758 1288 792 ipsa
1299 762 1461 794 perurgente
1479 759 1612 793 Augusta,
1631 759 1679 786 sed
1701 764 1810 787 contra-

1023 803 1064 831 rio
1079 804 1206 832 consilio.
1223 804 1373 831 Videbatur
1387 804 1460 831 enim
1485 804 1536 831 sibi
1554 812 1651 832 secura
1676 805 1809 836 victoria).
1831 820 1834 824 -

1025 849 1096 876 etde
1105 849 1210 884 synodo
1232 849 1451 877 Clialccdonensi
1471 849 1575 877 certius
1596 851 1810 885 triumphatum,

219 895 249 922 Id
267 894 332 921 fecit
348 894 508 928 imperator.
527 895 673 929 Acephalis
701 895 904 930 gratulantibus
917 895 971 921 sibi
989 898 1007 924 ι]
1024 894 1165 928 siquando
1182 899 1291 922 coactos
1306 895 1334 922 in
1347 895 1445 922 urbem
1460 895 1562 930 regiam
1580 895 1657 923 orbis
1672 896 1811 924 antistites

183 943 288 973 partam
302 939 353 966 hac
367 944 424 966 arte
441 939 594 966 victoriam.
626 939 739 966 Mcnnas
753 948 814 967 cum
839 941 896 967 suis
913 940 972 974 epi-

184 985 274 1020 scopis
286 985 409 1012 edictum
422 985 537 1020 recepit,
554 993 586 1012 ea
605 991 695 1013 tamen
712 986 851 1018 cautione,
863 986 885 1013 si
896 994 972 1013 sum-

183 1039 244 1058 mus
257 1031 380 1066 pontifex
397 1031 542 1065 probaret:
558 1031 603 1058 alii
625 1036 681 1059 tres
697 1031 846 1059 Orientalis
861 1031 971 1065 imperii

184 1076 344 1111 patriarchae
360 1076 488 1103 reluctari
504 1084 559 1103 non
573 1081 638 1104 sunt
652 1076 722 1109 ausi,
741 1081 814 1103 metu
842 1076 972 1103 amitten-

183 1121 224 1148 dae
236 1121 387 1156 dignitatis,
403 1121 476 1156 quod
494 1121 646 1156 contigerat
672 1121 878 1153 decessoribus,
897 1121 974 1156 prin-

183 1167 252 1201 cipis
268 1166 391 1193 animum
405 1166 545 1193 oﬂendere
558 1174 612 1193 non
628 1166 733 1194 veritis.

221 1212 267 1239 IV.
282 1211 412 1239 Restabat
428 1219 499 1246 unus
512 1212 598 1238 instar
609 1212 732 1239 omnium
757 1220 883 1239 summus
905 1218 976 1246 pon-

184 1257 259 1288 tifex,
273 1265 354 1291 quem
370 1256 513 1283 Theodoro
527 1257 559 1283 ad
570 1256 808 1288 consentiendum,
820 1256 972 1290 urgendum

185 1302 299 1336 putavit,
315 1302 414 1336 partim
427 1301 515 1328 uxorii
531 1301 716 1336 imperatoris,
737 1301 972 1336 partimBelisarii

184 1347 341 1374 famulantis
367 1348 509 1382 potentia:
527 1348 567 1375 sic
581 1348 655 1374 enim
680 1347 826 1374 videbatur
857 1347 972 1374 convelli

185 1400 264 1427 posse
291 1392 416 1419 funditus
441 1393 676 1420 Chalcedonensis
705 1392 840 1427 synodus,
862 1392 884 1420 si
912 1387 974 1428 quas

184 1439 278 1473 prima:
292 1438 366 1465 Sedis
381 1439 543 1466 auctoritate
566 1438 718 1470 nitebatur,
753 1438 876 1473 ejusdem
899 1438 974 1466 sedis

184 1484 350 1512 auctoritate
365 1484 518 1511 labcfieret.
547 1484 601 1511 Sua
625 1492 687 1518 spes
706 1483 835 1510 feminam
859 1483 971 1510 fefellit:

187 1537 249 1556 nam
265 1529 388 1563 V'igilius,
407 1531 414 1538 '
430 1529 529 1556 Leonis
540 1530 627 1564 Magni
655 1533 765 1564 sumpto
786 1528 894 1564 spiritu,
912 1529 972 1556 edi-

1024 939 1137 967 haberet
1148 940 1174 967 in
1195 948 1243 967 sua
1259 944 1405 975 potestate.

1062 984 1104 1011 Vl.
1118 984 1252 1012 lndicitur
1267 993 1334 1021 ergo
1348 986 1469 1022 synodus
1480 986 1744 1021 Constantinopolim
1770 989 1808 1020 ⁸⁸ς

1023 1034 1137 1057 vocatur
1161 1030 1218 1064 ipse
1243 1031 1358 1067 Vigilius
1389 1039 1438 1065 pro
1462 1039 1538 1059 more
1563 1039 1613 1066 per
1637 1032 1812 1067 imperatoris

1024 1074 1135 1101 Sacram
1148 1083 1154 1101 :
1168 1075 1215 1102 sed
1227 1075 1308 1102 datur
1320 1076 1399 1103 simul
1412 1084 1427 1103 a
1443 1075 1586 1103 Theodora
1612 1077 1680 1103 clam
1695 1077 1810 1104 manda-

1023 1124 1080 1147 tum
1095 1121 1127 1147 ad
1143 1121 1318 1152 Belisarium,
1334 1129 1389 1156 quo
1401 1121 1558 1156 pontificem
1583 1123 1676 1149 venire
1701 1126 1811 1158 cogeret

1023 1166 1064 1193 vel
1078 1166 1204 1193 invitum.

1058 1211 1114 1238 Vll.
1130 1211 1231 1238 Verum
1246 1211 1292 1237 diu
1307 1218 1335 1238 se
1354 1211 1475 1246 pontifex
1492 1212 1633 1240 excusavit
1653 1213 1735 1239 allato
1750 1221 1810 1240 ma-

1021 1256 1112 1290 jorum
1137 1256 1274 1290 exemplo,
1298 1256 1345 1290 qui
1369 1264 1458 1290 neque
1482 1257 1611 1290 Nicaeam,
1636 1258 1724 1285 accitu
1741 1258 1812 1286 Con-

1024 1300 1147 1331 stantini,
1171 1308 1262 1334 neque
1274 1301 1414 1334 Ephesum
1436 1307 1483 1328 aut
1505 1301 1719 1334 Chalcedonem,
1735 1302 1809 1330 eilia-

1024 1346 1176 1382 gitantibus
1188 1347 1252 1373 licet
1268 1346 1424 1375 Theodosio
1446 1347 1557 1382 juniore
1569 1353 1597 1375 et
1618 1348 1751 1376 Martiano
1762 1356 1809 1376 ac—

1025 1392 1172 1419 cessissent
1189 1401 1195 1419 :
1210 1392 1342 1419 afferebat
1356 1392 1454 1420 deinde
1469 1393 1534 1425 loci,
1564 1393 1598 1421 ad
1620 1402 1701 1429 quem
1716 1394 1812 1421 condi-

1025 1443 1098 1465 ctum
1115 1442 1184 1470 erat,
1200 1438 1468 1472 incommoditatem;
1482 1439 1606 1472 alterius,
1619 1444 1683 1475 puta
1698 1440 1810 1470 Sicilire.

1024 1485 1257 1518 opportunitatem
1278 1485 1358 1519 longe
1375 1485 1522 1521 majorem;
1540 1493 1573 1513 eo
1598 1486 1721 1521 undique
1737 1487 1808 1514 faci-

1024 1530 1078 1557 lius
1089 1530 1218 1558 advenire
1236 1531 1332 1558 Patrcs
1345 1539 1435 1566 posse,
1455 1533 1622 1567 paribusque
1643 1532 1742 1560 studiis
1761 1532 1813 1560 Oc-

186 1579 259 1602 ctum
269 1575 360 1609 rejeci'
374 1583 380 1607 ;
398 1575 423 1601 id
440 1580 578 1607 causatus,
596 1575 668 1609 quod
684 1578 794 1601 sanctus
806 1574 871 1601 olim
880 1574 973 1601 deces-
989 1570 1010 1598 C
1027 1576 1166 1604 cidentem
1190 1576 1386 1613 Orientemque
1409 1577 1437 1604 in
1468 1585 1550 1605 unam
1565 1578 1731 1605 sententiam
1744 1585 1811 1605 con-

186 1626 242 1650 ser,
255 1619 383 1654 religiose
398 1619 570 1647 retinendam
593 1620 667 1646 omni
680 1627 713 1646 ex
724 1624 801 1653 parte
820 1619 972 1654 synodum:

191 1665 280 1698 (Quia
304 1673 393 1701 neque
418 1665 549 1700 perfectio
573 1665 783 1698 incrementum,
810 1673 900 1700 neque
924 1665 974 1692 ad-

184 1711 332 1747 iectionem
349 1711 491 1746 plenitudo
509 1710 607 1746 recipit
624 1710 657 1737 ⁸⁷.
680 1719 688 1736 ι

222 1757 320 1784 Secuta
331 1761 373 1784 est
390 1757 432 1784 sui
444 1757 541 1791 capitis
556 1757 712 1791 exemplum
729 1756 867 1783 Ecclesia:
887 1756 975 1783 sicubi

188 1811 241 1830 non
257 1803 394 1831 serviebat
414 1803 531 1838 turpiter
547 1803 675 1838 principi,
701 1802 753 1829 hoc
768 1806 820 1833 est,
848 1802 875 1829 in
896 1801 976 1829 Occi-

188 1849 270 1876 dente
282 1853 310 1876 et
328 1849 354 1876 in
367 1848 470 1880 Africa,
487 1849 534 1876 sed
548 1849 702 1884 praesertim
728 1849 755 1875 in
772 1847 891 1883 Illyrico,
911 1848 975 1875 Dal-

191 1896 275 1922 matia
288 1903 320 1922 ac
340 1896 445 1928 Galliis,
466 1896 582 1930 aliisque
612 1895 809 1922 remotioribus
833 1895 867 1922 ab
896 1895 974 1922 ltalia

189 1941 353 1976 provinciis:
379 1946 461 1976 atque
491 1942 553 1969 inde
584 1941 636 1969 fuit
662 1945 762 1973 metus,
794 1949 828 1969 nc
856 1941 975 1976 schisma

190 1985 344 2013 llormisdae
357 1986 527 2020 temporibus
548 1987 712 2013 exstinctum
738 1986 932 2013 revivisceret:
950 1990 978 2013 et

189 2031 300 2064 quidem
317 2036 392 2058 tanto
403 2031 597 2058 vehementius
611 2035 741 2067 tantoque
755 2032 923 2066 pertinacius
936 2031 978 2058 fu-

189 2082 292 2109 turum,
321 2082 426 2111 quanto
443 2085 525 2104 causa
554 2070 700 2104 videbatur
722 2077 876 2109 honestior,
897 2085 978 2113 syno-

190 2123 254 2149 dum
273 2123 472 2150 mcumenieam
490 2123 662 2157 tueri,quam
679 2123 810 2150 Acacium
834 2123 974 2150 damnare.

226 2168 258 2195 V.
275 2168 336 2194 llzec
354 2168 501 2195 commotio
525 2168 649 2202 contigit,
673 2176 728 2202 quo
751 2175 822 2195 anno
853 2168 978 2203 Pelagius

190 2214 322 2241 diaconus
340 2214 455 2241 Romam
467 2214 557 2241 rediit.
574 2213 699 2248 Suutqui
713 2218 873 2241 revocatum
896 2222 911 2241 a
929 2214 976 2240 Vi-

190 2259 255 2294 gilio
269 2259 392 2289 erodant,
407 2262 468 2293 post
479 2259 600 2285 edictum
613 2259 793 2293 publicatum,
811 2266 856 2290 ne,
877 2263 906 2286 ut
917 2263 976 2286 erat

191 2302 328 2336 gratiosus
341 2303 521 2337 principibus,
539 2303 566 2329 in
578 2310 674 2330 eorum
701 2303 864 2329 sententiam
880 2311 978 2330 concc-

191 2347 278 2375 dcret.
301 2348 371 2375 Sunt
389 2349 435 2382 qui
450 2348 597 2383 conjiciant
613 2356 628 2375 a
643 2348 798 2375 Iustiniano
819 2348 974 2379 remissum,

191 2397 222 2420 ut
233 2393 402 2427 periclitanti
422 2393 514 2420 Romre
528 2401 608 2426 opetn
631 2392 728 2425 ferret,
743 2392 814 2427 quod
831 2397 858 2420 et
875 2393 980 2428 praesti-

195 2438 238 2470 tit,
256 2437 383 2472 pecunia,
399 2446 480 2472 quam
494 2443 775 2472 magnamacceperat
799 2438 832 2465 ab
860 2438 978 2473 impera—

194 2487 263 2512 tore,
288 2490 348 2508 cum
378 2482 545 2514 discederet,
574 2481 607 2508 ad
633 2482 776 2510 levanda'm
803 2483 978 2510 obsessorum

195 2526 316 2561 inopiam
331 2527 440 2554 collata.
457 2527 549 2562 Longe
575 2528 745 2559 credibilius,
762 2528 887 2560 rediisse,
904 2529 981 2563 prius

194 2581 275 2606 quam
288 2573 410 2600 edictum
426 2574 560 2614 adversus
585 2573 638 2600 tria
659 2574 778 2608 capitula
804 2575 935 2602 ederetur
953 2574 980 2601 in

194 2618 302 2651 lucem;
322 2619 404 2654 idque
422 2619 536 2651 factum,
556 2620 711 2646 autsunnni
727 2620 865 2654 pontificis
885 2620 980 2652 solius,

195 2667 245 2690 aut
276 2664 361 2692 solius
408 2663 602 2699 imperatoris,
629 2669 675 2691 aut
702 2665 846 2699 utriusque
877 2665 982 2701 jussio-

195 2716 249 2740 ne,
276 2717 357 2743 qua'u
390 2709 448 2736 suis
473 2710 579 2736 artibus
620 2711 740 2744 Augusta
779 2710 857 2745 231
894 2710 983 2737 Theo-

1026 1622 1140 1657 spirarc.
1153 1621 1338 1649 Nihilominus
1350 1622 1491 1649 annitente
1506 1622 1644 1649 Antonina
1661 1621 1812 1649 Theudor-te

1026 1666 1151 1694 ministra
1163 1666 1311 1694 Belis-arias
1325 1667 1481 1702 pontiﬁcem
1496 1675 1529 1694 ex
1546 1667 1623 1695 Italia
1643 1667 1719 1696 exire
1738 1675 1814 1695 com~

1027 1712 1107 1747 pulit,
1123 1716 1150 1738 et
1163 1719 1233 1746 pene
1248 1719 1296 1746 per
1313 1712 1368 1738 vim
1386 1712 1477 1746 ejecit.

1062 1756 1131 1784 Vlll.
1149 1757 1234 1784 Roma
1260 1756 1352 1791 igitur,
1376 1760 1521 1792 postquam
1542 1765 1558 1784 a
1592 1758 1679 1785 Totila
1706 1758 1812 1793 direpta

1027 1806 1079 1832 est,
1105 1809 1233 1836 egressus
1256 1801 1385 1836 Vigilius,
1417 1801 1461 1828 die
1492 1800 1527 1828 22
1555 1801 1719 1829 Novembris
1741 1809 1814 1829 anno

1029 1847 1080 1874 5‘26
1093 1847 1199 1881 trajecit
1214 1847 1241 1874 in
1256 1846 1388 1878 Siciliam,
1405 1846 1450 1873 ubi
1463 1851 1490 1873 et
1501 1846 1693 1874 ordinationes
1710 1847 1815 1882 aliquot

1028 1899 1122 1919 mcme
1138 1890 1281 1918 Decembri
1297 1890 1404 1921 habuit,
1433 1895 1461 1917 et
1475 1890 1639 1925 legationem
1666 1890 1734 1917 Zoili
1751 1890 1815 1918 Ale-

1029 1937 1153 1966 xandrini
1168 1937 1285 1971 excepit,
1303 1941 1330 1964 et
1340 1944 1354 1963 a
1367 1936 1444 1963 Datio
1458 1936 1653 1963 Mediolanensi
1663 1940 1816 1964 conventus

1028 1983 1134 2015 didicit,
1149 1990 1203 2017 quo
1218 1986 1290 2009 statu
1310 1990 1355 2009 res
1370 1981 1432 2009 ﬁdei
1455 1981 1545 2009 forent
1566 1981 1812 2017 Constantinopoli,

1031 2033 1058 2056 et
1072 2029 1105 2056 ab
1127 2028 1201 2055 Afris
1215 2027 1364 2062 Sardisque
1380 2036 1429 2062 per
1445 2027 1549 2062 legatos
1562 2033 1672 2062 rogatus
1684 2031 1737 2058 est,
1752 2034 1815 2062 pro-

1028 2073 1123 2101 videre
1137 2081 1171 2100 ne
1192 2072 1257 2108 quid
1280 2072 1438 2099 detrimenti
1450 2072 1573 2108 synodus
1585 2071 1817 2099 Chalcedonensis

1029 2123 1180 2154 pateretur;
1199 2123 1226 2146 et
1239 2118 1345 2146 litteras
1362 2118 1395 2145 ad
1409 2117 1603 2153 imperatorem
1616 2118 1702 2149 dedit,
1715 2118 1816 2152 quibus

1030 2164 1130 2192 ibidem
1145 2164 1238 2191 haberi
1252 2163 1396 2191 concilium
1416 2162 1560 2198 ﬂagitaret.
1586 2162 1638 2190 Sed
1653 2163 1738 2190 irritae
1756 2162 1816 2190 fuer-

995 2234 1016 2261 D
1032 2213 1095 2237 runt
1112 2216 1224 2244 preces:
1239 2216 1323 2242 quare
1337 2208 1473 2234 Natalitiis
1489 2207 1566 2234 festis
1584 2207 1712 2242 peractis,
1727 2212 1816 2235 trans-

1033 2256 1107 2283 misit
1123 2255 1150 2282 in
1164 2255 1361 2285 continentem,
1382 2254 1510 2288 factoque
1523 2261 1571 2288 per
1585 2252 1724 2280 llelladem
1734 2258 1818 2288 atque

1032 2301 1169 2337 Illyricum
1187 2301 1295 2332 itinere,
1308 2299 1577 2334 Constantinopolim
1596 2299 1735 2334 ingressus
1764 2303 1815 2330 est,

1033 2346 1077 2374 die
1098 2346 1226 2373 vicesima
1248 2345 1342 2380 quinta
1366 2344 1487 2372 Januarii
1501 2352 1572 2372 anno
1594 2344 1656 2376 517,
1688 2353 1749 2372 cum
1769 2352 1818 2371 ex-

1034 2395 1126 2418 oratus
1138 2390 1233 2419 fuissct
1246 2390 1280 2416 ab
1295 2389 1410 2425 Illyricis
1420 2389 1454 2416 de
1471 2389 1525 2421 via,
1544 2396 1577 2415 ne
1593 2388 1677 2415 trium
1698 2388 1817 2422 capitum

1034 2435 1201 2464 damnationi
1218 2436 1409 2463 assentirctur.

1070 2482 1115 2510 IX.
1129 2482 1164 2510 Ut
1180 2482 1206 2508 in
1222 2482 1293 2508 lianc
1320 2481 1489 2517 Illyricorum
1510 2481 1675 2508 sententiam
1700 2483 1755 2506 tota
1771 2487 1820 2507 vo-

1035 2527 1153 2556 luntatis
1167 2527 1343 2554 inclinatione
1360 2527 1510 2559 ferebatur,
1529 2526 1564 2554 ita
1577 2526 1667 2554 statim
1695 2529 1777 2560 atque
1793 2525 1820 2552 in

1037 2573 1132 2600 urbem
1149 2573 1251 2608 regiam
1269 2572 1354 2604 venit,
1367 2572 1498 2608 iudicium
1525 2572 1652 2599 exercuit
1664 2571 1698 2599 de
1712 2571 1820 2603 Mentis,

1037 2618 1152 2652 aliisque
1174 2618 1409 2652 subscriptoribus
1423 2618 1561 2653 episcopis
1580 2627 1586 2644 :
1604 2625 1690 2652 quare
1719 2616 1821 2644 factum

1039 2664 1167 2699 Stephani
1177 2663 1346 2700 apocrisiarii
1359 2664 1412 2697 sui,
1420 2664 1641 2691 communionem
1649 2662 1733 2699 232
1747 2662 1822 2696 Men-

1038 2718 1079 2737 nae
1097 2710 1242 2742 exsecrati,
1259 2710 1387 2744 probans,
1402 2709 1477 2736 urbis
1493 2709 1572 2745 regia:
1596 2708 1758 2741 antistitem,
1778 2707 1822 2736 vi-

871 2790 1028 2818 SCllUllle
1050 2790 1163 2818 ΝΟΤΛΕ.

227 2853 252 2869 ¹¹
267 2857 353 2893 Epist.
373 2857 483 2886 Leonis.
523 2858 545 2873 ”
566 2858 644 2887 Anno
657 2858 718 2892 3‘56,
739 2858 790 2886 sub
806 2858 922 2886 initium.
