1967 3047
165 171 215 204 183

725 169 911 200 ϐΑΒΝΕΒΙΙ
933 171 1178 203 DISSERTATIO
1197 172 1221 202 Ι.

1734 166 1785 200 184

164 229 246 256 dente
261 227 424 263 imperatore
448 231 475 254 et
490 226 674 260 nequidquam
689 226 834 253 obnitente
857 225 948 253 Theo-
963 228 985 256 Α
999 235 1043 255 sas
1056 231 1085 255 ut
1099 228 1273 263 produceret,
1294 226 1380 253 videri
1407 229 1498 261 potest
1528 224 1613 252 libros
1636 224 1783 252 duodecim

164 273 243 306 dora,
257 273 343 300 sacris
366 271 515 303 abstinuit;
543 270 648 297 Zoilum
671 270 778 306 Egypti
794 271 949 306 primatem,

169 317 242 353 quod
259 316 436 351 approbasset
460 315 591 346 edictum,
617 315 735 349 graviter
766 315 950 350 objurgatum,

166 363 200 390 ad
215 361 403 397 pcenitentiam
419 359 526 395 adegit;
539 359 683 395 dignisque
698 367 805 386 summo
823 359 951 394 pontifice

168 407 268 436 studiis
293 413 402 434 rursum
424 405 582 437 contendit,
605 411 633 432 ut
658 405 684 432 in
713 405 805 432 Sicilia
831 404 952 440 synodus

168 457 330 488 cogeretur:
350 459 401 483 ne,
434 450 507 485 quod
531 451 621 485 reipsa
645 450 746 482 evenit,
774 450 951 478 Orientalium

168 497 305 525 serviliter
321 496 493 523 adulantium
512 496 628 531 principi
644 495 802 528 multitudo,
815 495 951 523 Occiden-

167 541 264 568 talium
290 540 381 568 eidem
409 547 540 576 generose
572 540 756 567 obnitentinm
787 541 951 575 paucitatem

167 587 309 615 obrueret.

203 633 238 660 Χ.
254 632 351 660 Annus
361 633 468 667 integer
482 632 544 664 fuit,
559 632 624 659 dum
640 633 743 660 mutuis
759 633 810 660 hac
826 633 860 660 de
876 641 951 668 quaa-

167 679 257 706 stione
274 679 422 706 dissidiisa
434 678 564 713 pontiﬁce
580 682 608 705 et
629 679 795 714 imperatore
811 683 950 715 certatur:

168 734 222 760 quo
238 730 360 760 tetnpore
374 724 530 757 Tbeodora,
548 732 611 752 cum
624 724 749 752 Mennam
766 725 873 752 videret
883 726 953 753 male

168 776 312 807 acceptum
332 779 347 798 a
364 771 479 806 Vigilio,
507 771 541 798 de
569 771 699 798 Antbimo
724 779 775 799 suo
800 771 953 799 revocando

130 825 133 826 '
168 816 308 852 cegitavit.
326 815 457 851 Vigilium
471 823 536 850 ergo
546 815 715 851 aggreditur,
727 817 735 826 ‘
752 824 806 851 qua
819 823 896 852 parte
903 824 953 851 po-

168 865 250 894 terat,
264 862 402 896 precibus,
418 862 572 895 promissis,
590 866 616 888 et
630 861 726 894 minis;
745 862 792 889 sed
805 862 951 894 incassum,

1001 272 1135 300 adversus
1156 271 1305 300 Iustiniani
1326 270 1447 298 edictum
1472 269 1625 305 scripsisse.
1647 269 1702 297 Hos
1719 277 1785 297 vero

1002 325 1071 353 pene
1083 321 1149 345 tunc
1162 317 1326 349 absolverat,
1340 324 1394 351 quo
1421 320 1543 350 tempore
1557 315 1673 350 Vigilius
1694 315 1787 342 conci-

1001 363 1068 389 lium
1078 362 1224 390 contraxit.

1038 408 1164 435 Actiones
1175 408 1284 435 concilii
1302 407 1394 442 plures
1410 405 1557 438 exstitisse,
1577 413 1610 432 ex
1629 413 1662 432 eo
1679 409 1787 432 constat

1001 453 1076 488 quod
1089 461 1117 481 se
1142 453 1170 480 in
1186 453 1268 481 tertia
1281 452 1426 480 Facundus
1436 455 1530 479 narret
1543 458 1593 486 pro
1604 451 1657 478 lbte
1670 451 1787 485 epistola

1003 498 1074 534 apud
1085 499 1215 535 Vigilium
1227 498 1384 526 vehementi
1397 497 1520 525 oratione
1534 497 1636 524 dixisse
1648 505 1655 523 :
1670 507 1678 522 ι
1693 497 1760 524 Peto
1771 505 1787 524 a

1000 544 1106 579 iustitia
1117 548 1217 576 vestra,
1234 547 1328 571 utrum
1348 547 1475 577 suscepta
1495 542 1531 569 sit
1548 550 1563 568 a
1590 542 1694 577 synodo
1706 541 1788 569 Chal-

1003 589 1149 617 cedonensi
1161 589 1277 624 epistola
1290 589 1354 621 lbae,
1370 596 1431 623 qute
1445 588 1521 615 velut
1535 587 1697 615 Nestoriana
1710 586 1787 613 dam-

1002 638 1066 662 nata
1078 639 1130 666 est,
1146 639 1177 662 ut
1189 634 1353 669 inquiratis;
1369 638 1397 660 et
1408 633 1474 660 dum
1496 633 1651 660 constiterit
1670 640 1726 659 non
1739 632 1790 659 ob—

1003 689 1062 708 esse
1077 681 1191 717 synodo,
1203 680 1276 715 quod
1293 688 1355 715 pars
1379 679 1493 706 adversa
1508 679 1542 706 de
1562 677 1702 705 Theodori
1724 685 1789 712 per-

1004 734 1071 754 sona
1083 726 1221 762 proponit,
1239 726 1279 754 sic
1289 733 1321 753 ea
1349 733 1410 760 quae
1422 724 1540 760 proferri
1567 724 1673 756 volunt,
1703 722 1789 758 relegi

1004 772 1179 808 permittatis,
1199 780 1233 799 ne
1244 771 1314 798 forte
1332 778 1393 805 quae
1409 775 1538 804 aguntur,
1555 769 1590 796 ad
1614 768 1788 796 retractatio-

1005 826 1066 845 nem
1094 817 1240 844 videantur
1260 820 1419 843 memoratae
1442 814 1539 850 synodi
1563 814 1715 848 pertinere.
1732 812 1791 848 Ego

1005 864 1078 891 enim
1093 863 1179 891 fateor
1188 862 1351 897 simpliciter
1364 860 1528 888 beatitudini
1538 864 1646 891 vestrae,
1661 867 1716 886 non
1740 866 1791 893 pro

169 908 305 942 siquidem
322 907 392 934 mori
405 915 487 942 quam
504 907 618 942 obsequi
632 907 750 935 malebat
766 908 901 943 pontifex,
917 908 954 935 ita
970 906 992 933 Β
1007 909 1144 936 Theodori
1169 907 1352 943 Mopsuesteni
1382 906 1558 934 damnatione
1584 913 1627 932 me
1646 913 1661 932 a
1682 909 1792 932 eontra-

169 948 328 988 apostolicis
339 953 436 988 plenus
453 957 512 980 erat
535 953 635 980 animis
653 962 659 979 :
675 957 767 988 atque,
790 957 820 980 ut
845 961 954 982 omnem

169 999 297 1034 Augustae
312 1006 388 1034 spem
405 999 549 1031 adimeret,
567 999 692 1026 Mennam
718 999 747 1026 in
774 1000 887 1034 gratiam
909 1009 954 1028 re-

170 1049 280 1080 ceptum
292 1044 439 1072 interdicto
454 1045 546 1077 solvit,
559 1049 588 1072 et
600 1044 634 1072 ab
649 1052 682 1072 eo
700 1045 820 1072 vicissim
837 1047 953 1081 accepit,

170 1090 240 1125 grati
258 1091 343 1117 animi
363 1098 438 1125 ergo,
454 1095 485 1117 ut
503 1090 603 1117 summi
627 1090 764 1125 pontificis
786 1099 886 1118 nomen
911 1092 955 1119 di-

170 1135 280 1170 ptyebis
300 1135 609 1170 Constantinopolitanae
631 1135 757 1163 Ecclesiae
774 1136 893 1170 prinmm
911 1137 954 1164 in-

170 1181 339 1208 scriberetur
351 1181 385 1207 η.

205 1225 252 1253 XL
269 1226 329 1254 Non
340 1227 377 1253 ita
392 1226 470 1254 facile
486 1235 515 1254 se
539 1228 678 1262 expedivit
702 1228 846 1255 conatibus
868 1228 954 1254 Justi-

169 1272 246 1298 niani
260 1271 395 1298 instanter
408 1272 539 1306 urgentis,
556 1277 586 1298 ut
597 1273 731 1306 scriptum
752 1272 786 1299 de
807 1272 895 1299 tribus
908 1280 954 1300 ca-

169 1316 264 1351 pitulis
281 1316 403 1343 edictum
414 1316 559 1351 probaret:
573 1324 634 1343 eam
649 1317 723 1344 enim
736 1317 792 1343 vim
816 1317 955 1345 reluctans

170 1369 266 1396 passus
289 1366 341 1394 est,
365 1369 429 1396 qua,
445 1360 468 1388 si
486 1362 623 1389 credimus
641 1361 794 1394 Anastasio,
817 1361 954 1389 exclama-

171 1410 214 1433 ret
237 1406 399 1441 aliquando:
430 1407 510 1434 ιΝοιι
530 1415 544 1434 a
570 1407 727 1434 Iustiniano
755 1411 784 1434 et
812 1407 954 1434 Tbeodora

170 1451 302 1485 piissimis
328 1451 499 1486 principibus
520 1452 672 1479 accersitus
688 1452 761 1484 veni,
778 1452 826 1479 sed
842 1452 870 1479 in
897 1453 957 1480 Dio-

171 1496 318 1524 cletianum
329 1502 356 1524 et
370 1497 557 1525 Eleutheriam
574 1497 667 1525 incidi.
683 1508 692 1524 ›

205 1543 263 1570 XII.
279 1543 355 1571 Fecit
368 1551 398 1570 ea
412 1543 463 1575 vis,
483 1547 514 1570 ut
528 1543 600 1578 apud
616 1551 645 1570 se
675 1544 821 1571 concilium
844 1549 955 1579 septua-

172 1589 247 1624 ginta
258 1589 451 1624 episcoporum
467 1588 590 1621 haberet,
607 1589 780 1624 provisurus,
797 1589 819 1616 si
835 1597 889 1624 qua
910 1597 955 1616 ra-

174 1635 248 1662 tione
262 1634 302 1662 fas
314 1639 397 1667 esset,
412 1635 514 1662 salvam
529 1638 658 1669 praestare
681 1634 778 1670 synodi
805 1635 956 1662 Chalcedo-

172 1679 266 1707 nensis
281 1680 482 1712 auctoritatem,
498 1685 526 1707 et
540 1680 621 1707 simul
629 1680 732 1714 aliquid
741 1680 775 1707 de
783 1688 865 1707 causa
874 1681 957 1707 trium

173 1723 315 1752 hominum
333 1724 489 1755 remittere,
507 1724 534 1750 id
551 1728 603 1753 est.
619 1724 737 1759 benigna
763 1724 880 1759 quadam
897 1724 954 1752 dis-

173 1769 335 1804 pensatione
357 1768 509 1807 eoncedere
530 1769 665 1801 nonnihil,
686 1777 740 1804 qua
764 1775 791 1797 et
811 1769 958 1807 imperato—

175 1815 213 1842 ris
222 1814 321 1841 honori
333 1805 502 1848 parceretur,
511 1818 538 1841 et
552 1814 743 1842 occluderetur
759 1822 789 1843 os
799 1805 954 1850 Acephalis:

174 1863 254 1887 erant
277 1860 351 1887 enim
378 1860 511 1887 invidiose
532 1860 680 1892 causaturi,
708 1861 760 1888 sibi
785 1865 851 1888 tunc
874 1861 957 1888 fuisse

175 1906 299 1933 clausum
313 1906 418 1933 aditum
429 1905 462 1932 ad
480 1905 639 1938 Ecclesiam,
667 1914 730 1934 cum
759 1907 957 1935 instantissime

176 1956 299 1990 peterent
312 1952 430 1979 admitti.

211 1997 306 2024 Ccetus
314 1997 358 2024 ille
374 1998 485 2025 Patrum
497 2006 530 2026 ex
542 1998 575 2025 iis
582 2003 693 2026 coactus
704 2003 746 2025 est
756 1999 802 2033 qui
816 2007 956 2033 nunquam

176 2047 335 2069 eurvassent
347 2051 434 2078 genua
450 2051 540 2070 coram
554 2043 648 2075 Belial,
659 2043 704 2070 sed
723 2051 854 2078 generose
865 2044 957 2071 stetis-

175 2092 235 2117 sent
251 2087 382 2115 hactenus
396 2096 445 2123 pro
456 2096 537 2116 causa
549 2089 608 2116 Dei.

209 2132 279 2159 Xlll.
295 2132 405 2160 Patrum
430 2141 500 2160 unus
515 2134 567 2161 fuit
591 2134 736 2161 Facundus
755 2134 959 2162 Hermianensis

174 2178 200 2204 in
218 2177 310 2206 Africa
335 2179 491 2214 cpiscopus,
518 2180 635 2207 celebris
658 2180 702 2207 ille
726 2180 809 2207 trium
838 2180 957 2215 capitum

1006 955 1155 983 dicentium
1172 954 1366 981 communione
1386 951 1574 983 subtraxisse;
1590 950 1644 977 hoc
1658 949 1733 977 enim
1748 949 1791 976 vel

1006 1002 1028 1028 si
1043 999 1250 1035 approbandum
1264 1006 1319 1026 non
1332 998 1378 1031 sit,
1393 997 1536 1025 ferendum
1552 1003 1643 1024 tamen
1653 995 1790 1026 existimo,

1006 1055 1056 1074 nec
1068 1050 1170 1074 tantam
1183 1053 1242 1073 esse
1261 1052 1371 1072 causam
1380 1044 1483 1079 judico,
1503 1051 1552 1078 pro
1564 1051 1617 1077 qua
1627 1042 1792 1069 deberemus

1005 1092 1231 1121 aconnnunione
1259 1090 1446 1118 multitudinis
1466 1088 1615 1124 segregari.
1644 1087 1697 1115 Sed
1727 1086 1792 1122 quia

1005 1148 1039 1166 ex
1060 1146 1175 1173 persona
1203 1135 1341 1164 Theodori
1365 1134 1507 1170 epistolam
1527 1134 1581 1161 lbze
1601 1133 1790 1160 Nestorianam

1006 1185 1122 1220 probare
1135 1182 1225 1211 conati
1242 1187 1317 1214 sunt,
1335 1186 1363 1209 et
1374 1189 1407 1208 ex
1425 1180 1542 1216 epistola
1552 1179 1605 1206 lbre
1618 1178 1763 1214 synodum,
1776 1186 1792 1204 a

1006 1239 1060 1265 qua
1074 1235 1201 1263 suscepta
1219 1233 1270 1259 est.
1290 1227 1457 1262 improLare,
1478 1236 1486 1252 )
1507 1230 1560 1252 etc.

1043 1274 1163 1302 Facundi
1183 1273 1264 1300 verba
1282 1273 1392 1304 docent,
1405 1271 1528 1298 animose
1545 1270 1636 1297 minus
1651 1274 1715 1296 tunc
1728 1272 1793 1295 tem-

1010 1321 1085 1355 poris
1097 1319 1236 1346 Theodori
1251 1317 1485 1352 Thcodoretique.
1504 1324 1585 1351 quam
1603 1316 1656 1343 lba:
1681 1322 1792 1342 causam

1007 1365 1147 1392 defensam
1173 1371 1253 1391 esse:
1271 1370 1333 1389 nam
1357 1361 1530 1389 Chalcedone
1545 1361 1616 1387 lecta
1635 1360 1724 1387 fuerat
1739 1359 1793 1385 lb:e

1007 1409 1138 1445 epistola,
1155 1416 1208 1434 non
1234 1408 1299 1434 item
1321 1406 1404 1433 ttllum
1428 1405 1541 1432 alterius
1559 1404 1703 1438 utriusque
1722 1402 1792 1430 scri-

1008 1458 1100 1488 ptum;
1122 1460 1173 1479 nec
1201 1452 1270 1478 lecta
1295 1451 1383 1477 solum
1410 1449 1527 1484 cpistola
1544 1452 1596 1480 est,
1628 1447 1676 1475 sed
1705 1446 1794 1473 videri

1008 1499 1098 1534 potuit
1116 1506 1130 1524 a
1145 1496 1271 1524 Patribus
1282 1500 1329 1522 attt
1343 1495 1501 1529 approbata,
1515 1499 1562 1521 aut
1580 1497 1655 1520 certe
1669 1500 1725 1519 non
1739 1492 1793 1518 im-

1008 1544 1142 1578 probata:
1170 1550 1225 1568 non
1247 1541 1336 1575 potuit
1362 1540 1445 1575 igitur
1461 1540 1494 1566 ad
1520 1546 1634 1566 examen
1669 1537 1793 1564 revocari

1007 1587 1067 1614 sine
1082 1585 1233 1613 offensione
1249 1585 1370 1615 Patrum,
1387 1584 1446 1610 sine
1455 1591 1507 1618 qua
1532 1589 1623 1610 tamen
1643 1581 1793 1609 examinari

1008 1633 1048 1660 fas
1064 1636 1123 1660 erat
1136 1631 1198 1663 alia,
1214 1638 1275 1665 quae
1295 1630 1469 1657 Chalcedone
1484 1637 1517 1656 ne
1529 1629 1670 1664 proposita
1680 1628 1792 1662 quidem

1008 1679 1127 1710 fuerant,
1142 1681 1246 1704 tantum
1257 1676 1336 1703 abest
1353 1681 1384 1703 ut
1400 1675 1534 1711 probata;
1565 1675 1620 1701 imo
1638 1681 1699 1708 quze
1715 1680 1793 1700 erro—

1008 1732 1066 1751 rem
1078 1724 1219 1750 continere
1236 1722 1354 1757 Cyrillus
1374 1721 1560 1756 impugnando
1578 1720 1720 1748 docuerat.

1042 1769 1193 1797 Causarum
1220 1767 1355 1804 ejusmodi
1377 1766 1518 1794 distinctio
1543 1773 1598 1793 non
1629 1765 1748 1800 primum
1766 1764 1794 1791 in

1009 1815 1097 1850 Vigilii
1119 1813 1236 1841 concilio
1250 1812 1385 1844 innotuit,
1404 1811 1452 1839 sed
1475 1812 1531 1846 jam
1557 1811 1664 1845 pridem
1686 1810 1720 1836 ab
1732 1817 1796 1836 eru-

1009 1860 1072 1888 ditis
1096 1863 1240 1895 perspecta
1263 1859 1351 1885 fuerat
1369 1867 1375 1884 :
1397 1865 1459 1884 nam
1476 1858 1559 1884 Roma
1573 1856 1698 1890 Pelagius
1710 1875 1716 1887 ,
1732 1858 1795 1881 ante

1008 1906 1160 1933 discessqu
1191 1904 1344 1939 pontificis,
1372 1903 1542 1930 Ferrandum
1571 1900 1796 1936 Carthagincnsis

1010 1952 1136 1979 Ecclesia:
1160 1952 1316 1981 diaconum,
1342 1958 1373 1977 ea
1402 1953 1565 1984 tempestate
1590 1947 1738 1978 celebrem,
1762 1947 1796 1974 de

1009 1998 1065 2025 sola
1078 1998 1130 2024 Iba:
1141 1997 1256 2032 epistola
1268 1996 1432 2023 sententiam
1459 1998 1620 2029 rogaverat:
1639 1992 1796 2019 Fcrrandrs

1009 2047 1083 2070 certe
1098 2043 1132 2069 dc
1152 2042 1209 2069 sola
1238 2040 1390 2075 respondit,
1407 2045 1434 2067 et
1460 2039 1493 2066 de
1507 2039 1591 2066 solius
1605 2038 1708 2074 judicio
1728 2045 1794 2065 con-

1009 2093 1156 2124 querentes
1164 2086 1403 2114 Chalcedonenses
1417 2085 1512 2112 Patres
1525 2083 1694 2120 exaggeratis
1705 2083 1797 2110 verbis

1010 2134 1124 2161 inducit.
1148 2133 1198 2160 ιιιι
1225 2133 1384 2164 novissima,
1412 2131 1510 2166 inquit,
1531 2130 1734 2158 resurrectione
1756 2129 1797 2156 tli-

1010 2184 1072 2206 eant
1087 2180 1136 2206 viri
1149 2178 1268 2214 religiosi
1280 2187 1286 2205 :
1300 2178 1356 2205 Cur
1369 2177 1512 2212 epistolam
1525 2175 1705 2211 reprobastis,
1718 2175 1797 2210 cujus

173 2224 311 2256 defensor,
338 2233 479 2260 nunquam
495 2226 561 2252 satis
583 2225 737 2252 laudandus
751 2245 758 2258 ,
782 2226 804 2252 si
824 2226 953 2260 Vigilium
973 2234 994 2261 ι)
1010 2225 1171 2252 catholicam
1186 2231 1246 2251 esse
1261 2224 1410 2251 dictionem
1439 2223 1585 2253 sensimus,
1603 2221 1731 2252 diximus,
1753 2221 1797 2255 ju-

172 2269 270 2296 duecm
283 2271 359 2304 sequi
376 2271 527 2303 maluisset,
540 2279 602 2298 eum
620 2271 694 2307 pacis
709 2279 790 2298 causa
807 2271 957 2307 prudenter

172 2314 277 2349 aliquid
286 2315 320 2342 de
331 2315 447 2354 pristino
463 2316 552 2351 rigore
579 2316 697 2348 remisit,
716 2324 798 2351 quam
813 2324 875 2344 cum
900 2317 957 2344 suis

171 2360 245 2387 Afris
261 2367 398 2387 summurn
411 2361 582 2395 pontificem,
610 2361 681 2391 ultra
705 2362 866 2391 reverentia:
896 2370 956 2389 mo—

171 2405 250 2438 dum,
265 2413 392 2440 arguere.

207 2451 266 2485 Quo
280 2456 402 2487 tempore
415 2453 528 2488 Vigiiius
544 2453 690 2481 concilium
717 2455 865 2486 wntraxit,
887 2455 957 2490 jam-

171 2495 275 2522 dudum
302 2496 347 2523 ille
373 2496 611 2533 Constantinopoli
633 2499 803 2530 morabatur,
822 2507 906 2534 agens
929 2500 957 2527 in

173 2542 255 2569 rebus
272 2541 401 2570 Ecclesize
430 2544 576 2576 Africanae,
604 2552 784 2580 magnamque
805 2545 907 2573 ibidem
931 2552 959 2574 et

173 2586 246 2621 apud
261 2594 325 2614 suos
339 2588 486 2623 collegerat
498 2589 630 2617 doctrinm
655 2590 823 2624 opinionem,
841 2599 895 2629 qua
906 2591 958 2618 fre-

174 2635 217 2656 tus
228 2630 399 2658 confidenter
410 2640 439 2658 se
460 2640 523 2659 cum
541 2632 692 2667 Stephano,
707 2633 781 2661 sedis
801 2635 958 2669 apostolica:

165 2675 361 2710 'upocrisiario,
382 2677 437 2711 jam
470 2681 528 2703 tum
550 2677 748 2705 abstinuerata
764 2679 958 2707 communione

172 2720 277 2749 Henna:
291 2722 412 2749 edictum
428 2722 599 2757 recipientis.
615 2722 696 2758 233
710 2723 889 2752 Abstinentiaa
898 2731 959 2751 cau—

1007 2271 1170 2303 dicavintus,
1185 2274 1213 2297 et
1233 2269 1365 2305 judicium
1383 2273 1507 2296 nostrum
1534 2266 1734 2295 subscribendo
1752 2265 1797 2292 fir-
1831 2283 1834 2285 -

1009 2315 1160 2343 mavimus?
1175 2315 1216 2341 An
1242 2315 1305 2349 quia
1333 2313 1499 2340 venerabilis
1525 2313 1586 2340 lbas
1608 2311 1798 2339 Alexandrina:

1008 2360 1137 2388 Ecclesiae
1147 2360 1303 2394 pontificem
1319 2363 1444 2386 sanctum
1460 2357 1646 2392 vituperavit?
1657 2355 1711 2383 Sed
1724 2355 1796 2382 idem

1009 2410 1103 2433 sancto
1114 2405 1215 2440 Cyrillo
1227 2410 1320 2440 postea
1338 2413 1366 2432 se
1388 2404 1604 2431 communicasse
1625 2401 1796 2438 significavit.

1010 2451 1037 2478 Si
1055 2450 1211 2478 merebatur
1221 2458 1270 2489 pro
1282 2450 1354 2477 beati
1366 2448 1667 2487 Cyrillivituperatione
1679 2447 1796 2482 culpam,

1011 2497 1169 2524 merebatur
1184 2504 1233 2531 pro
1256 2501 1408 2523 restaurata
1431 2495 1694 2523 eommunionenon
1718 2492 1799 2519 mini-

1012 2550 1082 2569 mam
1097 2543 1222 2577 gratiam.
1241 2542 1274 2569 Ut
1301 2542 1389 2569 sancti
1415 2541 1509 2577 Cyrilli
1531 2539 1660 2576 capitula,
1688 2543 1799 2574 propter

1012 2587 1217 2623 ambiguitatem
1255 2592 1283 2615 ct
1317 2587 1464 2615 locutionis
1493 2585 1708 2616 obscuritatem,
1737 2592 1798 2610 cum

1012 2634 1196 2661 Orientalibus
1207 2635 1343 2669 episcopis
1359 2641 1455 2668 parum
1467 2632 1643 2667 intelligendo
1663 2631 1796 2665 culparet.

1013 2679 1140 2707 humana:
1155 2679 1206 2705 fuit
1217 2677 1399 2705 infirmitatis:
1417 2677 1498 2715 234
1514 2681 1543 2704 ιιι
1569 2677 1641 2703 dicta
1665 2684 1713 2703 sua
1729 2676 1797 2701 bene

1003 2724 1204 2761 'interpretanti
1219 2723 1325 2751 facilius
1335 2722 1471 2756 crederet,
1487 2730 1519 2749 ac
1538 2721 1718 2751 libentissime
1733 2727 1799 2748 con-

833 2803 991 2831 SCIIULZII
1012 2804 1128 2830 NO’l‘JE.

208 2872 232 2889 ”
248 2872 340 2901 Auast.
360 2872 386 2899 in
406 2871 463 2900 Vita
478 2872 575 2908 Vigilii.

615 2873 638 2888 '°
649 2871 727 2900 Praef.
746 2872 778 2901 ad
799 2872 846 2899 lib.
861 2880 897 2899 xtt
912 2877 937 2899 et
957 2872 984 2899 itt
996 2872 1070 2902 "libro
1087 2872 1185 2900 Contra
1201 2871 1360 2901 Mocinmm.
