  <div class='ocr_page' id='page_1' title='image "/cluster/home/n/w/nwhite01/storage/ocr_20150623/84/njp.32101010943783/098.png"; bbox 0 0 1967 3047; ppageno 0'>
   <div class='ocr_carea' id='block_1_1' title="bbox 94 181 147 215">
    <p class='ocr_par' dir='ltr' id='par_1_1' title="bbox 94 181 147 215">
     <span class='ocr_line' id='line_1_1' title="bbox 94 181 147 215; baseline -0.038 0"><span class='ocrx_word' id='word_1_1' title='bbox 94 181 147 215; x_wconf 82' lang='grc'><strong>185</strong></span> 
     </span>
    </p>
   </div>
   <div class='ocr_carea' id='block_1_2' title="bbox 675 181 1127 214">
    <p class='ocr_par' dir='ltr' id='par_1_2' title="bbox 675 181 1127 214">
     <span class='ocr_line' id='line_1_2' title="bbox 675 181 1127 214; baseline 0.004 -2"><span class='ocrx_word' id='word_1_2' title='bbox 675 181 856 213; x_wconf 73' lang='lat' dir='ltr'><strong>HISTORIA</strong></span> <span class='ocrx_word' id='word_1_3' title='bbox 874 182 1100 214; x_wconf 75' lang='lat' dir='ltr'><strong>&#39;I‘IIEODOiIET</strong></span> <span class='ocrx_word' id='word_1_4' title='bbox 1107 184 1127 214; x_wconf 89' lang='lat' dir='ltr'><strong>I.</strong></span> 
     </span>
    </p>
   </div>
   <div class='ocr_carea' id='block_1_3' title="bbox 1671 181 1720 214">
    <p class='ocr_par' dir='ltr' id='par_1_3' title="bbox 1671 181 1720 214">
     <span class='ocr_line' id='line_1_3' title="bbox 1671 181 1720 214; baseline 0.041 -2"><span class='ocrx_word' id='word_1_5' title='bbox 1671 181 1720 214; x_wconf 76' lang='lat'><strong>186</strong></span> 
     </span>
    </p>
   </div>
   <div class='ocr_carea' id='block_1_4' title="bbox 92 236 1723 276">
    <p class='ocr_par' dir='ltr' id='par_1_4' title="bbox 92 236 1723 276">
     <span class='ocr_line' id='line_1_4' title="bbox 92 236 1723 276; baseline -0.001 -10"><span class='ocrx_word' id='word_1_6' title='bbox 92 238 228 271; x_wconf 82' lang='lat' dir='ltr'><strong>sentiret,</strong></span> <span class='ocrx_word' id='word_1_7' title='bbox 258 236 371 266; x_wconf 83' lang='lat' dir='ltr'><strong>omnino</strong></span> <span class='ocrx_word' id='word_1_8' title='bbox 396 239 576 266; x_wconf 77' lang='lat' dir='ltr'><strong>sacerdotalis</strong></span> <span class='ocrx_word' id='word_1_9' title='bbox 606 238 695 266; x_wconf 80' lang='lat' dir='ltr'><strong>fuerat</strong></span> <span class='ocrx_word' id='word_1_10' title='bbox 725 240 880 271; x_wconf 89' lang='lat' dir='ltr'><strong>charitatis,</strong></span> <span class='ocrx_word' id='word_1_11' title='bbox 897 243 917 269; x_wconf 75' lang='grc' dir='ltr'>Α</span> <span class='ocrx_word' id='word_1_12' title='bbox 933 241 997 275; x_wconf 77' lang='lat' dir='ltr'><strong>quid</strong></span> <span class='ocrx_word' id='word_1_13' title='bbox 1015 250 1029 268; x_wconf 87' lang='lat' dir='ltr'><strong>a</strong></span> <span class='ocrx_word' id='word_1_14' title='bbox 1045 241 1174 276; x_wconf 83' lang='lat' dir='ltr'><strong>pontifice</strong></span> <span class='ocrx_word' id='word_1_15' title='bbox 1188 241 1222 268; x_wconf 84' lang='lat' dir='ltr'><strong>de</strong></span> <span class='ocrx_word' id='word_1_16' title='bbox 1236 239 1389 267; x_wconf 86' lang='lat' dir='ltr'><strong>constantia</strong></span> <span class='ocrx_word' id='word_1_17' title='bbox 1404 239 1536 266; x_wconf 83' lang='lat' dir='ltr'><strong>hactenus</strong></span> <span class='ocrx_word' id='word_1_18' title='bbox 1551 238 1578 266; x_wconf 94' lang='lat' dir='ltr'><strong>in</strong></span> <span class='ocrx_word' id='word_1_19' title='bbox 1589 239 1723 273; x_wconf 87' lang='lat' dir='ltr'><strong>capitibus</strong></span> 
     </span>
    </p>
   </div>
   <div class='ocr_carea' id='block_1_5' title="bbox 97 284 883 320">
    <p class='ocr_par' dir='ltr' id='par_1_5' title="bbox 97 284 883 320">
     <span class='ocr_line' id='line_1_5' title="bbox 97 284 883 320; baseline 0.003 -10"><span class='ocrx_word' id='word_1_20' title='bbox 97 284 158 311; x_wconf 85' lang='lat' dir='ltr'><strong>sine</strong></span> <span class='ocrx_word' id='word_1_21' title='bbox 174 284 230 311; x_wconf 91' lang='lat' dir='ltr'><strong>ullo</strong></span> <span class='ocrx_word' id='word_1_22' title='bbox 251 284 398 319; x_wconf 90' lang='lat' dir='ltr'><strong>dispendio</strong></span> <span class='ocrx_word' id='word_1_23' title='bbox 414 285 547 312; x_wconf 83' lang='lat' dir='ltr'><strong>veritatis.</strong></span> <span class='ocrx_word' id='word_1_24' title='bbox 573 285 628 312; x_wconf 87' lang='lat' dir='ltr'><strong>Cur</strong></span> <span class='ocrx_word' id='word_1_25' title='bbox 655 285 797 320; x_wconf 87' lang='lat' dir='ltr'><strong>epistolam</strong></span> <span class='ocrx_word' id='word_1_26' title='bbox 814 293 864 312; x_wconf 90' lang='lat' dir='ltr'><strong>nos</strong></span> <span class='ocrx_word' id='word_1_27' title='bbox 876 287 883 295; x_wconf 86' lang='lat'><strong><em>‘</em></strong></span> 
     </span>
    </p>
   </div>
   <div class='ocr_carea' id='block_1_6' title="bbox 92 329 882 366">
    <p class='ocr_par' dir='ltr' id='par_1_6' title="bbox 92 329 882 366">
     <span class='ocr_line' id='line_1_6' title="bbox 92 329 882 366; baseline 0.003 -10"><span class='ocrx_word' id='word_1_28' title='bbox 92 329 300 362; x_wconf 84' lang='lat' dir='ltr'><strong>damnaremus,</strong></span> <span class='ocrx_word' id='word_1_29' title='bbox 314 331 360 358; x_wconf 92' lang='lat' dir='ltr'><strong>ubi</strong></span> <span class='ocrx_word' id='word_1_30' title='bbox 379 335 508 366; x_wconf 84' lang='lat' dir='ltr'><strong>tanquam</strong></span> <span class='ocrx_word' id='word_1_31' title='bbox 522 331 659 366; x_wconf 64' lang='lat' dir='ltr'><strong>prieterita</strong></span> <span class='ocrx_word' id='word_1_32' title='bbox 673 337 738 358; x_wconf 92' lang='lat' dir='ltr'><strong>sunt</strong></span> <span class='ocrx_word' id='word_1_33' title='bbox 764 336 882 366; x_wconf 83' lang='lat' dir='ltr'><strong>utraque</strong></span> 
     </span>
    </p>
   </div>
   <div class='ocr_carea' id='block_1_7' title="bbox 91 374 884 410">
    <p class='ocr_par' dir='ltr' id='par_1_7' title="bbox 91 374 884 410">
     <span class='ocr_line' id='line_1_7' title="bbox 91 374 884 410; baseline 0.003 -10"><span class='ocrx_word' id='word_1_34' title='bbox 91 379 216 406; x_wconf 83' lang='lat' dir='ltr'><strong>narrata,</strong></span> <span class='ocrx_word' id='word_1_35' title='bbox 233 382 282 409; x_wconf 89' lang='lat' dir='ltr'><strong>per</strong></span> <span class='ocrx_word' id='word_1_36' title='bbox 307 374 381 402; x_wconf 91' lang='lat' dir='ltr'><strong>iIIitts</strong></span> <span class='ocrx_word' id='word_1_37' title='bbox 397 375 484 402; x_wconf 87' lang='lat' dir='ltr'><strong>sancti</strong></span> <span class='ocrx_word' id='word_1_38' title='bbox 504 375 599 410; x_wconf 84' lang='lat' dir='ltr'><strong>Cyrilli</strong></span> <span class='ocrx_word' id='word_1_39' title='bbox 618 375 713 402; x_wconf 88' lang='lat' dir='ltr'><strong>ﬁdeles</strong></span> <span class='ocrx_word' id='word_1_40' title='bbox 747 376 884 410; x_wconf 85' lang='lat' dir='ltr'><strong>interpre-</strong></span> 
     </span>
    </p>
   </div>
   <div class='ocr_carea' id='block_1_8' title="bbox 93 419 881 456">
    <p class='ocr_par' dir='ltr' id='par_1_8' title="bbox 93 419 881 456">
     <span class='ocr_line' id='line_1_8' title="bbox 93 419 881 456; baseline 0.003 -10"><span class='ocrx_word' id='word_1_41' title='bbox 93 419 228 446; x_wconf 84' lang='lat' dir='ltr'><strong>tationes?</strong></span> <span class='ocrx_word' id='word_1_42' title='bbox 248 420 318 454; x_wconf 86' lang='lat' dir='ltr'><strong>Ipse,</strong></span> <span class='ocrx_word' id='word_1_43' title='bbox 339 420 396 455; x_wconf 91' lang='lat' dir='ltr'><strong>ipse</strong></span> <span class='ocrx_word' id='word_1_44' title='bbox 411 426 522 448; x_wconf 86' lang='lat' dir='ltr'><strong>sanctus</strong></span> <span class='ocrx_word' id='word_1_45' title='bbox 540 420 657 456; x_wconf 73' lang='lat' dir='ltr'><strong>Cyr-illus</strong></span> <span class='ocrx_word' id='word_1_46' title='bbox 674 429 728 447; x_wconf 84' lang='lat' dir='ltr'><strong>non</strong></span> <span class='ocrx_word' id='word_1_47' title='bbox 748 422 793 447; x_wconf 93' lang='lat' dir='ltr'><strong>uni</strong></span> <span class='ocrx_word' id='word_1_48' title='bbox 818 421 881 454; x_wconf 77' lang='lat' dir='ltr'><strong>lbae,</strong></span> 
     </span>
    </p>
   </div>
   <div class='ocr_carea' id='block_1_9' title="bbox 91 464 883 501">
    <p class='ocr_par' dir='ltr' id='par_1_9' title="bbox 91 464 883 501">
     <span class='ocr_line' id='line_1_9' title="bbox 91 464 883 501; baseline 0.003 -10"><span class='ocrx_word' id='word_1_49' title='bbox 91 464 142 491; x_wconf 89' lang='lat' dir='ltr'><strong>sed</strong></span> <span class='ocrx_word' id='word_1_50' title='bbox 162 465 289 499; x_wconf 87' lang='lat' dir='ltr'><strong>pluribus</strong></span> <span class='ocrx_word' id='word_1_51' title='bbox 302 464 488 493; x_wconf 70' lang='lat' dir='ltr'><strong>Orientalibus</strong></span> <span class='ocrx_word' id='word_1_52' title='bbox 508 467 654 501; x_wconf 80' lang='lat' dir='ltr'><strong>episcopis,</strong></span> <span class='ocrx_word' id='word_1_53' title='bbox 678 466 786 494; x_wconf 85' lang='lat' dir='ltr'><strong>auferre</strong></span> <span class='ocrx_word' id='word_1_54' title='bbox 805 474 883 493; x_wconf 82' lang='lat' dir='ltr'><strong>scan-</strong></span> 
     </span>
    </p>
   </div>
   <div class='ocr_carea' id='block_1_10' title="bbox 91 510 880 546">
    <p class='ocr_par' dir='ltr' id='par_1_10' title="bbox 91 510 880 546">
     <span class='ocr_line' id='line_1_10' title="bbox 91 510 880 546; baseline 0.003 -10"><span class='ocrx_word' id='word_1_55' title='bbox 91 510 185 537; x_wconf 89' lang='lat' dir='ltr'><strong>dalum</strong></span> <span class='ocrx_word' id='word_1_56' title='bbox 201 511 278 538; x_wconf 79' lang='lat' dir='ltr'><strong>make</strong></span> <span class='ocrx_word' id='word_1_57' title='bbox 296 511 482 546; x_wconf 70' lang='lat' dir='ltr'><strong>intelligentiae</strong></span> <span class='ocrx_word' id='word_1_58' title='bbox 508 512 681 546; x_wconf 79' lang='lat' dir='ltr'><strong>properavit,</strong></span> <span class='ocrx_word' id='word_1_59' title='bbox 703 512 772 539; x_wconf 88' lang='lat' dir='ltr'><strong>bene</strong></span> <span class='ocrx_word' id='word_1_60' title='bbox 794 512 880 539; x_wconf 88' lang='lat' dir='ltr'><strong>inter-</strong></span> 
     </span>
    </p>
   </div>
   <div class='ocr_carea' id='block_1_11' title="bbox 90 556 881 594">
    <p class='ocr_par' dir='ltr' id='par_1_11' title="bbox 90 556 881 594">
     <span class='ocr_line' id='line_1_11' title="bbox 90 556 881 594; baseline 0.003 -11"><span class='ocrx_word' id='word_1_61' title='bbox 90 556 229 591; x_wconf 87' lang='lat' dir='ltr'><strong>pretando</strong></span> <span class='ocrx_word' id='word_1_62' title='bbox 251 557 370 592; x_wconf 89' lang='lat' dir='ltr'><strong>capitula</strong></span> <span class='ocrx_word' id='word_1_63' title='bbox 389 565 454 584; x_wconf 87' lang='lat' dir='ltr'><strong>sua:</strong></span> <span class='ocrx_word' id='word_1_64' title='bbox 476 562 502 585; x_wconf 90' lang='lat' dir='ltr'><strong>et</strong></span> <span class='ocrx_word' id='word_1_65' title='bbox 525 565 576 585; x_wconf 91' lang='lat' dir='ltr'><strong>nos</strong></span> <span class='ocrx_word' id='word_1_66' title='bbox 601 566 651 593; x_wconf 89' lang='lat' dir='ltr'><strong>pro</strong></span> <span class='ocrx_word' id='word_1_67' title='bbox 674 558 785 594; x_wconf 72' lang='lat' dir='ltr'><strong>injuriis</strong></span> <span class='ocrx_word' id='word_1_68' title='bbox 811 559 881 593; x_wconf 84' lang='lat' dir='ltr'><strong>ejus,</strong></span> 
     </span>
    </p>
   </div>
   <div class='ocr_carea' id='block_1_12' title="bbox 91 601 884 638">
    <p class='ocr_par' dir='ltr' id='par_1_12' title="bbox 91 601 884 638">
     <span class='ocr_line' id='line_1_12' title="bbox 91 601 884 638; baseline 0.004 -11"><span class='ocrx_word' id='word_1_69' title='bbox 91 601 216 628; x_wconf 79' lang='lat' dir='ltr'><strong>historia:</strong></span> <span class='ocrx_word' id='word_1_70' title='bbox 233 601 324 634; x_wconf 84' lang='lat' dir='ltr'><strong>modo,</strong></span> <span class='ocrx_word' id='word_1_71' title='bbox 338 610 399 637; x_wconf 72' lang='lat' dir='ltr'><strong>qua:</strong></span> <span class='ocrx_word' id='word_1_72' title='bbox 423 603 612 638; x_wconf 81' lang='lat' dir='ltr'><strong>contigerant,</strong></span> <span class='ocrx_word' id='word_1_73' title='bbox 628 607 812 638; x_wconf 81' lang='lat' dir='ltr'><strong>exponentem</strong></span> <span class='ocrx_word' id='word_1_74' title='bbox 840 611 884 631; x_wconf 89' lang='lat' dir='ltr'><strong>re-</strong></span> 
     </span>
    </p>
   </div>
   <div class='ocr_carea' id='block_1_13' title="bbox 91 646 883 682">
    <p class='ocr_par' dir='ltr' id='par_1_13' title="bbox 91 646 883 682">
     <span class='ocr_line' id='line_1_13' title="bbox 91 646 883 682; baseline 0.005 -10"><span class='ocrx_word' id='word_1_75' title='bbox 91 646 275 681; x_wconf 87' lang='lat' dir='ltr'><strong>probaremus</strong></span> <span class='ocrx_word' id='word_1_76' title='bbox 289 647 444 682; x_wconf 78' lang='lat' dir='ltr'><strong>epistolam.</strong></span> <span class='ocrx_word' id='word_1_77' title='bbox 461 648 489 675; x_wconf 83' lang='lat' dir='ltr'><strong>Si</strong></span> <span class='ocrx_word' id='word_1_78' title='bbox 510 648 648 675; x_wconf 88' lang='lat' dir='ltr'><strong>contraria</strong></span> <span class='ocrx_word' id='word_1_79' title='bbox 663 657 735 675; x_wconf 75' lang='lat' dir='ltr'><strong>verae</strong></span> <span class='ocrx_word' id='word_1_80' title='bbox 760 649 823 676; x_wconf 90' lang='lat' dir='ltr'><strong>ﬁdei</strong></span> <span class='ocrx_word' id='word_1_81' title='bbox 839 656 883 676; x_wconf 92' lang='lat' dir='ltr'><strong>re-</strong></span> 
     </span>
    </p>
   </div>
   <div class='ocr_carea' id='block_1_14' title="bbox 89 693 884 729">
    <p class='ocr_par' dir='ltr' id='par_1_14' title="bbox 89 693 884 729">
     <span class='ocr_line' id='line_1_14' title="bbox 89 693 884 729; baseline 0.004 -10"><span class='ocrx_word' id='word_1_82' title='bbox 89 693 163 725; x_wconf 68' lang='lat' dir='ltr'><strong>gulis</strong></span> <span class='ocrx_word' id='word_1_83' title='bbox 178 693 205 720; x_wconf 90' lang='lat' dir='ltr'><strong>in</strong></span> <span class='ocrx_word' id='word_1_84' title='bbox 219 694 265 720; x_wconf 87' lang='lat' dir='ltr'><strong>illa</strong></span> <span class='ocrx_word' id='word_1_85' title='bbox 276 694 391 728; x_wconf 90' lang='lat' dir='ltr'><strong>epistola</strong></span> <span class='ocrx_word' id='word_1_86' title='bbox 404 694 569 722; x_wconf 80' lang='lat' dir='ltr'><strong>venerabilis</strong></span> <span class='ocrx_word' id='word_1_87' title='bbox 581 695 642 722; x_wconf 89' lang='lat' dir='ltr'><strong>Ibas</strong></span> <span class='ocrx_word' id='word_1_88' title='bbox 654 695 799 729; x_wconf 88' lang='lat' dir='ltr'><strong>episcopus</strong></span> <span class='ocrx_word' id='word_1_89' title='bbox 809 695 884 722; x_wconf 92' lang='lat' dir='ltr'><strong>Iocu-</strong></span> 
     </span>
    </p>
   </div>
   <div class='ocr_carea' id='block_1_15' title="bbox 91 739 882 775">
    <p class='ocr_par' dir='ltr' id='par_1_15' title="bbox 91 739 882 775">
     <span class='ocr_line' id='line_1_15' title="bbox 91 739 882 775; baseline 0.004 -11"><span class='ocrx_word' id='word_1_90' title='bbox 91 743 137 765; x_wconf 88' lang='lat' dir='ltr'><strong>tus</strong></span> <span class='ocrx_word' id='word_1_91' title='bbox 150 739 235 766; x_wconf 83' lang='lat' dir='ltr'><strong>fuisse</strong></span> <span class='ocrx_word' id='word_1_92' title='bbox 253 739 388 771; x_wconf 83' lang='lat' dir='ltr'><strong>ﬁrmatur,</strong></span> <span class='ocrx_word' id='word_1_93' title='bbox 402 744 514 774; x_wconf 83' lang='lat' dir='ltr'><strong>propter</strong></span> <span class='ocrx_word' id='word_1_94' title='bbox 529 740 671 775; x_wconf 82' lang='lat' dir='ltr'><strong>aliquanta</strong></span> <span class='ocrx_word' id='word_1_95' title='bbox 683 741 726 768; x_wconf 87' lang='lat' dir='ltr'><strong>vel</strong></span> <span class='ocrx_word' id='word_1_96' title='bbox 744 741 882 775; x_wconf 81' lang='lat' dir='ltr'><strong>ambigua,</strong></span> 
     </span>
    </p>
   </div>
   <div class='ocr_carea' id='block_1_16' title="bbox 89 783 880 818">
    <p class='ocr_par' dir='ltr' id='par_1_16' title="bbox 89 783 880 818">
     <span class='ocr_line' id='line_1_16' title="bbox 89 783 880 818; baseline 0.004 -9"><span class='ocrx_word' id='word_1_97' title='bbox 89 783 134 809; x_wconf 85' lang='lat' dir='ltr'><strong>vel</strong></span> <span class='ocrx_word' id='word_1_98' title='bbox 155 783 284 815; x_wconf 83' lang='lat' dir='ltr'><strong>obscura,</strong></span> <span class='ocrx_word' id='word_1_99' title='bbox 300 792 360 818; x_wconf 72' lang='lat' dir='ltr'><strong>quae</strong></span> <span class='ocrx_word' id='word_1_100' title='bbox 375 784 479 811; x_wconf 85' lang='lat' dir='ltr'><strong>faciunt</strong></span> <span class='ocrx_word' id='word_1_101' title='bbox 491 785 544 811; x_wconf 90' lang='lat' dir='ltr'><strong>hoc</strong></span> <span class='ocrx_word' id='word_1_102' title='bbox 555 785 662 818; x_wconf 87' lang='lat' dir='ltr'><strong>videri;</strong></span> <span class='ocrx_word' id='word_1_103' title='bbox 681 790 776 812; x_wconf 87' lang='lat' dir='ltr'><strong>nostra</strong></span> <span class='ocrx_word' id='word_1_104' title='bbox 801 785 880 813; x_wconf 85' lang='lat' dir='ltr'><strong>debet</strong></span> 
     </span>
    </p>
   </div>
   <div class='ocr_carea' id='block_1_17' title="bbox 87 830 881 865">
    <p class='ocr_par' dir='ltr' id='par_1_17' title="bbox 87 830 881 865">
     <span class='ocr_line' id='line_1_17' title="bbox 87 830 881 865; baseline 0.004 -11"><span class='ocrx_word' id='word_1_105' title='bbox 87 835 151 854; x_wconf 83' lang='lat' dir='ltr'><strong>esse</strong></span> <span class='ocrx_word' id='word_1_106' title='bbox 171 830 306 855; x_wconf 86' lang='lat' dir='ltr'><strong>sententia</strong></span> <span class='ocrx_word' id='word_1_107' title='bbox 320 830 440 856; x_wconf 86' lang='lat' dir='ltr'><strong>melior:</strong></span> <span class='ocrx_word' id='word_1_108' title='bbox 460 830 524 864; x_wconf 84' lang='lat' dir='ltr'><strong>quia</strong></span> <span class='ocrx_word' id='word_1_109' title='bbox 540 838 590 857; x_wconf 90' lang='lat' dir='ltr'><strong>nos</strong></span> <span class='ocrx_word' id='word_1_110' title='bbox 621 838 655 857; x_wconf 85' lang='lat' dir='ltr'><strong>ex</strong></span> <span class='ocrx_word' id='word_1_111' title='bbox 675 838 722 857; x_wconf 90' lang='lat' dir='ltr'><strong>ore</strong></span> <span class='ocrx_word' id='word_1_112' title='bbox 746 831 815 865; x_wconf 84' lang='lat' dir='ltr'><strong>ejus,</strong></span> <span class='ocrx_word' id='word_1_113' title='bbox 834 832 881 865; x_wconf 91' lang='lat' dir='ltr'><strong>qui</strong></span> 
     </span>
    </p>
   </div>
   <div class='ocr_carea' id='block_1_18' title="bbox 88 872 880 910">
    <p class='ocr_par' dir='ltr' id='par_1_18' title="bbox 88 872 880 910">
     <span class='ocr_line' id='line_1_18' title="bbox 88 872 880 910; baseline 0.006 -12"><span class='ocrx_word' id='word_1_114' title='bbox 88 872 207 899; x_wconf 74' lang='lat' dir='ltr'><strong>dictavit</strong></span> <span class='ocrx_word' id='word_1_115' title='bbox 221 873 377 907; x_wconf 85' lang='lat' dir='ltr'><strong>epistolam,</strong></span> <span class='ocrx_word' id='word_1_116' title='bbox 409 882 521 902; x_wconf 88' lang='lat' dir='ltr'><strong>sensum</strong></span> <span class='ocrx_word' id='word_1_117' title='bbox 549 875 686 902; x_wconf 83' lang='lat' dir='ltr'><strong>valuimus</strong></span> <span class='ocrx_word' id='word_1_118' title='bbox 715 876 880 910; x_wconf 78' lang='lat' dir='ltr'><strong>investigare</strong></span> 
     </span>
    </p>
   </div>
   <div class='ocr_carea' id='block_1_19' title="bbox 88 918 880 956">
    <p class='ocr_par' dir='ltr' id='par_1_19' title="bbox 88 918 880 956">
     <span class='ocr_line' id='line_1_19' title="bbox 88 918 880 956; baseline 0.006 -13"><span class='ocrx_word' id='word_1_119' title='bbox 88 918 251 945; x_wconf 84' lang='lat' dir='ltr'><strong>verborum.</strong></span> <span class='ocrx_word' id='word_1_120' title='bbox 282 919 426 947; x_wconf 85' lang='lat' dir='ltr'><strong>Postremo</strong></span> <span class='ocrx_word' id='word_1_121' title='bbox 445 928 531 955; x_wconf 89' lang='lat' dir='ltr'><strong>quare</strong></span> <span class='ocrx_word' id='word_1_122' title='bbox 556 925 717 956; x_wconf 79' lang='lat' dir='ltr'><strong>putaremus</strong></span> <span class='ocrx_word' id='word_1_123' title='bbox 737 921 880 956; x_wconf 86' lang='lat' dir='ltr'><strong>epistolam</strong></span> 
     </span>
    </p>
   </div>
   <div class='ocr_carea' id='block_1_20' title="bbox 89 965 880 1001">
    <p class='ocr_par' dir='ltr' id='par_1_20' title="bbox 89 965 880 1001">
     <span class='ocr_line' id='line_1_20' title="bbox 89 965 880 1001; baseline 0.006 -12"><span class='ocrx_word' id='word_1_124' title='bbox 89 966 185 990; x_wconf 81' lang='lat' dir='ltr'><strong>favere</strong></span> <span class='ocrx_word' id='word_1_125' title='bbox 196 965 332 997; x_wconf 64' lang='lat' dir='ltr'><strong>Nestor-io,</strong></span> <span class='ocrx_word' id='word_1_126' title='bbox 355 966 434 1001; x_wconf 88' lang='lat' dir='ltr'><strong>cujus</strong></span> <span class='ocrx_word' id='word_1_127' title='bbox 454 971 562 998; x_wconf 89' lang='lat' dir='ltr'><strong>auctor,</strong></span> <span class='ocrx_word' id='word_1_128' title='bbox 581 967 661 994; x_wconf 89' lang='lat' dir='ltr'><strong>nobis</strong></span> <span class='ocrx_word' id='word_1_129' title='bbox 688 967 880 1001; x_wconf 74' lang='lat' dir='ltr'><strong>przesentibus,</strong></span> 
     </span>
    </p>
   </div>
   <div class='ocr_carea' id='block_1_21' title="bbox 85 1009 881 1044">
    <p class='ocr_par' dir='ltr' id='par_1_21' title="bbox 85 1009 881 1044">
     <span class='ocr_line' id='line_1_21' title="bbox 85 1009 881 1044; baseline 0.003 -8"><span class='ocrx_word' id='word_1_130' title='bbox 85 1009 261 1044; x_wconf 71' lang='lat' dir='ltr'><strong>iubentibus,</strong></span> <span class='ocrx_word' id='word_1_131' title='bbox 280 1011 467 1044; x_wconf 84' lang='lat' dir='ltr'><strong>audientibus,</strong></span> <span class='ocrx_word' id='word_1_132' title='bbox 482 1020 549 1039; x_wconf 76' lang='lat' dir='ltr'><strong>voce</strong></span> <span class='ocrx_word' id='word_1_133' title='bbox 569 1014 631 1039; x_wconf 84' lang='lat' dir='ltr'><strong>viva</strong></span> <span class='ocrx_word' id='word_1_134' title='bbox 646 1012 758 1039; x_wconf 88' lang='lat' dir='ltr'><strong>minime</strong></span> <span class='ocrx_word' id='word_1_135' title='bbox 771 1012 881 1039; x_wconf 87' lang='lat' dir='ltr'><strong>dubita-</strong></span> 
     </span>
    </p>
   </div>
   <div class='ocr_carea' id='block_1_22' title="bbox 89 1055 880 1092">
    <p class='ocr_par' dir='ltr' id='par_1_22' title="bbox 89 1055 880 1092">
     <span class='ocr_line' id='line_1_22' title="bbox 89 1055 880 1092; baseline 0 -10"><span class='ocrx_word' id='word_1_136' title='bbox 89 1055 131 1083; x_wconf 81' lang='lat' dir='ltr'><strong>vit</strong></span> <span class='ocrx_word' id='word_1_137' title='bbox 145 1056 378 1084; x_wconf 86' lang='lat' dir='ltr'><strong>anathematizare</strong></span> <span class='ocrx_word' id='word_1_138' title='bbox 400 1058 570 1088; x_wconf 85' lang='lat' dir='ltr'><strong>Nestorium,</strong></span> <span class='ocrx_word' id='word_1_139' title='bbox 600 1057 754 1092; x_wconf 88' lang='lat' dir='ltr'><strong>suscipiens</strong></span> <span class='ocrx_word' id='word_1_140' title='bbox 777 1062 880 1083; x_wconf 89' lang='lat' dir='ltr'><strong>tomutn</strong></span> 
     </span>
    </p>
   </div>
   <div class='ocr_carea' id='block_1_23' title="bbox 90 1101 881 1136">
    <p class='ocr_par' dir='ltr' id='par_1_23' title="bbox 90 1101 881 1136">
     <span class='ocr_line' id='line_1_23' title="bbox 90 1101 881 1136; baseline 0.003 -9"><span class='ocrx_word' id='word_1_141' title='bbox 90 1108 169 1136; x_wconf 68' lang='lat' dir='ltr'><strong>papae</strong></span> <span class='ocrx_word' id='word_1_142' title='bbox 179 1101 291 1134; x_wconf 89' lang='lat' dir='ltr'><strong>Leonis,</strong></span> <span class='ocrx_word' id='word_1_143' title='bbox 309 1107 338 1130; x_wconf 89' lang='lat' dir='ltr'><strong>et</strong></span> <span class='ocrx_word' id='word_1_144' title='bbox 347 1102 550 1130; x_wconf 78' lang='lat' dir='ltr'><strong>confessionem</strong></span> <span class='ocrx_word' id='word_1_145' title='bbox 566 1111 638 1130; x_wconf 68' lang='lat' dir='ltr'><strong>verte</strong></span> <span class='ocrx_word' id='word_1_146' title='bbox 657 1103 720 1129; x_wconf 85' lang='lat' dir='ltr'><strong>ﬁdei</strong></span> <span class='ocrx_word' id='word_1_147' title='bbox 737 1102 881 1130; x_wconf 88' lang='lat' dir='ltr'><strong>nobiscum</strong></span> 
     </span>
    </p>
   </div>
   <div class='ocr_carea' id='block_1_24' title="bbox 89 1146 774 1175">
    <p class='ocr_par' dir='ltr' id='par_1_24' title="bbox 89 1146 774 1175">
     <span class='ocr_line' id='line_1_24' title="bbox 89 1146 774 1175; baseline 0.003 -3"><span class='ocrx_word' id='word_1_148' title='bbox 89 1146 291 1174; x_wconf 82' lang='lat' dir='ltr'><strong>subscribendo</strong></span> <span class='ocrx_word' id='word_1_149' title='bbox 301 1147 487 1175; x_wconf 86' lang='lat' dir='ltr'><strong>conﬁrmans?</strong></span> <span class='ocrx_word' id='word_1_150' title='bbox 509 1158 517 1174; x_wconf 75' lang='grc' dir='ltr'><strong><em>ι</em></strong></span> <span class='ocrx_word' id='word_1_151' title='bbox 535 1148 597 1175; x_wconf 77' lang='lat' dir='ltr'><strong>Ilaec</strong></span> <span class='ocrx_word' id='word_1_152' title='bbox 611 1147 774 1175; x_wconf 82' lang='lat' dir='ltr'><strong>Fcrrandus.</strong></span> 
     </span>
    </p>
   </div>
   <div class='ocr_carea' id='block_1_25' title="bbox 127 1191 882 1229">
    <p class='ocr_par' dir='ltr' id='par_1_25' title="bbox 127 1191 882 1229">
     <span class='ocr_line' id='line_1_25' title="bbox 127 1191 882 1229; baseline 0.003 -11"><span class='ocrx_word' id='word_1_153' title='bbox 127 1191 196 1220; x_wconf 77' lang='lat' dir='ltr'><strong>XIV.</strong></span> <span class='ocrx_word' id='word_1_154' title='bbox 215 1192 284 1220; x_wconf 89' lang='lat' dir='ltr'><strong>Cum</strong></span> <span class='ocrx_word' id='word_1_155' title='bbox 299 1202 342 1221; x_wconf 87' lang='lat' dir='ltr'><strong>res</strong></span> <span class='ocrx_word' id='word_1_156' title='bbox 360 1198 490 1229; x_wconf 83' lang='lat' dir='ltr'><strong>ageretur</strong></span> <span class='ocrx_word' id='word_1_157' title='bbox 502 1196 528 1221; x_wconf 88' lang='lat' dir='ltr'><strong>in</strong></span> <span class='ocrx_word' id='word_1_158' title='bbox 543 1194 648 1229; x_wconf 83' lang='lat' dir='ltr'><strong>synodo</strong></span> <span class='ocrx_word' id='word_1_159' title='bbox 658 1193 750 1229; x_wconf 82' lang='lat' dir='ltr'><strong>Vigilii</strong></span> <span class='ocrx_word' id='word_1_160' title='bbox 766 1198 882 1221; x_wconf 87' lang='lat' dir='ltr'><strong>conten-</strong></span> 
     </span>
    </p>
   </div>
   <div class='ocr_carea' id='block_1_26' title="bbox 90 1237 880 1274">
    <p class='ocr_par' dir='ltr' id='par_1_26' title="bbox 90 1237 880 1274">
     <span class='ocr_line' id='line_1_26' title="bbox 90 1237 880 1274; baseline 0.001 -10"><span class='ocrx_word' id='word_1_161' title='bbox 90 1237 191 1265; x_wconf 86' lang='lat' dir='ltr'><strong>tiosius</strong></span> <span class='ocrx_word' id='word_1_162' title='bbox 203 1246 284 1272; x_wconf 85' lang='lat' dir='ltr'><strong>quam</strong></span> <span class='ocrx_word' id='word_1_163' title='bbox 303 1239 408 1272; x_wconf 85' lang='lat' dir='ltr'><strong>utilius,</strong></span> <span class='ocrx_word' id='word_1_164' title='bbox 423 1247 474 1266; x_wconf 90' lang='lat' dir='ltr'><strong>nec</strong></span> <span class='ocrx_word' id='word_1_165' title='bbox 485 1239 628 1274; x_wconf 73' lang='lat' dir='ltr'><strong>aﬁ‘ulgeret</strong></span> <span class='ocrx_word' id='word_1_166' title='bbox 640 1247 702 1274; x_wconf 88' lang='lat' dir='ltr'><strong>spes</strong></span> <span class='ocrx_word' id='word_1_167' title='bbox 716 1239 880 1271; x_wconf 71' lang='lat' dir='ltr'><strong>concordiae,</strong></span> 
     </span>
    </p>
   </div>
   <div class='ocr_carea' id='block_1_27' title="bbox 90 1284 882 1320">
    <p class='ocr_par' dir='ltr' id='par_1_27' title="bbox 90 1284 882 1320">
     <span class='ocr_line' id='line_1_27' title="bbox 90 1284 882 1320; baseline 0.003 -10"><span class='ocrx_word' id='word_1_168' title='bbox 90 1284 196 1318; x_wconf 80' lang='lat' dir='ltr'><strong>placuit</strong></span> <span class='ocrx_word' id='word_1_169' title='bbox 219 1285 354 1320; x_wconf 90' lang='lat' dir='ltr'><strong>pontiﬁci,</strong></span> <span class='ocrx_word' id='word_1_170' title='bbox 385 1290 415 1312; x_wconf 86' lang='lat' dir='ltr'><strong>ut</strong></span> <span class='ocrx_word' id='word_1_171' title='bbox 440 1286 557 1320; x_wconf 86' lang='lat' dir='ltr'><strong>quisque</strong></span> <span class='ocrx_word' id='word_1_172' title='bbox 583 1285 748 1312; x_wconf 87' lang='lat' dir='ltr'><strong>sententiam</strong></span> <span class='ocrx_word' id='word_1_173' title='bbox 780 1285 882 1320; x_wconf 88' lang='lat' dir='ltr'><strong>scripto</strong></span> 
     </span>
    </p>
   </div>
   <div class='ocr_carea' id='block_1_28' title="bbox 89 1329 882 1366">
    <p class='ocr_par' dir='ltr' id='par_1_28' title="bbox 89 1329 882 1366">
     <span class='ocr_line' id='line_1_28' title="bbox 89 1329 882 1366; baseline 0.001 -11"><span class='ocrx_word' id='word_1_174' title='bbox 89 1329 215 1357; x_wconf 81' lang='lat' dir='ltr'><strong>traderet</strong></span> <span class='ocrx_word' id='word_1_175' title='bbox 226 1330 296 1357; x_wconf 92' lang='lat' dir='ltr'><strong>intra</strong></span> <span class='ocrx_word' id='word_1_176' title='bbox 311 1336 416 1366; x_wconf 87' lang='lat' dir='ltr'><strong>septem</strong></span> <span class='ocrx_word' id='word_1_177' title='bbox 429 1331 499 1363; x_wconf 90' lang='lat' dir='ltr'><strong>dies,</strong></span> <span class='ocrx_word' id='word_1_178' title='bbox 513 1338 631 1366; x_wconf 89' lang='lat' dir='ltr'><strong>quorutn</strong></span> <span class='ocrx_word' id='word_1_179' title='bbox 646 1330 701 1358; x_wconf 90' lang='lat' dir='ltr'><strong>duo</strong></span> <span class='ocrx_word' id='word_1_180' title='bbox 717 1334 807 1357; x_wconf 89' lang='lat' dir='ltr'><strong>tamen</strong></span> <span class='ocrx_word' id='word_1_181' title='bbox 819 1329 882 1357; x_wconf 83' lang='lat' dir='ltr'><strong>festi</strong></span> 
     </span>
    </p>
   </div>
   <div class='ocr_carea' id='block_1_29' title="bbox 88 1376 883 1412">
    <p class='ocr_par' dir='ltr' id='par_1_29' title="bbox 88 1376 883 1412">
     <span class='ocr_line' id='line_1_29' title="bbox 88 1376 883 1412; baseline 0.001 -10"><span class='ocrx_word' id='word_1_182' title='bbox 88 1379 180 1402; x_wconf 82' lang='lat' dir='ltr'><strong>erant.</strong></span> <span class='ocrx_word' id='word_1_183' title='bbox 195 1376 224 1403; x_wconf 92' lang='lat' dir='ltr'><strong>Id</strong></span> <span class='ocrx_word' id='word_1_184' title='bbox 238 1380 332 1404; x_wconf 87' lang='lat' dir='ltr'><strong>monet</strong></span> <span class='ocrx_word' id='word_1_185' title='bbox 361 1377 516 1409; x_wconf 85' lang='lat' dir='ltr'><strong>Faeundus,</strong></span> <span class='ocrx_word' id='word_1_186' title='bbox 542 1385 630 1412; x_wconf 85' lang='lat' dir='ltr'><strong>coque</strong></span> <span class='ocrx_word' id='word_1_187' title='bbox 653 1382 760 1411; x_wconf 87' lang='lat' dir='ltr'><strong>tempus</strong></span> <span class='ocrx_word' id='word_1_188' title='bbox 782 1376 883 1403; x_wconf 66' lang='lat' dir='ltr'><strong>habitae</strong></span> 
     </span>
    </p>
   </div>
   <div class='ocr_carea' id='block_1_30' title="bbox 89 1422 882 1461">
    <p class='ocr_par' dir='ltr' id='par_1_30' title="bbox 89 1422 882 1461">
     <span class='ocr_line' id='line_1_30' title="bbox 89 1422 882 1461; baseline 0.001 -14"><span class='ocrx_word' id='word_1_189' title='bbox 89 1422 189 1456; x_wconf 79' lang='lat' dir='ltr'><strong>synodi</strong></span> <span class='ocrx_word' id='word_1_190' title='bbox 204 1430 260 1449; x_wconf 91' lang='lat' dir='ltr'><strong>non</strong></span> <span class='ocrx_word' id='word_1_191' title='bbox 274 1422 392 1450; x_wconf 90' lang='lat' dir='ltr'><strong>obscure</strong></span> <span class='ocrx_word' id='word_1_192' title='bbox 419 1423 612 1461; x_wconf 31' lang='lat' dir='ltr'><strong>innuit.‘Natn</strong></span> <span class='ocrx_word' id='word_1_193' title='bbox 634 1430 697 1450; x_wconf 90' lang='lat' dir='ltr'><strong>cum</strong></span> <span class='ocrx_word' id='word_1_194' title='bbox 717 1422 882 1449; x_wconf 86' lang='lat' dir='ltr'><strong>sententiam</strong></span> 
     </span>
    </p>
   </div>
   <div class='ocr_carea' id='block_1_31' title="bbox 89 1467 881 1503">
    <p class='ocr_par' dir='ltr' id='par_1_31' title="bbox 89 1467 881 1503">
     <span class='ocr_line' id='line_1_31' title="bbox 89 1467 881 1503; baseline -0.003 -9"><span class='ocrx_word' id='word_1_195' title='bbox 89 1474 170 1494; x_wconf 83' lang='lat' dir='ltr'><strong>suam</strong></span> <span class='ocrx_word' id='word_1_196' title='bbox 194 1467 251 1502; x_wconf 86' lang='lat' dir='ltr'><strong>ipse</strong></span> <span class='ocrx_word' id='word_1_197' title='bbox 272 1467 395 1502; x_wconf 80' lang='lat' dir='ltr'><strong>pontifex</strong></span> <span class='ocrx_word' id='word_1_198' title='bbox 422 1468 553 1503; x_wconf 85' lang='lat' dir='ltr'><strong>scriptam</strong></span> <span class='ocrx_word' id='word_1_199' title='bbox 579 1467 686 1494; x_wconf 85' lang='lat' dir='ltr'><strong>dederit</strong></span> <span class='ocrx_word' id='word_1_200' title='bbox 714 1467 881 1497; x_wconf 71' lang='lat' dir='ltr'><strong>Iustiniano,</strong></span> 
     </span>
    </p>
   </div>
   <div class='ocr_carea' id='block_1_32' title="bbox 90 1512 882 1547">
    <p class='ocr_par' dir='ltr' id='par_1_32' title="bbox 90 1512 882 1547">
     <span class='ocr_line' id='line_1_32' title="bbox 90 1512 882 1547; baseline 0 -9"><span class='ocrx_word' id='word_1_201' title='bbox 90 1516 154 1546; x_wconf 90' lang='lat' dir='ltr'><strong>post</strong></span> <span class='ocrx_word' id='word_1_202' title='bbox 171 1512 237 1539; x_wconf 88' lang='lat' dir='ltr'><strong>alias</strong></span> <span class='ocrx_word' id='word_1_203' title='bbox 257 1513 375 1540; x_wconf 87' lang='lat' dir='ltr'><strong>aliorum</strong></span> <span class='ocrx_word' id='word_1_204' title='bbox 402 1513 482 1547; x_wconf 90' lang='lat' dir='ltr'><strong>paulo</strong></span> <span class='ocrx_word' id='word_1_205' title='bbox 505 1518 568 1540; x_wconf 88' lang='lat' dir='ltr'><strong>ante</strong></span> <span class='ocrx_word' id='word_1_206' title='bbox 592 1512 725 1545; x_wconf 85' lang='lat' dir='ltr'><strong>traditas,</strong></span> <span class='ocrx_word' id='word_1_207' title='bbox 749 1520 882 1546; x_wconf 87' lang='lat' dir='ltr'><strong>suamque</strong></span> 
     </span>
    </p>
   </div>
   <div class='ocr_carea' id='block_1_33' title="bbox 91 1555 882 1589">
    <p class='ocr_par' dir='ltr' id='par_1_33' title="bbox 91 1555 882 1589">
     <span class='ocr_line' id='line_1_33' title="bbox 91 1555 882 1589; baseline -0.001 -7"><span class='ocrx_word' id='word_1_208' title='bbox 91 1556 214 1583; x_wconf 86' lang='lat' dir='ltr'><strong>Sabbato</strong></span> <span class='ocrx_word' id='word_1_209' title='bbox 237 1561 332 1583; x_wconf 88' lang='lat' dir='ltr'><strong>sancto</strong></span> <span class='ocrx_word' id='word_1_210' title='bbox 355 1557 524 1589; x_wconf 73' lang='lat' dir='ltr'><strong>exhibuerit,</strong></span> <span class='ocrx_word' id='word_1_211' title='bbox 549 1557 576 1583; x_wconf 87' lang='lat' dir='ltr'><strong>id</strong></span> <span class='ocrx_word' id='word_1_212' title='bbox 596 1561 639 1584; x_wconf 88' lang='lat' dir='ltr'><strong>est</strong></span> <span class='ocrx_word' id='word_1_213' title='bbox 664 1556 707 1583; x_wconf 90' lang='lat' dir='ltr'><strong>die</strong></span> <span class='ocrx_word' id='word_1_214' title='bbox 738 1555 882 1582; x_wconf 87' lang='lat' dir='ltr'><strong>undecima</strong></span> 
     </span>
    </p>
   </div>
   <div class='ocr_carea' id='block_1_34' title="bbox 91 1587 918 1635">
    <p class='ocr_par' dir='ltr' id='par_1_34' title="bbox 91 1587 918 1635">
     <span class='ocr_line' id='line_1_34' title="bbox 91 1587 918 1635; baseline 0 -8"><span class='ocrx_word' id='word_1_215' title='bbox 91 1601 212 1635; x_wconf 78' lang='lat' dir='ltr'><strong>Aprilis;</strong></span> <span class='ocrx_word' id='word_1_216' title='bbox 234 1609 297 1628; x_wconf 90' lang='lat' dir='ltr'><strong>nam</strong></span> <span class='ocrx_word' id='word_1_217' title='bbox 319 1601 423 1628; x_wconf 87' lang='lat' dir='ltr'><strong>Pascha</strong></span> <span class='ocrx_word' id='word_1_218' title='bbox 436 1601 485 1629; x_wconf 91' lang='lat' dir='ltr'><strong>illo</strong></span> <span class='ocrx_word' id='word_1_219' title='bbox 505 1609 579 1628; x_wconf 86' lang='lat' dir='ltr'><strong>anno</strong></span> <span class='ocrx_word' id='word_1_220' title='bbox 608 1601 634 1628; x_wconf 91' lang='lat' dir='ltr'><strong>in</strong></span> <span class='ocrx_word' id='word_1_221' title='bbox 662 1601 734 1628; x_wconf 90' lang='lat' dir='ltr'><strong>diem</strong></span> <span class='ocrx_word' id='word_1_222' title='bbox 754 1601 884 1628; x_wconf 47' lang='lat' dir='ltr'><strong>duodecit</strong></span> <span class='ocrx_word' id='word_1_223' title='bbox 898 1587 918 1616; x_wconf 59' lang='grc' dir='ltr'>ί)</span> 
     </span>
    </p>
   </div>
   <div class='ocr_carea' id='block_1_35' title="bbox 90 1647 884 1682">
    <p class='ocr_par' dir='ltr' id='par_1_35' title="bbox 90 1647 884 1682">
     <span class='ocr_line' id='line_1_35' title="bbox 90 1647 884 1682; baseline -0.001 -8"><span class='ocrx_word' id='word_1_224' title='bbox 90 1654 168 1673; x_wconf 90' lang='lat' dir='ltr'><strong>mum</strong></span> <span class='ocrx_word' id='word_1_225' title='bbox 192 1647 296 1682; x_wconf 86' lang='lat' dir='ltr'><strong>Aprilis</strong></span> <span class='ocrx_word' id='word_1_226' title='bbox 327 1647 467 1674; x_wconf 82' lang='lat' dir='ltr'><strong>incidebat</strong></span> <span class='ocrx_word' id='word_1_227' title='bbox 485 1656 492 1673; x_wconf 88' lang='lat'><strong>:</strong></span> <span class='ocrx_word' id='word_1_228' title='bbox 510 1655 622 1674; x_wconf 85' lang='lat' dir='ltr'><strong>necesse</strong></span> <span class='ocrx_word' id='word_1_229' title='bbox 653 1652 695 1674; x_wconf 85' lang='lat' dir='ltr'><strong>est</strong></span> <span class='ocrx_word' id='word_1_230' title='bbox 725 1647 884 1674; x_wconf 84' lang='lat' dir='ltr'><strong>inchoatam</strong></span> 
     </span>
    </p>
   </div>
   <div class='ocr_carea' id='block_1_36' title="bbox 91 1692 884 1729">
    <p class='ocr_par' dir='ltr' id='par_1_36' title="bbox 91 1692 884 1729">
     <span class='ocr_line' id='line_1_36' title="bbox 91 1692 884 1729; baseline -0.001 -9"><span class='ocrx_word' id='word_1_231' title='bbox 91 1693 178 1721; x_wconf 88' lang='lat' dir='ltr'><strong>fuisse</strong></span> <span class='ocrx_word' id='word_1_232' title='bbox 188 1693 324 1729; x_wconf 86' lang='lat' dir='ltr'><strong>synodum</strong></span> <span class='ocrx_word' id='word_1_233' title='bbox 338 1693 382 1721; x_wconf 88' lang='lat' dir='ltr'><strong>die</strong></span> <span class='ocrx_word' id='word_1_234' title='bbox 395 1694 503 1721; x_wconf 89' lang='lat' dir='ltr'><strong>decima</strong></span> <span class='ocrx_word' id='word_1_235' title='bbox 523 1698 598 1720; x_wconf 83' lang='lat' dir='ltr'><strong>sexta</strong></span> <span class='ocrx_word' id='word_1_236' title='bbox 612 1693 713 1725; x_wconf 85' lang='lat' dir='ltr'><strong>Martii,</strong></span> <span class='ocrx_word' id='word_1_237' title='bbox 733 1700 795 1727; x_wconf 67' lang='lat' dir='ltr'><strong>quae</strong></span> <span class='ocrx_word' id='word_1_238' title='bbox 816 1692 884 1719; x_wconf 90' lang='lat' dir='ltr'><strong>feria</strong></span> 
     </span>
    </p>
   </div>
   <div class='ocr_carea' id='block_1_37' title="bbox 91 1738 885 1775">
    <p class='ocr_par' dir='ltr' id='par_1_37' title="bbox 91 1738 885 1775">
     <span class='ocr_line' id='line_1_37' title="bbox 91 1738 885 1775; baseline -0.004 -9"><span class='ocrx_word' id='word_1_239' title='bbox 91 1739 226 1772; x_wconf 87' lang='lat' dir='ltr'><strong>secunda,</strong></span> <span class='ocrx_word' id='word_1_240' title='bbox 240 1739 459 1775; x_wconf 88' lang='lat' dir='ltr'><strong>productamque</strong></span> <span class='ocrx_word' id='word_1_241' title='bbox 474 1739 564 1767; x_wconf 90' lang='lat' dir='ltr'><strong>tribus</strong></span> <span class='ocrx_word' id='word_1_242' title='bbox 587 1743 634 1766; x_wconf 92' lang='lat' dir='ltr'><strong>aut</strong></span> <span class='ocrx_word' id='word_1_243' title='bbox 659 1745 779 1773; x_wconf 82' lang='lat' dir='ltr'><strong>quatuor</strong></span> <span class='ocrx_word' id='word_1_244' title='bbox 800 1738 885 1765; x_wconf 86' lang='lat' dir='ltr'><strong>aetio-</strong></span> 
     </span>
    </p>
   </div>
   <div class='ocr_carea' id='block_1_38' title="bbox 91 1783 886 1820">
    <p class='ocr_par' dir='ltr' id='par_1_38' title="bbox 91 1783 886 1820">
     <span class='ocr_line' id='line_1_38' title="bbox 91 1783 886 1820; baseline -0.005 -7"><span class='ocrx_word' id='word_1_245' title='bbox 91 1785 176 1813; x_wconf 85' lang='lat' dir='ltr'><strong>nibus</strong></span> <span class='ocrx_word' id='word_1_246' title='bbox 195 1785 230 1812; x_wconf 88' lang='lat' dir='ltr'><strong>ad</strong></span> <span class='ocrx_word' id='word_1_247' title='bbox 251 1786 376 1820; x_wconf 87' lang='lat' dir='ltr'><strong>quintam</strong></span> <span class='ocrx_word' id='word_1_248' title='bbox 395 1793 482 1820; x_wconf 89' lang='lat' dir='ltr'><strong>usque</strong></span> <span class='ocrx_word' id='word_1_249' title='bbox 508 1789 556 1812; x_wconf 86' lang='lat' dir='ltr'><strong>aut</strong></span> <span class='ocrx_word' id='word_1_250' title='bbox 588 1789 692 1812; x_wconf 77' lang='lat' dir='ltr'><strong>sextam</strong></span> <span class='ocrx_word' id='word_1_251' title='bbox 715 1784 821 1811; x_wconf 85' lang='lat' dir='ltr'><strong>feriam.</strong></span> <span class='ocrx_word' id='word_1_252' title='bbox 841 1783 886 1810; x_wconf 81' lang='lat' dir='ltr'><strong>Sic</strong></span> 
     </span>
    </p>
   </div>
   <div class='ocr_carea' id='block_1_39' title="bbox 90 1829 885 1868">
    <p class='ocr_par' dir='ltr' id='par_1_39' title="bbox 90 1829 885 1868">
     <span class='ocr_line' id='line_1_39' title="bbox 90 1829 885 1868; baseline -0.008 -7"><span class='ocrx_word' id='word_1_253' title='bbox 90 1833 167 1861; x_wconf 89' lang='lat' dir='ltr'><strong>enim</strong></span> <span class='ocrx_word' id='word_1_254' title='bbox 176 1833 206 1860; x_wconf 90' lang='lat' dir='ltr'><strong>in</strong></span> <span class='ocrx_word' id='word_1_255' title='bbox 218 1833 375 1868; x_wconf 88' lang='lat' dir='ltr'><strong>septiduum</strong></span> <span class='ocrx_word' id='word_1_256' title='bbox 384 1832 439 1859; x_wconf 91' lang='lat' dir='ltr'><strong>duo</strong></span> <span class='ocrx_word' id='word_1_257' title='bbox 451 1832 513 1859; x_wconf 89' lang='lat' dir='ltr'><strong>festi</strong></span> <span class='ocrx_word' id='word_1_258' title='bbox 526 1831 585 1858; x_wconf 87' lang='lat' dir='ltr'><strong>dies</strong></span> <span class='ocrx_word' id='word_1_259' title='bbox 601 1831 734 1860; x_wconf 86' lang='lat' dir='ltr'><strong>incident,</strong></span> <span class='ocrx_word' id='word_1_260' title='bbox 761 1829 885 1856; x_wconf 86' lang='lat' dir='ltr'><strong>Domini-</strong></span> 
     </span>
    </p>
   </div>
   <div class='ocr_carea' id='block_1_40' title="bbox 91 1875 886 1914">
    <p class='ocr_par' dir='ltr' id='par_1_40' title="bbox 91 1875 886 1914">
     <span class='ocr_line' id='line_1_40' title="bbox 91 1875 886 1914; baseline -0.006 -8"><span class='ocrx_word' id='word_1_261' title='bbox 91 1886 143 1906; x_wconf 88' lang='lat' dir='ltr'><strong>cus</strong></span> <span class='ocrx_word' id='word_1_262' title='bbox 159 1883 186 1906; x_wconf 91' lang='lat' dir='ltr'><strong>et</strong></span> <span class='ocrx_word' id='word_1_263' title='bbox 201 1878 419 1914; x_wconf 77' lang='grc' dir='ltr'><strong>Εὐαγγελισμδς,</strong></span> <span class='ocrx_word' id='word_1_264' title='bbox 431 1882 513 1913; x_wconf 84' lang='lat' dir='ltr'><strong>atque</strong></span> <span class='ocrx_word' id='word_1_265' title='bbox 528 1878 598 1904; x_wconf 90' lang='lat' dir='ltr'><strong>intra</strong></span> <span class='ocrx_word' id='word_1_266' title='bbox 610 1877 738 1904; x_wconf 85' lang='lat' dir='ltr'><strong>idoneum</strong></span> <span class='ocrx_word' id='word_1_267' title='bbox 756 1875 886 1911; x_wconf 80' lang='lat' dir='ltr'><strong>temporis</strong></span> 
     </span>
    </p>
   </div>
   <div class='ocr_carea' id='block_1_41' title="bbox 92 1921 887 1959">
    <p class='ocr_par' dir='ltr' id='par_1_41' title="bbox 92 1921 887 1959">
     <span class='ocr_line' id='line_1_41' title="bbox 92 1921 887 1959; baseline -0.005 -7"><span class='ocrx_word' id='word_1_268' title='bbox 92 1924 217 1959; x_wconf 87' lang='lat' dir='ltr'><strong>spatium</strong></span> <span class='ocrx_word' id='word_1_269' title='bbox 237 1923 451 1957; x_wconf 86' lang='lat' dir='ltr'><strong>concludentur,</strong></span> <span class='ocrx_word' id='word_1_270' title='bbox 473 1931 534 1958; x_wconf 74' lang='lat' dir='ltr'><strong>qua:</strong></span> <span class='ocrx_word' id='word_1_271' title='bbox 555 1927 631 1959; x_wconf 79' lang='lat' dir='ltr'><strong>gesta</strong></span> <span class='ocrx_word' id='word_1_272' title='bbox 653 1929 714 1950; x_wconf 87' lang='lat' dir='ltr'><strong>esse</strong></span> <span class='ocrx_word' id='word_1_273' title='bbox 739 1921 887 1949; x_wconf 80' lang='lat' dir='ltr'><strong>Facundus</strong></span> 
     </span>
    </p>
   </div>
   <div class='ocr_carea' id='block_1_42' title="bbox 90 1969 233 1997">
    <p class='ocr_par' dir='ltr' id='par_1_42' title="bbox 90 1969 233 1997">
     <span class='ocr_line' id='line_1_42' title="bbox 90 1969 233 1997; baseline 0 -1"><span class='ocrx_word' id='word_1_274' title='bbox 90 1973 187 1997; x_wconf 82' lang='lat' dir='ltr'><strong>narrat</strong></span> <span class='ocrx_word' id='word_1_275' title='bbox 200 1969 233 1996; x_wconf 83' lang='lat'><strong>&quot;.</strong></span> 
     </span>
    </p>
   </div>
   <div class='ocr_carea' id='block_1_43' title="bbox 128 2013 884 2050">
    <p class='ocr_par' dir='ltr' id='par_1_43' title="bbox 128 2013 884 2050">
     <span class='ocr_line' id='line_1_43' title="bbox 128 2013 884 2050; baseline -0.004 -8"><span class='ocrx_word' id='word_1_276' title='bbox 128 2015 209 2049; x_wconf 85' lang='lat' dir='ltr'><strong>Quod</strong></span> <span class='ocrx_word' id='word_1_277' title='bbox 224 2019 315 2042; x_wconf 87' lang='lat' dir='ltr'><strong>autem</strong></span> <span class='ocrx_word' id='word_1_278' title='bbox 329 2015 432 2050; x_wconf 88' lang='lat' dir='ltr'><strong>scripto</strong></span> <span class='ocrx_word' id='word_1_279' title='bbox 448 2015 571 2050; x_wconf 80' lang='lat' dir='ltr'><strong>pontifex</strong></span> <span class='ocrx_word' id='word_1_280' title='bbox 586 2014 745 2049; x_wconf 83' lang='lat' dir='ltr'><strong>imperatori</strong></span> <span class='ocrx_word' id='word_1_281' title='bbox 761 2013 884 2045; x_wconf 83' lang='lat' dir='ltr'><strong>tradidit,</strong></span> 
     </span>
    </p>
   </div>
   <div class='ocr_carea' id='block_1_44' title="bbox 90 2059 887 2094">
    <p class='ocr_par' dir='ltr' id='par_1_44' title="bbox 90 2059 887 2094">
     <span class='ocr_line' id='line_1_44' title="bbox 90 2059 887 2094; baseline -0.004 -6"><span class='ocrx_word' id='word_1_282' title='bbox 90 2062 229 2088; x_wconf 78' lang='lat' dir='ltr'><strong>famosum</strong></span> <span class='ocrx_word' id='word_1_283' title='bbox 245 2061 314 2088; x_wconf 88' lang='lat' dir='ltr'><strong>illud</strong></span> <span class='ocrx_word' id='word_1_284' title='bbox 325 2065 367 2088; x_wconf 85' lang='lat' dir='ltr'><strong>est</strong></span> <span class='ocrx_word' id='word_1_285' title='bbox 377 2061 539 2091; x_wconf 66' lang='lat' dir='ltr'><strong>Jttdt&#39;t&#39;atunt,</strong></span> <span class='ocrx_word' id='word_1_286' title='bbox 551 2060 623 2094; x_wconf 85' lang='lat' dir='ltr'><strong>quod</strong></span> <span class='ocrx_word' id='word_1_287' title='bbox 640 2068 701 2086; x_wconf 75' lang='lat' dir='ltr'><strong>eum</strong></span> <span class='ocrx_word' id='word_1_288' title='bbox 716 2059 887 2086; x_wconf 77' lang='lat' dir='ltr'><strong>.Iustiniauus</strong></span> 
     </span>
    </p>
   </div>
   <div class='ocr_carea' id='block_1_45' title="bbox 91 2105 887 2142">
    <p class='ocr_par' dir='ltr' id='par_1_45' title="bbox 91 2105 887 2142">
     <span class='ocr_line' id='line_1_45' title="bbox 91 2105 887 2142; baseline -0.005 -8"><span class='ocrx_word' id='word_1_289' title='bbox 91 2110 195 2142; x_wconf 59' lang='lat' dir='ltr'><strong>prater</strong></span> <span class='ocrx_word' id='word_1_290' title='bbox 208 2111 342 2134; x_wconf 84' lang='lat' dir='ltr'><strong>conventa</strong></span> <span class='ocrx_word' id='word_1_291' title='bbox 356 2106 504 2142; x_wconf 79' lang='lat' dir='ltr'><strong>vulgasset,</strong></span> <span class='ocrx_word' id='word_1_292' title='bbox 516 2106 673 2134; x_wconf 74' lang='lat' dir='ltr'><strong>Occidentis</strong></span> <span class='ocrx_word' id='word_1_293' title='bbox 683 2105 804 2132; x_wconf 66' lang='lat' dir='ltr'><strong>Et&#39;tLICSIu</strong></span> <span class='ocrx_word' id='word_1_294' title='bbox 817 2113 887 2139; x_wconf 84' lang='lat' dir='ltr'><strong>pene</strong></span> 
     </span>
    </p>
   </div>
   <div class='ocr_carea' id='block_1_46' title="bbox 92 2150 887 2188">
    <p class='ocr_par' dir='ltr' id='par_1_46' title="bbox 92 2150 887 2188">
     <span class='ocr_line' id='line_1_46' title="bbox 92 2150 887 2188; baseline -0.003 -8"><span class='ocrx_word' id='word_1_295' title='bbox 92 2156 152 2180; x_wconf 83' lang='lat' dir='ltr'><strong>tota</strong></span> <span class='ocrx_word' id='word_1_296' title='bbox 168 2153 195 2180; x_wconf 90' lang='lat' dir='ltr'><strong>in</strong></span> <span class='ocrx_word' id='word_1_297' title='bbox 206 2152 350 2188; x_wconf 70' lang='lat' dir='ltr'><strong>Vigilium,</strong></span> <span class='ocrx_word' id='word_1_298' title='bbox 372 2153 449 2180; x_wconf 86' lang='lat' dir='ltr'><strong>velut</strong></span> <span class='ocrx_word' id='word_1_299' title='bbox 473 2153 500 2179; x_wconf 89' lang='lat' dir='ltr'><strong>in</strong></span> <span class='ocrx_word' id='word_1_300' title='bbox 528 2152 625 2187; x_wconf 85' lang='lat' dir='ltr'><strong>synodi</strong></span> <span class='ocrx_word' id='word_1_301' title='bbox 655 2150 887 2178; x_wconf 77' lang='lat' dir='ltr'><strong>Chalcedonensis</strong></span> 
     </span>
    </p>
   </div>
   <div class='ocr_carea' id='block_1_47' title="bbox 92 2195 884 2233">
    <p class='ocr_par' dir='ltr' id='par_1_47' title="bbox 92 2195 884 2233">
     <span class='ocr_line' id='line_1_47' title="bbox 92 2195 884 2233; baseline -0.004 -8"><span class='ocrx_word' id='word_1_302' title='bbox 92 2198 256 2225; x_wconf 83' lang='lat' dir='ltr'><strong>violatorem</strong></span> <span class='ocrx_word' id='word_1_303' title='bbox 269 2197 388 2233; x_wconf 86' lang='lat' dir='ltr'><strong>ﬁdeique</strong></span> <span class='ocrx_word' id='word_1_304' title='bbox 404 2198 585 2229; x_wconf 88' lang='lat' dir='ltr'><strong>desertorem,</strong></span> <span class='ocrx_word' id='word_1_305' title='bbox 603 2201 739 2224; x_wconf 88' lang='lat' dir='ltr'><strong>connnota</strong></span> <span class='ocrx_word' id='word_1_306' title='bbox 755 2201 807 2223; x_wconf 86' lang='lat' dir='ltr'><strong>est.</strong></span> <span class='ocrx_word' id='word_1_307' title='bbox 823 2195 884 2224; x_wconf 87' lang='lat' dir='ltr'><strong>Non</strong></span> 
     </span>
    </p>
   </div>
   <div class='ocr_carea' id='block_1_48' title="bbox 936 284 1722 320">
    <p class='ocr_par' dir='ltr' id='par_1_48' title="bbox 936 284 1722 320">
     <span class='ocr_line' id='line_1_48' title="bbox 936 284 1722 320; baseline -0.001 -7"><span class='ocrx_word' id='word_1_308' title='bbox 936 286 1061 313; x_wconf 86' lang='lat' dir='ltr'><strong>tuendis:</strong></span> <span class='ocrx_word' id='word_1_309' title='bbox 1078 286 1371 320; x_wconf 84' lang='lat' dir='ltr'><strong>Acephaliagebautur</strong></span> <span class='ocrx_word' id='word_1_310' title='bbox 1393 285 1420 311; x_wconf 93' lang='lat' dir='ltr'><strong>in</strong></span> <span class='ocrx_word' id='word_1_311' title='bbox 1445 284 1539 316; x_wconf 82' lang='lat' dir='ltr'><strong>furias,</strong></span> <span class='ocrx_word' id='word_1_312' title='bbox 1559 291 1621 311; x_wconf 90' lang='lat' dir='ltr'><strong>cum</strong></span> <span class='ocrx_word' id='word_1_313' title='bbox 1642 292 1722 312; x_wconf 91' lang='lat' dir='ltr'><strong>suum</strong></span> 
     </span>
    </p>
   </div>
   <div class='ocr_carea' id='block_1_49' title="bbox 935 329 1719 366">
    <p class='ocr_par' dir='ltr' id='par_1_49' title="bbox 935 329 1719 366">
     <span class='ocr_line' id='line_1_49' title="bbox 935 329 1719 366; baseline -0.004 -8"><span class='ocrx_word' id='word_1_314' title='bbox 935 335 1081 358; x_wconf 81' lang='lat' dir='ltr'><strong>cernerent</strong></span> <span class='ocrx_word' id='word_1_315' title='bbox 1091 331 1124 358; x_wconf 89' lang='lat' dir='ltr'><strong>de</strong></span> <span class='ocrx_word' id='word_1_316' title='bbox 1138 330 1234 366; x_wconf 85' lang='lat' dir='ltr'><strong>synodi</strong></span> <span class='ocrx_word' id='word_1_317' title='bbox 1247 329 1358 357; x_wconf 79' lang='lat' dir='ltr'><strong>statutis</strong></span> <span class='ocrx_word' id='word_1_318' title='bbox 1380 329 1577 356; x_wconf 84' lang='lat' dir='ltr'><strong>Iabefactandis</strong></span> <span class='ocrx_word' id='word_1_319' title='bbox 1591 334 1719 356; x_wconf 82' lang='lat' dir='ltr'><strong>conatum</strong></span> 
     </span>
    </p>
   </div>
   <div class='ocr_carea' id='block_1_50' title="bbox 934 375 1576 410">
    <p class='ocr_par' dir='ltr' id='par_1_50' title="bbox 934 375 1576 410">
     <span class='ocr_line' id='line_1_50' title="bbox 934 375 1576 410; baseline -0.005 -6"><span class='ocrx_word' id='word_1_320' title='bbox 934 377 999 404; x_wconf 86' lang='lat' dir='ltr'><strong>hinc</strong></span> <span class='ocrx_word' id='word_1_321' title='bbox 1025 377 1111 409; x_wconf 88' lang='lat' dir='ltr'><strong>eludi,</strong></span> <span class='ocrx_word' id='word_1_322' title='bbox 1135 376 1209 403; x_wconf 89' lang='lat' dir='ltr'><strong>unde</strong></span> <span class='ocrx_word' id='word_1_323' title='bbox 1222 375 1374 410; x_wconf 77' lang='lat' dir='ltr'><strong>iuvandum</strong></span> <span class='ocrx_word' id='word_1_324' title='bbox 1395 375 1576 410; x_wconf 84' lang='lat' dir='ltr'><strong>jactaverant.</strong></span> 
     </span>
    </p>
   </div>
   <div class='ocr_carea' id='block_1_51' title="bbox 969 421 1722 456">
    <p class='ocr_par' dir='ltr' id='par_1_51' title="bbox 969 421 1722 456">
     <span class='ocr_line' id='line_1_51' title="bbox 969 421 1722 456; baseline -0.003 -7"><span class='ocrx_word' id='word_1_325' title='bbox 969 423 1067 450; x_wconf 86' lang='lat' dir='ltr'><strong>Parum</strong></span> <span class='ocrx_word' id='word_1_326' title='bbox 1079 427 1137 449; x_wconf 84' lang='lat' dir='ltr'><strong>erat</strong></span> <span class='ocrx_word' id='word_1_327' title='bbox 1147 422 1258 456; x_wconf 90' lang='lat' dir='ltr'><strong>quidem</strong></span> <span class='ocrx_word' id='word_1_328' title='bbox 1272 421 1418 448; x_wconf 77' lang='lat' dir='ltr'><strong>Iustiniani</strong></span> <span class='ocrx_word' id='word_1_329' title='bbox 1433 421 1647 455; x_wconf 84' lang='lat' dir='ltr'><strong>indignationem</strong></span> <span class='ocrx_word' id='word_1_330' title='bbox 1663 429 1722 447; x_wconf 87' lang='lat' dir='ltr'><strong>mo—</strong></span> 
     </span>
    </p>
   </div>
   <div class='ocr_carea' id='block_1_52' title="bbox 933 465 1723 500">
    <p class='ocr_par' dir='ltr' id='par_1_52' title="bbox 933 465 1723 500">
     <span class='ocr_line' id='line_1_52' title="bbox 933 465 1723 500; baseline -0.004 -6"><span class='ocrx_word' id='word_1_331' title='bbox 933 467 1015 500; x_wconf 88' lang='lat' dir='ltr'><strong>visse,</strong></span> <span class='ocrx_word' id='word_1_332' title='bbox 1032 472 1091 494; x_wconf 86' lang='lat' dir='ltr'><strong>erat</strong></span> <span class='ocrx_word' id='word_1_333' title='bbox 1110 467 1137 494; x_wconf 93' lang='lat' dir='ltr'><strong>in</strong></span> <span class='ocrx_word' id='word_1_334' title='bbox 1160 467 1238 494; x_wconf 89' lang='lat' dir='ltr'><strong>lucro</strong></span> <span class='ocrx_word' id='word_1_335' title='bbox 1254 466 1383 493; x_wconf 81' lang='lat' dir='ltr'><strong>eﬁcrasso</strong></span> <span class='ocrx_word' id='word_1_336' title='bbox 1399 465 1552 499; x_wconf 85' lang='lat' dir='ltr'><strong>Aeephalos</strong></span> <span class='ocrx_word' id='word_1_337' title='bbox 1570 474 1576 491; x_wconf 89' lang='lat'><strong>:</strong></span> <span class='ocrx_word' id='word_1_338' title='bbox 1593 470 1620 491; x_wconf 90' lang='lat' dir='ltr'><strong>at</strong></span> <span class='ocrx_word' id='word_1_339' title='bbox 1642 466 1723 492; x_wconf 85' lang='lat' dir='ltr'><strong>mise-</strong></span> 
     </span>
    </p>
   </div>
   <div class='ocr_carea' id='block_1_53' title="bbox 933 510 1722 546">
    <p class='ocr_par' dir='ltr' id='par_1_53' title="bbox 933 510 1722 546">
     <span class='ocr_line' id='line_1_53' title="bbox 933 510 1722 546; baseline -0.004 -6"><span class='ocrx_word' id='word_1_340' title='bbox 933 521 994 540; x_wconf 85' lang='lat' dir='ltr'><strong>rum</strong></span> <span class='ocrx_word' id='word_1_341' title='bbox 1015 513 1067 539; x_wconf 87' lang='lat' dir='ltr'><strong>fuit</strong></span> <span class='ocrx_word' id='word_1_342' title='bbox 1090 520 1225 540; x_wconf 88' lang='lat' dir='ltr'><strong>sunnntnn</strong></span> <span class='ocrx_word' id='word_1_343' title='bbox 1238 511 1395 546; x_wconf 83' lang='lat' dir='ltr'><strong>pontiﬁcem</strong></span> <span class='ocrx_word' id='word_1_344' title='bbox 1407 518 1421 536; x_wconf 87' lang='lat' dir='ltr'><strong>a</strong></span> <span class='ocrx_word' id='word_1_345' title='bbox 1432 510 1579 537; x_wconf 84' lang='lat' dir='ltr'><strong>Catholieis</strong></span> <span class='ocrx_word' id='word_1_346' title='bbox 1593 510 1722 537; x_wconf 83' lang='lat' dir='ltr'><strong>invidiam</strong></span> 
     </span>
    </p>
   </div>
   <div class='ocr_carea' id='block_1_54' title="bbox 933 556 1721 594">
    <p class='ocr_par' dir='ltr' id='par_1_54' title="bbox 933 556 1721 594">
     <span class='ocr_line' id='line_1_54' title="bbox 933 556 1721 594; baseline -0.004 -9"><span class='ocrx_word' id='word_1_347' title='bbox 933 559 989 593; x_wconf 87' lang='lat' dir='ltr'><strong>pati</strong></span> <span class='ocrx_word' id='word_1_348' title='bbox 1011 559 1118 585; x_wconf 66' lang='lat' dir='ltr'><strong>violatze</strong></span> <span class='ocrx_word' id='word_1_349' title='bbox 1141 558 1246 594; x_wconf 85' lang='lat' dir='ltr'><strong>synodi,</strong></span> <span class='ocrx_word' id='word_1_350' title='bbox 1265 557 1344 592; x_wconf 86' lang='lat' dir='ltr'><strong>cujus</strong></span> <span class='ocrx_word' id='word_1_351' title='bbox 1366 556 1515 591; x_wconf 73' lang='lat' dir='ltr'><strong>integritati</strong></span> <span class='ocrx_word' id='word_1_352' title='bbox 1533 560 1628 583; x_wconf 87' lang='lat' dir='ltr'><strong>contra</strong></span> <span class='ocrx_word' id='word_1_353' title='bbox 1644 556 1721 583; x_wconf 86' lang='lat' dir='ltr'><strong>inva-</strong></span> 
     </span>
    </p>
   </div>
   <div class='ocr_carea' id='block_1_55' title="bbox 933 602 1723 639">
    <p class='ocr_par' dir='ltr' id='par_1_55' title="bbox 933 602 1723 639">
     <span class='ocr_line' id='line_1_55' title="bbox 933 602 1723 639; baseline -0.005 -7"><span class='ocrx_word' id='word_1_354' title='bbox 933 605 1056 632; x_wconf 89' lang='lat' dir='ltr'><strong>dentium</strong></span> <span class='ocrx_word' id='word_1_355' title='bbox 1081 605 1229 639; x_wconf 87' lang='lat' dir='ltr'><strong>impetum,</strong></span> <span class='ocrx_word' id='word_1_356' title='bbox 1256 612 1309 638; x_wconf 85' lang='lat' dir='ltr'><strong>qua</strong></span> <span class='ocrx_word' id='word_1_357' title='bbox 1335 611 1386 630; x_wconf 88' lang='lat' dir='ltr'><strong>una</strong></span> <span class='ocrx_word' id='word_1_358' title='bbox 1413 603 1519 629; x_wconf 87' lang='lat' dir='ltr'><strong>ratione</strong></span> <span class='ocrx_word' id='word_1_359' title='bbox 1545 602 1601 634; x_wconf 78' lang='lat' dir='ltr'><strong>fas,</strong></span> <span class='ocrx_word' id='word_1_360' title='bbox 1624 610 1723 629; x_wconf 74' lang='lat' dir='ltr'><strong>consu-</strong></span> 
     </span>
    </p>
   </div>
   <div class='ocr_carea' id='block_1_56' title="bbox 932 651 1015 677">
    <p class='ocr_par' dir='ltr' id='par_1_56' title="bbox 932 651 1015 677">
     <span class='ocr_line' id='line_1_56' title="bbox 932 651 1015 677; baseline -0.012 0"><span class='ocrx_word' id='word_1_361' title='bbox 932 651 1015 677; x_wconf 88' lang='lat' dir='ltr'><strong>lebat.</strong></span> 
     </span>
    </p>
   </div>
   <div class='ocr_carea' id='block_1_57' title="bbox 1213 694 1438 722">
    <p class='ocr_par' dir='ltr' id='par_1_57' title="bbox 1213 694 1438 722">
     <span class='ocr_line' id='line_1_57' title="bbox 1213 694 1438 722; baseline -0.004 0"><span class='ocrx_word' id='word_1_362' title='bbox 1213 694 1325 722; x_wconf 81' lang='lat' dir='ltr'><strong>CAPUT</strong></span> <span class='ocrx_word' id='word_1_363' title='bbox 1345 694 1438 721; x_wconf 75' lang='lat' dir='ltr'><strong>XVIII.</strong></span> 
     </span>
    </p>
   </div>
   <div class='ocr_carea' id='block_1_58' title="bbox 933 750 1723 785">
    <p class='ocr_par' dir='ltr' id='par_1_58' title="bbox 933 750 1723 785">
     <span class='ocr_line' id='line_1_58' title="bbox 933 750 1723 785; baseline -0.003 -6"><span class='ocrx_word' id='word_1_364' title='bbox 933 752 953 779; x_wconf 87' lang='grc' dir='ltr'><strong>Ι.</strong></span> <span class='ocrx_word' id='word_1_365' title='bbox 978 752 1057 779; x_wconf 71' lang='lat' dir='ltr'><strong>Swvit</strong></span> <span class='ocrx_word' id='word_1_366' title='bbox 1078 753 1223 785; x_wconf 79' lang='lat' dir='ltr'><strong>imperator</strong></span> <span class='ocrx_word' id='word_1_367' title='bbox 1253 751 1279 778; x_wconf 82' lang='lat' dir='ltr'><strong>iu</strong></span> <span class='ocrx_word' id='word_1_368' title='bbox 1307 751 1439 785; x_wconf 75' lang='lat' dir='ltr'><strong>Vigilium.</strong></span> <span class='ocrx_word' id='word_1_369' title='bbox 1465 750 1498 777; x_wconf 89' lang='lat' dir='ltr'><strong>II.</strong></span> <span class='ocrx_word' id='word_1_370' title='bbox 1522 750 1553 777; x_wconf 82' lang='lat' dir='ltr'><strong>In</strong></span> <span class='ocrx_word' id='word_1_371' title='bbox 1577 758 1652 784; x_wconf 81' lang='lat' dir='ltr'><strong>quem</strong></span> <span class='ocrx_word' id='word_1_372' title='bbox 1671 750 1723 777; x_wconf 80' lang='lat' dir='ltr'><strong>duo</strong></span> 
     </span>
    </p>
   </div>
   <div class='ocr_carea' id='block_1_59' title="bbox 969 785 1724 820">
    <p class='ocr_par' dir='ltr' id='par_1_59' title="bbox 969 785 1724 820">
     <span class='ocr_line' id='line_1_59' title="bbox 969 785 1724 820; baseline -0.004 -6"><span class='ocrx_word' id='word_1_373' title='bbox 969 787 1094 814; x_wconf 68' lang='lat' dir='ltr'><strong>Ecclesia:</strong></span> <span class='ocrx_word' id='word_1_374' title='bbox 1113 787 1239 813; x_wconf 81' lang='lat' dir='ltr'><strong>Rontamr</strong></span> <span class='ocrx_word' id='word_1_375' title='bbox 1258 786 1344 813; x_wconf 72' lang='lat' dir='ltr'><strong>clerici</strong></span> <span class='ocrx_word' id='word_1_376' title='bbox 1364 785 1502 817; x_wconf 74' lang='lat' dir='ltr'><strong>rebellant,</strong></span> <span class='ocrx_word' id='word_1_377' title='bbox 1523 790 1629 820; x_wconf 76' lang='lat' dir='ltr'><strong>propter</strong></span> <span class='ocrx_word' id='word_1_378' title='bbox 1646 785 1724 812; x_wconf 84' lang='lat' dir='ltr'><strong>.Itldi-</strong></span> 
     </span>
    </p>
   </div>
   <div class='ocr_carea' id='block_1_60' title="bbox 969 821 1723 855">
    <p class='ocr_par' dir='ltr' id='par_1_60' title="bbox 969 821 1723 855">
     <span class='ocr_line' id='line_1_60' title="bbox 969 821 1723 855; baseline -0.005 -6"><span class='ocrx_word' id='word_1_379' title='bbox 969 826 1070 849; x_wconf 84' lang='lat' dir='ltr'><strong>catum.</strong></span> <span class='ocrx_word' id='word_1_380' title='bbox 1091 822 1135 849; x_wconf 92' lang='lat' dir='ltr'><strong>III.</strong></span> <span class='ocrx_word' id='word_1_381' title='bbox 1160 821 1268 855; x_wconf 73' lang='lat' dir='ltr'><strong>Vigilius</strong></span> <span class='ocrx_word' id='word_1_382' title='bbox 1290 825 1440 848; x_wconf 76' lang='lat' dir='ltr'><strong>constanter</strong></span> <span class='ocrx_word' id='word_1_383' title='bbox 1460 821 1544 847; x_wconf 77' lang='lat' dir='ltr'><strong>mauu</strong></span> <span class='ocrx_word' id='word_1_384' title='bbox 1565 821 1675 855; x_wconf 70' lang='lat' dir='ltr'><strong>patitur,</strong></span> <span class='ocrx_word' id='word_1_385' title='bbox 1699 823 1723 846; x_wconf 74' lang='lat' dir='ltr'><strong>rt</strong></span> 
     </span>
    </p>
   </div>
   <div class='ocr_carea' id='block_1_61' title="bbox 970 854 1723 892">
    <p class='ocr_par' dir='ltr' id='par_1_61' title="bbox 970 854 1723 892">
     <span class='ocr_line' id='line_1_61' title="bbox 970 854 1723 892; baseline -0.005 -8"><span class='ocrx_word' id='word_1_386' title='bbox 970 865 1080 884; x_wconf 80' lang='lat' dir='ltr'><strong>censura</strong></span> <span class='ocrx_word' id='word_1_387' title='bbox 1103 854 1220 892; x_wconf 72' lang='lat' dir='ltr'><strong>percellit</strong></span> <span class='ocrx_word' id='word_1_388' title='bbox 1244 856 1397 892; x_wconf 65' lang='lat' dir='ltr'><strong>imperatori</strong></span> <span class='ocrx_word' id='word_1_389' title='bbox 1421 855 1544 892; x_wconf 64' lang='lat' dir='ltr'><strong>faventes.</strong></span> <span class='ocrx_word' id='word_1_390' title='bbox 1559 854 1723 892; x_wconf 76' lang='lat' dir='ltr'><strong>_IV._$ynodi</strong></span> 
     </span>
    </p>
   </div>
   <div class='ocr_carea' id='block_1_62' title="bbox 972 889 1721 927">
    <p class='ocr_par' dir='ltr' id='par_1_62' title="bbox 972 889 1721 927">
     <span class='ocr_line' id='line_1_62' title="bbox 972 889 1721 927; baseline -0.004 -9"><span class='ocrx_word' id='word_1_391' title='bbox 972 893 999 918; x_wconf 80' lang='lat' dir='ltr'><strong>in</strong></span> <span class='ocrx_word' id='word_1_392' title='bbox 1014 889 1132 927; x_wconf 65' lang='lat' dir='ltr'><strong>Illyrico,</strong></span> <span class='ocrx_word' id='word_1_393' title='bbox 1152 892 1242 927; x_wconf 64' lang='lat' dir='ltr'><strong>Africa</strong></span> <span class='ocrx_word' id='word_1_394' title='bbox 1265 889 1289 927; x_wconf 65' lang='lat' dir='ltr'><strong>et</strong></span> <span class='ocrx_word' id='word_1_395' title='bbox 1308 890 1410 917; x_wconf 79' lang='lat' dir='ltr'><strong>Galliis.</strong></span> <span class='ocrx_word' id='word_1_396' title='bbox 1428 890 1458 916; x_wconf 69' lang='grc' dir='ltr'><strong>γ.</strong></span> <span class='ocrx_word' id='word_1_397' title='bbox 1475 889 1721 927; x_wconf 64' lang='lat' dir='ltr'><strong>Synodusjllyriri.</strong></span> 
     </span>
    </p>
   </div>
   <div class='ocr_carea' id='block_1_63' title="bbox 974 925 1724 960">
    <p class='ocr_par' dir='ltr' id='par_1_63' title="bbox 974 925 1724 960">
     <span class='ocr_line' id='line_1_63' title="bbox 974 925 1724 960; baseline -0.005 -6"><span class='ocrx_word' id='word_1_398' title='bbox 974 928 1017 954; x_wconf 72' lang='lat' dir='ltr'><strong>VI.</strong></span> <span class='ocrx_word' id='word_1_399' title='bbox 1033 925 1137 960; x_wconf 64' lang='grc' dir='ltr'><strong>Α’Ῑνῑτω.</strong></span> <span class='ocrx_word' id='word_1_400' title='bbox 1154 927 1208 953; x_wconf 74' lang='lat' dir='ltr'><strong>VII.</strong></span> <span class='ocrx_word' id='word_1_401' title='bbox 1224 926 1304 960; x_wconf 79' lang='lat' dir='ltr'><strong>Cujus</strong></span> <span class='ocrx_word' id='word_1_402' title='bbox 1317 927 1442 959; x_wconf 71' lang='lat' dir='ltr'><strong>primates</strong></span> <span class='ocrx_word' id='word_1_403' title='bbox 1455 929 1582 951; x_wconf 72' lang='lat' dir='ltr'><strong>vocantur</strong></span> <span class='ocrx_word' id='word_1_404' title='bbox 1595 925 1724 951; x_wconf 75' lang='lat' dir='ltr'><strong>Constan-</strong></span> 
     </span>
    </p>
   </div>
   <div class='ocr_carea' id='block_1_64' title="bbox 972 960 1723 997">
    <p class='ocr_par' dir='ltr' id='par_1_64' title="bbox 972 960 1723 997">
     <span class='ocr_line' id='line_1_64' title="bbox 972 960 1723 997; baseline -0.003 -9"><span class='ocrx_word' id='word_1_405' title='bbox 972 962 1119 997; x_wconf 74' lang='lat' dir='ltr'><strong>tinopolim.</strong></span> <span class='ocrx_word' id='word_1_406' title='bbox 1144 962 1211 988; x_wconf 75' lang='lat' dir='ltr'><strong>VIII.</strong></span> <span class='ocrx_word' id='word_1_407' title='bbox 1238 960 1358 997; x_wconf 78' lang='lat' dir='ltr'><strong>Synodus</strong></span> <span class='ocrx_word' id='word_1_408' title='bbox 1383 960 1575 997; x_wconf 70' lang='lat' dir='ltr'><strong>Mopsuestena,</strong></span> <span class='ocrx_word' id='word_1_409' title='bbox 1594 960 1622 986; x_wconf 78' lang='lat' dir='ltr'><strong>in</strong></span> <span class='ocrx_word' id='word_1_410' title='bbox 1642 967 1723 986; x_wconf 71' lang='lat' dir='ltr'><strong>causa</strong></span> 
     </span>
    </p>
   </div>
   <div class='ocr_carea' id='block_1_65' title="bbox 971 995 1431 1032">
    <p class='ocr_par' dir='ltr' id='par_1_65' title="bbox 971 995 1431 1032">
     <span class='ocr_line' id='line_1_65' title="bbox 971 995 1431 1032; baseline -0.009 -8"><span class='ocrx_word' id='word_1_411' title='bbox 971 995 1098 1024; x_wconf 80' lang='lat' dir='ltr'><strong>Theodori</strong></span> <span class='ocrx_word' id='word_1_412' title='bbox 1112 1004 1143 1023; x_wconf 72' lang='lat' dir='ltr'><strong>ea:</strong></span> <span class='ocrx_word' id='word_1_413' title='bbox 1157 996 1283 1032; x_wconf 77' lang='lat' dir='ltr'><strong>diptycltis</strong></span> <span class='ocrx_word' id='word_1_414' title='bbox 1299 995 1431 1030; x_wconf 65' lang='lat' dir='ltr'><strong>expuncti.</strong></span> 
     </span>
    </p>
   </div>
   <div class='ocr_carea' id='block_1_66' title="bbox 1140 1047 1520 1074">
    <p class='ocr_par' dir='ltr' id='par_1_66' title="bbox 1140 1047 1520 1074">
     <span class='ocr_line' id='line_1_66' title="bbox 1140 1047 1520 1074; baseline -0.008 -1"><span class='ocrx_word' id='word_1_415' title='bbox 1140 1049 1177 1074; x_wconf 79' lang='lat' dir='ltr'><strong>Ab</strong></span> <span class='ocrx_word' id='word_1_416' title='bbox 1190 1055 1256 1072; x_wconf 86' lang='lat' dir='ltr'><strong>anno</strong></span> <span class='ocrx_word' id='word_1_417' title='bbox 1267 1048 1355 1073; x_wconf 90' lang='lat' dir='ltr'><strong>Christi</strong></span> <span class='ocrx_word' id='word_1_418' title='bbox 1367 1047 1413 1072; x_wconf 67' lang='lat'><strong>588</strong></span> <span class='ocrx_word' id='word_1_419' title='bbox 1427 1047 1457 1071; x_wconf 84' lang='lat' dir='ltr'><strong>ad</strong></span> <span class='ocrx_word' id='word_1_420' title='bbox 1467 1047 1520 1071; x_wconf 74' lang='lat'><strong>553.</strong></span> 
     </span>
    </p>
   </div>
   <div class='ocr_carea' id='block_1_67' title="bbox 971 1099 1723 1135">
    <p class='ocr_par' dir='ltr' id='par_1_67' title="bbox 971 1099 1723 1135">
     <span class='ocr_line' id='line_1_67' title="bbox 971 1099 1723 1135; baseline -0.004 -7"><span class='ocrx_word' id='word_1_421' title='bbox 971 1102 990 1129; x_wconf 91' lang='grc' dir='ltr'>Ι.</span> <span class='ocrx_word' id='word_1_422' title='bbox 1005 1102 1072 1128; x_wconf 83' lang='lat' dir='ltr'><strong>Cum</strong></span> <span class='ocrx_word' id='word_1_423' title='bbox 1091 1101 1179 1128; x_wconf 88' lang='lat' dir='ltr'><strong>tribtts</strong></span> <span class='ocrx_word' id='word_1_424' title='bbox 1191 1102 1247 1128; x_wconf 88' lang='lat' dir='ltr'><strong>fere</strong></span> <span class='ocrx_word' id='word_1_425' title='bbox 1264 1104 1325 1135; x_wconf 90' lang='lat' dir='ltr'><strong>post</strong></span> <span class='ocrx_word' id='word_1_426' title='bbox 1339 1100 1480 1127; x_wconf 86' lang='lat' dir='ltr'><strong>mensibus</strong></span> <span class='ocrx_word' id='word_1_427' title='bbox 1492 1099 1619 1134; x_wconf 83' lang='lat' dir='ltr'><strong>periisset</strong></span> <span class='ocrx_word' id='word_1_428' title='bbox 1632 1099 1723 1126; x_wconf 83' lang='lat' dir='ltr'><strong>Theo-</strong></span> 
     </span>
    </p>
   </div>
   <div class='ocr_carea' id='block_1_68' title="bbox 935 1146 1723 1181">
    <p class='ocr_par' dir='ltr' id='par_1_68' title="bbox 935 1146 1723 1181">
     <span class='ocr_line' id='line_1_68' title="bbox 935 1146 1723 1181; baseline -0.004 -6"><span class='ocrx_word' id='word_1_429' title='bbox 935 1149 1001 1175; x_wconf 87' lang='lat' dir='ltr'><strong>dora</strong></span> <span class='ocrx_word' id='word_1_430' title='bbox 1019 1149 1063 1175; x_wconf 89' lang='lat' dir='ltr'><strong>lue</strong></span> <span class='ocrx_word' id='word_1_431' title='bbox 1081 1147 1184 1179; x_wconf 77' lang='lat' dir='ltr'><strong>cancri,</strong></span> <span class='ocrx_word' id='word_1_432' title='bbox 1201 1146 1284 1181; x_wconf 63' lang='lat' dir='ltr'><strong>coepit</strong></span> <span class='ocrx_word' id='word_1_433' title='bbox 1304 1146 1379 1173; x_wconf 85' lang='lat' dir='ltr'><strong>orbis</strong></span> <span class='ocrx_word' id='word_1_434' title='bbox 1399 1146 1554 1178; x_wconf 82' lang='lat' dir='ltr'><strong>universus,</strong></span> <span class='ocrx_word' id='word_1_435' title='bbox 1569 1146 1647 1180; x_wconf 84' lang='lat' dir='ltr'><strong>quasi</strong></span> <span class='ocrx_word' id='word_1_436' title='bbox 1664 1154 1723 1172; x_wconf 90' lang='lat' dir='ltr'><strong>ma-</strong></span> 
     </span>
    </p>
   </div>
   <div class='ocr_carea' id='block_1_69' title="bbox 935 1192 1723 1230">
    <p class='ocr_par' dir='ltr' id='par_1_69' title="bbox 935 1192 1723 1230">
     <span class='ocr_line' id='line_1_69' title="bbox 935 1192 1723 1230; baseline -0.004 -9"><span class='ocrx_word' id='word_1_437' title='bbox 935 1195 1008 1230; x_wconf 85' lang='lat' dir='ltr'><strong>ligno</strong></span> <span class='ocrx_word' id='word_1_438' title='bbox 1025 1193 1166 1220; x_wconf 87' lang='lat' dir='ltr'><strong>morientis</strong></span> <span class='ocrx_word' id='word_1_439' title='bbox 1182 1193 1280 1227; x_wconf 87' lang='lat' dir='ltr'><strong>spiritu</strong></span> <span class='ocrx_word' id='word_1_440' title='bbox 1298 1192 1414 1224; x_wconf 81' lang='lat' dir='ltr'><strong>aﬂlatus,</strong></span> <span class='ocrx_word' id='word_1_441' title='bbox 1433 1192 1459 1219; x_wconf 92' lang='lat' dir='ltr'><strong>in</strong></span> <span class='ocrx_word' id='word_1_442' title='bbox 1476 1192 1616 1227; x_wconf 75' lang='lat' dir='ltr'><strong>Vigilium,</strong></span> <span class='ocrx_word' id='word_1_443' title='bbox 1632 1195 1723 1226; x_wconf 90' lang='lat' dir='ltr'><strong>spreta</strong></span> 
     </span>
    </p>
   </div>
   <div class='ocr_carea' id='block_1_70' title="bbox 935 1236 1724 1273">
    <p class='ocr_par' dir='ltr' id='par_1_70' title="bbox 935 1236 1724 1273">
     <span class='ocr_line' id='line_1_70' title="bbox 935 1236 1724 1273; baseline -0.006 -7"><span class='ocrx_word' id='word_1_444' title='bbox 935 1239 1008 1266; x_wconf 83' lang='lat' dir='ltr'><strong>sedis</strong></span> <span class='ocrx_word' id='word_1_445' title='bbox 1022 1239 1179 1273; x_wconf 62' lang='lat' dir='ltr'><strong>apostolica</strong></span> <span class='ocrx_word' id='word_1_446' title='bbox 1194 1237 1360 1269; x_wconf 86' lang='lat' dir='ltr'><strong>reverentia,</strong></span> <span class='ocrx_word' id='word_1_447' title='bbox 1376 1237 1506 1263; x_wconf 87' lang='lat' dir='ltr'><strong>insanire.</strong></span> <span class='ocrx_word' id='word_1_448' title='bbox 1522 1237 1589 1263; x_wconf 84' lang='lat' dir='ltr'><strong>Nam</strong></span> <span class='ocrx_word' id='word_1_449' title='bbox 1605 1236 1724 1270; x_wconf 84' lang='lat' dir='ltr'><strong>impera-</strong></span> 
     </span>
    </p>
   </div>
   <div class='ocr_carea' id='block_1_71' title="bbox 935 1281 1724 1319">
    <p class='ocr_par' dir='ltr' id='par_1_71' title="bbox 935 1281 1724 1319">
     <span class='ocr_line' id='line_1_71' title="bbox 935 1281 1724 1319; baseline -0.004 -8"><span class='ocrx_word' id='word_1_450' title='bbox 935 1289 978 1312; x_wconf 88' lang='lat' dir='ltr'><strong>tor</strong></span> <span class='ocrx_word' id='word_1_451' title='bbox 995 1285 1055 1312; x_wconf 89' lang='lat' dir='ltr'><strong>dira</strong></span> <span class='ocrx_word' id='word_1_452' title='bbox 1076 1291 1191 1319; x_wconf 79' lang='lat' dir='ltr'><strong>quaeque</strong></span> <span class='ocrx_word' id='word_1_453' title='bbox 1210 1283 1343 1315; x_wconf 89' lang='lat' dir='ltr'><strong>minatur;</strong></span> <span class='ocrx_word' id='word_1_454' title='bbox 1367 1283 1432 1315; x_wconf 85' lang='lat' dir='ltr'><strong>nisi,</strong></span> <span class='ocrx_word' id='word_1_455' title='bbox 1444 1282 1572 1309; x_wconf 84' lang='lat' dir='ltr'><strong>cautione</strong></span> <span class='ocrx_word' id='word_1_456' title='bbox 1592 1281 1724 1313; x_wconf 88' lang='lat' dir='ltr'><strong>detracta,</strong></span> 
     </span>
    </p>
   </div>
   <div class='ocr_carea' id='block_1_72' title="bbox 933 1329 1497 1359">
    <p class='ocr_par' dir='ltr' id='par_1_72' title="bbox 933 1329 1497 1359">
     <span class='ocr_line' id='line_1_72' title="bbox 933 1329 1497 1359; baseline -0.007 0"><span class='ocrx_word' id='word_1_457' title='bbox 933 1331 1088 1359; x_wconf 80' lang='lat' dir='ltr'><strong>Judt&#39;catum</strong></span> <span class='ocrx_word' id='word_1_458' title='bbox 1103 1330 1137 1358; x_wconf 93' lang='lat' dir='ltr'><strong>ad</strong></span> <span class='ocrx_word' id='word_1_459' title='bbox 1151 1330 1267 1357; x_wconf 87' lang='lat' dir='ltr'><strong>formam</strong></span> <span class='ocrx_word' id='word_1_460' title='bbox 1284 1329 1366 1356; x_wconf 87' lang='lat' dir='ltr'><strong>edicti</strong></span> <span class='ocrx_word' id='word_1_461' title='bbox 1383 1329 1497 1356; x_wconf 89' lang='lat' dir='ltr'><strong>reﬁciat.</strong></span> 
     </span>
    </p>
   </div>
   <div class='ocr_carea' id='block_1_73' title="bbox 970 1373 1725 1413">
    <p class='ocr_par' dir='ltr' id='par_1_73' title="bbox 970 1373 1725 1413">
     <span class='ocr_line' id='line_1_73' title="bbox 970 1373 1725 1413; baseline -0.007 -8"><span class='ocrx_word' id='word_1_462' title='bbox 970 1378 1002 1405; x_wconf 94' lang='lat' dir='ltr'><strong>II.</strong></span> <span class='ocrx_word' id='word_1_463' title='bbox 1021 1378 1133 1413; x_wconf 87' lang='lat' dir='ltr'><strong>lpsimet</strong></span> <span class='ocrx_word' id='word_1_464' title='bbox 1149 1376 1265 1404; x_wconf 87' lang='lat' dir='ltr'><strong>comites</strong></span> <span class='ocrx_word' id='word_1_465' title='bbox 1284 1375 1375 1410; x_wconf 77' lang='lat' dir='ltr'><strong>Vigilii</strong></span> <span class='ocrx_word' id='word_1_466' title='bbox 1395 1380 1477 1409; x_wconf 86' lang='lat' dir='ltr'><strong>atque</strong></span> <span class='ocrx_word' id='word_1_467' title='bbox 1497 1373 1652 1405; x_wconf 84' lang='lat' dir='ltr'><strong>domestici,</strong></span> <span class='ocrx_word' id='word_1_468' title='bbox 1665 1373 1725 1400; x_wconf 86' lang='lat' dir='ltr'><strong>aui-</strong></span> 
     </span>
    </p>
   </div>
   <div class='ocr_carea' id='block_1_74' title="bbox 936 1419 1726 1458">
    <p class='ocr_par' dir='ltr' id='par_1_74' title="bbox 936 1419 1726 1458">
     <span class='ocr_line' id='line_1_74' title="bbox 936 1419 1726 1458; baseline -0.006 -8"><span class='ocrx_word' id='word_1_469' title='bbox 936 1423 988 1450; x_wconf 86' lang='lat' dir='ltr'><strong>mis</strong></span> <span class='ocrx_word' id='word_1_470' title='bbox 1015 1430 1065 1458; x_wconf 91' lang='lat' dir='ltr'><strong>pro</strong></span> <span class='ocrx_word' id='word_1_471' title='bbox 1090 1426 1213 1456; x_wconf 87' lang='lat' dir='ltr'><strong>tempore</strong></span> <span class='ocrx_word' id='word_1_472' title='bbox 1239 1420 1430 1452; x_wconf 84' lang='lat' dir='ltr'><strong>commutatis,</strong></span> <span class='ocrx_word' id='word_1_473' title='bbox 1457 1419 1625 1451; x_wconf 78' lang='lat' dir='ltr'><strong>Judt‘catttm,</strong></span> <span class='ocrx_word' id='word_1_474' title='bbox 1652 1419 1726 1453; x_wconf 90' lang='lat' dir='ltr'><strong>quod</strong></span> 
     </span>
    </p>
   </div>
   <div class='ocr_carea' id='block_1_75' title="bbox 936 1465 1725 1503">
    <p class='ocr_par' dir='ltr' id='par_1_75' title="bbox 936 1465 1725 1503">
     <span class='ocr_line' id='line_1_75' title="bbox 936 1465 1725 1503; baseline -0.005 -8"><span class='ocrx_word' id='word_1_475' title='bbox 936 1468 1019 1503; x_wconf 86' lang='lat' dir='ltr'><strong>paulo</strong></span> <span class='ocrx_word' id='word_1_476' title='bbox 1034 1471 1097 1495; x_wconf 88' lang='lat' dir='ltr'><strong>ante</strong></span> <span class='ocrx_word' id='word_1_477' title='bbox 1109 1467 1288 1494; x_wconf 81' lang='lat' dir='ltr'><strong>laudaveram</strong></span> <span class='ocrx_word' id='word_1_478' title='bbox 1302 1471 1332 1493; x_wconf 89' lang='lat' dir='ltr'><strong>ut</strong></span> <span class='ocrx_word' id='word_1_479' title='bbox 1345 1466 1466 1502; x_wconf 88' lang='lat' dir='ltr'><strong>prudens</strong></span> <span class='ocrx_word' id='word_1_480' title='bbox 1479 1465 1542 1492; x_wconf 88' lang='lat' dir='ltr'><strong>mali</strong></span> <span class='ocrx_word' id='word_1_481' title='bbox 1563 1465 1725 1496; x_wconf 88' lang='lat' dir='ltr'><strong>remedium,</strong></span> 
     </span>
    </p>
   </div>
   <div class='ocr_carea' id='block_1_76' title="bbox 937 1510 1724 1547">
    <p class='ocr_par' dir='ltr' id='par_1_76' title="bbox 937 1510 1724 1547">
     <span class='ocr_line' id='line_1_76' title="bbox 937 1510 1724 1547; baseline -0.005 -6"><span class='ocrx_word' id='word_1_482' title='bbox 937 1522 999 1541; x_wconf 88' lang='lat' dir='ltr'><strong>mox</strong></span> <span class='ocrx_word' id='word_1_483' title='bbox 1014 1513 1161 1540; x_wconf 89' lang='lat' dir='ltr'><strong>traducunt</strong></span> <span class='ocrx_word' id='word_1_484' title='bbox 1175 1517 1302 1547; x_wconf 79' lang='lat' dir='ltr'><strong>tanquam</strong></span> <span class='ocrx_word' id='word_1_485' title='bbox 1316 1515 1438 1547; x_wconf 86' lang='lat' dir='ltr'><strong>apertam</strong></span> <span class='ocrx_word' id='word_1_486' title='bbox 1454 1510 1516 1538; x_wconf 88' lang='lat' dir='ltr'><strong>ﬁdei</strong></span> <span class='ocrx_word' id='word_1_487' title='bbox 1531 1510 1724 1546; x_wconf 87' lang='lat' dir='ltr'><strong>proditionem.</strong></span> 
     </span>
    </p>
   </div>
   <div class='ocr_carea' id='block_1_77' title="bbox 936 1555 1727 1590">
    <p class='ocr_par' dir='ltr' id='par_1_77' title="bbox 936 1555 1727 1590">
     <span class='ocr_line' id='line_1_77' title="bbox 936 1555 1727 1590; baseline -0.005 -5"><span class='ocrx_word' id='word_1_488' title='bbox 936 1559 1035 1586; x_wconf 78' lang='lat' dir='ltr'><strong>Clerici</strong></span> <span class='ocrx_word' id='word_1_489' title='bbox 1050 1559 1104 1585; x_wconf 91' lang='lat' dir='ltr'><strong>duo</strong></span> <span class='ocrx_word' id='word_1_490' title='bbox 1116 1558 1245 1585; x_wconf 73' lang='lat' dir='ltr'><strong>Ecclesia:</strong></span> <span class='ocrx_word' id='word_1_491' title='bbox 1260 1559 1399 1590; x_wconf 68' lang='lat' dir='ltr'><strong>Romanae,</strong></span> <span class='ocrx_word' id='word_1_492' title='bbox 1413 1557 1542 1584; x_wconf 81' lang='lat' dir='ltr'><strong>Rusticus</strong></span> <span class='ocrx_word' id='word_1_493' title='bbox 1552 1560 1579 1583; x_wconf 90' lang='lat' dir='ltr'><strong>et</strong></span> <span class='ocrx_word' id='word_1_494' title='bbox 1591 1555 1727 1583; x_wconf 61' lang='lat' dir='ltr'><strong>Sebastian</strong></span> 
     </span>
    </p>
   </div>
   <div class='ocr_carea' id='block_1_78' title="bbox 936 1599 1726 1638">
    <p class='ocr_par' dir='ltr' id='par_1_78' title="bbox 936 1599 1726 1638">
     <span class='ocr_line' id='line_1_78' title="bbox 936 1599 1726 1638; baseline -0.006 -8"><span class='ocrx_word' id='word_1_495' title='bbox 936 1611 997 1635; x_wconf 87' lang='lat' dir='ltr'><strong>nus,</strong></span> <span class='ocrx_word' id='word_1_496' title='bbox 1013 1611 1130 1638; x_wconf 87' lang='lat' dir='ltr'><strong>quorum</strong></span> <span class='ocrx_word' id='word_1_497' title='bbox 1146 1610 1217 1630; x_wconf 92' lang='lat' dir='ltr'><strong>unus</strong></span> <span class='ocrx_word' id='word_1_498' title='bbox 1235 1602 1373 1637; x_wconf 89' lang='lat' dir='ltr'><strong>pontiﬁcis</strong></span> <span class='ocrx_word' id='word_1_499' title='bbox 1390 1609 1423 1628; x_wconf 86' lang='lat' dir='ltr'><strong>ex</strong></span> <span class='ocrx_word' id='word_1_500' title='bbox 1442 1601 1526 1628; x_wconf 87' lang='lat' dir='ltr'><strong>fratre</strong></span> <span class='ocrx_word' id='word_1_501' title='bbox 1540 1606 1636 1634; x_wconf 82' lang='lat' dir='ltr'><strong>nepos,</strong></span> <span class='ocrx_word' id='word_1_502' title='bbox 1652 1599 1726 1626; x_wconf 68' lang='lat' dir='ltr'><strong>ludi-</strong></span> 
     </span>
    </p>
   </div>
   <div class='ocr_carea' id='block_1_79' title="bbox 936 1643 1727 1683">
    <p class='ocr_par' dir='ltr' id='par_1_79' title="bbox 936 1643 1727 1683">
     <span class='ocr_line' id='line_1_79' title="bbox 936 1643 1727 1683; baseline -0.006 -8"><span class='ocrx_word' id='word_1_503' title='bbox 936 1650 989 1676; x_wconf 68' lang='lat' dir='ltr'><strong>culi</strong></span> <span class='ocrx_word' id='word_1_504' title='bbox 1007 1649 1129 1683; x_wconf 80' lang='lat' dir='ltr'><strong>exempla</strong></span> <span class='ocrx_word' id='word_1_505' title='bbox 1147 1648 1292 1682; x_wconf 79' lang='lat' dir='ltr'><strong>perfidiose</strong></span> <span class='ocrx_word' id='word_1_506' title='bbox 1311 1647 1434 1682; x_wconf 82' lang='lat' dir='ltr'><strong>vulgant,</strong></span> <span class='ocrx_word' id='word_1_507' title='bbox 1449 1645 1615 1679; x_wconf 88' lang='lat' dir='ltr'><strong>mittuntque</strong></span> <span class='ocrx_word' id='word_1_508' title='bbox 1633 1644 1659 1670; x_wconf 90' lang='lat' dir='ltr'><strong>in</strong></span> <span class='ocrx_word' id='word_1_509' title='bbox 1676 1643 1727 1670; x_wconf 88' lang='lat' dir='ltr'><strong>Oc-</strong></span> 
     </span>
    </p>
   </div>
   <div class='ocr_carea' id='block_1_80' title="bbox 936 1689 1725 1722">
    <p class='ocr_par' dir='ltr' id='par_1_80' title="bbox 936 1689 1725 1722">
     <span class='ocr_line' id='line_1_80' title="bbox 936 1689 1725 1722; baseline -0.009 0"><span class='ocrx_word' id='word_1_510' title='bbox 936 1695 1072 1722; x_wconf 84' lang='lat' dir='ltr'><strong>cidentem</strong></span> <span class='ocrx_word' id='word_1_511' title='bbox 1104 1694 1138 1721; x_wconf 91' lang='lat' dir='ltr'><strong>ad</strong></span> <span class='ocrx_word' id='word_1_512' title='bbox 1169 1692 1358 1721; x_wconf 86' lang='lat' dir='ltr'><strong>sollicitandos</strong></span> <span class='ocrx_word' id='word_1_513' title='bbox 1384 1691 1500 1719; x_wconf 87' lang='lat' dir='ltr'><strong>animos.</strong></span> <span class='ocrx_word' id='word_1_514' title='bbox 1530 1689 1595 1716; x_wconf 88' lang='lat' dir='ltr'><strong>Inde</strong></span> <span class='ocrx_word' id='word_1_515' title='bbox 1624 1689 1725 1721; x_wconf 80' lang='lat' dir='ltr'><strong>Africa,</strong></span> 
     </span>
    </p>
   </div>
   <div class='ocr_carea' id='block_1_81' title="bbox 936 1734 1727 1773">
    <p class='ocr_par' dir='ltr' id='par_1_81' title="bbox 936 1734 1727 1773">
     <span class='ocr_line' id='line_1_81' title="bbox 936 1734 1727 1773; baseline -0.009 -6"><span class='ocrx_word' id='word_1_516' title='bbox 936 1740 1028 1772; x_wconf 78' lang='lat' dir='ltr'><strong>Italia,</strong></span> <span class='ocrx_word' id='word_1_517' title='bbox 1052 1739 1159 1771; x_wconf 59' lang='lat' dir='ltr'><strong>Galliae,</strong></span> <span class='ocrx_word' id='word_1_518' title='bbox 1183 1738 1337 1773; x_wconf 86' lang='lat' dir='ltr'><strong>Illyricum,</strong></span> <span class='ocrx_word' id='word_1_519' title='bbox 1362 1735 1511 1767; x_wconf 85' lang='lat' dir='ltr'><strong>Dalmatia,</strong></span> <span class='ocrx_word' id='word_1_520' title='bbox 1533 1734 1647 1768; x_wconf 63' lang='lat' dir='ltr'><strong>aliaeque</strong></span> <span class='ocrx_word' id='word_1_521' title='bbox 1665 1742 1727 1768; x_wconf 92' lang='lat' dir='ltr'><strong>pro-</strong></span> 
     </span>
    </p>
   </div>
   <div class='ocr_carea' id='block_1_82' title="bbox 936 1779 1727 1818">
    <p class='ocr_par' dir='ltr' id='par_1_82' title="bbox 936 1779 1727 1818">
     <span class='ocr_line' id='line_1_82' title="bbox 936 1779 1727 1818; baseline -0.009 -6"><span class='ocrx_word' id='word_1_522' title='bbox 936 1786 1032 1812; x_wconf 75' lang='lat' dir='ltr'><strong>\‘im‘ize</strong></span> <span class='ocrx_word' id='word_1_523' title='bbox 1047 1788 1257 1813; x_wconf 88' lang='lat' dir='ltr'><strong>commoventur</strong></span> <span class='ocrx_word' id='word_1_524' title='bbox 1273 1784 1300 1810; x_wconf 92' lang='lat' dir='ltr'><strong>in</strong></span> <span class='ocrx_word' id='word_1_525' title='bbox 1316 1782 1455 1818; x_wconf 78' lang='lat' dir='ltr'><strong>Vigilium,</strong></span> <span class='ocrx_word' id='word_1_526' title='bbox 1474 1787 1593 1815; x_wconf 88' lang='lat' dir='ltr'><strong>eumque</strong></span> <span class='ocrx_word' id='word_1_527' title='bbox 1613 1779 1727 1815; x_wconf 65' lang='lat' dir='ltr'><strong>prodita</strong></span> 
     </span>
    </p>
   </div>
   <div class='ocr_carea' id='block_1_83' title="bbox 938 1830 1548 1863">
    <p class='ocr_par' dir='ltr' id='par_1_83' title="bbox 938 1830 1548 1863">
     <span class='ocr_line' id='line_1_83' title="bbox 938 1830 1548 1863; baseline -0.008 -5"><span class='ocrx_word' id='word_1_528' title='bbox 938 1832 999 1858; x_wconf 82' lang='lat' dir='ltr'><strong>fidei</strong></span> <span class='ocrx_word' id='word_1_529' title='bbox 1021 1836 1067 1858; x_wconf 89' lang='lat' dir='ltr'><strong>aut</strong></span> <span class='ocrx_word' id='word_1_530' title='bbox 1086 1834 1225 1861; x_wconf 87' lang='lat' dir='ltr'><strong>accusant,</strong></span> <span class='ocrx_word' id='word_1_531' title='bbox 1242 1833 1290 1856; x_wconf 88' lang='lat' dir='ltr'><strong>aut</strong></span> <span class='ocrx_word' id='word_1_532' title='bbox 1309 1835 1386 1855; x_wconf 75' lang='lat' dir='ltr'><strong>reum</strong></span> <span class='ocrx_word' id='word_1_533' title='bbox 1404 1830 1548 1863; x_wconf 77' lang='lat' dir='ltr'><strong>peragunt.</strong></span> 
     </span>
    </p>
   </div>
   <div class='ocr_carea' id='block_1_84' title="bbox 973 1871 1725 1913">
    <p class='ocr_par' dir='ltr' id='par_1_84' title="bbox 973 1871 1725 1913">
     <span class='ocr_line' id='line_1_84' title="bbox 973 1871 1725 1913; baseline -0.011 -7"><span class='ocrx_word' id='word_1_534' title='bbox 973 1879 1016 1906; x_wconf 92' lang='lat' dir='ltr'><strong>Ill.</strong></span> <span class='ocrx_word' id='word_1_535' title='bbox 1035 1878 1099 1911; x_wconf 79' lang='lat' dir='ltr'><strong>Quae</strong></span> <span class='ocrx_word' id='word_1_536' title='bbox 1114 1881 1174 1913; x_wconf 88' lang='lat' dir='ltr'><strong>post</strong></span> <span class='ocrx_word' id='word_1_537' title='bbox 1190 1880 1293 1904; x_wconf 87' lang='lat' dir='ltr'><strong>tantam</strong></span> <span class='ocrx_word' id='word_1_538' title='bbox 1313 1874 1525 1902; x_wconf 87' lang='lat' dir='ltr'><strong>commotionem</strong></span> <span class='ocrx_word' id='word_1_539' title='bbox 1547 1879 1641 1900; x_wconf 85' lang='lat' dir='ltr'><strong>secuta</strong></span> <span class='ocrx_word' id='word_1_540' title='bbox 1660 1871 1725 1904; x_wconf 89' lang='lat' dir='ltr'><strong>sint,</strong></span> 
     </span>
    </p>
   </div>
   <div class='ocr_carea' id='block_1_85' title="bbox 937 1917 1728 1960">
    <p class='ocr_par' dir='ltr' id='par_1_85' title="bbox 937 1917 1728 1960">
     <span class='ocr_line' id='line_1_85' title="bbox 937 1917 1728 1960; baseline -0.011 -8"><span class='ocrx_word' id='word_1_541' title='bbox 937 1932 1052 1960; x_wconf 64' lang='lat' dir='ltr'><strong>qumque</strong></span> <span class='ocrx_word' id='word_1_542' title='bbox 1065 1923 1186 1959; x_wconf 83' lang='lat' dir='ltr'><strong>pontifex</strong></span> <span class='ocrx_word' id='word_1_543' title='bbox 1198 1927 1246 1950; x_wconf 87' lang='lat' dir='ltr'><strong>aut</strong></span> <span class='ocrx_word' id='word_1_544' title='bbox 1257 1921 1344 1957; x_wconf 76' lang='lat' dir='ltr'><strong>egerit</strong></span> <span class='ocrx_word' id='word_1_545' title='bbox 1356 1921 1433 1956; x_wconf 86' lang='lat' dir='ltr'><strong>pacis</strong></span> <span class='ocrx_word' id='word_1_546' title='bbox 1444 1920 1546 1951; x_wconf 85' lang='lat' dir='ltr'><strong>studio,</strong></span> <span class='ocrx_word' id='word_1_547' title='bbox 1558 1921 1604 1945; x_wconf 87' lang='lat' dir='ltr'><strong>aut</strong></span> <span class='ocrx_word' id='word_1_548' title='bbox 1617 1925 1632 1945; x_wconf 87' lang='lat' dir='ltr'><strong>a</strong></span> <span class='ocrx_word' id='word_1_549' title='bbox 1644 1917 1728 1945; x_wconf 55' lang='lat' dir='ltr'><strong>Iusti-</strong></span> 
     </span>
    </p>
   </div>
   <div class='ocr_carea' id='block_1_86' title="bbox 937 1963 1727 2005">
    <p class='ocr_par' dir='ltr' id='par_1_86' title="bbox 937 1963 1727 2005">
     <span class='ocr_line' id='line_1_86' title="bbox 937 1963 1727 2005; baseline -0.013 -6"><span class='ocrx_word' id='word_1_550' title='bbox 937 1973 1020 1999; x_wconf 90' lang='lat' dir='ltr'><strong>niano</strong></span> <span class='ocrx_word' id='word_1_551' title='bbox 1045 1975 1190 2005; x_wconf 87' lang='lat' dir='ltr'><strong>tyrannum</strong></span> <span class='ocrx_word' id='word_1_552' title='bbox 1214 1968 1310 1995; x_wconf 88' lang='lat' dir='ltr'><strong>induto</strong></span> <span class='ocrx_word' id='word_1_553' title='bbox 1326 1974 1424 2001; x_wconf 86' lang='lat' dir='ltr'><strong>passus</strong></span> <span class='ocrx_word' id='word_1_554' title='bbox 1446 1965 1482 1992; x_wconf 87' lang='lat' dir='ltr'><strong>sit</strong></span> <span class='ocrx_word' id='word_1_555' title='bbox 1494 1966 1534 1997; x_wconf 85' lang='lat'><strong>&quot;;</strong></span> <span class='ocrx_word' id='word_1_556' title='bbox 1550 1972 1603 1999; x_wconf 86' lang='lat' dir='ltr'><strong>qua</strong></span> <span class='ocrx_word' id='word_1_557' title='bbox 1622 1963 1727 1990; x_wconf 89' lang='lat' dir='ltr'><strong>ratione</strong></span> 
     </span>
    </p>
   </div>
   <div class='ocr_carea' id='block_1_87' title="bbox 935 2009 1729 2052">
    <p class='ocr_par' dir='ltr' id='par_1_87' title="bbox 935 2009 1729 2052">
     <span class='ocr_line' id='line_1_87' title="bbox 935 2009 1729 2052; baseline -0.013 -8"><span class='ocrx_word' id='word_1_558' title='bbox 935 2018 989 2052; x_wconf 81' lang='lat' dir='ltr'><strong>jam</strong></span> <span class='ocrx_word' id='word_1_559' title='bbox 1008 2017 1144 2052; x_wconf 65' lang='lat' dir='ltr'><strong>paenitens</strong></span> <span class='ocrx_word' id='word_1_560' title='bbox 1164 2014 1198 2042; x_wconf 91' lang='lat' dir='ltr'><strong>de</strong></span> <span class='ocrx_word' id='word_1_561' title='bbox 1219 2014 1296 2041; x_wconf 89' lang='lat' dir='ltr'><strong>irrita</strong></span> <span class='ocrx_word' id='word_1_562' title='bbox 1311 2011 1526 2047; x_wconf 86' lang='lat' dir='ltr'><strong>dispensatione,</strong></span> <span class='ocrx_word' id='word_1_563' title='bbox 1544 2009 1666 2037; x_wconf 82' lang='lat' dir='ltr'><strong>Judicato</strong></span> <span class='ocrx_word' id='word_1_564' title='bbox 1685 2016 1729 2035; x_wconf 85' lang='lat' dir='ltr'><strong>re-</strong></span> 
     </span>
    </p>
   </div>
   <div class='ocr_carea' id='block_1_88' title="bbox 938 2054 1727 2097">
    <p class='ocr_par' dir='ltr' id='par_1_88' title="bbox 938 2054 1727 2097">
     <span class='ocr_line' id='line_1_88' title="bbox 938 2054 1727 2097; baseline -0.011 -8"><span class='ocrx_word' id='word_1_565' title='bbox 938 2067 1028 2097; x_wconf 85' lang='lat' dir='ltr'><strong>cepto,</strong></span> <span class='ocrx_word' id='word_1_566' title='bbox 1047 2061 1158 2088; x_wconf 81' lang='lat' dir='ltr'><strong>redierit</strong></span> <span class='ocrx_word' id='word_1_567' title='bbox 1176 2059 1209 2086; x_wconf 90' lang='lat' dir='ltr'><strong>ad</strong></span> <span class='ocrx_word' id='word_1_568' title='bbox 1231 2058 1375 2093; x_wconf 85' lang='lat' dir='ltr'><strong>pristinam</strong></span> <span class='ocrx_word' id='word_1_569' title='bbox 1395 2057 1478 2084; x_wconf 92' lang='lat' dir='ltr'><strong>trium</strong></span> <span class='ocrx_word' id='word_1_570' title='bbox 1498 2055 1617 2090; x_wconf 90' lang='lat' dir='ltr'><strong>capitum</strong></span> <span class='ocrx_word' id='word_1_571' title='bbox 1632 2055 1640 2063; x_wconf 88' lang='lat'><strong>&#39;</strong></span> <span class='ocrx_word' id='word_1_572' title='bbox 1656 2054 1727 2081; x_wconf 90' lang='lat' dir='ltr'><strong>inte-</strong></span> 
     </span>
    </p>
   </div>
   <div class='ocr_carea' id='block_1_89' title="bbox 938 2098 1727 2143">
    <p class='ocr_par' dir='ltr' id='par_1_89' title="bbox 938 2098 1727 2143">
     <span class='ocr_line' id='line_1_89' title="bbox 938 2098 1727 2143; baseline -0.013 -9"><span class='ocrx_word' id='word_1_573' title='bbox 938 2115 1012 2143; x_wconf 77' lang='lat' dir='ltr'><strong>gram</strong></span> <span class='ocrx_word' id='word_1_574' title='bbox 1025 2105 1227 2136; x_wconf 82' lang='lat' dir='ltr'><strong>defensionem;</strong></span> <span class='ocrx_word' id='word_1_575' title='bbox 1241 2101 1379 2138; x_wconf 87' lang='lat' dir='ltr'><strong>quomodo</strong></span> <span class='ocrx_word' id='word_1_576' title='bbox 1392 2100 1557 2135; x_wconf 88' lang='lat' dir='ltr'><strong>templorum</strong></span> <span class='ocrx_word' id='word_1_577' title='bbox 1571 2098 1645 2134; x_wconf 87' lang='lat' dir='ltr'><strong>asylo</strong></span> <span class='ocrx_word' id='word_1_578' title='bbox 1657 2098 1727 2125; x_wconf 88' lang='lat' dir='ltr'><strong>tueri</strong></span> 
     </span>
    </p>
   </div>
   <div class='ocr_carea' id='block_1_90' title="bbox 939 2143 1727 2186">
    <p class='ocr_par' dir='ltr' id='par_1_90' title="bbox 939 2143 1727 2186">
     <span class='ocr_line' id='line_1_90' title="bbox 939 2143 1727 2186; baseline -0.013 -7"><span class='ocrx_word' id='word_1_579' title='bbox 939 2161 978 2184; x_wconf 89' lang='lat' dir='ltr'><strong>se,</strong></span> <span class='ocrx_word' id='word_1_580' title='bbox 995 2152 1112 2186; x_wconf 79' lang='lat' dir='ltr'><strong>fugaque</strong></span> <span class='ocrx_word' id='word_1_581' title='bbox 1128 2153 1156 2177; x_wconf 90' lang='lat' dir='ltr'><strong>et</strong></span> <span class='ocrx_word' id='word_1_582' title='bbox 1174 2148 1301 2176; x_wconf 90' lang='lat' dir='ltr'><strong>altarium</strong></span> <span class='ocrx_word' id='word_1_583' title='bbox 1317 2146 1461 2181; x_wconf 82' lang='lat' dir='ltr'><strong>complexu</strong></span> <span class='ocrx_word' id='word_1_584' title='bbox 1482 2148 1593 2172; x_wconf 87' lang='lat' dir='ltr'><strong>coactus</strong></span> <span class='ocrx_word' id='word_1_585' title='bbox 1606 2143 1657 2175; x_wconf 85' lang='lat' dir='ltr'><strong>sit;</strong></span> <span class='ocrx_word' id='word_1_586' title='bbox 1674 2150 1727 2177; x_wconf 88' lang='lat' dir='ltr'><strong>qua</strong></span> 
     </span>
    </p>
   </div>
   <div class='ocr_carea' id='block_1_91' title="bbox 939 2189 1727 2226">
    <p class='ocr_par' dir='ltr' id='par_1_91' title="bbox 939 2189 1727 2226">
     <span class='ocr_line' id='line_1_91' title="bbox 939 2189 1727 2226; baseline -0.013 0"><span class='ocrx_word' id='word_1_587' title='bbox 939 2199 1056 2226; x_wconf 91' lang='lat' dir='ltr'><strong>militum</strong></span> <span class='ocrx_word' id='word_1_588' title='bbox 1078 2196 1179 2224; x_wconf 87' lang='lat' dir='ltr'><strong>ferocia</strong></span> <span class='ocrx_word' id='word_1_589' title='bbox 1194 2203 1209 2222; x_wconf 90' lang='lat' dir='ltr'><strong>a</strong></span> <span class='ocrx_word' id='word_1_590' title='bbox 1226 2201 1302 2222; x_wconf 88' lang='lat' dir='ltr'><strong>sacra</strong></span> <span class='ocrx_word' id='word_1_591' title='bbox 1317 2200 1411 2220; x_wconf 88' lang='lat' dir='ltr'><strong>mensa</strong></span> <span class='ocrx_word' id='word_1_592' title='bbox 1431 2190 1515 2218; x_wconf 86' lang='lat' dir='ltr'><strong>fuerit</strong></span> <span class='ocrx_word' id='word_1_593' title='bbox 1531 2189 1654 2221; x_wconf 84' lang='lat' dir='ltr'><strong>avulsus;</strong></span> <span class='ocrx_word' id='word_1_594' title='bbox 1674 2195 1727 2222; x_wconf 83' lang='lat' dir='ltr'><strong>qua</strong></span> 
     </span>
    </p>
   </div>
   <div class='ocr_carea' id='block_1_92' title="bbox 92 2235 1729 2280">
    <p class='ocr_par' dir='ltr' id='par_1_92' title="bbox 92 2235 1729 2280">
     <span class='ocr_line' id='line_1_92' title="bbox 92 2235 1729 2280; baseline -0.007 -9"><span class='ocrx_word' id='word_1_595' title='bbox 92 2244 146 2271; x_wconf 81' lang='lat' dir='ltr'><strong>fuit</strong></span> <span class='ocrx_word' id='word_1_596' title='bbox 164 2249 256 2271; x_wconf 76' lang='lat' dir='ltr'><strong>tamen</strong></span> <span class='ocrx_word' id='word_1_597' title='bbox 269 2251 319 2272; x_wconf 88' lang='lat' dir='ltr'><strong>cur</strong></span> <span class='ocrx_word' id='word_1_598' title='bbox 330 2247 561 2275; x_wconf 86' lang='lat' dir='ltr'><strong>commoveretur,</strong></span> <span class='ocrx_word' id='word_1_599' title='bbox 579 2242 673 2270; x_wconf 89' lang='lat' dir='ltr'><strong>audito</strong></span> <span class='ocrx_word' id='word_1_600' title='bbox 692 2242 809 2269; x_wconf 79' lang='lat' dir='ltr'><strong>Judicati</strong></span> <span class='ocrx_word' id='word_1_601' title='bbox 833 2250 884 2268; x_wconf 88' lang='lat' dir='ltr'><strong>no-</strong></span> <span class='ocrx_word' id='word_1_602' title='bbox 901 2253 922 2280; x_wconf 74' lang='grc' dir='ltr'><strong>η</strong></span> <span class='ocrx_word' id='word_1_603' title='bbox 940 2243 1069 2270; x_wconf 81' lang='lat' dir='ltr'><strong>ﬁrmitate</strong></span> <span class='ocrx_word' id='word_1_604' title='bbox 1086 2241 1170 2269; x_wconf 89' lang='lat' dir='ltr'><strong>animi</strong></span> <span class='ocrx_word' id='word_1_605' title='bbox 1185 2244 1213 2267; x_wconf 88' lang='lat' dir='ltr'><strong>et</strong></span> <span class='ocrx_word' id='word_1_606' title='bbox 1224 2238 1400 2266; x_wconf 86' lang='lat' dir='ltr'><strong>Theodorum</strong></span> <span class='ocrx_word' id='word_1_607' title='bbox 1412 2235 1608 2264; x_wconf 61' lang='lat' dir='ltr'><strong>Caesariensem</strong></span> <span class='ocrx_word' id='word_1_608' title='bbox 1623 2238 1651 2261; x_wconf 90' lang='lat' dir='ltr'><strong>et</strong></span> <span class='ocrx_word' id='word_1_609' title='bbox 1664 2241 1729 2261; x_wconf 87' lang='lat' dir='ltr'><strong>suos</strong></span> 
     </span>
    </p>
   </div>
   <div class='ocr_carea' id='block_1_93' title="bbox 94 2289 886 2325">
    <p class='ocr_par' dir='ltr' id='par_1_93' title="bbox 94 2289 886 2325">
     <span class='ocr_line' id='line_1_93' title="bbox 94 2289 886 2325; baseline -0.005 -7"><span class='ocrx_word' id='word_1_610' title='bbox 94 2291 190 2320; x_wconf 87' lang='lat' dir='ltr'><strong>mine:</strong></span> <span class='ocrx_word' id='word_1_611' title='bbox 218 2290 272 2317; x_wconf 86' lang='lat' dir='ltr'><strong>hoc</strong></span> <span class='ocrx_word' id='word_1_612' title='bbox 297 2291 372 2317; x_wconf 90' lang='lat' dir='ltr'><strong>enim</strong></span> <span class='ocrx_word' id='word_1_613' title='bbox 395 2289 511 2325; x_wconf 81' lang='lat' dir='ltr'><strong>Vigilius</strong></span> <span class='ocrx_word' id='word_1_614' title='bbox 535 2297 636 2316; x_wconf 88' lang='lat' dir='ltr'><strong>nomen</strong></span> <span class='ocrx_word' id='word_1_615' title='bbox 661 2289 764 2323; x_wconf 88' lang='lat' dir='ltr'><strong>scripto</strong></span> <span class='ocrx_word' id='word_1_616' title='bbox 785 2293 886 2323; x_wconf 70' lang='lat' dir='ltr'><strong>praeter</strong></span> 
     </span>
    </p>
   </div>
   <div class='ocr_carea' id='block_1_94' title="bbox 93 2334 886 2371">
    <p class='ocr_par' dir='ltr' id='par_1_94' title="bbox 93 2334 886 2371">
     <span class='ocr_line' id='line_1_94' title="bbox 93 2334 886 2371; baseline -0.005 -7"><span class='ocrx_word' id='word_1_617' title='bbox 93 2344 200 2365; x_wconf 84' lang='lat' dir='ltr'><strong>morem</strong></span> <span class='ocrx_word' id='word_1_618' title='bbox 220 2336 345 2369; x_wconf 80' lang='lat' dir='ltr'><strong>fecerat,</strong></span> <span class='ocrx_word' id='word_1_619' title='bbox 373 2343 429 2371; x_wconf 87' lang='lat' dir='ltr'><strong>quo</strong></span> <span class='ocrx_word' id='word_1_620' title='bbox 447 2339 554 2363; x_wconf 81' lang='lat' dir='ltr'><strong>vetaret</strong></span> <span class='ocrx_word' id='word_1_621' title='bbox 573 2342 739 2370; x_wconf 85' lang='lat' dir='ltr'><strong>quemquam</strong></span> <span class='ocrx_word' id='word_1_622' title='bbox 762 2334 886 2366; x_wconf 86' lang='lat' dir='ltr'><strong>credere,</strong></span> 
     </span>
    </p>
   </div>
   <div class='ocr_carea' id='block_1_95' title="bbox 94 2379 887 2419">
    <p class='ocr_par' dir='ltr' id='par_1_95' title="bbox 94 2379 887 2419">
     <span class='ocr_line' id='line_1_95' title="bbox 94 2379 887 2419; baseline -0.005 -10"><span class='ocrx_word' id='word_1_623' title='bbox 94 2382 256 2419; x_wconf 76' lang='lat' dir='ltr'><strong>synodicam</strong></span> <span class='ocrx_word' id='word_1_624' title='bbox 267 2389 329 2410; x_wconf 88' lang='lat' dir='ltr'><strong>esse</strong></span> <span class='ocrx_word' id='word_1_625' title='bbox 353 2381 554 2413; x_wconf 89' lang='lat' dir='ltr'><strong>deﬁnitionem,</strong></span> <span class='ocrx_word' id='word_1_626' title='bbox 567 2380 614 2408; x_wconf 90' lang='lat' dir='ltr'><strong>sed</strong></span> <span class='ocrx_word' id='word_1_627' title='bbox 631 2381 767 2415; x_wconf 84' lang='lat' dir='ltr'><strong>privatum</strong></span> <span class='ocrx_word' id='word_1_628' title='bbox 788 2379 887 2406; x_wconf 90' lang='lat' dir='ltr'><strong>dunta-</strong></span> 
     </span>
    </p>
   </div>
   <div class='ocr_carea' id='block_1_96' title="bbox 94 2426 364 2462">
    <p class='ocr_par' dir='ltr' id='par_1_96' title="bbox 94 2426 364 2462">
     <span class='ocr_line' id='line_1_96' title="bbox 94 2426 364 2462; baseline -0.004 -7"><span class='ocrx_word' id='word_1_629' title='bbox 94 2432 143 2455; x_wconf 82' lang='lat' dir='ltr'><strong>xat</strong></span> <span class='ocrx_word' id='word_1_630' title='bbox 158 2426 364 2462; x_wconf 71' lang='lat' dir='ltr'><strong>praeiudicium.</strong></span> 
     </span>
    </p>
   </div>
   <div class='ocr_carea' id='block_1_97' title="bbox 129 2471 883 2506">
    <p class='ocr_par' dir='ltr' id='par_1_97' title="bbox 129 2471 883 2506">
     <span class='ocr_line' id='line_1_97' title="bbox 129 2471 883 2506; baseline -0.005 -5"><span class='ocrx_word' id='word_1_631' title='bbox 129 2472 332 2502; x_wconf 83' lang='lat' dir='ltr'><strong>Continebatur</strong></span> <span class='ocrx_word' id='word_1_632' title='bbox 341 2472 464 2499; x_wconf 74' lang='lat' dir='ltr'><strong>Judicato</strong></span> <span class='ocrx_word' id='word_1_633' title='bbox 484 2472 567 2499; x_wconf 88' lang='lat' dir='ltr'><strong>trium</strong></span> <span class='ocrx_word' id='word_1_634' title='bbox 582 2471 703 2506; x_wconf 89' lang='lat' dir='ltr'><strong>capitum</strong></span> <span class='ocrx_word' id='word_1_635' title='bbox 728 2471 883 2498; x_wconf 86' lang='lat' dir='ltr'><strong>damnatio:</strong></span> 
     </span>
    </p>
   </div>
   <div class='ocr_carea' id='block_1_98' title="bbox 95 2516 886 2552">
    <p class='ocr_par' dir='ltr' id='par_1_98' title="bbox 95 2516 886 2552">
     <span class='ocr_line' id='line_1_98' title="bbox 95 2516 886 2552; baseline -0.004 -6"><span class='ocrx_word' id='word_1_636' title='bbox 95 2518 146 2547; x_wconf 83' lang='lat' dir='ltr'><strong>sed</strong></span> <span class='ocrx_word' id='word_1_637' title='bbox 159 2518 212 2546; x_wconf 83' lang='lat' dir='ltr'><strong>hac</strong></span> <span class='ocrx_word' id='word_1_638' title='bbox 225 2518 365 2550; x_wconf 89' lang='lat' dir='ltr'><strong>cautione,</strong></span> <span class='ocrx_word' id='word_1_639' title='bbox 382 2521 415 2545; x_wconf 88' lang='lat' dir='ltr'><strong>ut</strong></span> <span class='ocrx_word' id='word_1_640' title='bbox 431 2517 465 2545; x_wconf 88' lang='lat' dir='ltr'><strong>de</strong></span> <span class='ocrx_word' id='word_1_641' title='bbox 479 2517 608 2552; x_wconf 82' lang='lat' dir='ltr'><strong>personis</strong></span> <span class='ocrx_word' id='word_1_642' title='bbox 630 2516 771 2548; x_wconf 85' lang='lat' dir='ltr'><strong>sileretur,</strong></span> <span class='ocrx_word' id='word_1_643' title='bbox 797 2521 825 2544; x_wconf 91' lang='lat' dir='ltr'><strong>et</strong></span> <span class='ocrx_word' id='word_1_644' title='bbox 842 2516 886 2543; x_wconf 91' lang='lat' dir='ltr'><strong>in-</strong></span> 
     </span>
    </p>
   </div>
   <div class='ocr_carea' id='block_1_99' title="bbox 96 2563 563 2600">
    <p class='ocr_par' dir='ltr' id='par_1_99' title="bbox 96 2563 563 2600">
     <span class='ocr_line' id='line_1_99' title="bbox 96 2563 563 2600; baseline -0.004 -8"><span class='ocrx_word' id='word_1_645' title='bbox 96 2571 175 2600; x_wconf 81' lang='lat' dir='ltr'><strong>tegra</strong></span> <span class='ocrx_word' id='word_1_646' title='bbox 206 2569 300 2592; x_wconf 87' lang='lat' dir='ltr'><strong>essent</strong></span> <span class='ocrx_word' id='word_1_647' title='bbox 321 2563 418 2599; x_wconf 82' lang='lat' dir='ltr'><strong>synodi</strong></span> <span class='ocrx_word' id='word_1_648' title='bbox 450 2568 563 2591; x_wconf 87' lang='lat' dir='ltr'><strong>statuta.</strong></span> 
     </span>
    </p>
   </div>
   <div class='ocr_carea' id='block_1_100' title="bbox 131 2607 886 2641">
    <p class='ocr_par' dir='ltr' id='par_1_100' title="bbox 131 2607 886 2641">
     <span class='ocr_line' id='line_1_100' title="bbox 131 2607 886 2641; baseline -0.005 -3"><span class='ocrx_word' id='word_1_649' title='bbox 131 2609 230 2638; x_wconf 83' lang='lat' dir='ltr'><strong>Cautio</strong></span> <span class='ocrx_word' id='word_1_650' title='bbox 252 2609 439 2637; x_wconf 71' lang='lat' dir='ltr'><strong>Iustinianum</strong></span> <span class='ocrx_word' id='word_1_651' title='bbox 461 2609 596 2641; x_wconf 81' lang='lat' dir='ltr'><strong>offendit,</strong></span> <span class='ocrx_word' id='word_1_652' title='bbox 612 2607 752 2636; x_wconf 87' lang='lat' dir='ltr'><strong>damnatio</strong></span> <span class='ocrx_word' id='word_1_653' title='bbox 788 2608 886 2640; x_wconf 89' lang='lat' dir='ltr'><strong>bonos,</strong></span> 
     </span>
    </p>
   </div>
   <div class='ocr_carea' id='block_1_101' title="bbox 97 2653 888 2692">
    <p class='ocr_par' dir='ltr' id='par_1_101' title="bbox 97 2653 888 2692">
     <span class='ocr_line' id='line_1_101' title="bbox 97 2653 888 2692; baseline -0.005 -8"><span class='ocrx_word' id='word_1_654' title='bbox 97 2661 216 2692; x_wconf 83' lang='lat' dir='ltr'><strong>utraque</strong></span> <span class='ocrx_word' id='word_1_655' title='bbox 233 2656 383 2691; x_wconf 79' lang='lat' dir='ltr'><strong>Augustam</strong></span> <span class='ocrx_word' id='word_1_656' title='bbox 394 2663 426 2683; x_wconf 87' lang='lat' dir='ltr'><strong>ac</strong></span> <span class='ocrx_word' id='word_1_657' title='bbox 441 2655 604 2691; x_wconf 78' lang='lat' dir='ltr'><strong>Acephalos.</strong></span> <span class='ocrx_word' id='word_1_658' title='bbox 629 2654 828 2690; x_wconf 80' lang='lat' dir='ltr'><strong>Indignabatur</strong></span> <span class='ocrx_word' id='word_1_659' title='bbox 841 2653 888 2682; x_wconf 84' lang='lat' dir='ltr'><strong>Ju-</strong></span> 
     </span>
    </p>
   </div>
   <div class='ocr_carea' id='block_1_102' title="bbox 95 2699 887 2736">
    <p class='ocr_par' dir='ltr' id='par_1_102' title="bbox 95 2699 887 2736">
     <span class='ocr_line' id='line_1_102' title="bbox 95 2699 887 2736; baseline -0.006 -6"><span class='ocrx_word' id='word_1_660' title='bbox 95 2702 234 2731; x_wconf 79' lang='lat' dir='ltr'><strong>stinianus</strong></span> <span class='ocrx_word' id='word_1_661' title='bbox 253 2701 384 2734; x_wconf 91' lang='lat' dir='ltr'><strong>edictum,</strong></span> <span class='ocrx_word' id='word_1_662' title='bbox 403 2708 459 2736; x_wconf 89' lang='lat' dir='ltr'><strong>quo</strong></span> <span class='ocrx_word' id='word_1_663' title='bbox 476 2700 659 2731; x_wconf 84' lang='lat' dir='ltr'><strong>invehebatur</strong></span> <span class='ocrx_word' id='word_1_664' title='bbox 675 2700 702 2726; x_wconf 90' lang='lat' dir='ltr'><strong>in</strong></span> <span class='ocrx_word' id='word_1_665' title='bbox 720 2699 800 2734; x_wconf 77' lang='lat'><strong>235</strong></span> <span class='ocrx_word' id='word_1_666' title='bbox 825 2707 887 2734; x_wconf 85' lang='lat' dir='ltr'><strong>per-</strong></span> 
     </span>
    </p>
   </div>
   <div class='ocr_carea' id='block_1_103' title="bbox 97 2745 888 2783">
    <p class='ocr_par' dir='ltr' id='par_1_103' title="bbox 97 2745 888 2783">
     <span class='ocr_line' id='line_1_103' title="bbox 97 2745 888 2783; baseline -0.008 -6"><span class='ocrx_word' id='word_1_667' title='bbox 97 2757 190 2781; x_wconf 79' lang='lat' dir='ltr'><strong>sonas,</strong></span> <span class='ocrx_word' id='word_1_668' title='bbox 222 2747 389 2783; x_wconf 86' lang='lat' dir='ltr'><strong>reprehendi</strong></span> <span class='ocrx_word' id='word_1_669' title='bbox 406 2756 412 2773; x_wconf 92' lang='lat'><strong>:</strong></span> <span class='ocrx_word' id='word_1_670' title='bbox 433 2747 562 2774; x_wconf 86' lang='lat' dir='ltr'><strong>dolebant</strong></span> <span class='ocrx_word' id='word_1_671' title='bbox 589 2746 665 2778; x_wconf 92' lang='lat' dir='ltr'><strong>boni,</strong></span> <span class='ocrx_word' id='word_1_672' title='bbox 682 2745 825 2773; x_wconf 88' lang='lat' dir='ltr'><strong>remissum</strong></span> <span class='ocrx_word' id='word_1_673' title='bbox 839 2745 888 2772; x_wconf 87' lang='lat' dir='ltr'><strong>ali-</strong></span> 
     </span>
    </p>
   </div>
   <div class='ocr_carea' id='block_1_104' title="bbox 937 2278 1730 2317">
    <p class='ocr_par' dir='ltr' id='par_1_104' title="bbox 937 2278 1730 2317">
     <span class='ocr_line' id='line_1_104' title="bbox 937 2278 1730 2317; baseline -0.015 0"><span class='ocrx_word' id='word_1_674' title='bbox 937 2289 1068 2317; x_wconf 87' lang='lat' dir='ltr'><strong>diaconos</strong></span> <span class='ocrx_word' id='word_1_675' title='bbox 1090 2287 1176 2315; x_wconf 89' lang='lat' dir='ltr'><strong>sacris</strong></span> <span class='ocrx_word' id='word_1_676' title='bbox 1201 2283 1390 2314; x_wconf 86' lang='lat' dir='ltr'><strong>interdixerit,</strong></span> <span class='ocrx_word' id='word_1_677' title='bbox 1414 2281 1595 2315; x_wconf 84' lang='lat' dir='ltr'><strong>Mennamque</strong></span> <span class='ocrx_word' id='word_1_678' title='bbox 1614 2283 1643 2306; x_wconf 92' lang='lat' dir='ltr'><strong>et</strong></span> <span class='ocrx_word' id='word_1_679' title='bbox 1660 2278 1730 2306; x_wconf 85' lang='lat' dir='ltr'><strong>alios</strong></span> 
     </span>
    </p>
   </div>
   <div class='ocr_carea' id='block_1_105' title="bbox 936 2324 1729 2368">
    <p class='ocr_par' dir='ltr' id='par_1_105' title="bbox 936 2324 1729 2368">
     <span class='ocr_line' id='line_1_105' title="bbox 936 2324 1729 2368; baseline -0.014 -7"><span class='ocrx_word' id='word_1_680' title='bbox 936 2333 1081 2368; x_wconf 84' lang='lat' dir='ltr'><strong>episcopos</strong></span> <span class='ocrx_word' id='word_1_681' title='bbox 1101 2331 1246 2366; x_wconf 90' lang='lat' dir='ltr'><strong>ipsumque</strong></span> <span class='ocrx_word' id='word_1_682' title='bbox 1267 2327 1442 2356; x_wconf 89' lang='lat' dir='ltr'><strong>Theodorum</strong></span> <span class='ocrx_word' id='word_1_683' title='bbox 1463 2326 1496 2353; x_wconf 87' lang='lat' dir='ltr'><strong>ad</strong></span> <span class='ocrx_word' id='word_1_684' title='bbox 1514 2325 1623 2352; x_wconf 88' lang='lat' dir='ltr'><strong>veniam</strong></span> <span class='ocrx_word' id='word_1_685' title='bbox 1643 2324 1729 2358; x_wconf 75' lang='lat' dir='ltr'><strong>culpa:</strong></span> 
     </span>
    </p>
   </div>
   <div class='ocr_carea' id='block_1_106' title="bbox 936 2369 1730 2411">
    <p class='ocr_par' dir='ltr' id='par_1_106' title="bbox 936 2369 1730 2411">
     <span class='ocr_line' id='line_1_106' title="bbox 936 2369 1730 2411; baseline -0.015 -4"><span class='ocrx_word' id='word_1_686' title='bbox 936 2379 1101 2406; x_wconf 79' lang='lat' dir='ltr'><strong>exorandam</strong></span> <span class='ocrx_word' id='word_1_687' title='bbox 1126 2375 1263 2411; x_wconf 86' lang='lat' dir='ltr'><strong>adegerit;</strong></span> <span class='ocrx_word' id='word_1_688' title='bbox 1287 2373 1353 2408; x_wconf 93' lang='lat' dir='ltr'><strong>quid</strong></span> <span class='ocrx_word' id='word_1_689' title='bbox 1375 2380 1438 2400; x_wconf 91' lang='lat' dir='ltr'><strong>cum</strong></span> <span class='ocrx_word' id='word_1_690' title='bbox 1463 2370 1633 2407; x_wconf 83' lang='lat' dir='ltr'><strong>Illyricianis,</strong></span> <span class='ocrx_word' id='word_1_691' title='bbox 1649 2369 1730 2408; x_wconf 74' lang='lat'><strong>236</strong></span> 
     </span>
    </p>
   </div>
   <div class='ocr_carea' id='block_1_107' title="bbox 937 2415 1731 2457">
    <p class='ocr_par' dir='ltr' id='par_1_107' title="bbox 937 2415 1731 2457">
     <span class='ocr_line' id='line_1_107' title="bbox 937 2415 1731 2457; baseline -0.015 -4"><span class='ocrx_word' id='word_1_692' title='bbox 937 2425 1027 2457; x_wconf 83' lang='lat' dir='ltr'><strong>Afris,</strong></span> <span class='ocrx_word' id='word_1_693' title='bbox 1050 2423 1153 2455; x_wconf 86' lang='lat' dir='ltr'><strong>Gallis,</strong></span> <span class='ocrx_word' id='word_1_694' title='bbox 1174 2420 1354 2449; x_wconf 72' lang='lat' dir='ltr'><strong>oll‘ensionem</strong></span> <span class='ocrx_word' id='word_1_695' title='bbox 1374 2418 1462 2454; x_wconf 88' lang='lat' dir='ltr'><strong>passis</strong></span> <span class='ocrx_word' id='word_1_696' title='bbox 1482 2417 1612 2453; x_wconf 74' lang='lat' dir='ltr'><strong>gesserit;</strong></span> <span class='ocrx_word' id='word_1_697' title='bbox 1630 2415 1731 2450; x_wconf 76' lang='lat' dir='ltr'><strong>quibus</strong></span> 
     </span>
    </p>
   </div>
   <div class='ocr_carea' id='block_1_108' title="bbox 938 2461 1730 2504">
    <p class='ocr_par' dir='ltr' id='par_1_108' title="bbox 938 2461 1730 2504">
     <span class='ocr_line' id='line_1_108' title="bbox 938 2461 1730 2504; baseline -0.014 -6"><span class='ocrx_word' id='word_1_698' title='bbox 938 2470 1085 2498; x_wconf 78' lang='lat' dir='ltr'><strong>Iustiniani</strong></span> <span class='ocrx_word' id='word_1_699' title='bbox 1103 2467 1231 2504; x_wconf 85' lang='lat' dir='ltr'><strong>perjuriis</strong></span> <span class='ocrx_word' id='word_1_700' title='bbox 1250 2466 1347 2493; x_wconf 89' lang='lat' dir='ltr'><strong>illusus</strong></span> <span class='ocrx_word' id='word_1_701' title='bbox 1365 2464 1411 2497; x_wconf 89' lang='lat' dir='ltr'><strong>sit,</strong></span> <span class='ocrx_word' id='word_1_702' title='bbox 1429 2471 1538 2499; x_wconf 85' lang='lat' dir='ltr'><strong>quaque</strong></span> <span class='ocrx_word' id='word_1_703' title='bbox 1561 2461 1645 2490; x_wconf 87' lang='lat' dir='ltr'><strong>animi</strong></span> <span class='ocrx_word' id='word_1_704' title='bbox 1666 2468 1730 2488; x_wconf 87' lang='lat' dir='ltr'><strong>con-</strong></span> 
     </span>
    </p>
   </div>
   <div class='ocr_carea' id='block_1_109' title="bbox 940 2507 1730 2550">
    <p class='ocr_par' dir='ltr' id='par_1_109' title="bbox 940 2507 1730 2550">
     <span class='ocr_line' id='line_1_109' title="bbox 940 2507 1730 2550; baseline -0.015 -6"><span class='ocrx_word' id='word_1_705' title='bbox 940 2517 1050 2548; x_wconf 86' lang='lat' dir='ltr'><strong>stantia,</strong></span> <span class='ocrx_word' id='word_1_706' title='bbox 1065 2519 1161 2550; x_wconf 87' lang='lat' dir='ltr'><strong>etquo</strong></span> <span class='ocrx_word' id='word_1_707' title='bbox 1173 2514 1235 2541; x_wconf 77' lang='lat' dir='ltr'><strong>vitae</strong></span> <span class='ocrx_word' id='word_1_708' title='bbox 1250 2515 1407 2546; x_wconf 83' lang='lat' dir='ltr'><strong>contemptu</strong></span> <span class='ocrx_word' id='word_1_709' title='bbox 1428 2509 1510 2537; x_wconf 88' lang='lat' dir='ltr'><strong>morti</strong></span> <span class='ocrx_word' id='word_1_710' title='bbox 1531 2516 1580 2544; x_wconf 91' lang='lat' dir='ltr'><strong>pro</strong></span> <span class='ocrx_word' id='word_1_711' title='bbox 1599 2507 1730 2542; x_wconf 83' lang='lat' dir='ltr'><strong>religione</strong></span> 
     </span>
    </p>
   </div>
   <div class='ocr_carea' id='block_1_110' title="bbox 941 2553 1730 2594">
    <p class='ocr_par' dir='ltr' id='par_1_110' title="bbox 941 2553 1730 2594">
     <span class='ocr_line' id='line_1_110' title="bbox 941 2553 1730 2594; baseline -0.015 -4"><span class='ocrx_word' id='word_1_712' title='bbox 941 2570 970 2590; x_wconf 87' lang='lat' dir='ltr'><strong>se</strong></span> <span class='ocrx_word' id='word_1_713' title='bbox 990 2560 1138 2592; x_wconf 86' lang='lat' dir='ltr'><strong>obtulerit;</strong></span> <span class='ocrx_word' id='word_1_714' title='bbox 1161 2566 1241 2594; x_wconf 82' lang='lat' dir='ltr'><strong>quam</strong></span> <span class='ocrx_word' id='word_1_715' title='bbox 1261 2558 1386 2584; x_wconf 87' lang='lat' dir='ltr'><strong>luctuosa</strong></span> <span class='ocrx_word' id='word_1_716' title='bbox 1404 2555 1524 2590; x_wconf 88' lang='lat' dir='ltr'><strong>denique</strong></span> <span class='ocrx_word' id='word_1_717' title='bbox 1541 2553 1624 2580; x_wconf 89' lang='lat' dir='ltr'><strong>fuerit</strong></span> <span class='ocrx_word' id='word_1_718' title='bbox 1644 2559 1730 2579; x_wconf 82' lang='lat' dir='ltr'><strong>anno-</strong></span> 
     </span>
    </p>
   </div>
   <div class='ocr_carea' id='block_1_111' title="bbox 941 2597 1728 2642">
    <p class='ocr_par' dir='ltr' id='par_1_111' title="bbox 941 2597 1728 2642">
     <span class='ocr_line' id='line_1_111' title="bbox 941 2597 1728 2642; baseline -0.014 -8"><span class='ocrx_word' id='word_1_719' title='bbox 941 2615 1002 2634; x_wconf 91' lang='lat' dir='ltr'><strong>rum</strong></span> <span class='ocrx_word' id='word_1_720' title='bbox 1016 2611 1134 2642; x_wconf 89' lang='lat' dir='ltr'><strong>quatuor</strong></span> <span class='ocrx_word' id='word_1_721' title='bbox 1147 2604 1263 2632; x_wconf 89' lang='lat' dir='ltr'><strong>historia</strong></span> <span class='ocrx_word' id='word_1_722' title='bbox 1278 2612 1285 2629; x_wconf 91' lang='lat'><strong>:</strong></span> <span class='ocrx_word' id='word_1_723' title='bbox 1298 2607 1391 2630; x_wconf 87' lang='lat' dir='ltr'><strong>narrat</strong></span> <span class='ocrx_word' id='word_1_724' title='bbox 1408 2602 1465 2636; x_wconf 92' lang='lat' dir='ltr'><strong>ipse</strong></span> <span class='ocrx_word' id='word_1_725' title='bbox 1481 2599 1603 2636; x_wconf 83' lang='lat' dir='ltr'><strong>pontifex</strong></span> <span class='ocrx_word' id='word_1_726' title='bbox 1616 2598 1643 2625; x_wconf 93' lang='lat' dir='ltr'><strong>in</strong></span> <span class='ocrx_word' id='word_1_727' title='bbox 1658 2597 1728 2624; x_wconf 87' lang='lat' dir='ltr'><strong>litte-</strong></span> 
     </span>
    </p>
   </div>
   <div class='ocr_carea' id='block_1_112' title="bbox 941 2647 1726 2687">
    <p class='ocr_par' dir='ltr' id='par_1_112' title="bbox 941 2647 1726 2687">
     <span class='ocr_line' id='line_1_112' title="bbox 941 2647 1726 2687; baseline -0.013 -7"><span class='ocrx_word' id='word_1_728' title='bbox 941 2653 988 2685; x_wconf 89' lang='lat' dir='ltr'><strong>ris,</strong></span> <span class='ocrx_word' id='word_1_729' title='bbox 1005 2652 1106 2687; x_wconf 88' lang='lat' dir='ltr'><strong>quibus</strong></span> <span class='ocrx_word' id='word_1_730' title='bbox 1124 2649 1221 2686; x_wconf 88' lang='lat' dir='ltr'><strong>partim</strong></span> <span class='ocrx_word' id='word_1_731' title='bbox 1241 2647 1415 2676; x_wconf 88' lang='lat' dir='ltr'><strong>Tbeodorum</strong></span> <span class='ocrx_word' id='word_1_732' title='bbox 1428 2647 1612 2680; x_wconf 87' lang='lat' dir='ltr'><strong>diaconosque</strong></span> <span class='ocrx_word' id='word_1_733' title='bbox 1623 2650 1726 2671; x_wconf 84' lang='lat' dir='ltr'><strong>excom-</strong></span> 
     </span>
    </p>
   </div>
   <div class='ocr_carea' id='block_1_113' title="bbox 942 2688 1730 2731">
    <p class='ocr_par' dir='ltr' id='par_1_113' title="bbox 942 2688 1730 2731">
     <span class='ocr_line' id='line_1_113' title="bbox 942 2688 1730 2731; baseline -0.011 -6"><span class='ocrx_word' id='word_1_734' title='bbox 942 2697 1079 2729; x_wconf 83' lang='lat' dir='ltr'><strong>Inunicat,</strong></span> <span class='ocrx_word' id='word_1_735' title='bbox 1110 2696 1220 2731; x_wconf 88' lang='lat' dir='ltr'><strong>partim,</strong></span> <span class='ocrx_word' id='word_1_736' title='bbox 1241 2692 1424 2721; x_wconf 88' lang='lat' dir='ltr'><strong>communiter</strong></span> <span class='ocrx_word' id='word_1_737' title='bbox 1444 2691 1606 2721; x_wconf 81' lang='lat' dir='ltr'><strong>Ecclesiam,</strong></span> <span class='ocrx_word' id='word_1_738' title='bbox 1628 2688 1730 2716; x_wconf 79' lang='lat' dir='ltr'><strong>amicos</strong></span> 
     </span>
    </p>
   </div>
   <div class='ocr_carea' id='block_1_114' title="bbox 941 2735 1730 2779">
    <p class='ocr_par' dir='ltr' id='par_1_114' title="bbox 941 2735 1730 2779">
     <span class='ocr_line' id='line_1_114' title="bbox 941 2735 1730 2779; baseline -0.013 -8"><span class='ocrx_word' id='word_1_739' title='bbox 941 2744 1081 2779; x_wconf 87' lang='lat' dir='ltr'><strong>privatim,</strong></span> <span class='ocrx_word' id='word_1_740' title='bbox 1099 2743 1133 2770; x_wconf 88' lang='lat' dir='ltr'><strong>de</strong></span> <span class='ocrx_word' id='word_1_741' title='bbox 1151 2741 1207 2769; x_wconf 88' lang='lat' dir='ltr'><strong>suis</strong></span> <span class='ocrx_word' id='word_1_742' title='bbox 1226 2740 1308 2768; x_wconf 85' lang='lat' dir='ltr'><strong>rebus</strong></span> <span class='ocrx_word' id='word_1_743' title='bbox 1323 2739 1413 2767; x_wconf 88' lang='lat' dir='ltr'><strong>docet.</strong></span> <span class='ocrx_word' id='word_1_744' title='bbox 1432 2738 1550 2766; x_wconf 81' lang='lat' dir='ltr'><strong>Narrant</strong></span> <span class='ocrx_word' id='word_1_745' title='bbox 1569 2736 1652 2764; x_wconf 89' lang='lat' dir='ltr'><strong>etiant</strong></span> <span class='ocrx_word' id='word_1_746' title='bbox 1673 2735 1730 2761; x_wconf 86' lang='lat' dir='ltr'><strong>cle-</strong></span> 
     </span>
    </p>
   </div>
   <div class='ocr_carea' id='block_1_115' title="bbox 786 2811 1082 2840">
    <p class='ocr_par' dir='ltr' id='par_1_115' title="bbox 786 2811 1082 2840">
     <span class='ocr_line' id='line_1_115' title="bbox 786 2811 1082 2840; baseline -0.007 0"><span class='ocrx_word' id='word_1_747' title='bbox 786 2812 948 2840; x_wconf 64' lang='lat' dir='ltr'><strong>SCIIUIJSI</strong></span> <span class='ocrx_word' id='word_1_748' title='bbox 969 2811 1082 2839; x_wconf 64' lang='lat' dir='ltr'><strong>NOTA&#39;I.</strong></span> 
     </span>
    </p>
   </div>
   <div class='ocr_carea' id='block_1_116' title="bbox 135 2850 1727 2897">
    <p class='ocr_par' dir='ltr' id='par_1_116' title="bbox 135 2850 1727 2897">
     <span class='ocr_line' id='line_1_116' title="bbox 135 2850 1727 2897; baseline -0.01 -6"><span class='ocrx_word' id='word_1_749' title='bbox 135 2865 156 2879; x_wconf 77' lang='lat'>“</span> <span class='ocrx_word' id='word_1_750' title='bbox 170 2865 199 2891; x_wconf 87' lang='lat' dir='ltr'><strong>In</strong></span> <span class='ocrx_word' id='word_1_751' title='bbox 217 2864 264 2890; x_wconf 82' lang='lat' dir='ltr'><strong>lib.</strong></span> <span class='ocrx_word' id='word_1_752' title='bbox 282 2863 322 2890; x_wconf 76' lang='lat' dir='ltr'><strong>Ad</strong></span> <span class='ocrx_word' id='word_1_753' title='bbox 335 2863 448 2891; x_wconf 75' lang='grc' dir='ltr'><em>Μοεὶαη.</em></span> <span class='ocrx_word' id='word_1_754' title='bbox 489 2864 511 2880; x_wconf 68' lang='grc'><strong>’³</strong></span> <span class='ocrx_word' id='word_1_755' title='bbox 529 2863 626 2891; x_wconf 77' lang='lat' dir='ltr'><strong>Paucis</strong></span> <span class='ocrx_word' id='word_1_756' title='bbox 646 2869 676 2890; x_wconf 87' lang='lat' dir='ltr'><strong>ea</strong></span> <span class='ocrx_word' id='word_1_757' title='bbox 710 2861 868 2897; x_wconf 83' lang='lat' dir='ltr'><strong>complexus</strong></span> <span class='ocrx_word' id='word_1_758' title='bbox 886 2865 927 2888; x_wconf 86' lang='lat' dir='ltr'><strong>cst</strong></span> <span class='ocrx_word' id='word_1_759' title='bbox 947 2859 1106 2892; x_wconf 85' lang='lat' dir='ltr'><strong>Garnerius,</strong></span> <span class='ocrx_word' id='word_1_760' title='bbox 1131 2865 1190 2893; x_wconf 82' lang='lat' dir='ltr'><strong>qme</strong></span> <span class='ocrx_word' id='word_1_761' title='bbox 1216 2855 1376 2884; x_wconf 78' lang='lat' dir='ltr'><strong>memoriam</strong></span> <span class='ocrx_word' id='word_1_762' title='bbox 1405 2852 1496 2888; x_wconf 78' lang='lat' dir='ltr'><strong>Vigilii</strong></span> <span class='ocrx_word' id='word_1_763' title='bbox 1507 2851 1577 2879; x_wconf 85' lang='lat' dir='ltr'><strong>male</strong></span> <span class='ocrx_word' id='word_1_764' title='bbox 1591 2850 1624 2878; x_wconf 84' lang='lat' dir='ltr'><strong>ad</strong></span> <span class='ocrx_word' id='word_1_765' title='bbox 1638 2853 1727 2885; x_wconf 79' lang='lat' dir='ltr'><strong>poste-</strong></span> 
     </span>
    </p>
   </div>
   <div class='ocr_carea' id='block_1_117' title="bbox 99 2898 395 2929">
    <p class='ocr_par' dir='ltr' id='par_1_117' title="bbox 99 2898 395 2929">
     <span class='ocr_line' id='line_1_117' title="bbox 99 2898 395 2929; baseline -0.01 0"><span class='ocrx_word' id='word_1_766' title='bbox 99 2907 145 2929; x_wconf 83' lang='lat' dir='ltr'><strong>ros</strong></span> <span class='ocrx_word' id='word_1_767' title='bbox 158 2898 395 2927; x_wconf 83' lang='lat' dir='ltr'><strong>commendarunt.</strong></span> 
     </span>
    </p>
   </div>
  </div>
