  <div class='ocr_page' id='page_1' title='image "/cluster/home/n/w/nwhite01/storage/ocr_20150623/84/njp.32101010943783/099.png"; bbox 0 0 1967 3047; ppageno 0'>
   <div class='ocr_carea' id='block_1_1' title="bbox 239 176 288 210">
    <p class='ocr_par' dir='ltr' id='par_1_1' title="bbox 239 176 288 210">
     <span class='ocr_line' id='line_1_1' title="bbox 239 176 288 210; baseline -0.041 0"><span class='ocrx_word' id='word_1_1' title='bbox 239 176 288 210; x_wconf 72' lang='lat'><strong>187</strong></span> 
     </span>
    </p>
   </div>
   <div class='ocr_carea' id='block_1_2' title="bbox 798 172 1298 206">
    <p class='ocr_par' dir='ltr' id='par_1_2' title="bbox 798 172 1298 206">
     <span class='ocr_line' id='line_1_2' title="bbox 798 172 1298 206; baseline -0.01 0"><span class='ocrx_word' id='word_1_2' title='bbox 798 173 986 206; x_wconf 77' lang='lat' dir='ltr'><strong>GARNERII</strong></span> <span class='ocrx_word' id='word_1_3' title='bbox 1008 173 1252 206; x_wconf 79' lang='lat' dir='ltr'><strong>DISSERTATIO</strong></span> <span class='ocrx_word' id='word_1_4' title='bbox 1273 172 1298 201; x_wconf 87' lang='grc' dir='ltr'><strong>Ι.</strong></span> 
     </span>
    </p>
   </div>
   <div class='ocr_carea' id='block_1_3' title="bbox 1818 173 1869 205">
    <p class='ocr_par' dir='ltr' id='par_1_3' title="bbox 1818 173 1869 205">
     <span class='ocr_line' id='line_1_3' title="bbox 1818 173 1869 205; baseline -0.039 0"><span class='ocrx_word' id='word_1_5' title='bbox 1818 173 1869 205; x_wconf 63' lang='grc'><strong>188</strong></span> 
     </span>
    </p>
   </div>
   <div class='ocr_carea' id='block_1_4' title="bbox 237 220 1869 265">
    <p class='ocr_par' dir='ltr' id='par_1_4' title="bbox 237 220 1869 265">
     <span class='ocr_line' id='line_1_4' title="bbox 237 220 1869 265; baseline -0.01 -5"><span class='ocrx_word' id='word_1_6' title='bbox 237 232 287 260; x_wconf 91' lang='lat' dir='ltr'><strong>rici</strong></span> <span class='ocrx_word' id='word_1_7' title='bbox 315 231 415 262; x_wconf 67' lang='lat' dir='ltr'><strong>Italiae.</strong></span> <span class='ocrx_word' id='word_1_8' title='bbox 441 230 541 258; x_wconf 94' lang='lat' dir='ltr'><strong>libellis</strong></span> <span class='ocrx_word' id='word_1_9' title='bbox 567 229 605 256; x_wconf 82' lang='lat' dir='ltr'><strong>ad</strong></span> <span class='ocrx_word' id='word_1_10' title='bbox 629 229 733 264; x_wconf 79' lang='lat' dir='ltr'><strong>legatos</strong></span> <span class='ocrx_word' id='word_1_11' title='bbox 760 228 929 256; x_wconf 86' lang='lat' dir='ltr'><strong>Childeberti</strong></span> <span class='ocrx_word' id='word_1_12' title='bbox 956 230 1028 265; x_wconf 77' lang='lat' dir='ltr'><strong>regis</strong></span> <span class='ocrx_word' id='word_1_13' title='bbox 1043 233 1063 260; x_wconf 71' lang='grc' dir='ltr'><strong>Α</strong></span> <span class='ocrx_word' id='word_1_14' title='bbox 1077 228 1150 255; x_wconf 89' lang='lat' dir='ltr'><strong>enim</strong></span> <span class='ocrx_word' id='word_1_15' title='bbox 1169 234 1231 261; x_wconf 86' lang='lat' dir='ltr'><strong>pars</strong></span> <span class='ocrx_word' id='word_1_16' title='bbox 1247 232 1343 260; x_wconf 73' lang='lat' dir='ltr'><strong>magna</strong></span> <span class='ocrx_word' id='word_1_17' title='bbox 1357 222 1521 250; x_wconf 79' lang='lat' dir='ltr'><strong>miserabilis</strong></span> <span class='ocrx_word' id='word_1_18' title='bbox 1539 224 1701 253; x_wconf 87' lang='lat' dir='ltr'><strong>conventus,</strong></span> <span class='ocrx_word' id='word_1_19' title='bbox 1716 220 1763 254; x_wconf 85' lang='lat' dir='ltr'><strong>qui</strong></span> <span class='ocrx_word' id='word_1_20' title='bbox 1781 220 1869 247; x_wconf 77' lang='lat' dir='ltr'><strong>domi-</strong></span> 
     </span>
    </p>
   </div>
   <div class='ocr_carea' id='block_1_5' title="bbox 239 277 501 306">
    <p class='ocr_par' dir='ltr' id='par_1_5' title="bbox 239 277 501 306">
     <span class='ocr_line' id='line_1_5' title="bbox 239 277 501 306; baseline -0.011 0"><span class='ocrx_word' id='word_1_21' title='bbox 239 279 405 306; x_wconf 79' lang='lat' dir='ltr'><strong>Francorum</strong></span> <span class='ocrx_word' id='word_1_22' title='bbox 420 277 501 304; x_wconf 84' lang='lat' dir='ltr'><strong>datis.</strong></span> 
     </span>
    </p>
   </div>
   <div class='ocr_carea' id='block_1_6' title="bbox 275 320 1029 355">
    <p class='ocr_par' dir='ltr' id='par_1_6' title="bbox 275 320 1029 355">
     <span class='ocr_line' id='line_1_6' title="bbox 275 320 1029 355; baseline -0.003 -5"><span class='ocrx_word' id='word_1_23' title='bbox 275 322 319 350; x_wconf 85' lang='lat' dir='ltr'><strong>IV.</strong></span> <span class='ocrx_word' id='word_1_24' title='bbox 336 323 414 350; x_wconf 85' lang='lat' dir='ltr'><strong>llisce</strong></span> <span class='ocrx_word' id='word_1_25' title='bbox 429 321 529 349; x_wconf 89' lang='lat' dir='ltr'><strong>litteris</strong></span> <span class='ocrx_word' id='word_1_26' title='bbox 539 320 694 354; x_wconf 86' lang='lat' dir='ltr'><strong>libellisque</strong></span> <span class='ocrx_word' id='word_1_27' title='bbox 712 324 830 352; x_wconf 88' lang='lat' dir='ltr'><strong>constat,</strong></span> <span class='ocrx_word' id='word_1_28' title='bbox 845 320 880 347; x_wconf 90' lang='lat' dir='ltr'><strong>ab</strong></span> <span class='ocrx_word' id='word_1_29' title='bbox 891 320 1029 355; x_wconf 85' lang='lat' dir='ltr'><strong>episcopis</strong></span> 
     </span>
    </p>
   </div>
   <div class='ocr_carea' id='block_1_7' title="bbox 239 366 1029 405">
    <p class='ocr_par' dir='ltr' id='par_1_7' title="bbox 239 366 1029 405">
     <span class='ocr_line' id='line_1_7' title="bbox 239 366 1029 405; baseline -0.004 -9"><span class='ocrx_word' id='word_1_30' title='bbox 239 370 349 405; x_wconf 88' lang='lat' dir='ltr'><strong>lllyrici,</strong></span> <span class='ocrx_word' id='word_1_31' title='bbox 364 368 513 396; x_wconf 78' lang='lat' dir='ltr'><strong>Galliarum</strong></span> <span class='ocrx_word' id='word_1_32' title='bbox 536 371 565 393; x_wconf 90' lang='lat' dir='ltr'><strong>et</strong></span> <span class='ocrx_word' id='word_1_33' title='bbox 581 366 679 394; x_wconf 59' lang='lat' dir='ltr'><strong>Africae</strong></span> <span class='ocrx_word' id='word_1_34' title='bbox 695 366 814 401; x_wconf 86' lang='lat' dir='ltr'><strong>synodos</strong></span> <span class='ocrx_word' id='word_1_35' title='bbox 830 366 982 394; x_wconf 85' lang='lat' dir='ltr'><strong>celebratas</strong></span> <span class='ocrx_word' id='word_1_36' title='bbox 1001 366 1029 393; x_wconf 90' lang='lat' dir='ltr'><strong>in</strong></span> 
     </span>
    </p>
   </div>
   <div class='ocr_carea' id='block_1_8' title="bbox 240 412 1029 448">
    <p class='ocr_par' dir='ltr' id='par_1_8' title="bbox 240 412 1029 448">
     <span class='ocr_line' id='line_1_8' title="bbox 240 412 1029 448; baseline -0.006 -5"><span class='ocrx_word' id='word_1_37' title='bbox 240 423 320 443; x_wconf 84' lang='lat' dir='ltr'><strong>causa</strong></span> <span class='ocrx_word' id='word_1_38' title='bbox 343 415 426 441; x_wconf 89' lang='lat' dir='ltr'><strong>trium</strong></span> <span class='ocrx_word' id='word_1_39' title='bbox 451 414 590 448; x_wconf 89' lang='lat' dir='ltr'><strong>capitum;</strong></span> <span class='ocrx_word' id='word_1_40' title='bbox 616 413 663 440; x_wconf 86' lang='lat' dir='ltr'><strong>sed</strong></span> <span class='ocrx_word' id='word_1_41' title='bbox 689 413 716 440; x_wconf 93' lang='lat' dir='ltr'><strong>in</strong></span> <span class='ocrx_word' id='word_1_42' title='bbox 737 413 772 440; x_wconf 89' lang='lat' dir='ltr'><strong>iis</strong></span> <span class='ocrx_word' id='word_1_43' title='bbox 795 412 917 440; x_wconf 87' lang='lat' dir='ltr'><strong>modeste</strong></span> <span class='ocrx_word' id='word_1_44' title='bbox 941 412 1029 446; x_wconf 80' lang='lat' dir='ltr'><strong>egisse</strong></span> 
     </span>
    </p>
   </div>
   <div class='ocr_carea' id='block_1_9' title="bbox 239 458 1028 494">
    <p class='ocr_par' dir='ltr' id='par_1_9' title="bbox 239 458 1028 494">
     <span class='ocr_line' id='line_1_9' title="bbox 239 458 1028 494; baseline -0.005 -6"><span class='ocrx_word' id='word_1_45' title='bbox 239 460 340 491; x_wconf 81' lang='lat' dir='ltr'><strong>Gallos,</strong></span> <span class='ocrx_word' id='word_1_46' title='bbox 360 459 520 487; x_wconf 85' lang='lat' dir='ltr'><strong>iracundius</strong></span> <span class='ocrx_word' id='word_1_47' title='bbox 541 459 657 494; x_wconf 85' lang='lat' dir='ltr'><strong>lllyrios,</strong></span> <span class='ocrx_word' id='word_1_48' title='bbox 670 458 750 485; x_wconf 90' lang='lat' dir='ltr'><strong>Afros</strong></span> <span class='ocrx_word' id='word_1_49' title='bbox 765 466 814 492; x_wconf 90' lang='lat' dir='ltr'><strong>pro</strong></span> <span class='ocrx_word' id='word_1_50' title='bbox 833 459 913 493; x_wconf 76' lang='lat' dir='ltr'><strong>genio</strong></span> <span class='ocrx_word' id='word_1_51' title='bbox 929 458 1028 493; x_wconf 75' lang='lat' dir='ltr'><strong>gentis.</strong></span> 
     </span>
    </p>
   </div>
   <div class='ocr_carea' id='block_1_10' title="bbox 239 502 1031 540">
    <p class='ocr_par' dir='ltr' id='par_1_10' title="bbox 239 502 1031 540">
     <span class='ocr_line' id='line_1_10' title="bbox 239 502 1031 540; baseline -0.005 -7"><span class='ocrx_word' id='word_1_52' title='bbox 239 505 416 534; x_wconf 87' lang='lat' dir='ltr'><strong>Stomachum</strong></span> <span class='ocrx_word' id='word_1_53' title='bbox 439 505 538 540; x_wconf 88' lang='lat' dir='ltr'><strong>Illyriis</strong></span> <span class='ocrx_word' id='word_1_54' title='bbox 560 505 656 536; x_wconf 89' lang='lat' dir='ltr'><strong>movit,</strong></span> <span class='ocrx_word' id='word_1_55' title='bbox 674 503 748 539; x_wconf 87' lang='lat' dir='ltr'><strong>quod</strong></span> <span class='ocrx_word' id='word_1_56' title='bbox 769 511 832 530; x_wconf 86' lang='lat' dir='ltr'><strong>suas</strong></span> <span class='ocrx_word' id='word_1_57' title='bbox 848 511 944 537; x_wconf 78' lang='lat' dir='ltr'><strong>preces</strong></span> <span class='ocrx_word' id='word_1_58' title='bbox 959 502 1031 537; x_wconf 81' lang='lat' dir='ltr'><strong>Vigi—</strong></span> 
     </span>
    </p>
   </div>
   <div class='ocr_carea' id='block_1_11' title="bbox 239 548 1032 586">
    <p class='ocr_par' dir='ltr' id='par_1_11' title="bbox 239 548 1032 586">
     <span class='ocr_line' id='line_1_11' title="bbox 239 548 1032 586; baseline -0.004 -8"><span class='ocrx_word' id='word_1_59' title='bbox 239 551 293 578; x_wconf 89' lang='lat' dir='ltr'><strong>lius</strong></span> <span class='ocrx_word' id='word_1_60' title='bbox 313 551 437 586; x_wconf 88' lang='lat' dir='ltr'><strong>factaque</strong></span> <span class='ocrx_word' id='word_1_61' title='bbox 449 551 625 586; x_wconf 81' lang='lat' dir='ltr'><strong>precantibus</strong></span> <span class='ocrx_word' id='word_1_62' title='bbox 648 549 782 584; x_wconf 88' lang='lat' dir='ltr'><strong>promissa</strong></span> <span class='ocrx_word' id='word_1_63' title='bbox 802 549 938 583; x_wconf 80' lang='lat' dir='ltr'><strong>sprevisse</strong></span> <span class='ocrx_word' id='word_1_64' title='bbox 956 548 1032 575; x_wconf 86' lang='lat' dir='ltr'><strong>vide-</strong></span> 
     </span>
    </p>
   </div>
   <div class='ocr_carea' id='block_1_12' title="bbox 239 593 1032 624">
    <p class='ocr_par' dir='ltr' id='par_1_12' title="bbox 239 593 1032 624">
     <span class='ocr_line' id='line_1_12' title="bbox 239 593 1032 624; baseline -0.005 0"><span class='ocrx_word' id='word_1_65' title='bbox 239 602 317 624; x_wconf 80' lang='lat' dir='ltr'><strong>retur</strong></span> <span class='ocrx_word' id='word_1_66' title='bbox 334 606 340 623; x_wconf 92' lang='lat'><strong>:</strong></span> <span class='ocrx_word' id='word_1_67' title='bbox 355 596 434 624; x_wconf 77' lang='lat' dir='ltr'><strong>Afros</strong></span> <span class='ocrx_word' id='word_1_68' title='bbox 446 601 543 623; x_wconf 89' lang='lat' dir='ltr'><strong>natura</strong></span> <span class='ocrx_word' id='word_1_69' title='bbox 557 595 680 623; x_wconf 80' lang='lat' dir='ltr'><strong>fervidos</strong></span> <span class='ocrx_word' id='word_1_70' title='bbox 690 595 817 623; x_wconf 77' lang='lat' dir='ltr'><strong>accendit</strong></span> <span class='ocrx_word' id='word_1_71' title='bbox 831 593 950 622; x_wconf 81' lang='lat' dir='ltr'><strong>Facundi</strong></span> <span class='ocrx_word' id='word_1_72' title='bbox 965 594 1032 621; x_wconf 89' lang='lat' dir='ltr'><strong>alio-</strong></span> 
     </span>
    </p>
   </div>
   <div class='ocr_carea' id='block_1_13' title="bbox 239 640 1033 678">
    <p class='ocr_par' dir='ltr' id='par_1_13' title="bbox 239 640 1033 678">
     <span class='ocr_line' id='line_1_13' title="bbox 239 640 1033 678; baseline -0.004 -8"><span class='ocrx_word' id='word_1_73' title='bbox 239 651 357 678; x_wconf 89' lang='lat' dir='ltr'><strong>rumque</strong></span> <span class='ocrx_word' id='word_1_74' title='bbox 381 643 487 674; x_wconf 88' lang='lat' dir='ltr'><strong>relatio,</strong></span> <span class='ocrx_word' id='word_1_75' title='bbox 514 650 569 669; x_wconf 93' lang='lat' dir='ltr'><strong>non</strong></span> <span class='ocrx_word' id='word_1_76' title='bbox 593 642 708 676; x_wconf 77' lang='lat' dir='ltr'><strong>simplex</strong></span> <span class='ocrx_word' id='word_1_77' title='bbox 732 645 761 668; x_wconf 87' lang='lat' dir='ltr'><strong>et</strong></span> <span class='ocrx_word' id='word_1_78' title='bbox 781 641 899 672; x_wconf 88' lang='lat' dir='ltr'><strong>sincera,</strong></span> <span class='ocrx_word' id='word_1_79' title='bbox 921 640 980 672; x_wconf 85' lang='lat' dir='ltr'><strong>sed,</strong></span> <span class='ocrx_word' id='word_1_80' title='bbox 1003 644 1033 667; x_wconf 88' lang='lat' dir='ltr'><strong>ut</strong></span> 
     </span>
    </p>
   </div>
   <div class='ocr_carea' id='block_1_14' title="bbox 239 685 1033 720">
    <p class='ocr_par' dir='ltr' id='par_1_14' title="bbox 239 685 1033 720">
     <span class='ocr_line' id='line_1_14' title="bbox 239 685 1033 720; baseline -0.006 -6"><span class='ocrx_word' id='word_1_81' title='bbox 239 688 311 715; x_wconf 82' lang='lat' dir='ltr'><strong>solet</strong></span> <span class='ocrx_word' id='word_1_82' title='bbox 328 688 362 714; x_wconf 94' lang='lat' dir='ltr'><strong>ab</strong></span> <span class='ocrx_word' id='word_1_83' title='bbox 377 687 463 719; x_wconf 85' lang='lat' dir='ltr'><strong>iratis,</strong></span> <span class='ocrx_word' id='word_1_84' title='bbox 480 687 642 714; x_wconf 84' lang='lat' dir='ltr'><strong>invidiosius</strong></span> <span class='ocrx_word' id='word_1_85' title='bbox 660 686 764 720; x_wconf 91' lang='lat' dir='ltr'><strong>scripta</strong></span> <span class='ocrx_word' id='word_1_86' title='bbox 782 694 788 711; x_wconf 93' lang='lat'><strong>:</strong></span> <span class='ocrx_word' id='word_1_87' title='bbox 805 685 942 712; x_wconf 87' lang='lat' dir='ltr'><strong>Gallorum</strong></span> <span class='ocrx_word' id='word_1_88' title='bbox 962 689 1033 711; x_wconf 87' lang='lat' dir='ltr'><strong>tem-</strong></span> 
     </span>
    </p>
   </div>
   <div class='ocr_carea' id='block_1_15' title="bbox 241 730 1034 768">
    <p class='ocr_par' dir='ltr' id='par_1_15' title="bbox 241 730 1034 768">
     <span class='ocr_line' id='line_1_15' title="bbox 241 730 1034 768; baseline -0.008 -7"><span class='ocrx_word' id='word_1_89' title='bbox 241 734 365 768; x_wconf 75' lang='lat' dir='ltr'><strong>perantia</strong></span> <span class='ocrx_word' id='word_1_90' title='bbox 380 741 412 761; x_wconf 72' lang='grc' dir='ltr'><strong>εκ</strong></span> <span class='ocrx_word' id='word_1_91' title='bbox 425 741 459 760; x_wconf 91' lang='lat' dir='ltr'><strong>eo</strong></span> <span class='ocrx_word' id='word_1_92' title='bbox 472 733 571 764; x_wconf 88' lang='lat' dir='ltr'><strong>elucet,</strong></span> <span class='ocrx_word' id='word_1_93' title='bbox 587 732 659 767; x_wconf 87' lang='lat' dir='ltr'><strong>quod</strong></span> <span class='ocrx_word' id='word_1_94' title='bbox 677 732 711 758; x_wconf 85' lang='lat' dir='ltr'><strong>de</strong></span> <span class='ocrx_word' id='word_1_95' title='bbox 727 731 793 766; x_wconf 85' lang='lat' dir='ltr'><strong>ipsis</strong></span> <span class='ocrx_word' id='word_1_96' title='bbox 807 731 926 765; x_wconf 87' lang='lat' dir='ltr'><strong>capitum</strong></span> <span class='ocrx_word' id='word_1_97' title='bbox 940 730 1034 756; x_wconf 83' lang='lat' dir='ltr'><strong>defen-</strong></span> 
     </span>
    </p>
   </div>
   <div class='ocr_carea' id='block_1_16' title="bbox 242 775 1033 812">
    <p class='ocr_par' dir='ltr' id='par_1_16' title="bbox 242 775 1033 812">
     <span class='ocr_line' id='line_1_16' title="bbox 242 775 1033 812; baseline -0.003 -9"><span class='ocrx_word' id='word_1_98' title='bbox 242 785 319 805; x_wconf 84' lang='lat' dir='ltr'><strong>sores</strong></span> <span class='ocrx_word' id='word_1_99' title='bbox 334 778 402 805; x_wconf 89' lang='lat' dir='ltr'><strong>nihil</strong></span> <span class='ocrx_word' id='word_1_100' title='bbox 424 778 563 804; x_wconf 65' lang='lat' dir='ltr'><strong>memoriae</strong></span> <span class='ocrx_word' id='word_1_101' title='bbox 584 776 768 812; x_wconf 77' lang='lat' dir='ltr'><strong>prodiderint,</strong></span> <span class='ocrx_word' id='word_1_102' title='bbox 785 775 919 810; x_wconf 88' lang='lat' dir='ltr'><strong>prodituri</strong></span> <span class='ocrx_word' id='word_1_103' title='bbox 938 776 1033 810; x_wconf 87' lang='lat' dir='ltr'><strong>procul</strong></span> 
     </span>
    </p>
   </div>
   <div class='ocr_carea' id='block_1_17' title="bbox 243 823 821 858">
    <p class='ocr_par' dir='ltr' id='par_1_17' title="bbox 243 823 821 858">
     <span class='ocr_line' id='line_1_17' title="bbox 243 823 821 858; baseline -0.005 -7"><span class='ocrx_word' id='word_1_104' title='bbox 243 823 337 855; x_wconf 88' lang='lat' dir='ltr'><strong>dubio,</strong></span> <span class='ocrx_word' id='word_1_105' title='bbox 350 823 372 850; x_wconf 89' lang='lat' dir='ltr'><strong>si</strong></span> <span class='ocrx_word' id='word_1_106' title='bbox 390 823 455 858; x_wconf 91' lang='lat' dir='ltr'><strong>quid</strong></span> <span class='ocrx_word' id='word_1_107' title='bbox 475 823 602 851; x_wconf 88' lang='lat' dir='ltr'><strong>acerbius</strong></span> <span class='ocrx_word' id='word_1_108' title='bbox 617 827 723 858; x_wconf 81' lang='lat' dir='ltr'><strong>gestum</strong></span> <span class='ocrx_word' id='word_1_109' title='bbox 739 826 821 848; x_wconf 85' lang='lat' dir='ltr'><strong>esset.</strong></span> 
     </span>
    </p>
   </div>
   <div class='ocr_carea' id='block_1_18' title="bbox 278 867 1032 904">
    <p class='ocr_par' dir='ltr' id='par_1_18' title="bbox 278 867 1032 904">
     <span class='ocr_line' id='line_1_18' title="bbox 278 867 1032 904; baseline -0.005 -8"><span class='ocrx_word' id='word_1_110' title='bbox 278 870 316 896; x_wconf 92' lang='lat' dir='ltr'><strong>De</strong></span> <span class='ocrx_word' id='word_1_111' title='bbox 341 869 489 896; x_wconf 81' lang='lat' dir='ltr'><strong>Galliarum</strong></span> <span class='ocrx_word' id='word_1_112' title='bbox 515 869 619 904; x_wconf 80' lang='lat' dir='ltr'><strong>synodo</strong></span> <span class='ocrx_word' id='word_1_113' title='bbox 639 869 720 895; x_wconf 82' lang='lat' dir='ltr'><strong>silent</strong></span> <span class='ocrx_word' id='word_1_114' title='bbox 742 867 874 902; x_wconf 83' lang='lat' dir='ltr'><strong>temporis</strong></span> <span class='ocrx_word' id='word_1_115' title='bbox 895 870 1032 897; x_wconf 86' lang='lat' dir='ltr'><strong>auctores,</strong></span> 
     </span>
    </p>
   </div>
   <div class='ocr_carea' id='block_1_19' title="bbox 241 894 1059 948">
    <p class='ocr_par' dir='ltr' id='par_1_19' title="bbox 241 894 1059 948">
     <span class='ocr_line' id='line_1_19' title="bbox 279 894 1030 904; baseline -0.003 -5"><span class='ocrx_word' id='word_1_116' title='bbox 279 894 314 896; x_wconf 49' lang='lat'><strong>_-</strong></span> <span class='ocrx_word' id='word_1_117' title='bbox 448 894 489 896; x_wconf 45' lang='grc' dir='ltr'><strong>νη</strong></span> <span class='ocrx_word' id='word_1_118' title='bbox 516 894 562 904; x_wconf 32' lang='lat' dir='ltr'><strong>wn</strong></span> <span class='ocrx_word' id='word_1_119' title='bbox 588 894 615 896; x_wconf 85' lang='lat'><strong>..</strong></span> <span class='ocrx_word' id='word_1_120' title='bbox 640 894 648 895; x_wconf 37' lang='grc' dir='ltr'><em>κ</em></span> <span class='ocrx_word' id='word_1_121' title='bbox 679 894 685 895; x_wconf 37' lang='grc' dir='ltr'>κ</span> <span class='ocrx_word' id='word_1_122' title='bbox 799 894 808 902; x_wconf 82' lang='grc'><strong>,</strong></span> <span class='ocrx_word' id='word_1_123' title='bbox 1026 894 1030 897; x_wconf 96' lang='grc'>.</span> 
     </span>
     <span class='ocr_line' id='line_1_20' title="bbox 241 894 1059 948; baseline -0.001 -7"><span class='ocrx_word' id='word_1_124' title='bbox 241 922 293 941; x_wconf 89' lang='lat' dir='ltr'><strong>nec</strong></span> <span class='ocrx_word' id='word_1_125' title='bbox 318 914 387 941; x_wconf 78' lang='lat' dir='ltr'><strong>certi</strong></span> <span class='ocrx_word' id='word_1_126' title='bbox 412 914 562 948; x_wconf 86' lang='lat' dir='ltr'><strong>quidquam</strong></span> <span class='ocrx_word' id='word_1_127' title='bbox 587 914 657 941; x_wconf 89' lang='lat' dir='ltr'><strong>scire</strong></span> <span class='ocrx_word' id='word_1_128' title='bbox 680 913 760 946; x_wconf 91' lang='lat' dir='ltr'><strong>licet,</strong></span> <span class='ocrx_word' id='word_1_129' title='bbox 783 913 840 940; x_wconf 83' lang='lat' dir='ltr'><strong>sive</strong></span> <span class='ocrx_word' id='word_1_130' title='bbox 864 921 898 941; x_wconf 80' lang='lat' dir='ltr'><strong>ex</strong></span> <span class='ocrx_word' id='word_1_131' title='bbox 922 913 1031 946; x_wconf 88' lang='lat' dir='ltr'><strong>litteris,</strong></span> <span class='ocrx_word' id='word_1_132' title='bbox 1051 894 1059 921; x_wconf 70' lang='grc' dir='ltr'><strong>Ι</strong></span> 
     </span>
    </p>
   </div>
   <div class='ocr_carea' id='block_1_20' title="bbox 242 958 1031 993">
    <p class='ocr_par' dir='ltr' id='par_1_20' title="bbox 242 958 1031 993">
     <span class='ocr_line' id='line_1_21' title="bbox 242 958 1031 993; baseline 0 -9"><span class='ocrx_word' id='word_1_133' title='bbox 242 965 311 993; x_wconf 88' lang='lat' dir='ltr'><strong>quas</strong></span> <span class='ocrx_word' id='word_1_134' title='bbox 331 958 494 985; x_wconf 82' lang='lat' dir='ltr'><strong>Aurelianus</strong></span> <span class='ocrx_word' id='word_1_135' title='bbox 511 958 689 988; x_wconf 75' lang='lat' dir='ltr'><strong>Arelatensis,</strong></span> <span class='ocrx_word' id='word_1_136' title='bbox 705 958 752 992; x_wconf 91' lang='lat' dir='ltr'><strong>qui</strong></span> <span class='ocrx_word' id='word_1_137' title='bbox 773 958 906 993; x_wconf 87' lang='lat' dir='ltr'><strong>synodum</strong></span> <span class='ocrx_word' id='word_1_138' title='bbox 925 958 1031 990; x_wconf 85' lang='lat' dir='ltr'><strong>habuit,</strong></span> 
     </span>
    </p>
   </div>
   <div class='ocr_carea' id='block_1_21' title="bbox 243 1003 1035 1039">
    <p class='ocr_par' dir='ltr' id='par_1_21' title="bbox 243 1003 1035 1039">
     <span class='ocr_line' id='line_1_22' title="bbox 243 1003 1035 1039; baseline 0.003 -9"><span class='ocrx_word' id='word_1_139' title='bbox 243 1012 292 1039; x_wconf 85' lang='lat' dir='ltr'><strong>per</strong></span> <span class='ocrx_word' id='word_1_140' title='bbox 312 1004 484 1030; x_wconf 80' lang='lat' dir='ltr'><strong>Auastasium</strong></span> <span class='ocrx_word' id='word_1_141' title='bbox 508 1003 584 1030; x_wconf 88' lang='lat' dir='ltr'><strong>dedit</strong></span> <span class='ocrx_word' id='word_1_142' title='bbox 604 1003 636 1030; x_wconf 84' lang='lat' dir='ltr'><strong>ad</strong></span> <span class='ocrx_word' id='word_1_143' title='bbox 662 1004 831 1038; x_wconf 87' lang='lat' dir='ltr'><strong>pontiﬁcem,</strong></span> <span class='ocrx_word' id='word_1_144' title='bbox 861 1004 917 1031; x_wconf 82' lang='lat' dir='ltr'><strong>sive</strong></span> <span class='ocrx_word' id='word_1_145' title='bbox 940 1012 972 1031; x_wconf 72' lang='lat' dir='ltr'><strong>ex</strong></span> <span class='ocrx_word' id='word_1_146' title='bbox 993 1012 1035 1032; x_wconf 88' lang='lat' dir='ltr'><strong>re-</strong></span> 
     </span>
    </p>
   </div>
   <div class='ocr_carea' id='block_1_22' title="bbox 243 1050 1034 1084">
    <p class='ocr_par' dir='ltr' id='par_1_22' title="bbox 243 1050 1034 1084">
     <span class='ocr_line' id='line_1_23' title="bbox 243 1050 1034 1084; baseline 0.001 -7"><span class='ocrx_word' id='word_1_147' title='bbox 243 1050 346 1084; x_wconf 86' lang='lat' dir='ltr'><strong>scripto</strong></span> <span class='ocrx_word' id='word_1_148' title='bbox 360 1050 497 1084; x_wconf 90' lang='lat' dir='ltr'><strong>pontiﬁcis</strong></span> <span class='ocrx_word' id='word_1_149' title='bbox 512 1058 518 1076; x_wconf 95' lang='lat'>:</span> <span class='ocrx_word' id='word_1_150' title='bbox 537 1058 598 1076; x_wconf 88' lang='lat' dir='ltr'><strong>nam</strong></span> <span class='ocrx_word' id='word_1_151' title='bbox 614 1050 756 1084; x_wconf 87' lang='lat' dir='ltr'><strong>perierunt</strong></span> <span class='ocrx_word' id='word_1_152' title='bbox 770 1050 909 1078; x_wconf 80' lang='lat' dir='ltr'><strong>Aureliani</strong></span> <span class='ocrx_word' id='word_1_153' title='bbox 925 1051 1034 1082; x_wconf 65' lang='lat' dir='ltr'><strong>litterae,</strong></span> 
     </span>
    </p>
   </div>
   <div class='ocr_carea' id='block_1_23' title="bbox 244 1093 1036 1129">
    <p class='ocr_par' dir='ltr' id='par_1_23' title="bbox 244 1093 1036 1129">
     <span class='ocr_line' id='line_1_24' title="bbox 244 1093 1036 1129; baseline -0.001 -8"><span class='ocrx_word' id='word_1_154' title='bbox 244 1099 273 1121; x_wconf 88' lang='lat' dir='ltr'><strong>et</strong></span> <span class='ocrx_word' id='word_1_155' title='bbox 294 1102 455 1128; x_wconf 81' lang='lat' dir='ltr'><strong>responsum</strong></span> <span class='ocrx_word' id='word_1_156' title='bbox 480 1093 632 1129; x_wconf 88' lang='lat' dir='ltr'><strong>pontiﬁcis,</strong></span> <span class='ocrx_word' id='word_1_157' title='bbox 659 1094 732 1128; x_wconf 91' lang='lat' dir='ltr'><strong>quod</strong></span> <span class='ocrx_word' id='word_1_158' title='bbox 757 1094 885 1125; x_wconf 87' lang='lat' dir='ltr'><strong>habetur,</strong></span> <span class='ocrx_word' id='word_1_159' title='bbox 910 1103 944 1122; x_wconf 82' lang='lat' dir='ltr'><strong>ett</strong></span> <span class='ocrx_word' id='word_1_160' title='bbox 968 1102 1036 1129; x_wconf 75' lang='lat' dir='ltr'><strong>pra:-</strong></span> 
     </span>
    </p>
   </div>
   <div class='ocr_carea' id='block_1_24' title="bbox 244 1139 1036 1174">
    <p class='ocr_par' dir='ltr' id='par_1_24' title="bbox 244 1139 1036 1174">
     <span class='ocr_line' id='line_1_25' title="bbox 244 1139 1036 1174; baseline -0.001 -7"><span class='ocrx_word' id='word_1_161' title='bbox 244 1140 347 1174; x_wconf 87' lang='lat' dir='ltr'><strong>scripto</strong></span> <span class='ocrx_word' id='word_1_162' title='bbox 366 1139 523 1167; x_wconf 71' lang='lat' dir='ltr'><strong>Graecorum</strong></span> <span class='ocrx_word' id='word_1_163' title='bbox 546 1139 702 1167; x_wconf 86' lang='lat' dir='ltr'><strong>confectum</strong></span> <span class='ocrx_word' id='word_1_164' title='bbox 725 1139 820 1172; x_wconf 85' lang='lat' dir='ltr'><strong>fuisse,</strong></span> <span class='ocrx_word' id='word_1_165' title='bbox 839 1140 923 1167; x_wconf 68' lang='lat' dir='ltr'><strong>Italiae</strong></span> <span class='ocrx_word' id='word_1_166' title='bbox 943 1139 1036 1167; x_wconf 88' lang='lat' dir='ltr'><strong>clerici</strong></span> 
     </span>
    </p>
   </div>
   <div class='ocr_carea' id='block_1_25' title="bbox 244 1185 1036 1221">
    <p class='ocr_par' dir='ltr' id='par_1_25' title="bbox 244 1185 1036 1221">
     <span class='ocr_line' id='line_1_26' title="bbox 244 1185 1036 1221; baseline -0.003 -7"><span class='ocrx_word' id='word_1_167' title='bbox 244 1191 399 1221; x_wconf 87' lang='lat' dir='ltr'><strong>queruntur</strong></span> <span class='ocrx_word' id='word_1_168' title='bbox 416 1195 421 1213; x_wconf 89' lang='lat'>:</span> <span class='ocrx_word' id='word_1_169' title='bbox 441 1185 578 1220; x_wconf 85' lang='lat' dir='ltr'><strong>conjicere</strong></span> <span class='ocrx_word' id='word_1_170' title='bbox 600 1190 691 1213; x_wconf 89' lang='lat' dir='ltr'><strong>tamen</strong></span> <span class='ocrx_word' id='word_1_171' title='bbox 712 1193 745 1212; x_wconf 84' lang='lat' dir='ltr'><strong>ex</strong></span> <span class='ocrx_word' id='word_1_172' title='bbox 767 1193 899 1220; x_wconf 90' lang='lat' dir='ltr'><strong>responso</strong></span> <span class='ocrx_word' id='word_1_173' title='bbox 923 1185 963 1212; x_wconf 89' lang='lat' dir='ltr'><strong>fas</strong></span> <span class='ocrx_word' id='word_1_174' title='bbox 984 1189 1036 1217; x_wconf 88' lang='lat' dir='ltr'><strong>cst,</strong></span> 
     </span>
    </p>
   </div>
   <div class='ocr_carea' id='block_1_26' title="bbox 245 1230 1037 1265">
    <p class='ocr_par' dir='ltr' id='par_1_26' title="bbox 245 1230 1037 1265">
     <span class='ocr_line' id='line_1_27' title="bbox 245 1230 1037 1265; baseline -0.001 -6"><span class='ocrx_word' id='word_1_175' title='bbox 245 1233 338 1259; x_wconf 83' lang='lat' dir='ltr'><strong>missis</strong></span> <span class='ocrx_word' id='word_1_176' title='bbox 360 1240 375 1258; x_wconf 88' lang='lat' dir='ltr'><strong>a</strong></span> <span class='ocrx_word' id='word_1_177' title='bbox 392 1232 506 1259; x_wconf 83' lang='lat' dir='ltr'><strong>Rustico</strong></span> <span class='ocrx_word' id='word_1_178' title='bbox 524 1235 553 1258; x_wconf 90' lang='lat' dir='ltr'><strong>et</strong></span> <span class='ocrx_word' id='word_1_179' title='bbox 570 1231 732 1258; x_wconf 84' lang='lat' dir='ltr'><strong>Sebastiano</strong></span> <span class='ocrx_word' id='word_1_180' title='bbox 752 1232 778 1258; x_wconf 93' lang='lat' dir='ltr'><strong>in</strong></span> <span class='ocrx_word' id='word_1_181' title='bbox 795 1231 896 1258; x_wconf 85' lang='lat' dir='ltr'><strong>Gallias</strong></span> <span class='ocrx_word' id='word_1_182' title='bbox 915 1230 1037 1265; x_wconf 88' lang='lat' dir='ltr'><strong>scriptis,</strong></span> 
     </span>
    </p>
   </div>
   <div class='ocr_carea' id='block_1_27' title="bbox 245 1276 1037 1312">
    <p class='ocr_par' dir='ltr' id='par_1_27' title="bbox 245 1276 1037 1312">
     <span class='ocr_line' id='line_1_28' title="bbox 245 1276 1037 1312; baseline -0.003 -8"><span class='ocrx_word' id='word_1_183' title='bbox 245 1282 372 1305; x_wconf 86' lang='lat' dir='ltr'><strong>vocatum</strong></span> <span class='ocrx_word' id='word_1_184' title='bbox 388 1278 471 1304; x_wconf 85' lang='lat' dir='ltr'><strong>fuisse</strong></span> <span class='ocrx_word' id='word_1_185' title='bbox 485 1277 613 1312; x_wconf 75' lang='lat' dir='ltr'><strong>Vigilium</strong></span> <span class='ocrx_word' id='word_1_186' title='bbox 626 1276 655 1304; x_wconf 91' lang='lat' dir='ltr'><strong>in</strong></span> <span class='ocrx_word' id='word_1_187' title='bbox 668 1276 853 1311; x_wconf 89' lang='lat' dir='ltr'><strong>suspicionem</strong></span> <span class='ocrx_word' id='word_1_188' title='bbox 865 1280 1037 1311; x_wconf 56' lang='lat' dir='ltr'><strong>oppugnata},</strong></span> 
     </span>
    </p>
   </div>
   <div class='ocr_carea' id='block_1_28' title="bbox 246 1321 1040 1356">
    <p class='ocr_par' dir='ltr' id='par_1_28' title="bbox 246 1321 1040 1356">
     <span class='ocr_line' id='line_1_29' title="bbox 246 1321 1040 1356; baseline -0.003 -6"><span class='ocrx_word' id='word_1_189' title='bbox 246 1330 301 1350; x_wconf 93' lang='lat' dir='ltr'><strong>non</strong></span> <span class='ocrx_word' id='word_1_190' title='bbox 322 1322 554 1350; x_wconf 80' lang='lat' dir='ltr'><strong>Chalcedonensis</strong></span> <span class='ocrx_word' id='word_1_191' title='bbox 579 1326 695 1353; x_wconf 90' lang='lat' dir='ltr'><strong>tantum,</strong></span> <span class='ocrx_word' id='word_1_192' title='bbox 718 1321 765 1348; x_wconf 85' lang='lat' dir='ltr'><strong>sed</strong></span> <span class='ocrx_word' id='word_1_193' title='bbox 790 1322 872 1348; x_wconf 88' lang='lat' dir='ltr'><strong>etiam</strong></span> <span class='ocrx_word' id='word_1_194' title='bbox 895 1321 1040 1356; x_wconf 67' lang='lat' dir='ltr'><strong>Ephesium</strong></span> 
     </span>
    </p>
   </div>
   <div class='ocr_carea' id='block_1_29' title="bbox 247 1366 1039 1404">
    <p class='ocr_par' dir='ltr' id='par_1_29' title="bbox 247 1366 1039 1404">
     <span class='ocr_line' id='line_1_30' title="bbox 247 1366 1039 1404; baseline -0.005 -8"><span class='ocrx_word' id='word_1_195' title='bbox 247 1369 355 1404; x_wconf 86' lang='lat' dir='ltr'><strong>synodi,</strong></span> <span class='ocrx_word' id='word_1_196' title='bbox 374 1369 428 1395; x_wconf 92' lang='lat' dir='ltr'><strong>imo</strong></span> <span class='ocrx_word' id='word_1_197' title='bbox 446 1373 474 1396; x_wconf 90' lang='lat' dir='ltr'><strong>et</strong></span> <span class='ocrx_word' id='word_1_198' title='bbox 493 1368 615 1403; x_wconf 74' lang='lat' dir='ltr'><strong>epistolae</strong></span> <span class='ocrx_word' id='word_1_199' title='bbox 634 1367 735 1395; x_wconf 83' lang='lat' dir='ltr'><strong>Leonis</strong></span> <span class='ocrx_word' id='word_1_200' title='bbox 755 1367 789 1394; x_wconf 87' lang='lat' dir='ltr'><strong>ad</strong></span> <span class='ocrx_word' id='word_1_201' title='bbox 808 1367 966 1394; x_wconf 83' lang='lat' dir='ltr'><strong>Flavianum</strong></span> <span class='ocrx_word' id='word_1_202' title='bbox 983 1375 989 1392; x_wconf 90' lang='lat'><strong>:</strong></span> <span class='ocrx_word' id='word_1_203' title='bbox 1012 1366 1039 1393; x_wconf 92' lang='lat' dir='ltr'><strong>in</strong></span> 
     </span>
    </p>
   </div>
   <div class='ocr_carea' id='block_1_30' title="bbox 247 1413 1040 1442">
    <p class='ocr_par' dir='ltr' id='par_1_30' title="bbox 247 1413 1040 1442">
     <span class='ocr_line' id='line_1_31' title="bbox 247 1413 1040 1442; baseline -0.001 -2"><span class='ocrx_word' id='word_1_204' title='bbox 247 1414 300 1441; x_wconf 78' lang='lat' dir='ltr'><strong>hoc</strong></span> <span class='ocrx_word' id='word_1_205' title='bbox 316 1415 390 1441; x_wconf 92' lang='lat' dir='ltr'><strong>enim</strong></span> <span class='ocrx_word' id='word_1_206' title='bbox 404 1414 520 1442; x_wconf 85' lang='lat' dir='ltr'><strong>crimine</strong></span> <span class='ocrx_word' id='word_1_207' title='bbox 536 1413 704 1441; x_wconf 87' lang='lat' dir='ltr'><strong>removendo</strong></span> <span class='ocrx_word' id='word_1_208' title='bbox 717 1417 790 1440; x_wconf 85' lang='lat' dir='ltr'><strong>totus</strong></span> <span class='ocrx_word' id='word_1_209' title='bbox 801 1417 851 1439; x_wconf 79' lang='lat' dir='ltr'><strong>est.</strong></span> <span class='ocrx_word' id='word_1_210' title='bbox 864 1413 933 1440; x_wconf 90' lang='lat' dir='ltr'><strong>lllud</strong></span> <span class='ocrx_word' id='word_1_211' title='bbox 949 1417 1040 1440; x_wconf 86' lang='lat' dir='ltr'><strong>autem</strong></span> 
     </span>
    </p>
   </div>
   <div class='ocr_carea' id='block_1_31' title="bbox 247 1458 1040 1492">
    <p class='ocr_par' dir='ltr' id='par_1_31' title="bbox 247 1458 1040 1492">
     <span class='ocr_line' id='line_1_32' title="bbox 247 1458 1040 1492; baseline -0.003 -6"><span class='ocrx_word' id='word_1_212' title='bbox 247 1458 365 1486; x_wconf 89' lang='lat' dir='ltr'><strong>nefanda</strong></span> <span class='ocrx_word' id='word_1_213' title='bbox 387 1458 480 1485; x_wconf 82' lang='lat' dir='ltr'><strong>fraude</strong></span> <span class='ocrx_word' id='word_1_214' title='bbox 496 1458 621 1485; x_wconf 80' lang='lat' dir='ltr'><strong>scelerati</strong></span> <span class='ocrx_word' id='word_1_215' title='bbox 641 1458 767 1484; x_wconf 89' lang='lat' dir='ltr'><strong>homines</strong></span> <span class='ocrx_word' id='word_1_216' title='bbox 786 1459 953 1492; x_wconf 87' lang='lat' dir='ltr'><strong>persuadere</strong></span> <span class='ocrx_word' id='word_1_217' title='bbox 967 1458 1040 1485; x_wconf 89' lang='lat' dir='ltr'><strong>nite-</strong></span> 
     </span>
    </p>
   </div>
   <div class='ocr_carea' id='block_1_32' title="bbox 248 1503 1040 1538">
    <p class='ocr_par' dir='ltr' id='par_1_32' title="bbox 248 1503 1040 1538">
     <span class='ocr_line' id='line_1_33' title="bbox 248 1503 1040 1538; baseline 0 -7"><span class='ocrx_word' id='word_1_218' title='bbox 248 1505 359 1536; x_wconf 76' lang='lat' dir='ltr'><strong>bantur,</strong></span> <span class='ocrx_word' id='word_1_219' title='bbox 376 1509 440 1531; x_wconf 91' lang='lat' dir='ltr'><strong>tunc</strong></span> <span class='ocrx_word' id='word_1_220' title='bbox 454 1512 516 1531; x_wconf 85' lang='lat' dir='ltr'><strong>Clllll</strong></span> <span class='ocrx_word' id='word_1_221' title='bbox 531 1504 684 1530; x_wconf 79' lang='lat' dir='ltr'><strong>Judicatum</strong></span> <span class='ocrx_word' id='word_1_222' title='bbox 704 1503 730 1530; x_wconf 93' lang='lat' dir='ltr'><strong>in</strong></span> <span class='ocrx_word' id='word_1_223' title='bbox 753 1505 909 1538; x_wconf 81' lang='lat' dir='ltr'><strong>provincias</strong></span> <span class='ocrx_word' id='word_1_224' title='bbox 928 1504 1040 1532; x_wconf 90' lang='lat' dir='ltr'><strong>tnissum</strong></span> 
     </span>
    </p>
   </div>
   <div class='ocr_carea' id='block_1_33' title="bbox 248 1548 422 1575">
    <p class='ocr_par' dir='ltr' id='par_1_33' title="bbox 248 1548 422 1575">
     <span class='ocr_line' id='line_1_34' title="bbox 248 1548 422 1575; baseline -0.006 0"><span class='ocrx_word' id='word_1_225' title='bbox 248 1548 393 1575; x_wconf 86' lang='lat' dir='ltr'><strong>laudarent</strong></span> <span class='ocrx_word' id='word_1_226' title='bbox 416 1556 422 1574; x_wconf 89' lang='lat'>:</span> 
     </span>
    </p>
   </div>
   <div class='ocr_carea' id='block_1_34' title="bbox 249 1594 1043 1629">
    <p class='ocr_par' dir='ltr' id='par_1_34' title="bbox 249 1594 1043 1629">
     <span class='ocr_line' id='line_1_35' title="bbox 249 1594 1043 1629; baseline 0.003 -9"><span class='ocrx_word' id='word_1_227' title='bbox 249 1602 312 1621; x_wconf 89' lang='lat' dir='ltr'><strong>nem</strong></span> <span class='ocrx_word' id='word_1_228' title='bbox 332 1594 456 1621; x_wconf 88' lang='lat' dir='ltr'><strong>criminis</strong></span> <span class='ocrx_word' id='word_1_229' title='bbox 478 1601 509 1620; x_wconf 87' lang='lat' dir='ltr'><strong>ea</strong></span> <span class='ocrx_word' id='word_1_230' title='bbox 535 1598 631 1628; x_wconf 76' lang='lat' dir='ltr'><strong>parte,</strong></span> <span class='ocrx_word' id='word_1_231' title='bbox 651 1602 705 1628; x_wconf 81' lang='lat' dir='ltr'><strong>qua</strong></span> <span class='ocrx_word' id='word_1_232' title='bbox 730 1595 895 1629; x_wconf 83' lang='lat' dir='ltr'><strong>parcebatur</strong></span> <span class='ocrx_word' id='word_1_233' title='bbox 916 1595 1043 1629; x_wconf 86' lang='lat' dir='ltr'><strong>personis</strong></span> 
     </span>
    </p>
   </div>
   <div class='ocr_carea' id='block_1_35' title="bbox 251 1638 1042 1674">
    <p class='ocr_par' dir='ltr' id='par_1_35' title="bbox 251 1638 1042 1674">
     <span class='ocr_line' id='line_1_36' title="bbox 251 1638 1042 1674; baseline -0.003 -7"><span class='ocrx_word' id='word_1_234' title='bbox 251 1640 416 1668; x_wconf 86' lang='lat' dir='ltr'><strong>Theodoreti</strong></span> <span class='ocrx_word' id='word_1_235' title='bbox 442 1645 471 1667; x_wconf 90' lang='lat' dir='ltr'><strong>et</strong></span> <span class='ocrx_word' id='word_1_236' title='bbox 492 1639 560 1672; x_wconf 74' lang='lat' dir='ltr'><strong>lbae;</strong></span> <span class='ocrx_word' id='word_1_237' title='bbox 585 1638 732 1666; x_wconf 80' lang='lat' dir='ltr'><strong>artiﬁciose</strong></span> <span class='ocrx_word' id='word_1_238' title='bbox 752 1639 824 1666; x_wconf 86' lang='lat' dir='ltr'><strong>enim</strong></span> <span class='ocrx_word' id='word_1_239' title='bbox 847 1639 982 1674; x_wconf 88' lang='lat' dir='ltr'><strong>parcitum</strong></span> <span class='ocrx_word' id='word_1_240' title='bbox 1001 1639 1042 1665; x_wconf 93' lang='lat' dir='ltr'><strong>id-</strong></span> 
     </span>
    </p>
   </div>
   <div class='ocr_carea' id='block_1_36' title="bbox 251 1683 1044 1720">
    <p class='ocr_par' dir='ltr' id='par_1_36' title="bbox 251 1683 1044 1720">
     <span class='ocr_line' id='line_1_37' title="bbox 251 1683 1044 1720; baseline -0.003 -8"><span class='ocrx_word' id='word_1_241' title='bbox 251 1686 336 1717; x_wconf 90' lang='lat' dir='ltr'><strong>circo,</strong></span> <span class='ocrx_word' id='word_1_242' title='bbox 356 1685 428 1720; x_wconf 91' lang='lat' dir='ltr'><strong>quod</strong></span> <span class='ocrx_word' id='word_1_243' title='bbox 443 1689 559 1719; x_wconf 86' lang='lat' dir='ltr'><strong>uterque</strong></span> <span class='ocrx_word' id='word_1_244' title='bbox 579 1683 740 1711; x_wconf 86' lang='lat' dir='ltr'><strong>crederetur</strong></span> <span class='ocrx_word' id='word_1_245' title='bbox 755 1692 770 1710; x_wconf 86' lang='lat' dir='ltr'><strong>a</strong></span> <span class='ocrx_word' id='word_1_246' title='bbox 789 1684 898 1719; x_wconf 79' lang='lat' dir='ltr'><strong>Vigilio,</strong></span> <span class='ocrx_word' id='word_1_247' title='bbox 914 1692 969 1711; x_wconf 92' lang='lat' dir='ltr'><strong>non</strong></span> <span class='ocrx_word' id='word_1_248' title='bbox 984 1684 1044 1711; x_wconf 88' lang='lat' dir='ltr'><strong>sine</strong></span> 
     </span>
    </p>
   </div>
   <div class='ocr_carea' id='block_1_37' title="bbox 249 1729 1045 1767">
    <p class='ocr_par' dir='ltr' id='par_1_37' title="bbox 249 1729 1045 1767">
     <span class='ocr_line' id='line_1_38' title="bbox 249 1729 1045 1767; baseline -0.001 -9"><span class='ocrx_word' id='word_1_249' title='bbox 249 1731 322 1767; x_wconf 75' lang='lat' dir='ltr'><strong>justa</strong></span> <span class='ocrx_word' id='word_1_250' title='bbox 343 1737 435 1759; x_wconf 84' lang='lat' dir='ltr'><strong>causa.</strong></span> <span class='ocrx_word' id='word_1_251' title='bbox 458 1734 486 1758; x_wconf 87' lang='lat' dir='ltr'><strong>et</strong></span> <span class='ocrx_word' id='word_1_252' title='bbox 503 1729 681 1757; x_wconf 85' lang='lat' dir='ltr'><strong>Theodorum</strong></span> <span class='ocrx_word' id='word_1_253' title='bbox 702 1729 920 1761; x_wconf 86' lang='lat' dir='ltr'><strong>commendasse,</strong></span> <span class='ocrx_word' id='word_1_254' title='bbox 943 1734 971 1757; x_wconf 88' lang='lat' dir='ltr'><strong>et</strong></span> <span class='ocrx_word' id='word_1_255' title='bbox 994 1729 1045 1765; x_wconf 85' lang='lat' dir='ltr'><strong>Cy—</strong></span> 
     </span>
    </p>
   </div>
   <div class='ocr_carea' id='block_1_38' title="bbox 254 1775 518 1803">
    <p class='ocr_par' dir='ltr' id='par_1_38' title="bbox 254 1775 518 1803">
     <span class='ocr_line' id='line_1_39' title="bbox 254 1775 518 1803; baseline -0.004 0"><span class='ocrx_word' id='word_1_256' title='bbox 254 1776 346 1803; x_wconf 92' lang='lat' dir='ltr'><strong>rillum</strong></span> <span class='ocrx_word' id='word_1_257' title='bbox 363 1775 518 1802; x_wconf 83' lang='lat' dir='ltr'><strong>damnasse.</strong></span> 
     </span>
    </p>
   </div>
   <div class='ocr_carea' id='block_1_39' title="bbox 290 1820 1046 1856">
    <p class='ocr_par' dir='ltr' id='par_1_39' title="bbox 290 1820 1046 1856">
     <span class='ocr_line' id='line_1_40' title="bbox 290 1820 1046 1856; baseline 0 -8"><span class='ocrx_word' id='word_1_258' title='bbox 290 1821 320 1847; x_wconf 72' lang='grc' dir='ltr'><strong>γ.</strong></span> <span class='ocrx_word' id='word_1_259' title='bbox 338 1821 375 1848; x_wconf 85' lang='lat' dir='ltr'><strong>De</strong></span> <span class='ocrx_word' id='word_1_260' title='bbox 396 1821 568 1856; x_wconf 82' lang='lat' dir='ltr'><strong>Illyricorum</strong></span> <span class='ocrx_word' id='word_1_261' title='bbox 588 1825 725 1847; x_wconf 84' lang='lat' dir='ltr'><strong>conventu</strong></span> <span class='ocrx_word' id='word_1_262' title='bbox 745 1820 770 1847; x_wconf 93' lang='lat' dir='ltr'><strong>id</strong></span> <span class='ocrx_word' id='word_1_263' title='bbox 787 1821 867 1848; x_wconf 90' lang='lat' dir='ltr'><strong>tradit</strong></span> <span class='ocrx_word' id='word_1_264' title='bbox 883 1821 975 1848; x_wconf 81' lang='lat' dir='ltr'><strong>Victor</strong></span> <span class='ocrx_word' id='word_1_265' title='bbox 990 1821 1046 1848; x_wconf 93' lang='lat' dir='ltr'><strong>Tu-</strong></span> 
     </span>
    </p>
   </div>
   <div class='ocr_carea' id='block_1_40' title="bbox 253 1865 1046 1893">
    <p class='ocr_par' dir='ltr' id='par_1_40' title="bbox 253 1865 1046 1893">
     <span class='ocr_line' id='line_1_41' title="bbox 253 1865 1046 1893; baseline -0.001 -1"><span class='ocrx_word' id='word_1_266' title='bbox 253 1865 386 1893; x_wconf 85' lang='lat' dir='ltr'><strong>nonensis</strong></span> <span class='ocrx_word' id='word_1_267' title='bbox 404 1875 411 1892; x_wconf 86' lang='lat'>:</span> <span class='ocrx_word' id='word_1_268' title='bbox 430 1875 439 1890; x_wconf 78' lang='grc' dir='ltr'>ι</span> <span class='ocrx_word' id='word_1_269' title='bbox 455 1866 518 1893; x_wconf 84' lang='lat' dir='ltr'><strong>Post</strong></span> <span class='ocrx_word' id='word_1_270' title='bbox 533 1865 708 1892; x_wconf 85' lang='lat' dir='ltr'><strong>consulatum</strong></span> <span class='ocrx_word' id='word_1_271' title='bbox 723 1865 814 1892; x_wconf 85' lang='lat' dir='ltr'><strong>Basilii</strong></span> <span class='ocrx_word' id='word_1_272' title='bbox 833 1865 885 1892; x_wconf 91' lang='lat' dir='ltr'><strong>viri</strong></span> <span class='ocrx_word' id='word_1_273' title='bbox 902 1865 1046 1893; x_wconf 87' lang='lat' dir='ltr'><strong>clarissimi</strong></span> 
     </span>
    </p>
   </div>
   <div class='ocr_carea' id='block_1_41' title="bbox 255 1910 1047 1946">
    <p class='ocr_par' dir='ltr' id='par_1_41' title="bbox 255 1910 1047 1946">
     <span class='ocr_line' id='line_1_42' title="bbox 255 1910 1047 1946; baseline -0.001 -7"><span class='ocrx_word' id='word_1_274' title='bbox 255 1919 327 1939; x_wconf 83' lang='lat' dir='ltr'><strong>anno</strong></span> <span class='ocrx_word' id='word_1_275' title='bbox 340 1919 376 1943; x_wconf 85' lang='lat' dir='ltr'><strong>tx,</strong></span> <span class='ocrx_word' id='word_1_276' title='bbox 392 1911 575 1946; x_wconf 85' lang='lat' dir='ltr'><strong>lllyricianam</strong></span> <span class='ocrx_word' id='word_1_277' title='bbox 590 1910 724 1946; x_wconf 84' lang='lat' dir='ltr'><strong>synodum</strong></span> <span class='ocrx_word' id='word_1_278' title='bbox 741 1910 767 1937; x_wconf 92' lang='lat' dir='ltr'><strong>in</strong></span> <span class='ocrx_word' id='word_1_279' title='bbox 786 1911 946 1938; x_wconf 85' lang='lat' dir='ltr'><strong>defensione</strong></span> <span class='ocrx_word' id='word_1_280' title='bbox 965 1911 1047 1938; x_wconf 88' lang='lat' dir='ltr'><strong>trium</strong></span> 
     </span>
    </p>
   </div>
   <div class='ocr_carea' id='block_1_42' title="bbox 253 1955 1048 1992">
    <p class='ocr_par' dir='ltr' id='par_1_42' title="bbox 253 1955 1048 1992">
     <span class='ocr_line' id='line_1_43' title="bbox 253 1955 1048 1992; baseline -0.004 -7"><span class='ocrx_word' id='word_1_281' title='bbox 253 1958 376 1992; x_wconf 78' lang='lat' dir='ltr'><strong>capitum</strong></span> <span class='ocrx_word' id='word_1_282' title='bbox 393 1957 548 1985; x_wconf 89' lang='lat' dir='ltr'><strong>Iustiniano</strong></span> <span class='ocrx_word' id='word_1_283' title='bbox 565 1955 690 1990; x_wconf 76' lang='lat' dir='ltr'><strong>Augusto</strong></span> <span class='ocrx_word' id='word_1_284' title='bbox 709 1956 862 1990; x_wconf 76' lang='lat' dir='ltr'><strong>scripsisse,</strong></span> <span class='ocrx_word' id='word_1_285' title='bbox 880 1961 907 1983; x_wconf 89' lang='lat' dir='ltr'><strong>et</strong></span> <span class='ocrx_word' id='word_1_286' title='bbox 924 1956 1048 1983; x_wconf 85' lang='lat' dir='ltr'><strong>Benena-</strong></span> 
     </span>
    </p>
   </div>
   <div class='ocr_carea' id='block_1_43' title="bbox 256 2002 1050 2038">
    <p class='ocr_par' dir='ltr' id='par_1_43' title="bbox 256 2002 1050 2038">
     <span class='ocr_line' id='line_1_44' title="bbox 256 2002 1050 2038; baseline -0.003 -7"><span class='ocrx_word' id='word_1_287' title='bbox 256 2009 315 2031; x_wconf 84' lang='lat' dir='ltr'><strong>tum</strong></span> <span class='ocrx_word' id='word_1_288' title='bbox 330 2003 426 2038; x_wconf 63' lang='lat' dir='ltr'><strong>prima:</strong></span> <span class='ocrx_word' id='word_1_289' title='bbox 438 2003 598 2031; x_wconf 72' lang='lat' dir='ltr'><strong>Iustiniante</strong></span> <span class='ocrx_word' id='word_1_290' title='bbox 612 2002 771 2037; x_wconf 87' lang='lat' dir='ltr'><strong>episcopum</strong></span> <span class='ocrx_word' id='word_1_291' title='bbox 782 2002 992 2029; x_wconf 85' lang='lat' dir='ltr'><strong>obtrectatOrem</strong></span> <span class='ocrx_word' id='word_1_292' title='bbox 1003 2010 1050 2029; x_wconf 84' lang='lat' dir='ltr'><strong>co-</strong></span> 
     </span>
    </p>
   </div>
   <div class='ocr_carea' id='block_1_44' title="bbox 255 2047 1048 2083">
    <p class='ocr_par' dir='ltr' id='par_1_44' title="bbox 255 2047 1048 2083">
     <span class='ocr_line' id='line_1_45' title="bbox 255 2047 1048 2083; baseline -0.004 -6"><span class='ocrx_word' id='word_1_293' title='bbox 255 2049 383 2077; x_wconf 81' lang='lat' dir='ltr'><strong>rumdem</strong></span> <span class='ocrx_word' id='word_1_294' title='bbox 399 2049 480 2076; x_wconf 89' lang='lat' dir='ltr'><strong>trium</strong></span> <span class='ocrx_word' id='word_1_295' title='bbox 494 2049 614 2083; x_wconf 87' lang='lat' dir='ltr'><strong>capitum</strong></span> <span class='ocrx_word' id='word_1_296' title='bbox 629 2048 836 2076; x_wconf 85' lang='lat' dir='ltr'><strong>condemnasse.</strong></span> <span class='ocrx_word' id='word_1_297' title='bbox 854 2057 863 2072; x_wconf 76' lang='grc' dir='ltr'>ι</span> <span class='ocrx_word' id='word_1_298' title='bbox 880 2047 977 2075; x_wconf 83' lang='lat' dir='ltr'><strong>Annus</strong></span> <span class='ocrx_word' id='word_1_299' title='bbox 992 2048 1048 2080; x_wconf 87' lang='lat' dir='ltr'><strong>ille,</strong></span> 
     </span>
    </p>
   </div>
   <div class='ocr_carea' id='block_1_45' title="bbox 255 2092 1049 2130">
    <p class='ocr_par' dir='ltr' id='par_1_45' title="bbox 255 2092 1049 2130">
     <span class='ocr_line' id='line_1_46' title="bbox 255 2092 1049 2130; baseline -0.003 -9"><span class='ocrx_word' id='word_1_300' title='bbox 255 2103 340 2130; x_wconf 77' lang='lat' dir='ltr'><strong>quem</strong></span> <span class='ocrx_word' id='word_1_301' title='bbox 357 2102 433 2121; x_wconf 88' lang='lat' dir='ltr'><strong>more</strong></span> <span class='ocrx_word' id='word_1_302' title='bbox 448 2102 498 2121; x_wconf 93' lang='lat' dir='ltr'><strong>suo</strong></span> <span class='ocrx_word' id='word_1_303' title='bbox 514 2101 618 2121; x_wconf 89' lang='lat' dir='ltr'><strong>nonum</strong></span> <span class='ocrx_word' id='word_1_304' title='bbox 639 2097 728 2126; x_wconf 87' lang='lat' dir='ltr'><strong>vocat,</strong></span> <span class='ocrx_word' id='word_1_305' title='bbox 743 2097 771 2120; x_wconf 87' lang='lat' dir='ltr'><strong>et</strong></span> <span class='ocrx_word' id='word_1_306' title='bbox 790 2093 817 2119; x_wconf 94' lang='lat' dir='ltr'><strong>in</strong></span> <span class='ocrx_word' id='word_1_307' title='bbox 837 2100 892 2126; x_wconf 92' lang='lat' dir='ltr'><strong>quo</strong></span> <span class='ocrx_word' id='word_1_308' title='bbox 912 2092 1049 2120; x_wconf 87' lang='lat' dir='ltr'><strong>Theodori</strong></span> 
     </span>
    </p>
   </div>
   <div class='ocr_carea' id='block_1_46' title="bbox 257 2138 1050 2175">
    <p class='ocr_par' dir='ltr' id='par_1_46' title="bbox 257 2138 1050 2175">
     <span class='ocr_line' id='line_1_47' title="bbox 257 2138 1050 2175; baseline -0.004 -6"><span class='ocrx_word' id='word_1_309' title='bbox 257 2141 364 2169; x_wconf 86' lang='lat' dir='ltr'><strong>obitum</strong></span> <span class='ocrx_word' id='word_1_310' title='bbox 381 2140 475 2172; x_wconf 81' lang='lat' dir='ltr'><strong>refert,</strong></span> <span class='ocrx_word' id='word_1_311' title='bbox 496 2140 585 2175; x_wconf 77' lang='lat' dir='ltr'><strong>reipsa</strong></span> <span class='ocrx_word' id='word_1_312' title='bbox 602 2143 716 2167; x_wconf 81' lang='lat' dir='ltr'><strong>octavus</strong></span> <span class='ocrx_word' id='word_1_313' title='bbox 733 2138 795 2171; x_wconf 88' lang='lat' dir='ltr'><strong>fuit,</strong></span> <span class='ocrx_word' id='word_1_314' title='bbox 812 2146 865 2173; x_wconf 88' lang='lat' dir='ltr'><strong>qua</strong></span> <span class='ocrx_word' id='word_1_315' title='bbox 884 2138 989 2165; x_wconf 87' lang='lat' dir='ltr'><strong>ratione</strong></span> <span class='ocrx_word' id='word_1_316' title='bbox 1004 2138 1050 2166; x_wconf 88' lang='lat' dir='ltr'><strong>alii</strong></span> 
     </span>
    </p>
   </div>
   <div class='ocr_carea' id='block_1_47' title="bbox 259 2182 1051 2219">
    <p class='ocr_par' dir='ltr' id='par_1_47' title="bbox 259 2182 1051 2219">
     <span class='ocr_line' id='line_1_48' title="bbox 259 2182 1051 2219; baseline -0.005 -5"><span class='ocrx_word' id='word_1_317' title='bbox 259 2194 406 2214; x_wconf 87' lang='lat' dir='ltr'><strong>numerare</strong></span> <span class='ocrx_word' id='word_1_318' title='bbox 432 2186 537 2216; x_wconf 87' lang='lat' dir='ltr'><strong>solent,</strong></span> <span class='ocrx_word' id='word_1_319' title='bbox 561 2189 644 2219; x_wconf 73' lang='lat' dir='ltr'><strong>atque</strong></span> <span class='ocrx_word' id='word_1_320' title='bbox 668 2184 705 2212; x_wconf 82' lang='lat' dir='ltr'><strong>ita</strong></span> <span class='ocrx_word' id='word_1_321' title='bbox 721 2182 961 2218; x_wconf 74' lang='lat' dir='ltr'><strong>quingentesimus</strong></span> <span class='ocrx_word' id='word_1_322' title='bbox 983 2191 1051 2218; x_wconf 89' lang='lat' dir='ltr'><strong>qua-</strong></span> 
     </span>
    </p>
   </div>
   <div class='ocr_carea' id='block_1_48' title="bbox 446 1548 1076 1587">
    <p class='ocr_par' dir='ltr' id='par_1_48' title="bbox 446 1548 1076 1587">
     <span class='ocr_line' id='line_1_49' title="bbox 446 1548 1076 1587; baseline 0.002 -13"><span class='ocrx_word' id='word_1_323' title='bbox 446 1548 557 1574; x_wconf 79' lang='lat' dir='ltr'><strong>aiebant</strong></span> <span class='ocrx_word' id='word_1_324' title='bbox 580 1548 715 1582; x_wconf 87' lang='lat' dir='ltr'><strong>siquidem</strong></span> <span class='ocrx_word' id='word_1_325' title='bbox 736 1548 873 1575; x_wconf 88' lang='lat' dir='ltr'><strong>contineri</strong></span> <span class='ocrx_word' id='word_1_326' title='bbox 891 1549 1039 1576; x_wconf 80' lang='lat' dir='ltr'><strong>convictio-</strong></span> <span class='ocrx_word' id='word_1_327' title='bbox 1055 1559 1076 1587; x_wconf 69' lang='grc' dir='ltr'>ε</span> 
     </span>
    </p>
   </div>
   <div class='ocr_carea' id='block_1_49' title="bbox 1079 266 1868 305">
    <p class='ocr_par' dir='ltr' id='par_1_49' title="bbox 1079 266 1868 305">
     <span class='ocr_line' id='line_1_50' title="bbox 1079 266 1868 305; baseline -0.01 -5"><span class='ocrx_word' id='word_1_328' title='bbox 1079 274 1137 300; x_wconf 89' lang='lat' dir='ltr'><strong>nari</strong></span> <span class='ocrx_word' id='word_1_329' title='bbox 1156 272 1242 299; x_wconf 92' lang='lat' dir='ltr'><strong>voluit</strong></span> <span class='ocrx_word' id='word_1_330' title='bbox 1256 271 1282 298; x_wconf 93' lang='lat' dir='ltr'><strong>in</strong></span> <span class='ocrx_word' id='word_1_331' title='bbox 1300 274 1382 305; x_wconf 88' lang='lat' dir='ltr'><strong>caput</strong></span> <span class='ocrx_word' id='word_1_332' title='bbox 1397 270 1531 296; x_wconf 71' lang='lat' dir='ltr'><strong>universa:</strong></span> <span class='ocrx_word' id='word_1_333' title='bbox 1545 267 1683 295; x_wconf 56' lang='lat' dir='ltr'><strong>Ecclesiae.</strong></span> <span class='ocrx_word' id='word_1_334' title='bbox 1703 276 1712 292; x_wconf 86' lang='grc'><em>‹</em></span> <span class='ocrx_word' id='word_1_335' title='bbox 1731 266 1794 294; x_wconf 85' lang='lat' dir='ltr'><strong>Post</strong></span> <span class='ocrx_word' id='word_1_336' title='bbox 1805 274 1868 293; x_wconf 79' lang='lat' dir='ltr'><strong>con-</strong></span> 
     </span>
    </p>
   </div>
   <div class='ocr_carea' id='block_1_50' title="bbox 1079 310 1872 349">
    <p class='ocr_par' dir='ltr' id='par_1_50' title="bbox 1079 310 1872 349">
     <span class='ocr_line' id='line_1_51' title="bbox 1079 310 1872 349; baseline -0.011 -4"><span class='ocrx_word' id='word_1_337' title='bbox 1079 318 1198 345; x_wconf 84' lang='lat' dir='ltr'><strong>sulatum</strong></span> <span class='ocrx_word' id='word_1_338' title='bbox 1221 315 1323 346; x_wconf 84' lang='lat' dir='ltr'><strong>Basilii,</strong></span> <span class='ocrx_word' id='word_1_339' title='bbox 1339 314 1439 349; x_wconf 81' lang='lat' dir='ltr'><strong>inquit,</strong></span> <span class='ocrx_word' id='word_1_340' title='bbox 1453 313 1504 340; x_wconf 93' lang='lat' dir='ltr'><strong>viri</strong></span> <span class='ocrx_word' id='word_1_341' title='bbox 1517 312 1661 340; x_wconf 88' lang='lat' dir='ltr'><strong>clarissimi</strong></span> <span class='ocrx_word' id='word_1_342' title='bbox 1674 319 1738 337; x_wconf 86' lang='lat' dir='ltr'><strong>ann.</strong></span> <span class='ocrx_word' id='word_1_343' title='bbox 1753 319 1780 341; x_wconf 69' lang='grc' dir='ltr'><strong>ι,</strong></span> <span class='ocrx_word' id='word_1_344' title='bbox 1796 310 1872 338; x_wconf 81' lang='lat' dir='ltr'><strong>Afri-</strong></span> 
     </span>
    </p>
   </div>
   <div class='ocr_carea' id='block_1_51' title="bbox 1079 356 1873 396">
    <p class='ocr_par' dir='ltr' id='par_1_51' title="bbox 1079 356 1873 396">
     <span class='ocr_line' id='line_1_52' title="bbox 1079 356 1873 396; baseline -0.01 -6"><span class='ocrx_word' id='word_1_345' title='bbox 1079 364 1140 390; x_wconf 91' lang='lat' dir='ltr'><strong>cani</strong></span> <span class='ocrx_word' id='word_1_346' title='bbox 1158 362 1295 389; x_wconf 87' lang='lat' dir='ltr'><strong>antistites</strong></span> <span class='ocrx_word' id='word_1_347' title='bbox 1310 361 1439 396; x_wconf 78' lang='lat' dir='ltr'><strong>Vigilium</strong></span> <span class='ocrx_word' id='word_1_348' title='bbox 1455 360 1608 386; x_wconf 81' lang='lat' dir='ltr'><strong>Romanum</strong></span> <span class='ocrx_word' id='word_1_349' title='bbox 1624 357 1782 392; x_wconf 83' lang='lat' dir='ltr'><strong>episcopum</strong></span> <span class='ocrx_word' id='word_1_350' title='bbox 1795 356 1873 384; x_wconf 85' lang='lat' dir='ltr'><strong>dant-</strong></span> 
     </span>
    </p>
   </div>
   <div class='ocr_carea' id='block_1_52' title="bbox 1080 401 1872 441">
    <p class='ocr_par' dir='ltr' id='par_1_52' title="bbox 1080 401 1872 441">
     <span class='ocr_line' id='line_1_53' title="bbox 1080 401 1872 441; baseline -0.01 -5"><span class='ocrx_word' id='word_1_351' title='bbox 1080 412 1212 436; x_wconf 79' lang='lat' dir='ltr'><strong>natorem-</strong></span> <span class='ocrx_word' id='word_1_352' title='bbox 1226 408 1309 435; x_wconf 90' lang='lat' dir='ltr'><strong>trium</strong></span> <span class='ocrx_word' id='word_1_353' title='bbox 1329 405 1511 441; x_wconf 86' lang='lat' dir='ltr'><strong>capitulorum</strong></span> <span class='ocrx_word' id='word_1_354' title='bbox 1525 403 1692 440; x_wconf 88' lang='lat' dir='ltr'><strong>synodaliter</strong></span> <span class='ocrx_word' id='word_1_355' title='bbox 1707 410 1721 429; x_wconf 92' lang='lat' dir='ltr'><strong>a</strong></span> <span class='ocrx_word' id='word_1_356' title='bbox 1734 401 1872 429; x_wconf 79' lang='lat' dir='ltr'><strong>catholica</strong></span> 
     </span>
    </p>
   </div>
   <div class='ocr_carea' id='block_1_53' title="bbox 1081 447 1874 485">
    <p class='ocr_par' dir='ltr' id='par_1_53' title="bbox 1081 447 1874 485">
     <span class='ocr_line' id='line_1_54' title="bbox 1081 447 1874 485; baseline -0.01 -3"><span class='ocrx_word' id='word_1_357' title='bbox 1081 454 1285 485; x_wconf 84' lang='lat' dir='ltr'><strong>communione,</strong></span> <span class='ocrx_word' id='word_1_358' title='bbox 1307 456 1446 480; x_wconf 84' lang='lat' dir='ltr'><strong>reservato</strong></span> <span class='ocrx_word' id='word_1_359' title='bbox 1465 451 1491 478; x_wconf 86' lang='lat' dir='ltr'><strong>ei</strong></span> <span class='ocrx_word' id='word_1_360' title='bbox 1511 449 1681 485; x_wconf 68' lang='lat' dir='ltr'><strong>poenitentiae</strong></span> <span class='ocrx_word' id='word_1_361' title='bbox 1694 449 1764 480; x_wconf 90' lang='lat' dir='ltr'><strong>loco,</strong></span> <span class='ocrx_word' id='word_1_362' title='bbox 1783 447 1874 475; x_wconf 75' lang='lat' dir='ltr'><strong>reclu—</strong></span> 
     </span>
    </p>
   </div>
   <div class='ocr_carea' id='block_1_54' title="bbox 1081 493 1874 533">
    <p class='ocr_par' dir='ltr' id='par_1_54' title="bbox 1081 493 1874 533">
     <span class='ocr_line' id='line_1_55' title="bbox 1081 493 1874 533; baseline -0.009 -7"><span class='ocrx_word' id='word_1_363' title='bbox 1081 500 1167 532; x_wconf 89' lang='lat' dir='ltr'><strong>dunt;</strong></span> <span class='ocrx_word' id='word_1_364' title='bbox 1184 503 1212 526; x_wconf 90' lang='lat' dir='ltr'><strong>ct</strong></span> <span class='ocrx_word' id='word_1_365' title='bbox 1228 506 1278 533; x_wconf 92' lang='lat' dir='ltr'><strong>pro</strong></span> <span class='ocrx_word' id='word_1_366' title='bbox 1295 497 1454 525; x_wconf 88' lang='lat' dir='ltr'><strong>defensione</strong></span> <span class='ocrx_word' id='word_1_367' title='bbox 1474 499 1685 523; x_wconf 81' lang='lat' dir='ltr'><strong>memoratarum</strong></span> <span class='ocrx_word' id='word_1_368' title='bbox 1701 494 1785 521; x_wconf 88' lang='lat' dir='ltr'><strong>trium</strong></span> <span class='ocrx_word' id='word_1_369' title='bbox 1799 493 1874 528; x_wconf 86' lang='lat' dir='ltr'><strong>capi-</strong></span> 
     </span>
    </p>
   </div>
   <div class='ocr_carea' id='block_1_55' title="bbox 1081 539 1874 574">
    <p class='ocr_par' dir='ltr' id='par_1_55' title="bbox 1081 539 1874 574">
     <span class='ocr_line' id='line_1_56' title="bbox 1081 539 1874 574; baseline -0.009 -2"><span class='ocrx_word' id='word_1_370' title='bbox 1081 546 1202 572; x_wconf 89' lang='lat' dir='ltr'><strong>tulorum</strong></span> <span class='ocrx_word' id='word_1_371' title='bbox 1227 545 1334 571; x_wconf 81' lang='lat' dir='ltr'><strong>litteras</strong></span> <span class='ocrx_word' id='word_1_372' title='bbox 1357 542 1422 570; x_wconf 89' lang='lat' dir='ltr'><strong>satis</strong></span> <span class='ocrx_word' id='word_1_373' title='bbox 1447 541 1560 568; x_wconf 86' lang='lat' dir='ltr'><strong>idoneas</strong></span> <span class='ocrx_word' id='word_1_374' title='bbox 1578 539 1733 568; x_wconf 83' lang='lat' dir='ltr'><strong>Iustiniano</strong></span> <span class='ocrx_word' id='word_1_375' title='bbox 1752 539 1874 574; x_wconf 84' lang='lat' dir='ltr'><strong>principi</strong></span> 
     </span>
    </p>
   </div>
   <div class='ocr_carea' id='block_1_56' title="bbox 1081 585 1681 625">
    <p class='ocr_par' dir='ltr' id='par_1_56' title="bbox 1081 585 1681 625">
     <span class='ocr_line' id='line_1_57' title="bbox 1081 585 1681 625; baseline -0.012 -7"><span class='ocrx_word' id='word_1_376' title='bbox 1081 598 1131 625; x_wconf 90' lang='lat' dir='ltr'><strong>per</strong></span> <span class='ocrx_word' id='word_1_377' title='bbox 1143 589 1298 625; x_wconf 87' lang='lat' dir='ltr'><strong>Olympium</strong></span> <span class='ocrx_word' id='word_1_378' title='bbox 1313 587 1517 622; x_wconf 79' lang='lat' dir='ltr'><strong>Magistrianum</strong></span> <span class='ocrx_word' id='word_1_379' title='bbox 1532 585 1655 612; x_wconf 84' lang='lat' dir='ltr'><strong>mittunt.</strong></span> <span class='ocrx_word' id='word_1_380' title='bbox 1673 594 1681 609; x_wconf 76' lang='grc' dir='ltr'><strong><em>ι</em></strong></span> 
     </span>
    </p>
   </div>
   <div class='ocr_carea' id='block_1_57' title="bbox 1120 627 1875 667">
    <p class='ocr_par' dir='ltr' id='par_1_57' title="bbox 1120 627 1875 667">
     <span class='ocr_line' id='line_1_58' title="bbox 1120 627 1875 667; baseline -0.009 -7"><span class='ocrx_word' id='word_1_381' title='bbox 1120 633 1265 667; x_wconf 82' lang='lat' dir='ltr'><strong>Postquam</strong></span> <span class='ocrx_word' id='word_1_382' title='bbox 1287 639 1321 659; x_wconf 85' lang='lat' dir='ltr'><strong>eo</strong></span> <span class='ocrx_word' id='word_1_383' title='bbox 1338 638 1424 666; x_wconf 89' lang='lat' dir='ltr'><strong>usque</strong></span> <span class='ocrx_word' id='word_1_384' title='bbox 1440 629 1558 657; x_wconf 69' lang='lat' dir='ltr'><strong>vesaniae</strong></span> <span class='ocrx_word' id='word_1_385' title='bbox 1578 628 1698 655; x_wconf 84' lang='lat' dir='ltr'><strong>Africam</strong></span> <span class='ocrx_word' id='word_1_386' title='bbox 1719 627 1786 655; x_wconf 84' lang='lat' dir='ltr'><strong>falsa</strong></span> <span class='ocrx_word' id='word_1_387' title='bbox 1811 627 1875 654; x_wconf 86' lang='lat' dir='ltr'><strong>reli-</strong></span> 
     </span>
    </p>
   </div>
   <div class='ocr_carea' id='block_1_58' title="bbox 1083 673 1876 714">
    <p class='ocr_par' dir='ltr' id='par_1_58' title="bbox 1083 673 1876 714">
     <span class='ocr_line' id='line_1_59' title="bbox 1083 673 1876 714; baseline -0.009 -8"><span class='ocrx_word' id='word_1_388' title='bbox 1083 679 1172 714; x_wconf 76' lang='lat' dir='ltr'><strong>gionis</strong></span> <span class='ocrx_word' id='word_1_389' title='bbox 1189 678 1286 705; x_wconf 87' lang='lat' dir='ltr'><strong>umbra</strong></span> <span class='ocrx_word' id='word_1_390' title='bbox 1313 677 1467 711; x_wconf 88' lang='lat' dir='ltr'><strong>mentisque</strong></span> <span class='ocrx_word' id='word_1_391' title='bbox 1484 675 1591 703; x_wconf 73' lang='lat' dir='ltr'><strong>caecitas</strong></span> <span class='ocrx_word' id='word_1_392' title='bbox 1607 674 1725 709; x_wconf 89' lang='lat' dir='ltr'><strong>impulit,</strong></span> <span class='ocrx_word' id='word_1_393' title='bbox 1740 673 1876 700; x_wconf 76' lang='lat' dir='ltr'><strong>Cortstan—</strong></span> 
     </span>
    </p>
   </div>
   <div class='ocr_carea' id='block_1_59' title="bbox 1084 719 1875 758">
    <p class='ocr_par' dir='ltr' id='par_1_59' title="bbox 1084 719 1875 758">
     <span class='ocr_line' id='line_1_60' title="bbox 1084 719 1875 758; baseline -0.008 -7"><span class='ocrx_word' id='word_1_394' title='bbox 1084 725 1197 758; x_wconf 87' lang='lat' dir='ltr'><strong>tinopoli</strong></span> <span class='ocrx_word' id='word_1_395' title='bbox 1214 723 1370 755; x_wconf 87' lang='lat' dir='ltr'><strong>Facundus,</strong></span> <span class='ocrx_word' id='word_1_396' title='bbox 1383 721 1473 756; x_wconf 81' lang='lat' dir='ltr'><strong>specie</strong></span> <span class='ocrx_word' id='word_1_397' title='bbox 1483 720 1668 755; x_wconf 88' lang='lat' dir='ltr'><strong>respondendi</strong></span> <span class='ocrx_word' id='word_1_398' title='bbox 1679 719 1802 746; x_wconf 78' lang='lat' dir='ltr'><strong>Muciano</strong></span> <span class='ocrx_word' id='word_1_399' title='bbox 1815 719 1875 746; x_wconf 87' lang='lat' dir='ltr'><strong>cui-</strong></span> 
     </span>
    </p>
   </div>
   <div class='ocr_carea' id='block_1_60' title="bbox 1084 763 1887 802">
    <p class='ocr_par' dir='ltr' id='par_1_60' title="bbox 1084 763 1887 802">
     <span class='ocr_line' id='line_1_61' title="bbox 1084 763 1887 802; baseline -0.009 -6"><span class='ocrx_word' id='word_1_400' title='bbox 1084 769 1146 796; x_wconf 93' lang='lat' dir='ltr'><strong>dam</strong></span> <span class='ocrx_word' id='word_1_401' title='bbox 1160 772 1326 796; x_wconf 83' lang='lat' dir='ltr'><strong>conventum</strong></span> <span class='ocrx_word' id='word_1_402' title='bbox 1342 766 1474 802; x_wconf 86' lang='lat' dir='ltr'><strong>culpanti,</strong></span> <span class='ocrx_word' id='word_1_403' title='bbox 1490 765 1578 799; x_wconf 85' lang='lat' dir='ltr'><strong>reipsa</strong></span> <span class='ocrx_word' id='word_1_404' title='bbox 1591 765 1618 791; x_wconf 92' lang='lat' dir='ltr'><strong>in</strong></span> <span class='ocrx_word' id='word_1_405' title='bbox 1632 763 1760 798; x_wconf 82' lang='lat' dir='ltr'><strong>Vigilium</strong></span> <span class='ocrx_word' id='word_1_406' title='bbox 1775 763 1887 790; x_wconf 87' lang='lat' dir='ltr'><strong>acerbe.</strong></span> 
     </span>
    </p>
   </div>
   <div class='ocr_carea' id='block_1_61' title="bbox 1085 807 1872 843">
    <p class='ocr_par' dir='ltr' id='par_1_61' title="bbox 1085 807 1872 843">
     <span class='ocr_line' id='line_1_62' title="bbox 1085 807 1872 843; baseline -0.008 -4"><span class='ocrx_word' id='word_1_407' title='bbox 1085 813 1165 840; x_wconf 87' lang='lat' dir='ltr'><strong>simul</strong></span> <span class='ocrx_word' id='word_1_408' title='bbox 1186 817 1213 839; x_wconf 91' lang='lat' dir='ltr'><strong>et</strong></span> <span class='ocrx_word' id='word_1_409' title='bbox 1236 812 1406 839; x_wconf 84' lang='lat' dir='ltr'><strong>calumniose</strong></span> <span class='ocrx_word' id='word_1_410' title='bbox 1430 811 1556 837; x_wconf 89' lang='lat' dir='ltr'><strong>invectus</strong></span> <span class='ocrx_word' id='word_1_411' title='bbox 1579 813 1638 841; x_wconf 84' lang='lat' dir='ltr'><strong>est,</strong></span> <span class='ocrx_word' id='word_1_412' title='bbox 1663 808 1767 843; x_wconf 88' lang='lat' dir='ltr'><strong>scripto</strong></span> <span class='ocrx_word' id='word_1_413' title='bbox 1788 807 1872 840; x_wconf 85' lang='lat' dir='ltr'><strong>libro,</strong></span> 
     </span>
    </p>
   </div>
   <div class='ocr_carea' id='block_1_62' title="bbox 1085 853 1875 892">
    <p class='ocr_par' dir='ltr' id='par_1_62' title="bbox 1085 853 1875 892">
     <span class='ocr_line' id='line_1_63' title="bbox 1085 853 1875 892; baseline -0.008 -7"><span class='ocrx_word' id='word_1_414' title='bbox 1085 866 1140 892; x_wconf 90' lang='lat' dir='ltr'><strong>quo</strong></span> <span class='ocrx_word' id='word_1_415' title='bbox 1163 858 1254 884; x_wconf 90' lang='lat' dir='ltr'><strong>nullus</strong></span> <span class='ocrx_word' id='word_1_416' title='bbox 1275 862 1323 884; x_wconf 88' lang='lat' dir='ltr'><strong>aut</strong></span> <span class='ocrx_word' id='word_1_417' title='bbox 1345 856 1508 883; x_wconf 89' lang='lat' dir='ltr'><strong>virulentior</strong></span> <span class='ocrx_word' id='word_1_418' title='bbox 1526 862 1587 882; x_wconf 87' lang='lat' dir='ltr'><strong>csse</strong></span> <span class='ocrx_word' id='word_1_419' title='bbox 1603 858 1694 889; x_wconf 86' lang='lat' dir='ltr'><strong>queat,</strong></span> <span class='ocrx_word' id='word_1_420' title='bbox 1714 858 1762 880; x_wconf 88' lang='lat' dir='ltr'><strong>aut</strong></span> <span class='ocrx_word' id='word_1_421' title='bbox 1784 853 1875 888; x_wconf 89' lang='lat' dir='ltr'><strong>impu-</strong></span> 
     </span>
    </p>
   </div>
   <div class='ocr_carea' id='block_1_63' title="bbox 1061 895 1204 930">
    <p class='ocr_par' dir='ltr' id='par_1_63' title="bbox 1061 895 1204 930">
     <span class='ocr_line' id='line_1_64' title="bbox 1061 895 1204 930; baseline -0.007 0"><span class='ocrx_word' id='word_1_422' title='bbox 1061 895 1069 922; x_wconf 55' lang='grc'>⁸</span> <span class='ocrx_word' id='word_1_423' title='bbox 1085 902 1204 930; x_wconf 87' lang='lat' dir='ltr'><strong>dentior.</strong></span> 
     </span>
    </p>
   </div>
   <div class='ocr_carea' id='block_1_64' title="bbox 1120 943 1876 978">
    <p class='ocr_par' dir='ltr' id='par_1_64' title="bbox 1120 943 1876 978">
     <span class='ocr_line' id='line_1_65' title="bbox 1120 943 1876 978; baseline -0.007 -3"><span class='ocrx_word' id='word_1_424' title='bbox 1120 949 1149 975; x_wconf 87' lang='lat' dir='ltr'><strong>ld</strong></span> <span class='ocrx_word' id='word_1_425' title='bbox 1171 955 1236 975; x_wconf 92' lang='lat' dir='ltr'><strong>vero</strong></span> <span class='ocrx_word' id='word_1_426' title='bbox 1261 947 1376 974; x_wconf 73' lang='lat' dir='ltr'><strong>maxime</strong></span> <span class='ocrx_word' id='word_1_427' title='bbox 1398 946 1426 973; x_wconf 91' lang='lat' dir='ltr'><strong>in</strong></span> <span class='ocrx_word' id='word_1_428' title='bbox 1449 954 1482 973; x_wconf 89' lang='lat' dir='ltr'><strong>eo</strong></span> <span class='ocrx_word' id='word_1_429' title='bbox 1505 945 1653 972; x_wconf 77' lang='lat' dir='ltr'><strong>defendere</strong></span> <span class='ocrx_word' id='word_1_430' title='bbox 1671 945 1779 975; x_wconf 85' lang='lat' dir='ltr'><strong>nititur,</strong></span> <span class='ocrx_word' id='word_1_431' title='bbox 1801 943 1876 978; x_wconf 87' lang='lat' dir='ltr'><strong>quod</strong></span> 
     </span>
    </p>
   </div>
   <div class='ocr_carea' id='block_1_65' title="bbox 1086 989 1878 1024">
    <p class='ocr_par' dir='ltr' id='par_1_65' title="bbox 1086 989 1878 1024">
     <span class='ocr_line' id='line_1_66' title="bbox 1086 989 1878 1024; baseline -0.005 -4"><span class='ocrx_word' id='word_1_432' title='bbox 1086 994 1275 1021; x_wconf 85' lang='lat' dir='ltr'><strong>incredibilem</strong></span> <span class='ocrx_word' id='word_1_433' title='bbox 1299 993 1417 1020; x_wconf 83' lang='lat' dir='ltr'><strong>habebat</strong></span> <span class='ocrx_word' id='word_1_434' title='bbox 1441 991 1583 1022; x_wconf 84' lang='lat' dir='ltr'><strong>invidiam,</strong></span> <span class='ocrx_word' id='word_1_435' title='bbox 1605 998 1740 1018; x_wconf 85' lang='lat' dir='ltr'><strong>summum</strong></span> <span class='ocrx_word' id='word_1_436' title='bbox 1767 989 1878 1024; x_wconf 80' lang='lat' dir='ltr'><strong>pontiﬁ-</strong></span> 
     </span>
    </p>
   </div>
   <div class='ocr_carea' id='block_1_66' title="bbox 1086 1036 1878 1066">
    <p class='ocr_par' dir='ltr' id='par_1_66' title="bbox 1086 1036 1878 1066">
     <span class='ocr_line' id='line_1_67' title="bbox 1086 1036 1878 1066; baseline -0.005 0"><span class='ocrx_word' id='word_1_437' title='bbox 1086 1047 1145 1066; x_wconf 87' lang='lat' dir='ltr'><strong>cem</strong></span> <span class='ocrx_word' id='word_1_438' title='bbox 1169 1039 1203 1066; x_wconf 93' lang='lat' dir='ltr'><strong>ab</strong></span> <span class='ocrx_word' id='word_1_439' title='bbox 1224 1038 1362 1066; x_wconf 83' lang='lat' dir='ltr'><strong>Africanis</strong></span> <span class='ocrx_word' id='word_1_440' title='bbox 1389 1038 1581 1065; x_wconf 89' lang='lat' dir='ltr'><strong>communione</strong></span> <span class='ocrx_word' id='word_1_441' title='bbox 1611 1044 1665 1064; x_wconf 89' lang='lat' dir='ltr'><strong>non</strong></span> <span class='ocrx_word' id='word_1_442' title='bbox 1691 1043 1752 1063; x_wconf 79' lang='lat' dir='ltr'><strong>esse</strong></span> <span class='ocrx_word' id='word_1_443' title='bbox 1781 1036 1878 1063; x_wconf 80' lang='lat' dir='ltr'><strong>exclu-</strong></span> 
     </span>
    </p>
   </div>
   <div class='ocr_carea' id='block_1_67' title="bbox 1087 1082 1878 1118">
    <p class='ocr_par' dir='ltr' id='par_1_67' title="bbox 1087 1082 1878 1118">
     <span class='ocr_line' id='line_1_68' title="bbox 1087 1082 1878 1118; baseline -0.005 -5"><span class='ocrx_word' id='word_1_444' title='bbox 1087 1094 1147 1114; x_wconf 90' lang='lat' dir='ltr'><strong>sum</strong></span> <span class='ocrx_word' id='word_1_445' title='bbox 1163 1095 1169 1112; x_wconf 88' lang='lat'>:</span> <span class='ocrx_word' id='word_1_446' title='bbox 1185 1085 1329 1113; x_wconf 85' lang='lat' dir='ltr'><strong>contendit</strong></span> <span class='ocrx_word' id='word_1_447' title='bbox 1347 1085 1420 1112; x_wconf 89' lang='lat' dir='ltr'><strong>enim</strong></span> <span class='ocrx_word' id='word_1_448' title='bbox 1442 1092 1456 1111; x_wconf 90' lang='lat' dir='ltr'><strong>a</strong></span> <span class='ocrx_word' id='word_1_449' title='bbox 1475 1084 1565 1118; x_wconf 85' lang='lat' dir='ltr'><strong>seipso</strong></span> <span class='ocrx_word' id='word_1_450' title='bbox 1588 1083 1741 1114; x_wconf 80' lang='lat' dir='ltr'><strong>exclusum,</strong></span> <span class='ocrx_word' id='word_1_451' title='bbox 1760 1090 1822 1110; x_wconf 91' lang='lat' dir='ltr'><strong>cum</strong></span> <span class='ocrx_word' id='word_1_452' title='bbox 1850 1082 1878 1110; x_wconf 89' lang='lat' dir='ltr'><strong>in</strong></span> 
     </span>
    </p>
   </div>
   <div class='ocr_carea' id='block_1_68' title="bbox 1086 1128 1881 1164">
    <p class='ocr_par' dir='ltr' id='par_1_68' title="bbox 1086 1128 1881 1164">
     <span class='ocr_line' id='line_1_69' title="bbox 1086 1128 1881 1164; baseline -0.006 -4"><span class='ocrx_word' id='word_1_453' title='bbox 1086 1133 1209 1160; x_wconf 78' lang='lat' dir='ltr'><strong>Judicato</strong></span> <span class='ocrx_word' id='word_1_454' title='bbox 1225 1139 1276 1159; x_wconf 84' lang='lat' dir='ltr'><strong>suo</strong></span> <span class='ocrx_word' id='word_1_455' title='bbox 1293 1131 1438 1158; x_wconf 88' lang='lat' dir='ltr'><strong>anathema</strong></span> <span class='ocrx_word' id='word_1_456' title='bbox 1459 1130 1574 1161; x_wconf 83' lang='lat' dir='ltr'><strong>diceret,</strong></span> <span class='ocrx_word' id='word_1_457' title='bbox 1592 1133 1622 1156; x_wconf 90' lang='lat' dir='ltr'><strong>ut</strong></span> <span class='ocrx_word' id='word_1_458' title='bbox 1638 1129 1696 1164; x_wconf 91' lang='lat' dir='ltr'><strong>ipse</strong></span> <span class='ocrx_word' id='word_1_459' title='bbox 1711 1128 1822 1164; x_wconf 85' lang='lat' dir='ltr'><strong>quidem</strong></span> <span class='ocrx_word' id='word_1_460' title='bbox 1839 1128 1881 1155; x_wconf 90' lang='lat' dir='ltr'><strong>in-</strong></span> 
     </span>
    </p>
   </div>
   <div class='ocr_carea' id='block_1_69' title="bbox 1089 1174 1880 1213">
    <p class='ocr_par' dir='ltr' id='par_1_69' title="bbox 1089 1174 1880 1213">
     <span class='ocr_line' id='line_1_70' title="bbox 1089 1174 1880 1213; baseline -0.008 -7"><span class='ocrx_word' id='word_1_461' title='bbox 1089 1182 1266 1213; x_wconf 87' lang='lat' dir='ltr'><strong>terpretatur,</strong></span> <span class='ocrx_word' id='word_1_462' title='bbox 1284 1176 1412 1204; x_wconf 85' lang='lat' dir='ltr'><strong>Patribus</strong></span> <span class='ocrx_word' id='word_1_463' title='bbox 1427 1175 1599 1202; x_wconf 88' lang='lat' dir='ltr'><strong>Chalcedone</strong></span> <span class='ocrx_word' id='word_1_464' title='bbox 1617 1174 1798 1209; x_wconf 74' lang='lat' dir='ltr'><strong>congregatis,</strong></span> <span class='ocrx_word' id='word_1_465' title='bbox 1817 1174 1880 1201; x_wconf 88' lang='lat' dir='ltr'><strong>toti-</strong></span> 
     </span>
    </p>
   </div>
   <div class='ocr_carea' id='block_1_70' title="bbox 1089 1220 1789 1259">
    <p class='ocr_par' dir='ltr' id='par_1_70' title="bbox 1089 1220 1789 1259">
     <span class='ocr_line' id='line_1_71' title="bbox 1089 1220 1789 1259; baseline -0.004 -9"><span class='ocrx_word' id='word_1_466' title='bbox 1089 1232 1141 1259; x_wconf 83' lang='lat' dir='ltr'><strong>que</strong></span> <span class='ocrx_word' id='word_1_467' title='bbox 1159 1223 1287 1251; x_wconf 66' lang='lat' dir='ltr'><strong>Ecclesiae</strong></span> <span class='ocrx_word' id='word_1_468' title='bbox 1303 1222 1454 1253; x_wconf 55' lang='lat' dir='ltr'><strong>catholica,</strong></span> <span class='ocrx_word' id='word_1_469' title='bbox 1467 1226 1549 1256; x_wconf 89' lang='lat' dir='ltr'><strong>atque</strong></span> <span class='ocrx_word' id='word_1_470' title='bbox 1565 1221 1633 1248; x_wconf 88' lang='lat' dir='ltr'><strong>adeo</strong></span> <span class='ocrx_word' id='word_1_471' title='bbox 1645 1220 1789 1248; x_wconf 62' lang='lat' dir='ltr'><strong>Africanae.</strong></span> 
     </span>
    </p>
   </div>
   <div class='ocr_carea' id='block_1_71' title="bbox 1126 1265 1881 1302">
    <p class='ocr_par' dir='ltr' id='par_1_71' title="bbox 1126 1265 1881 1302">
     <span class='ocr_line' id='line_1_72' title="bbox 1126 1265 1881 1302; baseline -0.004 -7"><span class='ocrx_word' id='word_1_472' title='bbox 1126 1269 1188 1295; x_wconf 70' lang='lat' dir='ltr'><strong>l’ost</strong></span> <span class='ocrx_word' id='word_1_473' title='bbox 1199 1268 1283 1294; x_wconf 91' lang='lat' dir='ltr'><strong>multa</strong></span> <span class='ocrx_word' id='word_1_474' title='bbox 1299 1267 1382 1302; x_wconf 72' lang='lat' dir='ltr'><strong>igitur</strong></span> <span class='ocrx_word' id='word_1_475' title='bbox 1401 1267 1564 1301; x_wconf 86' lang='lat' dir='ltr'><strong>impotenter</strong></span> <span class='ocrx_word' id='word_1_476' title='bbox 1578 1265 1684 1292; x_wconf 78' lang='lat' dir='ltr'><strong>effutita</strong></span> <span class='ocrx_word' id='word_1_477' title='bbox 1701 1278 1708 1291; x_wconf 70' lang='lat'><em>;</em></span> <span class='ocrx_word' id='word_1_478' title='bbox 1729 1275 1738 1290; x_wconf 68' lang='grc' dir='ltr'>ι</span> <span class='ocrx_word' id='word_1_479' title='bbox 1753 1265 1826 1297; x_wconf 69' lang='grc' dir='ltr'><strong>Ηίεε,</strong></span> <span class='ocrx_word' id='word_1_480' title='bbox 1840 1265 1881 1292; x_wconf 87' lang='lat' dir='ltr'><strong>in-</strong></span> 
     </span>
    </p>
   </div>
   <div class='ocr_carea' id='block_1_72' title="bbox 1090 1311 1880 1348">
    <p class='ocr_par' dir='ltr' id='par_1_72' title="bbox 1090 1311 1880 1348">
     <span class='ocr_line' id='line_1_73' title="bbox 1090 1311 1880 1348; baseline -0.001 -8"><span class='ocrx_word' id='word_1_481' title='bbox 1090 1313 1160 1348; x_wconf 89' lang='lat' dir='ltr'><strong>quit,</strong></span> <span class='ocrx_word' id='word_1_482' title='bbox 1178 1312 1344 1344; x_wconf 78' lang='lat' dir='ltr'><strong>sufficerent,</strong></span> <span class='ocrx_word' id='word_1_483' title='bbox 1364 1312 1385 1339; x_wconf 92' lang='lat' dir='ltr'><strong>si</strong></span> <span class='ocrx_word' id='word_1_484' title='bbox 1401 1311 1562 1343; x_wconf 80' lang='lat' dir='ltr'><strong>adversarii,</strong></span> <span class='ocrx_word' id='word_1_485' title='bbox 1578 1319 1647 1346; x_wconf 86' lang='lat' dir='ltr'><strong>quos</strong></span> <span class='ocrx_word' id='word_1_486' title='bbox 1663 1315 1690 1338; x_wconf 88' lang='lat' dir='ltr'><strong>et</strong></span> <span class='ocrx_word' id='word_1_487' title='bbox 1706 1311 1763 1346; x_wconf 86' lang='lat' dir='ltr'><strong>ipse</strong></span> <span class='ocrx_word' id='word_1_488' title='bbox 1778 1311 1880 1345; x_wconf 83' lang='lat' dir='ltr'><strong>culpat.</strong></span> 
     </span>
    </p>
   </div>
   <div class='ocr_carea' id='block_1_73' title="bbox 1090 1356 1880 1387">
    <p class='ocr_par' dir='ltr' id='par_1_73' title="bbox 1090 1356 1880 1387">
     <span class='ocr_line' id='line_1_74' title="bbox 1090 1356 1880 1387; baseline -0.005 -1"><span class='ocrx_word' id='word_1_489' title='bbox 1090 1367 1146 1386; x_wconf 89' lang='lat' dir='ltr'><strong>non</strong></span> <span class='ocrx_word' id='word_1_490' title='bbox 1170 1359 1320 1386; x_wconf 82' lang='lat' dir='ltr'><strong>inferentes</strong></span> <span class='ocrx_word' id='word_1_491' title='bbox 1341 1357 1486 1384; x_wconf 86' lang='lat' dir='ltr'><strong>anathema</strong></span> <span class='ocrx_word' id='word_1_492' title='bbox 1509 1356 1726 1384; x_wconf 87' lang='lat' dir='ltr'><strong>Chalcedonensi</strong></span> <span class='ocrx_word' id='word_1_493' title='bbox 1752 1356 1880 1387; x_wconf 86' lang='lat' dir='ltr'><strong>concilio,</strong></span> 
     </span>
    </p>
   </div>
   <div class='ocr_carea' id='block_1_74' title="bbox 1091 1401 1883 1439">
    <p class='ocr_par' dir='ltr' id='par_1_74' title="bbox 1091 1401 1883 1439">
     <span class='ocr_line' id='line_1_75' title="bbox 1091 1401 1883 1439; baseline -0.005 -8"><span class='ocrx_word' id='word_1_494' title='bbox 1091 1412 1181 1439; x_wconf 87' lang='lat' dir='ltr'><strong>neque</strong></span> <span class='ocrx_word' id='word_1_495' title='bbox 1200 1404 1227 1431; x_wconf 86' lang='lat' dir='ltr'><strong>in</strong></span> <span class='ocrx_word' id='word_1_496' title='bbox 1255 1411 1304 1430; x_wconf 88' lang='lat' dir='ltr'><strong>nos</strong></span> <span class='ocrx_word' id='word_1_497' title='bbox 1325 1410 1432 1432; x_wconf 85' lang='lat' dir='ltr'><strong>omnes.</strong></span> <span class='ocrx_word' id='word_1_498' title='bbox 1449 1404 1457 1412; x_wconf 89' lang='lat'><strong>&#39;</strong></span> <span class='ocrx_word' id='word_1_499' title='bbox 1479 1402 1526 1430; x_wconf 71' lang='lat' dir='ltr'><strong>sed</strong></span> <span class='ocrx_word' id='word_1_500' title='bbox 1553 1401 1655 1436; x_wconf 86' lang='lat' dir='ltr'><strong>aliquid</strong></span> <span class='ocrx_word' id='word_1_501' title='bbox 1675 1401 1806 1428; x_wconf 82' lang='lat' dir='ltr'><strong>adversus</strong></span> <span class='ocrx_word' id='word_1_502' title='bbox 1824 1401 1883 1434; x_wconf 70' lang='lat' dir='ltr'><strong>ejus</strong></span> 
     </span>
    </p>
   </div>
   <div class='ocr_carea' id='block_1_75' title="bbox 1092 1446 1884 1483">
    <p class='ocr_par' dir='ltr' id='par_1_75' title="bbox 1092 1446 1884 1483">
     <span class='ocr_line' id='line_1_76' title="bbox 1092 1446 1884 1483; baseline -0.005 -7"><span class='ocrx_word' id='word_1_503' title='bbox 1092 1450 1280 1477; x_wconf 85' lang='lat' dir='ltr'><strong>auctoritatem</strong></span> <span class='ocrx_word' id='word_1_504' title='bbox 1299 1452 1435 1483; x_wconf 79' lang='lat' dir='ltr'><strong>gerentes,</strong></span> <span class='ocrx_word' id='word_1_505' title='bbox 1457 1447 1507 1481; x_wconf 88' lang='lat' dir='ltr'><strong>ipsi</strong></span> <span class='ocrx_word' id='word_1_506' title='bbox 1522 1446 1614 1481; x_wconf 87' lang='lat' dir='ltr'><strong>potius</strong></span> <span class='ocrx_word' id='word_1_507' title='bbox 1629 1454 1643 1473; x_wconf 87' lang='lat' dir='ltr'><strong>a</strong></span> <span class='ocrx_word' id='word_1_508' title='bbox 1660 1446 1740 1473; x_wconf 90' lang='lat' dir='ltr'><strong>nobis</strong></span> <span class='ocrx_word' id='word_1_509' title='bbox 1752 1446 1803 1473; x_wconf 82' lang='lat' dir='ltr'><strong>Sub</strong></span> <span class='ocrx_word' id='word_1_510' title='bbox 1819 1453 1884 1472; x_wconf 53' lang='lat' dir='ltr'><strong>ana-</strong></span> 
     </span>
    </p>
   </div>
   <div class='ocr_carea' id='block_1_76' title="bbox 1093 1491 1884 1526">
    <p class='ocr_par' dir='ltr' id='par_1_76' title="bbox 1093 1491 1884 1526">
     <span class='ocr_line' id='line_1_77' title="bbox 1093 1491 1884 1526; baseline -0.008 -3"><span class='ocrx_word' id='word_1_511' title='bbox 1093 1497 1213 1523; x_wconf 86' lang='lat' dir='ltr'><strong>themate</strong></span> <span class='ocrx_word' id='word_1_512' title='bbox 1230 1495 1428 1522; x_wconf 85' lang='lat' dir='ltr'><strong>damnarentur</strong></span> <span class='ocrx_word' id='word_1_513' title='bbox 1444 1502 1450 1519; x_wconf 73' lang='grc' dir='ltr'>ε</span> <span class='ocrx_word' id='word_1_514' title='bbox 1467 1501 1540 1520; x_wconf 91' lang='lat' dir='ltr'><strong>nunc</strong></span> <span class='ocrx_word' id='word_1_515' title='bbox 1560 1497 1652 1519; x_wconf 90' lang='lat' dir='ltr'><strong>autem</strong></span> <span class='ocrx_word' id='word_1_516' title='bbox 1672 1492 1725 1518; x_wconf 89' lang='lat' dir='ltr'><strong>illis</strong></span> <span class='ocrx_word' id='word_1_517' title='bbox 1739 1491 1821 1526; x_wconf 88' lang='lat' dir='ltr'><strong>impie</strong></span> <span class='ocrx_word' id='word_1_518' title='bbox 1837 1499 1884 1526; x_wconf 56' lang='lat' dir='ltr'><strong>ge-</strong></span> 
     </span>
    </p>
   </div>
   <div class='ocr_carea' id='block_1_77' title="bbox 1093 1537 1885 1573">
    <p class='ocr_par' dir='ltr' id='par_1_77' title="bbox 1093 1537 1885 1573">
     <span class='ocr_line' id='line_1_78' title="bbox 1093 1537 1885 1573; baseline -0.008 -4"><span class='ocrx_word' id='word_1_519' title='bbox 1093 1542 1228 1573; x_wconf 88' lang='lat' dir='ltr'><strong>rentibus,</strong></span> <span class='ocrx_word' id='word_1_520' title='bbox 1243 1545 1271 1568; x_wconf 86' lang='lat' dir='ltr'><strong>et</strong></span> <span class='ocrx_word' id='word_1_521' title='bbox 1287 1548 1338 1567; x_wconf 91' lang='lat' dir='ltr'><strong>nos</strong></span> <span class='ocrx_word' id='word_1_522' title='bbox 1352 1547 1383 1567; x_wconf 87' lang='lat' dir='ltr'><strong>ac</strong></span> <span class='ocrx_word' id='word_1_523' title='bbox 1397 1540 1492 1566; x_wconf 89' lang='lat' dir='ltr'><strong>Patres</strong></span> <span class='ocrx_word' id='word_1_524' title='bbox 1508 1543 1617 1566; x_wconf 88' lang='lat' dir='ltr'><strong>nostros</strong></span> <span class='ocrx_word' id='word_1_525' title='bbox 1631 1537 1885 1565; x_wconf 66' lang='lat' dir='ltr'><strong>anathematizand-</strong></span> 
     </span>
    </p>
   </div>
   <div class='ocr_carea' id='block_1_78' title="bbox 1094 1581 1885 1619">
    <p class='ocr_par' dir='ltr' id='par_1_78' title="bbox 1094 1581 1885 1619">
     <span class='ocr_line' id='line_1_79' title="bbox 1094 1581 1885 1619; baseline -0.009 -6"><span class='ocrx_word' id='word_1_526' title='bbox 1094 1587 1156 1617; x_wconf 85' lang='lat' dir='ltr'><strong>bus,</strong></span> <span class='ocrx_word' id='word_1_527' title='bbox 1177 1593 1292 1619; x_wconf 86' lang='lat' dir='ltr'><strong>seseque</strong></span> <span class='ocrx_word' id='word_1_528' title='bbox 1314 1592 1364 1619; x_wconf 88' lang='lat' dir='ltr'><strong>per</strong></span> <span class='ocrx_word' id='word_1_529' title='bbox 1385 1584 1438 1610; x_wconf 90' lang='lat' dir='ltr'><strong>hoc</strong></span> <span class='ocrx_word' id='word_1_530' title='bbox 1459 1583 1605 1610; x_wconf 85' lang='lat' dir='ltr'><strong>anathema</strong></span> <span class='ocrx_word' id='word_1_531' title='bbox 1626 1582 1833 1616; x_wconf 77' lang='lat' dir='ltr'><strong>segregantibus</strong></span> <span class='ocrx_word' id='word_1_532' title='bbox 1851 1581 1885 1608; x_wconf 85' lang='lat' dir='ltr'><strong>ab</strong></span> 
     </span>
    </p>
   </div>
   <div class='ocr_carea' id='block_1_79' title="bbox 1094 1627 1885 1663">
    <p class='ocr_par' dir='ltr' id='par_1_79' title="bbox 1094 1627 1885 1663">
     <span class='ocr_line' id='line_1_80' title="bbox 1094 1627 1885 1663; baseline -0.008 -4"><span class='ocrx_word' id='word_1_533' title='bbox 1094 1633 1222 1659; x_wconf 88' lang='lat' dir='ltr'><strong>universa</strong></span> <span class='ocrx_word' id='word_1_534' title='bbox 1236 1631 1339 1658; x_wconf 89' lang='lat' dir='ltr'><strong>Christi</strong></span> <span class='ocrx_word' id='word_1_535' title='bbox 1360 1629 1495 1662; x_wconf 87' lang='lat' dir='ltr'><strong>Ecclesia;</strong></span> <span class='ocrx_word' id='word_1_536' title='bbox 1515 1636 1564 1656; x_wconf 91' lang='lat' dir='ltr'><strong>nos</strong></span> <span class='ocrx_word' id='word_1_537' title='bbox 1584 1627 1630 1663; x_wconf 90' lang='lat' dir='ltr'><strong>qui</strong></span> <span class='ocrx_word' id='word_1_538' title='bbox 1647 1628 1703 1655; x_wconf 88' lang='lat' dir='ltr'><strong>Deo</strong></span> <span class='ocrx_word' id='word_1_539' title='bbox 1720 1631 1841 1662; x_wconf 80' lang='lat' dir='ltr'><strong>regente,</strong></span> <span class='ocrx_word' id='word_1_540' title='bbox 1859 1627 1885 1654; x_wconf 89' lang='lat' dir='ltr'><strong>in</strong></span> 
     </span>
    </p>
   </div>
   <div class='ocr_carea' id='block_1_80' title="bbox 1095 1675 1885 1714">
    <p class='ocr_par' dir='ltr' id='par_1_80' title="bbox 1095 1675 1885 1714">
     <span class='ocr_line' id='line_1_81' title="bbox 1095 1675 1885 1714; baseline -0.006 -9"><span class='ocrx_word' id='word_1_541' title='bbox 1095 1683 1208 1714; x_wconf 88' lang='lat' dir='ltr'><strong>paterna</strong></span> <span class='ocrx_word' id='word_1_542' title='bbox 1227 1676 1364 1705; x_wconf 87' lang='lat' dir='ltr'><strong>sententia</strong></span> <span class='ocrx_word' id='word_1_543' title='bbox 1384 1680 1412 1703; x_wconf 88' lang='lat' dir='ltr'><strong>et</strong></span> <span class='ocrx_word' id='word_1_544' title='bbox 1433 1675 1626 1703; x_wconf 88' lang='lat' dir='ltr'><strong>communione</strong></span> <span class='ocrx_word' id='word_1_545' title='bbox 1642 1679 1811 1708; x_wconf 87' lang='lat' dir='ltr'><strong>perstamus;</strong></span> <span class='ocrx_word' id='word_1_546' title='bbox 1825 1681 1885 1705; x_wconf 91' lang='lat' dir='ltr'><strong>nos,</strong></span> 
     </span>
    </p>
   </div>
   <div class='ocr_carea' id='block_1_81' title="bbox 1096 1719 1887 1759">
    <p class='ocr_par' dir='ltr' id='par_1_81' title="bbox 1096 1719 1887 1759">
     <span class='ocr_line' id='line_1_82' title="bbox 1096 1719 1887 1759; baseline -0.008 -8"><span class='ocrx_word' id='word_1_547' title='bbox 1096 1725 1218 1759; x_wconf 89' lang='lat' dir='ltr'><strong>inquam,</strong></span> <span class='ocrx_word' id='word_1_548' title='bbox 1233 1723 1260 1750; x_wconf 93' lang='lat' dir='ltr'><strong>in</strong></span> <span class='ocrx_word' id='word_1_549' title='bbox 1273 1722 1393 1750; x_wconf 81' lang='lat' dir='ltr'><strong>Ecclesia</strong></span> <span class='ocrx_word' id='word_1_550' title='bbox 1404 1721 1558 1752; x_wconf 85' lang='lat' dir='ltr'><strong>constituti,</strong></span> <span class='ocrx_word' id='word_1_551' title='bbox 1569 1721 1613 1748; x_wconf 89' lang='lat' dir='ltr'><strong>cui</strong></span> <span class='ocrx_word' id='word_1_552' title='bbox 1628 1720 1757 1747; x_wconf 81' lang='lat' dir='ltr'><strong>dixerunt</strong></span> <span class='ocrx_word' id='word_1_553' title='bbox 1773 1719 1887 1746; x_wconf 86' lang='lat' dir='ltr'><strong>anathe-</strong></span> 
     </span>
    </p>
   </div>
   <div class='ocr_carea' id='block_1_82' title="bbox 1095 1764 1888 1800">
    <p class='ocr_par' dir='ltr' id='par_1_82' title="bbox 1095 1764 1888 1800">
     <span class='ocr_line' id='line_1_83' title="bbox 1095 1764 1888 1800; baseline -0.008 -3"><span class='ocrx_word' id='word_1_554' title='bbox 1095 1777 1149 1800; x_wconf 83' lang='lat' dir='ltr'><strong>ma,</strong></span> <span class='ocrx_word' id='word_1_555' title='bbox 1158 1768 1304 1796; x_wconf 82' lang='lat' dir='ltr'><strong>statuimus</strong></span> <span class='ocrx_word' id='word_1_556' title='bbox 1314 1766 1466 1794; x_wconf 87' lang='lat' dir='ltr'><strong>secundum</strong></span> <span class='ocrx_word' id='word_1_557' title='bbox 1473 1765 1636 1793; x_wconf 55' lang='lat' dir='ltr'><strong>Christianae</strong></span> <span class='ocrx_word' id='word_1_558' title='bbox 1645 1764 1785 1800; x_wconf 82' lang='lat' dir='ltr'><strong>religionis</strong></span> <span class='ocrx_word' id='word_1_559' title='bbox 1794 1764 1888 1791; x_wconf 88' lang='lat' dir='ltr'><strong>obser-</strong></span> 
     </span>
    </p>
   </div>
   <div class='ocr_carea' id='block_1_83' title="bbox 1097 1810 1884 1846">
    <p class='ocr_par' dir='ltr' id='par_1_83' title="bbox 1097 1810 1884 1846">
     <span class='ocr_line' id='line_1_84' title="bbox 1097 1810 1884 1846; baseline -0.009 -4"><span class='ocrx_word' id='word_1_560' title='bbox 1097 1815 1227 1846; x_wconf 86' lang='lat' dir='ltr'><strong>vantiam,</strong></span> <span class='ocrx_word' id='word_1_561' title='bbox 1236 1821 1290 1840; x_wconf 90' lang='lat' dir='ltr'><strong>non</strong></span> <span class='ocrx_word' id='word_1_562' title='bbox 1299 1812 1504 1840; x_wconf 88' lang='lat' dir='ltr'><strong>communicare</strong></span> <span class='ocrx_word' id='word_1_563' title='bbox 1515 1812 1548 1839; x_wconf 84' lang='lat' dir='ltr'><strong>ab</strong></span> <span class='ocrx_word' id='word_1_564' title='bbox 1555 1811 1675 1838; x_wconf 86' lang='lat' dir='ltr'><strong>Ecclesia</strong></span> <span class='ocrx_word' id='word_1_565' title='bbox 1685 1810 1868 1845; x_wconf 66' lang='lat' dir='ltr'><strong>segregans“.</strong></span> <span class='ocrx_word' id='word_1_566' title='bbox 1876 1819 1884 1834; x_wconf 76' lang='grc' dir='ltr'>ι</span> 
     </span>
    </p>
   </div>
   <div class='ocr_carea' id='block_1_84' title="bbox 1122 1855 1890 1894">
    <p class='ocr_par' dir='ltr' id='par_1_84' title="bbox 1122 1855 1890 1894">
     <span class='ocr_line' id='line_1_85' title="bbox 1122 1855 1890 1894; baseline -0.007 -7"><span class='ocrx_word' id='word_1_567' title='bbox 1122 1860 1202 1894; x_wconf 75' lang='lat' dir='ltr'><strong>&#39;Quid</strong></span> <span class='ocrx_word' id='word_1_568' title='bbox 1228 1860 1306 1894; x_wconf 90' lang='lat' dir='ltr'><strong>plura</strong></span> <span class='ocrx_word' id='word_1_569' title='bbox 1331 1858 1467 1893; x_wconf 87' lang='lat' dir='ltr'><strong>proferam</strong></span> <span class='ocrx_word' id='word_1_570' title='bbox 1493 1866 1526 1884; x_wconf 75' lang='lat' dir='ltr'><strong>ex</strong></span> <span class='ocrx_word' id='word_1_571' title='bbox 1551 1857 1632 1888; x_wconf 87' lang='lat' dir='ltr'><strong>libro,</strong></span> <span class='ocrx_word' id='word_1_572' title='bbox 1652 1864 1706 1890; x_wconf 90' lang='lat' dir='ltr'><strong>quo</strong></span> <span class='ocrx_word' id='word_1_573' title='bbox 1732 1863 1786 1882; x_wconf 92' lang='lat' dir='ltr'><strong>uno</strong></span> <span class='ocrx_word' id='word_1_574' title='bbox 1808 1855 1890 1882; x_wconf 84' lang='lat' dir='ltr'><strong>colle—</strong></span> 
     </span>
    </p>
   </div>
   <div class='ocr_carea' id='block_1_85' title="bbox 1098 1899 1890 1936">
    <p class='ocr_par' dir='ltr' id='par_1_85' title="bbox 1098 1899 1890 1936">
     <span class='ocr_line' id='line_1_86' title="bbox 1098 1899 1890 1936; baseline -0.011 -2"><span class='ocrx_word' id='word_1_575' title='bbox 1098 1910 1170 1934; x_wconf 88' lang='lat' dir='ltr'><strong>ctam</strong></span> <span class='ocrx_word' id='word_1_576' title='bbox 1187 1904 1333 1932; x_wconf 90' lang='lat' dir='ltr'><strong>duodecim</strong></span> <span class='ocrx_word' id='word_1_577' title='bbox 1348 1903 1410 1931; x_wconf 87' lang='lat' dir='ltr'><strong>aliis</strong></span> <span class='ocrx_word' id='word_1_578' title='bbox 1427 1903 1560 1930; x_wconf 68' lang='lat' dir='ltr'><strong>doctrinae</strong></span> <span class='ocrx_word' id='word_1_579' title='bbox 1582 1906 1663 1936; x_wconf 87' lang='lat' dir='ltr'><strong>atque</strong></span> <span class='ocrx_word' id='word_1_580' title='bbox 1680 1901 1762 1928; x_wconf 89' lang='lat' dir='ltr'><strong>etiam</strong></span> <span class='ocrx_word' id='word_1_581' title='bbox 1781 1899 1890 1935; x_wconf 82' lang='lat' dir='ltr'><strong>pictatis</strong></span> 
     </span>
    </p>
   </div>
   <div class='ocr_carea' id='block_1_86' title="bbox 1104 1939 1890 1984">
    <p class='ocr_par' dir='ltr' id='par_1_86' title="bbox 1104 1939 1890 1984">
     <span class='ocr_line' id='line_1_87' title="bbox 1104 1939 1890 1984; baseline -0.01 -5"><span class='ocrx_word' id='word_1_582' title='bbox 1104 1939 1208 1979; x_wconf 43' lang='lat' dir='ltr'><strong>famam.</strong></span> <span class='ocrx_word' id='word_1_583' title='bbox 1228 1950 1398 1984; x_wconf 80' lang='lat' dir='ltr'><strong>inquinavit?</strong></span> <span class='ocrx_word' id='word_1_584' title='bbox 1409 1949 1475 1982; x_wconf 74' lang='lat' dir='ltr'><strong>Qua:</strong></span> <span class='ocrx_word' id='word_1_585' title='bbox 1499 1947 1607 1974; x_wconf 83' lang='lat' dir='ltr'><strong>felicior</strong></span> <span class='ocrx_word' id='word_1_586' title='bbox 1626 1946 1787 1974; x_wconf 78' lang='lat' dir='ltr'><strong>exstitisset.</strong></span> <span class='ocrx_word' id='word_1_587' title='bbox 1809 1948 1890 1979; x_wconf 87' lang='lat' dir='ltr'><strong>atque</strong></span> 
     </span>
    </p>
   </div>
   <div class='ocr_carea' id='block_1_87' title="bbox 1099 1988 1889 2031">
    <p class='ocr_par' dir='ltr' id='par_1_87' title="bbox 1099 1988 1889 2031">
     <span class='ocr_line' id='line_1_88' title="bbox 1099 1988 1889 2031; baseline -0.014 -7"><span class='ocrx_word' id='word_1_588' title='bbox 1099 1996 1182 2024; x_wconf 86' lang='lat' dir='ltr'><strong>etiam</strong></span> <span class='ocrx_word' id='word_1_589' title='bbox 1204 1993 1376 2031; x_wconf 84' lang='lat' dir='ltr'><strong>prudentior,</strong></span> <span class='ocrx_word' id='word_1_590' title='bbox 1396 1993 1419 2020; x_wconf 90' lang='lat' dir='ltr'><strong>si</strong></span> <span class='ocrx_word' id='word_1_591' title='bbox 1442 1990 1584 2019; x_wconf 90' lang='lat' dir='ltr'><strong>charitatis</strong></span> <span class='ocrx_word' id='word_1_592' title='bbox 1605 1989 1741 2024; x_wconf 86' lang='lat' dir='ltr'><strong>impulsu,</strong></span> <span class='ocrx_word' id='word_1_593' title='bbox 1763 1988 1889 2023; x_wconf 74' lang='lat' dir='ltr'><strong>Vigilium</strong></span> 
     </span>
    </p>
   </div>
   <div class='ocr_carea' id='block_1_88' title="bbox 1100 2034 1890 2071">
    <p class='ocr_par' dir='ltr' id='par_1_88' title="bbox 1100 2034 1890 2071">
     <span class='ocr_line' id='line_1_89' title="bbox 1100 2034 1890 2071; baseline -0.013 -2"><span class='ocrx_word' id='word_1_594' title='bbox 1100 2047 1212 2069; x_wconf 87' lang='lat' dir='ltr'><strong>secutus</strong></span> <span class='ocrx_word' id='word_1_595' title='bbox 1231 2040 1328 2068; x_wconf 87' lang='lat' dir='ltr'><strong>fuisset</strong></span> <span class='ocrx_word' id='word_1_596' title='bbox 1344 2039 1502 2066; x_wconf 82' lang='lat' dir='ltr'><strong>studentem</strong></span> <span class='ocrx_word' id='word_1_597' title='bbox 1525 2036 1596 2071; x_wconf 87' lang='lat' dir='ltr'><strong>paci,</strong></span> <span class='ocrx_word' id='word_1_598' title='bbox 1618 2043 1668 2062; x_wconf 81' lang='lat' dir='ltr'><strong>nec</strong></span> <span class='ocrx_word' id='word_1_599' title='bbox 1688 2034 1890 2062; x_wconf 85' lang='lat' dir='ltr'><strong>Donatistarum</strong></span> 
     </span>
    </p>
   </div>
   <div class='ocr_carea' id='block_1_89' title="bbox 1101 2083 1581 2118">
    <p class='ocr_par' dir='ltr' id='par_1_89' title="bbox 1101 2083 1581 2118">
     <span class='ocr_line' id='line_1_90' title="bbox 1101 2083 1581 2118; baseline -0.015 -3"><span class='ocrx_word' id='word_1_600' title='bbox 1101 2095 1178 2115; x_wconf 89' lang='lat' dir='ltr'><strong>more</strong></span> <span class='ocrx_word' id='word_1_601' title='bbox 1193 2086 1314 2114; x_wconf 81' lang='lat' dir='ltr'><strong>Africam</strong></span> <span class='ocrx_word' id='word_1_602' title='bbox 1330 2084 1391 2111; x_wconf 90' lang='lat' dir='ltr'><strong>orbi</strong></span> <span class='ocrx_word' id='word_1_603' title='bbox 1405 2083 1581 2118; x_wconf 60' lang='lat' dir='ltr'><strong>praetulisset.</strong></span> 
     </span>
    </p>
   </div>
   <div class='ocr_carea' id='block_1_90' title="bbox 1137 2124 1892 2167">
    <p class='ocr_par' dir='ltr' id='par_1_90' title="bbox 1137 2124 1892 2167">
     <span class='ocr_line' id='line_1_91' title="bbox 1137 2124 1892 2167; baseline -0.016 -5"><span class='ocrx_word' id='word_1_604' title='bbox 1137 2134 1194 2161; x_wconf 85' lang='lat' dir='ltr'><strong>Vll.</strong></span> <span class='ocrx_word' id='word_1_605' title='bbox 1208 2133 1355 2167; x_wconf 83' lang='lat' dir='ltr'><strong>Postquam</strong></span> <span class='ocrx_word' id='word_1_606' title='bbox 1370 2129 1494 2157; x_wconf 92' lang='lat' dir='ltr'><strong>auditum</strong></span> <span class='ocrx_word' id='word_1_607' title='bbox 1506 2132 1547 2155; x_wconf 85' lang='lat' dir='ltr'><strong>est</strong></span> <span class='ocrx_word' id='word_1_608' title='bbox 1563 2128 1589 2154; x_wconf 91' lang='lat' dir='ltr'><strong>in</strong></span> <span class='ocrx_word' id='word_1_609' title='bbox 1603 2126 1673 2153; x_wconf 86' lang='lat' dir='ltr'><strong>urbe</strong></span> <span class='ocrx_word' id='word_1_610' title='bbox 1690 2126 1763 2160; x_wconf 76' lang='lat' dir='ltr'><strong>regia</strong></span> <span class='ocrx_word' id='word_1_611' title='bbox 1776 2125 1809 2152; x_wconf 90' lang='lat' dir='ltr'><strong>de</strong></span> <span class='ocrx_word' id='word_1_612' title='bbox 1823 2124 1892 2152; x_wconf 74' lang='lat' dir='ltr'><strong>Afri-</strong></span> 
     </span>
    </p>
   </div>
   <div class='ocr_carea' id='block_1_91' title="bbox 1103 2171 1894 2214">
    <p class='ocr_par' dir='ltr' id='par_1_91' title="bbox 1103 2171 1894 2214">
     <span class='ocr_line' id='line_1_92' title="bbox 1103 2171 1894 2214; baseline -0.015 -7"><span class='ocrx_word' id='word_1_613' title='bbox 1103 2187 1170 2207; x_wconf 80' lang='lat' dir='ltr'><strong>cana</strong></span> <span class='ocrx_word' id='word_1_614' title='bbox 1193 2177 1307 2214; x_wconf 88' lang='lat' dir='ltr'><strong>synodo,</strong></span> <span class='ocrx_word' id='word_1_615' title='bbox 1331 2177 1456 2210; x_wconf 88' lang='lat' dir='ltr'><strong>lectaque</strong></span> <span class='ocrx_word' id='word_1_616' title='bbox 1481 2174 1672 2208; x_wconf 86' lang='lat' dir='ltr'><strong>episcoporum</strong></span> <span class='ocrx_word' id='word_1_617' title='bbox 1694 2171 1727 2198; x_wconf 89' lang='lat' dir='ltr'><strong>ad</strong></span> <span class='ocrx_word' id='word_1_618' title='bbox 1749 2171 1894 2204; x_wconf 85' lang='lat' dir='ltr'><strong>imperato-</strong></span> 
     </span>
    </p>
   </div>
   <div class='ocr_carea' id='block_1_92' title="bbox 258 2213 1893 2267">
    <p class='ocr_par' dir='ltr' id='par_1_92' title="bbox 258 2213 1893 2267">
     <span class='ocr_line' id='line_1_93' title="bbox 258 2213 1893 2267; baseline -0.012 -7"><span class='ocrx_word' id='word_1_619' title='bbox 258 2232 432 2267; x_wconf 74' lang='lat' dir='ltr'><strong>dragesimus</strong></span> <span class='ocrx_word' id='word_1_620' title='bbox 452 2235 565 2258; x_wconf 85' lang='lat' dir='ltr'><strong>octavus</strong></span> <span class='ocrx_word' id='word_1_621' title='bbox 588 2229 709 2261; x_wconf 87' lang='lat' dir='ltr'><strong>Christi,</strong></span> <span class='ocrx_word' id='word_1_622' title='bbox 734 2228 882 2257; x_wconf 87' lang='lat' dir='ltr'><strong>Iustiniani</strong></span> <span class='ocrx_word' id='word_1_623' title='bbox 905 2229 1052 2256; x_wconf 86' lang='lat' dir='ltr'><strong>vicesimus</strong></span> <span class='ocrx_word' id='word_1_624' title='bbox 1068 2227 1090 2256; x_wconf 83' lang='lat' dir='ltr'>D</span> <span class='ocrx_word' id='word_1_625' title='bbox 1105 2233 1162 2253; x_wconf 87' lang='lat' dir='ltr'><strong>rem</strong></span> <span class='ocrx_word' id='word_1_626' title='bbox 1184 2224 1279 2251; x_wconf 88' lang='lat' dir='ltr'><strong>relatio</strong></span> <span class='ocrx_word' id='word_1_627' title='bbox 1302 2230 1351 2257; x_wconf 85' lang='lat' dir='ltr'><strong>per</strong></span> <span class='ocrx_word' id='word_1_628' title='bbox 1369 2219 1574 2256; x_wconf 78' lang='lat' dir='ltr'><strong>Magistrianum</strong></span> <span class='ocrx_word' id='word_1_629' title='bbox 1595 2216 1688 2267; x_wconf 46' lang='lat' dir='ltr'><strong>inissa:</strong></span> <span class='ocrx_word' id='word_1_630' title='bbox 1709 2214 1810 2250; x_wconf 80' lang='lat' dir='ltr'><strong>placuit</strong></span> <span class='ocrx_word' id='word_1_631' title='bbox 1826 2213 1893 2264; x_wconf 74' lang='lat' dir='ltr'><strong>inde</strong></span> 
     </span>
    </p>
   </div>
   <div class='ocr_carea' id='block_1_93' title="bbox 260 2274 1050 2310">
    <p class='ocr_par' dir='ltr' id='par_1_93' title="bbox 260 2274 1050 2310">
     <span class='ocr_line' id='line_1_94' title="bbox 260 2274 1050 2310; baseline -0.004 -5"><span class='ocrx_word' id='word_1_632' title='bbox 260 2277 410 2308; x_wconf 88' lang='lat' dir='ltr'><strong>secundus,</strong></span> <span class='ocrx_word' id='word_1_633' title='bbox 423 2285 438 2304; x_wconf 89' lang='lat' dir='ltr'><strong>a</strong></span> <span class='ocrx_word' id='word_1_634' title='bbox 449 2276 577 2304; x_wconf 82' lang='lat' dir='ltr'><strong>Kalendis</strong></span> <span class='ocrx_word' id='word_1_635' title='bbox 588 2275 699 2310; x_wconf 84' lang='lat' dir='ltr'><strong>Aprilis.</strong></span> <span class='ocrx_word' id='word_1_636' title='bbox 714 2275 829 2309; x_wconf 86' lang='lat' dir='ltr'><strong>Oportet</strong></span> <span class='ocrx_word' id='word_1_637' title='bbox 841 2275 924 2310; x_wconf 77' lang='lat' dir='ltr'><strong>igitur</strong></span> <span class='ocrx_word' id='word_1_638' title='bbox 935 2274 1050 2310; x_wconf 87' lang='lat' dir='ltr'><strong>Illyrios,</strong></span> 
     </span>
    </p>
   </div>
   <div class='ocr_carea' id='block_1_94' title="bbox 261 2319 1054 2351">
    <p class='ocr_par' dir='ltr' id='par_1_94' title="bbox 261 2319 1054 2351">
     <span class='ocr_line' id='line_1_95' title="bbox 261 2319 1054 2351; baseline -0.006 -1"><span class='ocrx_word' id='word_1_639' title='bbox 261 2323 353 2351; x_wconf 85' lang='lat' dir='ltr'><strong>statim</strong></span> <span class='ocrx_word' id='word_1_640' title='bbox 369 2322 463 2349; x_wconf 83' lang='lat' dir='ltr'><strong>audito</strong></span> <span class='ocrx_word' id='word_1_641' title='bbox 478 2321 575 2348; x_wconf 86' lang='lat' dir='ltr'><strong>nuntio</strong></span> <span class='ocrx_word' id='word_1_642' title='bbox 592 2321 625 2347; x_wconf 89' lang='lat' dir='ltr'><strong>de</strong></span> <span class='ocrx_word' id='word_1_643' title='bbox 642 2319 758 2347; x_wconf 82' lang='lat' dir='ltr'><strong>Judicati</strong></span> <span class='ocrx_word' id='word_1_644' title='bbox 778 2319 909 2346; x_wconf 78' lang='lat' dir='ltr'><strong>missione</strong></span> <span class='ocrx_word' id='word_1_645' title='bbox 929 2319 962 2346; x_wconf 90' lang='lat' dir='ltr'><strong>ad</strong></span> <span class='ocrx_word' id='word_1_646' title='bbox 979 2319 1054 2346; x_wconf 86' lang='lat' dir='ltr'><strong>Men-</strong></span> 
     </span>
    </p>
   </div>
   <div class='ocr_carea' id='block_1_95' title="bbox 262 2364 1054 2401">
    <p class='ocr_par' dir='ltr' id='par_1_95' title="bbox 262 2364 1054 2401">
     <span class='ocr_line' id='line_1_96' title="bbox 262 2364 1054 2401; baseline -0.005 -6"><span class='ocrx_word' id='word_1_647' title='bbox 262 2376 342 2400; x_wconf 89' lang='lat' dir='ltr'><strong>nam,</strong></span> <span class='ocrx_word' id='word_1_648' title='bbox 366 2366 539 2394; x_wconf 87' lang='lat' dir='ltr'><strong>concurrisse</strong></span> <span class='ocrx_word' id='word_1_649' title='bbox 559 2366 592 2393; x_wconf 86' lang='lat' dir='ltr'><strong>ad</strong></span> <span class='ocrx_word' id='word_1_650' title='bbox 613 2365 693 2400; x_wconf 78' lang='lat'><strong>237</strong></span> <span class='ocrx_word' id='word_1_651' title='bbox 709 2365 854 2401; x_wconf 85' lang='lat' dir='ltr'><strong>synodum,</strong></span> <span class='ocrx_word' id='word_1_652' title='bbox 885 2364 944 2396; x_wconf 75' lang='lat' dir='ltr'><strong>sed,</strong></span> <span class='ocrx_word' id='word_1_653' title='bbox 966 2369 995 2392; x_wconf 91' lang='lat' dir='ltr'><strong>ut</strong></span> <span class='ocrx_word' id='word_1_654' title='bbox 1012 2369 1054 2391; x_wconf 86' lang='lat' dir='ltr'><strong>est</strong></span> 
     </span>
    </p>
   </div>
   <div class='ocr_carea' id='block_1_96' title="bbox 263 2409 1054 2448">
    <p class='ocr_par' dir='ltr' id='par_1_96' title="bbox 263 2409 1054 2448">
     <span class='ocr_line' id='line_1_97' title="bbox 263 2409 1054 2448; baseline -0.006 -7"><span class='ocrx_word' id='word_1_655' title='bbox 263 2415 304 2441; x_wconf 89' lang='lat' dir='ltr'><strong>ira</strong></span> <span class='ocrx_word' id='word_1_656' title='bbox 320 2420 442 2448; x_wconf 71' lang='lat' dir='ltr'><strong>prmccps</strong></span> <span class='ocrx_word' id='word_1_657' title='bbox 457 2419 489 2439; x_wconf 89' lang='lat' dir='ltr'><strong>ac</strong></span> <span class='ocrx_word' id='word_1_658' title='bbox 505 2411 674 2443; x_wconf 84' lang='lat' dir='ltr'><strong>turbulenta,</strong></span> <span class='ocrx_word' id='word_1_659' title='bbox 690 2411 859 2438; x_wconf 86' lang='lat' dir='ltr'><strong>tumultuose</strong></span> <span class='ocrx_word' id='word_1_660' title='bbox 876 2414 903 2437; x_wconf 85' lang='lat' dir='ltr'><strong>ct</strong></span> <span class='ocrx_word' id='word_1_661' title='bbox 922 2409 1054 2445; x_wconf 84' lang='lat' dir='ltr'><strong>injuriosc</strong></span> 
     </span>
    </p>
   </div>
   <div class='ocr_carea' id='block_1_97' title="bbox 263 2456 1054 2492">
    <p class='ocr_par' dir='ltr' id='par_1_97' title="bbox 263 2456 1054 2492">
     <span class='ocr_line' id='line_1_98' title="bbox 263 2456 1054 2492; baseline -0.008 -6"><span class='ocrx_word' id='word_1_662' title='bbox 263 2467 321 2486; x_wconf 90' lang='lat' dir='ltr'><strong>rem</strong></span> <span class='ocrx_word' id='word_1_663' title='bbox 346 2458 448 2492; x_wconf 82' lang='lat' dir='ltr'><strong>egisse;</strong></span> <span class='ocrx_word' id='word_1_664' title='bbox 470 2465 550 2488; x_wconf 88' lang='lat' dir='ltr'><strong>nam,</strong></span> <span class='ocrx_word' id='word_1_665' title='bbox 568 2461 595 2483; x_wconf 77' lang='lat' dir='ltr'><strong>et</strong></span> <span class='ocrx_word' id='word_1_666' title='bbox 619 2456 654 2483; x_wconf 83' lang='lat' dir='ltr'><strong>ab</strong></span> <span class='ocrx_word' id='word_1_667' title='bbox 680 2456 757 2484; x_wconf 85' lang='lat' dir='ltr'><strong>iratis</strong></span> <span class='ocrx_word' id='word_1_668' title='bbox 778 2456 915 2491; x_wconf 86' lang='lat' dir='ltr'><strong>episcopis</strong></span> <span class='ocrx_word' id='word_1_669' title='bbox 931 2464 1054 2483; x_wconf 78' lang='lat' dir='ltr'><strong>summus</strong></span> 
     </span>
    </p>
   </div>
   <div class='ocr_carea' id='block_1_98' title="bbox 264 2500 1055 2540">
    <p class='ocr_par' dir='ltr' id='par_1_98' title="bbox 264 2500 1055 2540">
     <span class='ocr_line' id='line_1_99' title="bbox 264 2500 1055 2540; baseline -0.005 -9"><span class='ocrx_word' id='word_1_670' title='bbox 264 2504 388 2540; x_wconf 83' lang='lat' dir='ltr'><strong>pontifex</strong></span> <span class='ocrx_word' id='word_1_671' title='bbox 407 2503 519 2537; x_wconf 73' lang='lat' dir='ltr'><strong>indigna</strong></span> <span class='ocrx_word' id='word_1_672' title='bbox 537 2509 633 2536; x_wconf 86' lang='lat' dir='ltr'><strong>passus</strong></span> <span class='ocrx_word' id='word_1_673' title='bbox 648 2506 700 2534; x_wconf 87' lang='lat' dir='ltr'><strong>est,</strong></span> <span class='ocrx_word' id='word_1_674' title='bbox 718 2506 745 2529; x_wconf 88' lang='lat' dir='ltr'><strong>et</strong></span> <span class='ocrx_word' id='word_1_675' title='bbox 760 2502 914 2529; x_wconf 85' lang='lat' dir='ltr'><strong>Bcneuatus</strong></span> <span class='ocrx_word' id='word_1_676' title='bbox 930 2509 945 2528; x_wconf 88' lang='lat' dir='ltr'><strong>a</strong></span> <span class='ocrx_word' id='word_1_677' title='bbox 960 2500 1055 2528; x_wconf 87' lang='lat' dir='ltr'><strong>subdi-</strong></span> 
     </span>
    </p>
   </div>
   <div class='ocr_carea' id='block_1_99' title="bbox 266 2547 1054 2582">
    <p class='ocr_par' dir='ltr' id='par_1_99' title="bbox 266 2547 1054 2582">
     <span class='ocr_line' id='line_1_100' title="bbox 266 2547 1054 2582; baseline -0.005 -5"><span class='ocrx_word' id='word_1_678' title='bbox 266 2551 302 2577; x_wconf 90' lang='lat' dir='ltr'><strong>tis</strong></span> <span class='ocrx_word' id='word_1_679' title='bbox 318 2549 479 2578; x_wconf 85' lang='lat' dir='ltr'><strong>damnatus,</strong></span> <span class='ocrx_word' id='word_1_680' title='bbox 502 2552 529 2575; x_wconf 86' lang='lat' dir='ltr'><strong>et</strong></span> <span class='ocrx_word' id='word_1_681' title='bbox 553 2547 701 2582; x_wconf 86' lang='lat' dir='ltr'><strong>imperator</strong></span> <span class='ocrx_word' id='word_1_682' title='bbox 726 2548 759 2574; x_wconf 91' lang='lat' dir='ltr'><strong>ab</strong></span> <span class='ocrx_word' id='word_1_683' title='bbox 784 2547 897 2582; x_wconf 79' lang='lat' dir='ltr'><strong>ingratis</strong></span> <span class='ocrx_word' id='word_1_684' title='bbox 915 2547 985 2574; x_wconf 85' lang='lat' dir='ltr'><strong>male</strong></span> <span class='ocrx_word' id='word_1_685' title='bbox 1005 2547 1054 2574; x_wconf 78' lang='lat' dir='ltr'><strong>ha-</strong></span> 
     </span>
    </p>
   </div>
   <div class='ocr_carea' id='block_1_100' title="bbox 266 2594 350 2621">
    <p class='ocr_par' dir='ltr' id='par_1_100' title="bbox 266 2594 350 2621">
     <span class='ocr_line' id='line_1_101' title="bbox 266 2594 350 2621; baseline -0.012 0"><span class='ocrx_word' id='word_1_686' title='bbox 266 2594 350 2621; x_wconf 82' lang='lat' dir='ltr'><strong>bitus.</strong></span> 
     </span>
    </p>
   </div>
   <div class='ocr_carea' id='block_1_101' title="bbox 303 2638 1060 2673">
    <p class='ocr_par' dir='ltr' id='par_1_101' title="bbox 303 2638 1060 2673">
     <span class='ocr_line' id='line_1_102' title="bbox 303 2638 1060 2673; baseline -0.004 -7"><span class='ocrx_word' id='word_1_687' title='bbox 303 2639 346 2666; x_wconf 84' lang='lat' dir='ltr'><strong>Vl.</strong></span> <span class='ocrx_word' id='word_1_688' title='bbox 363 2639 416 2666; x_wconf 84' lang='lat' dir='ltr'><strong>Sed</strong></span> <span class='ocrx_word' id='word_1_689' title='bbox 430 2647 502 2666; x_wconf 87' lang='lat' dir='ltr'><strong>anno</strong></span> <span class='ocrx_word' id='word_1_690' title='bbox 517 2643 649 2673; x_wconf 86' lang='lat' dir='ltr'><strong>sequente</strong></span> <span class='ocrx_word' id='word_1_691' title='bbox 661 2639 770 2673; x_wconf 74' lang='lat' dir='ltr'><strong>longius</strong></span> <span class='ocrx_word' id='word_1_692' title='bbox 781 2638 907 2665; x_wconf 79' lang='lat' dir='ltr'><strong>Afrorum</strong></span> <span class='ocrx_word' id='word_1_693' title='bbox 925 2638 1060 2671; x_wconf 80' lang='lat' dir='ltr'><strong>impoten-</strong></span> 
     </span>
    </p>
   </div>
   <div class='ocr_carea' id='block_1_102' title="bbox 267 2684 1058 2721">
    <p class='ocr_par' dir='ltr' id='par_1_102' title="bbox 267 2684 1058 2721">
     <span class='ocr_line' id='line_1_103' title="bbox 267 2684 1058 2721; baseline -0.005 -8"><span class='ocrx_word' id='word_1_694' title='bbox 267 2687 304 2715; x_wconf 77' lang='lat' dir='ltr'><strong>tia</strong></span> <span class='ocrx_word' id='word_1_695' title='bbox 322 2686 457 2721; x_wconf 88' lang='lat' dir='ltr'><strong>prorupit,</strong></span> <span class='ocrx_word' id='word_1_696' title='bbox 471 2686 497 2713; x_wconf 89' lang='lat' dir='ltr'><strong>id</strong></span> <span class='ocrx_word' id='word_1_697' title='bbox 513 2694 589 2717; x_wconf 84' lang='lat' dir='ltr'><strong>ausa,</strong></span> <span class='ocrx_word' id='word_1_698' title='bbox 606 2685 679 2719; x_wconf 86' lang='lat' dir='ltr'><strong>quod</strong></span> <span class='ocrx_word' id='word_1_699' title='bbox 696 2692 711 2711; x_wconf 89' lang='lat' dir='ltr'><strong>a</strong></span> <span class='ocrx_word' id='word_1_700' title='bbox 729 2685 837 2711; x_wconf 75' lang='lat' dir='ltr'><strong>incuriae</strong></span> <span class='ocrx_word' id='word_1_701' title='bbox 853 2684 985 2711; x_wconf 74' lang='lat' dir='ltr'><strong>hactenus</strong></span> <span class='ocrx_word' id='word_1_702' title='bbox 999 2688 1058 2710; x_wconf 79' lang='lat' dir='ltr'><strong>ten-</strong></span> 
     </span>
    </p>
   </div>
   <div class='ocr_carea' id='block_1_103' title="bbox 268 2728 1060 2765">
    <p class='ocr_par' dir='ltr' id='par_1_103' title="bbox 268 2728 1060 2765">
     <span class='ocr_line' id='line_1_104' title="bbox 268 2728 1060 2765; baseline -0.004 -7"><span class='ocrx_word' id='word_1_703' title='bbox 268 2737 366 2760; x_wconf 84' lang='lat' dir='ltr'><strong>tatum.</strong></span> <span class='ocrx_word' id='word_1_704' title='bbox 384 2733 481 2760; x_wconf 82' lang='lat' dir='ltr'><strong>Narret</strong></span> <span class='ocrx_word' id='word_1_705' title='bbox 496 2733 589 2758; x_wconf 78' lang='lat' dir='ltr'><strong>Victor</strong></span> <span class='ocrx_word' id='word_1_706' title='bbox 610 2731 668 2765; x_wconf 81' lang='lat' dir='ltr'><strong>ipse</strong></span> <span class='ocrx_word' id='word_1_707' title='bbox 690 2731 746 2758; x_wconf 84' lang='lat' dir='ltr'><strong>suis</strong></span> <span class='ocrx_word' id='word_1_708' title='bbox 768 2730 873 2757; x_wconf 73' lang='lat' dir='ltr'><strong>facinus</strong></span> <span class='ocrx_word' id='word_1_709' title='bbox 895 2737 989 2761; x_wconf 85' lang='lat' dir='ltr'><strong>suum;</strong></span> <span class='ocrx_word' id='word_1_710' title='bbox 1008 2728 1060 2756; x_wconf 84' lang='lat' dir='ltr'><strong>fuit</strong></span> 
     </span>
    </p>
   </div>
   <div class='ocr_carea' id='block_1_104' title="bbox 1105 2258 1892 2303">
    <p class='ocr_par' dir='ltr' id='par_1_104' title="bbox 1105 2258 1892 2303">
     <span class='ocr_line' id='line_1_105' title="bbox 1105 2258 1892 2303; baseline -0.017 -6"><span class='ocrx_word' id='word_1_711' title='bbox 1105 2276 1221 2297; x_wconf 82' lang='lat' dir='ltr'><strong>evocare</strong></span> <span class='ocrx_word' id='word_1_712' title='bbox 1236 2267 1389 2303; x_wconf 58' lang='lat' dir='ltr'><strong>praecipuos</strong></span> <span class='ocrx_word' id='word_1_713' title='bbox 1404 2264 1545 2300; x_wconf 70' lang='lat' dir='ltr'><strong>praesules,</strong></span> <span class='ocrx_word' id='word_1_714' title='bbox 1561 2262 1636 2290; x_wconf 81' lang='lat' dir='ltr'><strong>velut</strong></span> <span class='ocrx_word' id='word_1_715' title='bbox 1650 2261 1682 2288; x_wconf 87' lang='lat' dir='ltr'><strong>ad</strong></span> <span class='ocrx_word' id='word_1_716' title='bbox 1699 2258 1892 2287; x_wconf 56' lang='lat' dir='ltr'><strong>u‘cutnenieam</strong></span> 
     </span>
    </p>
   </div>
   <div class='ocr_carea' id='block_1_105' title="bbox 1106 2304 1895 2349">
    <p class='ocr_par' dir='ltr' id='par_1_105' title="bbox 1106 2304 1895 2349">
     <span class='ocr_line' id='line_1_106' title="bbox 1106 2304 1895 2349; baseline -0.018 -7"><span class='ocrx_word' id='word_1_717' title='bbox 1106 2313 1250 2349; x_wconf 86' lang='lat' dir='ltr'><strong>synodum.</strong></span> <span class='ocrx_word' id='word_1_718' title='bbox 1263 2312 1403 2339; x_wconf 78' lang='lat' dir='ltr'><strong>Venerunt</strong></span> <span class='ocrx_word' id='word_1_719' title='bbox 1416 2309 1548 2343; x_wconf 88' lang='lat' dir='ltr'><strong>primates</strong></span> <span class='ocrx_word' id='word_1_720' title='bbox 1564 2306 1646 2342; x_wconf 78' lang='lat'><strong>238</strong></span> <span class='ocrx_word' id='word_1_721' title='bbox 1664 2305 1729 2336; x_wconf 91' lang='lat' dir='ltr'><strong>duo,</strong></span> <span class='ocrx_word' id='word_1_722' title='bbox 1745 2304 1895 2338; x_wconf 71' lang='lat' dir='ltr'><strong>lteparatus</strong></span> 
     </span>
    </p>
   </div>
   <div class='ocr_carea' id='block_1_106' title="bbox 1106 2349 1896 2388">
    <p class='ocr_par' dir='ltr' id='par_1_106' title="bbox 1106 2349 1896 2388">
     <span class='ocr_line' id='line_1_107' title="bbox 1106 2349 1896 2388; baseline -0.018 -1"><span class='ocrx_word' id='word_1_723' title='bbox 1106 2358 1359 2388; x_wconf 80' lang='lat' dir='ltr'><strong>Proconsularium.</strong></span> <span class='ocrx_word' id='word_1_724' title='bbox 1376 2356 1484 2382; x_wconf 87' lang='lat' dir='ltr'><strong>Firmus</strong></span> <span class='ocrx_word' id='word_1_725' title='bbox 1500 2352 1696 2382; x_wconf 84' lang='lat' dir='ltr'><strong>Numidarum;</strong></span> <span class='ocrx_word' id='word_1_726' title='bbox 1717 2349 1814 2384; x_wconf 79' lang='lat' dir='ltr'><strong>reliqui</strong></span> <span class='ocrx_word' id='word_1_727' title='bbox 1833 2356 1896 2383; x_wconf 85' lang='lat' dir='ltr'><strong>pro-</strong></span> 
     </span>
    </p>
   </div>
   <div class='ocr_carea' id='block_1_107' title="bbox 1107 2393 1896 2432">
    <p class='ocr_par' dir='ltr' id='par_1_107' title="bbox 1107 2393 1896 2432">
     <span class='ocr_line' id='line_1_108' title="bbox 1107 2393 1896 2432; baseline -0.015 -2"><span class='ocrx_word' id='word_1_728' title='bbox 1107 2405 1260 2432; x_wconf 84' lang='lat' dir='ltr'><strong>vinciarum</strong></span> <span class='ocrx_word' id='word_1_729' title='bbox 1290 2402 1415 2429; x_wconf 85' lang='lat' dir='ltr'><strong>seniores</strong></span> <span class='ocrx_word' id='word_1_730' title='bbox 1440 2399 1576 2426; x_wconf 80' lang='lat' dir='ltr'><strong>miserunt</strong></span> <span class='ocrx_word' id='word_1_731' title='bbox 1601 2397 1714 2432; x_wconf 76' lang='lat' dir='ltr'><strong>legatos.</strong></span> <span class='ocrx_word' id='word_1_732' title='bbox 1739 2393 1810 2427; x_wconf 85' lang='lat' dir='ltr'><strong>Quid</strong></span> <span class='ocrx_word' id='word_1_733' title='bbox 1831 2401 1896 2419; x_wconf 79' lang='lat' dir='ltr'><strong>vero</strong></span> 
     </span>
    </p>
   </div>
   <div class='ocr_carea' id='block_1_108' title="bbox 1107 2438 1895 2483">
    <p class='ocr_par' dir='ltr' id='par_1_108' title="bbox 1107 2438 1895 2483">
     <span class='ocr_line' id='line_1_109' title="bbox 1107 2438 1895 2483; baseline -0.019 -4"><span class='ocrx_word' id='word_1_734' title='bbox 1107 2448 1344 2483; x_wconf 87' lang='lat' dir='ltr'><strong>Constantinopoli</strong></span> <span class='ocrx_word' id='word_1_735' title='bbox 1361 2446 1478 2482; x_wconf 77' lang='lat' dir='ltr'><strong>egerint,</strong></span> <span class='ocrx_word' id='word_1_736' title='bbox 1492 2453 1545 2480; x_wconf 89' lang='lat' dir='ltr'><strong>qua</strong></span> <span class='ocrx_word' id='word_1_737' title='bbox 1561 2442 1711 2478; x_wconf 86' lang='lat' dir='ltr'><strong>pertinacia</strong></span> <span class='ocrx_word' id='word_1_738' title='bbox 1725 2439 1838 2467; x_wconf 87' lang='lat' dir='ltr'><strong>tulerint</strong></span> <span class='ocrx_word' id='word_1_739' title='bbox 1850 2438 1895 2465; x_wconf 89' lang='lat' dir='ltr'><strong>alii</strong></span> 
     </span>
    </p>
   </div>
   <div class='ocr_carea' id='block_1_109' title="bbox 1107 2487 1897 2527">
    <p class='ocr_par' dir='ltr' id='par_1_109' title="bbox 1107 2487 1897 2527">
     <span class='ocr_line' id='line_1_110' title="bbox 1107 2487 1897 2527; baseline -0.018 -3"><span class='ocrx_word' id='word_1_740' title='bbox 1107 2496 1215 2527; x_wconf 82' lang='lat' dir='ltr'><strong>exsilia,</strong></span> <span class='ocrx_word' id='word_1_741' title='bbox 1231 2495 1276 2522; x_wconf 90' lang='lat' dir='ltr'><strong>alii</strong></span> <span class='ocrx_word' id='word_1_742' title='bbox 1298 2501 1424 2521; x_wconf 83' lang='lat' dir='ltr'><strong>carceres</strong></span> <span class='ocrx_word' id='word_1_743' title='bbox 1447 2499 1497 2527; x_wconf 90' lang='lat' dir='ltr'><strong>pro</strong></span> <span class='ocrx_word' id='word_1_744' title='bbox 1519 2490 1609 2518; x_wconf 86' lang='lat' dir='ltr'><strong>tribus</strong></span> <span class='ocrx_word' id='word_1_745' title='bbox 1629 2487 1767 2522; x_wconf 71' lang='lat' dir='ltr'><strong>capitulis.</strong></span> <span class='ocrx_word' id='word_1_746' title='bbox 1783 2493 1835 2520; x_wconf 87' lang='lat' dir='ltr'><strong>qua</strong></span> <span class='ocrx_word' id='word_1_747' title='bbox 1856 2492 1897 2511; x_wconf 90' lang='lat' dir='ltr'><strong>ra-</strong></span> 
     </span>
    </p>
   </div>
   <div class='ocr_carea' id='block_1_110' title="bbox 1110 2531 1896 2576">
    <p class='ocr_par' dir='ltr' id='par_1_110' title="bbox 1110 2531 1896 2576">
     <span class='ocr_line' id='line_1_111' title="bbox 1110 2531 1896 2576; baseline -0.018 -7"><span class='ocrx_word' id='word_1_748' title='bbox 1110 2541 1320 2576; x_wconf 53' lang='lat' dir='ltr'><strong>tione.quidam,</strong></span> <span class='ocrx_word' id='word_1_749' title='bbox 1335 2539 1391 2566; x_wconf 72' lang='lat' dir='ltr'><strong>sive</strong></span> <span class='ocrx_word' id='word_1_750' title='bbox 1404 2537 1535 2572; x_wconf 65' lang='lat' dir='ltr'><strong>prmiuiis,</strong></span> <span class='ocrx_word' id='word_1_751' title='bbox 1551 2535 1607 2563; x_wconf 84' lang='lat' dir='ltr'><strong>sive</strong></span> <span class='ocrx_word' id='word_1_752' title='bbox 1620 2534 1724 2560; x_wconf 83' lang='lat' dir='ltr'><strong>sedium</strong></span> <span class='ocrx_word' id='word_1_753' title='bbox 1738 2531 1896 2565; x_wconf 82' lang='lat' dir='ltr'><strong>cupiditate,</strong></span> 
     </span>
    </p>
   </div>
   <div class='ocr_carea' id='block_1_111' title="bbox 1111 2574 1897 2619">
    <p class='ocr_par' dir='ltr' id='par_1_111' title="bbox 1111 2574 1897 2619">
     <span class='ocr_line' id='line_1_112' title="bbox 1111 2574 1897 2619; baseline -0.02 -3"><span class='ocrx_word' id='word_1_754' title='bbox 1111 2574 1274 2616; x_wconf 75' lang='lat' dir='ltr'><strong>recesserint</strong></span> <span class='ocrx_word' id='word_1_755' title='bbox 1291 2585 1318 2612; x_wconf 87' lang='lat' dir='ltr'><strong>in</strong></span> <span class='ocrx_word' id='word_1_756' title='bbox 1336 2589 1427 2619; x_wconf 87' lang='lat' dir='ltr'><strong>partes</strong></span> <span class='ocrx_word' id='word_1_757' title='bbox 1441 2580 1600 2611; x_wconf 81' lang='lat' dir='ltr'><strong>Iustiniani,</strong></span> <span class='ocrx_word' id='word_1_758' title='bbox 1621 2582 1712 2606; x_wconf 86' lang='lat' dir='ltr'><strong>narrat</strong></span> <span class='ocrx_word' id='word_1_759' title='bbox 1733 2577 1826 2604; x_wconf 76' lang='lat' dir='ltr'><strong>Victor</strong></span> <span class='ocrx_word' id='word_1_760' title='bbox 1845 2574 1897 2601; x_wconf 87' lang='lat' dir='ltr'><strong>Tu-</strong></span> 
     </span>
    </p>
   </div>
   <div class='ocr_carea' id='block_1_112' title="bbox 1110 2622 1898 2664">
    <p class='ocr_par' dir='ltr' id='par_1_112' title="bbox 1110 2622 1898 2664">
     <span class='ocr_line' id='line_1_113' title="bbox 1110 2622 1898 2664; baseline -0.018 -3"><span class='ocrx_word' id='word_1_761' title='bbox 1110 2634 1251 2664; x_wconf 77' lang='lat' dir='ltr'><strong>nunensis,</strong></span> <span class='ocrx_word' id='word_1_762' title='bbox 1274 2639 1324 2659; x_wconf 76' lang='lat' dir='ltr'><strong>nec</strong></span> <span class='ocrx_word' id='word_1_763' title='bbox 1343 2639 1371 2657; x_wconf 83' lang='lat' dir='ltr'><strong>se</strong></span> <span class='ocrx_word' id='word_1_764' title='bbox 1395 2628 1554 2656; x_wconf 83' lang='lat' dir='ltr'><strong>illaudalum</strong></span> <span class='ocrx_word' id='word_1_765' title='bbox 1578 2632 1639 2653; x_wconf 80' lang='lat' dir='ltr'><strong>esse</strong></span> <span class='ocrx_word' id='word_1_766' title='bbox 1661 2624 1741 2656; x_wconf 83' lang='lat' dir='ltr'><strong>sinit;</strong></span> <span class='ocrx_word' id='word_1_767' title='bbox 1766 2622 1786 2649; x_wconf 87' lang='lat' dir='ltr'><strong>si</strong></span> <span class='ocrx_word' id='word_1_768' title='bbox 1810 2629 1898 2649; x_wconf 78' lang='lat' dir='ltr'><strong>tamen</strong></span> 
     </span>
    </p>
   </div>
   <div class='ocr_carea' id='block_1_113' title="bbox 1112 2669 1845 2715">
    <p class='ocr_par' dir='ltr' id='par_1_113' title="bbox 1112 2669 1845 2715">
     <span class='ocr_line' id='line_1_114' title="bbox 1112 2669 1845 2715; baseline -0.019 -8"><span class='ocrx_word' id='word_1_769' title='bbox 1112 2680 1198 2715; x_wconf 77' lang='lat' dir='ltr'><strong>ipsius</strong></span> <span class='ocrx_word' id='word_1_770' title='bbox 1209 2684 1250 2705; x_wconf 74' lang='lat' dir='ltr'><strong>est</strong></span> <span class='ocrx_word' id='word_1_771' title='bbox 1265 2685 1327 2712; x_wconf 87' lang='lat' dir='ltr'><strong>pars</strong></span> <span class='ocrx_word' id='word_1_772' title='bbox 1337 2680 1457 2702; x_wconf 60' lang='lat' dir='ltr'><strong>extrema</strong></span> <span class='ocrx_word' id='word_1_773' title='bbox 1468 2671 1608 2703; x_wconf 86' lang='lat' dir='ltr'><strong>Chronici,</strong></span> <span class='ocrx_word' id='word_1_774' title='bbox 1621 2669 1693 2707; x_wconf 89' lang='lat' dir='ltr'><strong>quod</strong></span> <span class='ocrx_word' id='word_1_775' title='bbox 1704 2677 1759 2696; x_wconf 92' lang='lat' dir='ltr'><strong>non</strong></span> <span class='ocrx_word' id='word_1_776' title='bbox 1775 2675 1845 2694; x_wconf 86' lang='lat' dir='ltr'><strong>reor.</strong></span> 
     </span>
    </p>
   </div>
   <div class='ocr_carea' id='block_1_114' title="bbox 1149 2714 1900 2752">
    <p class='ocr_par' dir='ltr' id='par_1_114' title="bbox 1149 2714 1900 2752">
     <span class='ocr_line' id='line_1_115' title="bbox 1149 2714 1900 2752; baseline -0.02 0"><span class='ocrx_word' id='word_1_777' title='bbox 1149 2724 1215 2752; x_wconf 86' lang='lat' dir='ltr'><strong>Vill.</strong></span> <span class='ocrx_word' id='word_1_778' title='bbox 1232 2723 1300 2750; x_wconf 89' lang='lat' dir='ltr'><strong>Dum</strong></span> <span class='ocrx_word' id='word_1_779' title='bbox 1319 2721 1377 2748; x_wconf 73' lang='lat' dir='ltr'><strong>haec</strong></span> <span class='ocrx_word' id='word_1_780' title='bbox 1395 2720 1421 2752; x_wconf 88' lang='lat' dir='ltr'><strong>in</strong></span> <span class='ocrx_word' id='word_1_781' title='bbox 1440 2718 1523 2746; x_wconf 86' lang='lat' dir='ltr'><strong>variis</strong></span> <span class='ocrx_word' id='word_1_782' title='bbox 1539 2715 1633 2745; x_wconf 81' lang='lat' dir='ltr'><strong>mundi</strong></span> <span class='ocrx_word' id='word_1_783' title='bbox 1656 2714 1782 2751; x_wconf 85' lang='lat' dir='ltr'><strong>partibus</strong></span> <span class='ocrx_word' id='word_1_784' title='bbox 1802 2718 1900 2747; x_wconf 76' lang='lat' dir='ltr'><strong>gerun-</strong></span> 
     </span>
    </p>
   </div>
   <div class='ocr_carea' id='block_1_115' title="bbox 942 2792 1230 2825">
    <p class='ocr_par' dir='ltr' id='par_1_115' title="bbox 942 2792 1230 2825">
     <span class='ocr_line' id='line_1_116' title="bbox 942 2792 1230 2825; baseline -0.01 -2"><span class='ocrx_word' id='word_1_785' title='bbox 942 2795 1098 2825; x_wconf 69' lang='lat' dir='ltr'><strong>SCHULZEI</strong></span> <span class='ocrx_word' id='word_1_786' title='bbox 1117 2792 1230 2821; x_wconf 56' lang='grc' dir='ltr'><strong>ΝΟΤχΕ.</strong></span> 
     </span>
    </p>
   </div>
   <div class='ocr_carea' id='block_1_116' title="bbox 308 2828 1760 2879">
    <p class='ocr_par' dir='ltr' id='par_1_116' title="bbox 308 2828 1760 2879">
     <span class='ocr_line' id='line_1_117' title="bbox 308 2828 1760 2879; baseline -0.01 -6"><span class='ocrx_word' id='word_1_787' title='bbox 308 2845 329 2860; x_wconf 73' lang='grc'><strong>“³</strong></span> <span class='ocrx_word' id='word_1_788' title='bbox 346 2848 404 2879; x_wconf 81' lang='lat' dir='ltr'><strong>Qua</strong></span> <span class='ocrx_word' id='word_1_789' title='bbox 422 2848 534 2878; x_wconf 77' lang='lat' dir='ltr'><strong>ratione,</strong></span> <span class='ocrx_word' id='word_1_790' title='bbox 553 2851 605 2872; x_wconf 75' lang='lat' dir='ltr'><strong>etc.</strong></span> <span class='ocrx_word' id='word_1_791' title='bbox 619 2844 693 2873; x_wconf 66' lang='lat' dir='ltr'><strong>Nam:</strong></span> <span class='ocrx_word' id='word_1_792' title='bbox 703 2843 786 2873; x_wconf 81' lang='lat' dir='ltr'><strong>animi</strong></span> <span class='ocrx_word' id='word_1_793' title='bbox 806 2844 941 2871; x_wconf 77' lang='lat' dir='ltr'><strong>levitatem</strong></span> <span class='ocrx_word' id='word_1_794' title='bbox 963 2848 1075 2871; x_wconf 84' lang='lat' dir='ltr'><strong>testatur</strong></span> <span class='ocrx_word' id='word_1_795' title='bbox 1090 2841 1276 2869; x_wconf 66' lang='lat' dir='ltr'><strong>Constitution,</strong></span> <span class='ocrx_word' id='word_1_796' title='bbox 1295 2837 1327 2864; x_wconf 79' lang='lat' dir='ltr'><strong>de</strong></span> <span class='ocrx_word' id='word_1_797' title='bbox 1352 2843 1404 2871; x_wconf 79' lang='lat' dir='ltr'><strong>quo</strong></span> <span class='ocrx_word' id='word_1_798' title='bbox 1419 2834 1473 2863; x_wconf 74' lang='lat' dir='ltr'><strong>vid.</strong></span> <span class='ocrx_word' id='word_1_799' title='bbox 1488 2839 1608 2866; x_wconf 73' lang='lat' dir='ltr'><strong>sequens</strong></span> <span class='ocrx_word' id='word_1_800' title='bbox 1621 2833 1699 2864; x_wconf 57' lang='grc' dir='ltr'><strong>(πῖναι</strong></span> <span class='ocrx_word' id='word_1_801' title='bbox 1721 2828 1760 2855; x_wconf 72' lang='lat' dir='ltr'><strong>i9-</strong></span> 
     </span>
    </p>
   </div>
   <div class='ocr_carea' id='block_1_117' title="bbox 277 2880 724 2911">
    <p class='ocr_par' dir='ltr' id='par_1_117' title="bbox 277 2880 724 2911">
     <span class='ocr_line' id='line_1_118' title="bbox 277 2880 724 2911; baseline -0.007 -1"><span class='ocrx_word' id='word_1_802' title='bbox 277 2882 397 2911; x_wconf 64' lang='lat' dir='ltr'><strong>l’acuudi</strong></span> <span class='ocrx_word' id='word_1_803' title='bbox 412 2882 458 2909; x_wconf 86' lang='lat' dir='ltr'><strong>lib.</strong></span> <span class='ocrx_word' id='word_1_804' title='bbox 476 2883 540 2908; x_wconf 73' lang='lat' dir='ltr'><strong>Adv.</strong></span> <span class='ocrx_word' id='word_1_805' title='bbox 566 2880 724 2907; x_wconf 71' lang='lat' dir='ltr'><strong>Marianum.</strong></span> 
     </span>
    </p>
   </div>
   <div class='ocr_carea' id='block_1_118' title="bbox 1798 2824 1899 2853">
    <p class='ocr_par' dir='ltr' id='par_1_118' title="bbox 1798 2824 1899 2853">
     <span class='ocr_line' id='line_1_119' title="bbox 1798 2824 1899 2853; baseline -0.02 0"><span class='ocrx_word' id='word_1_806' title='bbox 1798 2825 1819 2841; x_wconf 57' lang='grc' dir='ltr'><strong>εί</strong></span> <span class='ocrx_word' id='word_1_807' title='bbox 1841 2824 1899 2853; x_wconf 73' lang='lat' dir='ltr'><strong>\‘id.</strong></span> 
     </span>
    </p>
   </div>
  </div>
