1967 3047
62 169 113 202 189

651 170 832 200 HISTORIA
850 169 1102 199 THEODOBETI.

1641 167 1690 200 190

61 232 120 259 tur,
147 226 357 261 Mcpsuestiam,
379 234 440 261 quae
463 226 560 253 civitas
583 226 685 254 Cilicize
709 225 852 256 secundat,
869 226 890 253 A
904 232 1005 252 annum
1024 225 1084 257 L90,
1100 224 1239 252 autetiam
1256 223 1317 255 480,
1332 223 1506 251 intercessit:
1522 231 1584 250 nam
1598 222 1690 251 Theo-

59 272 194 301 convenit
206 280 278 299 anno
290 272 350 305 550,
364 272 409 300 die
429 272 460 299 17
475 271 559 304 Junii,
573 272 691 307 synodus
705 271 852 299 Iustiniani

60 319 166 347 litteris
186 323 299 346 evocata
323 328 329 345 :
356 318 502 345 evocandte
523 325 604 345 causa
630 326 685 345 non
713 317 766 345 alia
790 317 852 348 fuit,

62 373 146 399 quam
169 369 201 392 ut
233 363 381 399 provincize
407 363 491 390 totius
516 363 711 398 seniorumque
735 362 854 389 civitatis

64 410 225 438 testimonio
240 413 387 440 constaret,
404 408 578 435 Theodorum
600 407 771 442 Mopsuestia:
788 407 854 433 olim

64 457 238 491 episcopum,
250 455 412 490 jamdudum
429 454 455 481 in
471 454 528 488 ipsa
543 462 590 481 sua
608 452 855 480 Ecclesia.damna—

65 507 125 529 tum
142 502 236 534 fuisse,
257 502 372 535 ideoque
386 509 418 528 ex
433 500 519 527 sacris
530 499 666 534 diptychis
676 502 853 533 expunctum.

65 548 94 574 ω
109 547 251 582 satagebat
266 547 426 581 imperator,
446 545 543 579 partim
559 548 589 571 ut
602 543 770 571 satisfaceret
787 549 855 577 pon-

66 593 134 620 tiﬁci
152 592 262 627 neganti
284 600 313 619 se
330 599 411 626 posse
427 590 601 617 Theodorum
620 589 759 620 damnare,
777 589 855 623 cujus

66 639 93 666 in
109 638 241 666 Ecclesia:
256 645 321 672 pace
337 636 460 664 defuncti
483 636 614 663 memoria
632 643 665 662 eo
684 642 770 669 usque
787 634 856 661 infa-

66 688 140 710 mata
155 691 210 710 non
224 683 326 714 fuerat;
341 683 441 716 partim
457 684 487 708 ut
500 679 595 712 edicti,
614 687 668 714 quo
680 678 855 706 Theodorum

65 728 182 763 perinde
201 732 282 762 atque
297 726 442 761 Origenem
459 725 658 760 proscribebat,
680 724 793 751 formam
809 723 857 750 dc—

64 773 207 806 fenderel;
225 773 323 808 partim
344 773 412 800 alias
431 772 466 799 ob
480 779 586 803 causas,
603 778 671 806 quas
685 777 736 797 suo
751 770 778 796 in
795 769 856 796 loco

64 819 259 847 discussimus.

99 865 257 892 Adfuerunt
277 871 373 890 omnes
390 862 539 898 provincia;
555 861 677 897 episcopi
690 861 723 887 ".
746 859 856 888 Praefuit

63 911 187 939 Joannes
206 910 355 942 Anazarbi,
380 917 428 936 seu
450 908 701 943 Justinianopoleos
722 907 854 934 antistes:

64 957 158 985 vocati
175 964 270 984 omnes
290 956 323 983 de
345 956 430 987 clero,
447 955 626 989 senioresque
639 954 800 989 optimatum
818 952 857 980 ci-

67 1002 161 1030 vitatis
173 1010 180 1028 :
191 1001 297 1037 prolata
304 1000 433 1036 diptyclia
444 1000 528 1028 trium
540 1007 670 1035 generum
683 1007 715 1026 ex
729 997 857 1025 Ecclesia:

63 1048 188 1076 cimelio.
208 1047 347 1079 Constitit,
370 1051 426 1074 tum
450 1045 606 1073 testimonio
620 1044 778 1084 seniorum,
799 1047 856 1069 tum

66 1093 262 1129 diptychorum
286 1092 471 1128 inspectione,
496 1099 549 1118 nec
582 1090 747 1125 appellatum
773 1088 857 1115 fuisse

65 1142 133 1166 ante
157 1138 298 1171 sexaginta
323 1144 426 1168 annos,
449 1143 500 1163 nec
528 1134 692 1169 inscriptum
720 1131 857 1167 diptycbis

67 1183 207 1211 Theodori
227 1191 337 1214 nomen,
360 1182 407 1210 sed
425 1182 485 1217 ejus
499 1181 560 1208 loco
575 1180 752 1208 substitutum
769 1178 857 1214 Cyril-

67 1229 128 1256 lum
142 1227 330 1256 Alexandrina:
344 1226 472 1253 Ecclesia:
486 1225 639 1260 praesulem.
654 1225 692 1251 De
706 1231 735 1251 re
749 1227 803 1250 tota
816 1231 856 1250 re-

68 1274 155 1301 latum
173 1277 215 1300 est
232 1271 368 1308 synodicis
387 1271 496 1303 litteris,
514 1274 543 1297 et
559 1269 593 1297 ad
612 1270 813 1304 imperatorem,
831 1271 859 1295 et

69 1320 104 1346 ad
125 1326 263 1346 summum
285 1316 443 1352 pontiﬁcem
463 1325 469 1342 :
490 1315 517 1343 id
538 1315 610 1342 enim
630 1314 758 1341 tractoria
773 1313 858 1340 Justi-

70 1366 172 1393 nianos
185 1364 322 1399 expressis
336 1363 427 1390 verbis
442 1365 565 1394 caverat,
580 1368 633 1395 qua
646 1360 703 1387 sive
721 1364 789 1392 arte,
802 1358 859 1386 sive

71 1412 179 1443 fraude,
195 1411 223 1438 id
241 1414 362 1442 cautum,
375 1409 441 1436 alias
453 1407 639 1443 exposuimus.

105 1457 232 1484 Mirabile
255 1462 340 1490 porro
365 1458 407 1482 est
430 1453 566 1488 primum,
592 1451 715 1479 seniores
741 1452 861 1480 civitatis

70 1503 190 1536 nescire,
205 1510 260 1537 quo
279 1506 401 1536 tempore
421 1499 507 1527 deleri
524 1506 624 1526 nomen
641 1498 777 1525 Theodori
796 1506 862 1525 con-

905 270 1026 301 doretus,
1039 270 1158 305 quandiu
1172 270 1249 300 vixit,
1261 277 1315 303 qua
1330 272 1389 296 erat
1403 268 1475 302 apud
1487 267 1585 295 Cilices
1597 273 1691 295 aucto-

906 315 996 346 ritate,
1013 322 1121 350 quoque
1142 322 1206 349 erga
1227 314 1402 341 Theodorum
1420 313 1522 345 studio,
1541 313 1691 342 obstitisset

904 361 1005 387 acriter
1033 364 1086 386 tam
1114 360 1246 394 injurioso
1272 359 1403 386 adversus
1428 359 1545 386 amicum
1570 360 1689 386 conualui.

904 405 964 433 Non
982 413 1046 441 ergo
1061 405 1198 440 diptychis
1216 405 1352 431 sublatum
1374 412 1473 431 nomen
1493 404 1631 431 Theodori
1649 410 1691 433 est

905 455 967 478 ante
982 459 1082 477 annum
1100 451 1161 483 458,
1177 458 1266 485 neque
1283 450 1365 476 etiam
1384 453 1445 484 post
1461 450 1529 483 490;
1545 458 1607 476 nam
1623 450 1692 477 Mar-

905 497 992 532 tyrius
1005 496 1158 532 presbyter,
1172 496 1218 531 qui
1235 497 1296 531 jure
1314 495 1498 530 interrogatus
1516 499 1567 526 est,
1583 500 1692 531 octoge-

905 544 1000 569 narius
1014 547 1072 569 erat
1087 550 1158 569 anno
1172 541 1232 573 550,
1248 549 1309 568 cum
1328 541 1354 567 in
1373 541 1477 576 synodo
1499 545 1645 568 testaretur
1662 549 1692 568 se

906 592 968 614 ante
987 587 1125 622 sexaginta
1140 594 1227 613 annos
1243 586 1371 613 Ecclesia:
1387 585 1583 619 Mopsuestense
1603 585 1692 612 inser-

906 635 965 662 vire
984 634 1116 669 cmpisse,
1135 641 1186 660 nec
1203 633 1340 660 audivisse
1367 639 1499 666 unquam,
1520 631 1590 658 inter
1615 639 1693 664 sacra

906 681 1032 716 diptycha
1048 680 1172 715 legenda,
1188 679 1351 714 appellatum
1369 676 1518 709 Theodori,
1536 676 1582 704 sed
1599 676 1693 711 Cyrilli

907 734 1021 758 nomen;
1038 727 1091 752 imo
1104 733 1166 752 cum
1180 732 1233 751 non
1248 724 1394 751 admodum
1409 729 1504 750 recens
1516 729 1576 749 esse
1591 721 1694 748 debue—

907 772 944 799 rit
964 771 1076 803 factum,
1094 779 1148 805 quo
1166 775 1289 805 tempore
1307 778 1390 797 senex
1404 769 1449 796 ille
1464 769 1492 796 in
1506 769 1610 795 clerum
1625 768 1695 795 asci-

908 821 952 844 tus
969 821 1021 849 est,
1035 816 1157 851 alioquin
1177 815 1210 843 dc
1230 823 1258 842 re
1277 819 1352 842 tanta
1371 814 1497 842 nonnihil
1515 813 1647 845 audisset,
1660 813 1694 840 ad

907 862 1068 894 delendam,
1095 866 1142 889 aut
1172 862 1267 889 saltem
1302 860 1500 888 obscurandam
1533 860 1692 886 memoriam

907 917 976 944 opus
998 908 1050 935 fuit
1075 908 1167 943 aliquo
1193 913 1332 942 tempore,
1352 912 1418 942 puta
1439 906 1573 934 decennio
1590 914 1596 932 :
1612 910 1693 940 atque

907 954 944 981 ita
969 954 1139 989 probabilius
1163 953 1231 980 nihil
1254 953 1307 980 dici
1329 956 1433 987 potest,
1455 959 1536 986 quam
1559 950 1693 986 ejusmodi

907 1000 1101 1028 obductionem
1115 1000 1213 1026 factam
1230 1003 1293 1026 ante
1308 1006 1409 1025 annum
1425 997 1486 1024 480.
1501 997 1553 1024 Sed
1566 1004 1621 1031 quo
1637 1000 1695 1023 tan-

907 1045 969 1072 dem
987 1045 1075 1072 anno?
1092 1044 1152 1072 Non
1167 1044 1231 1075 alio,
1248 1044 1356 1078 opinor,
1375 1050 1456 1077 quam
1476 1050 1530 1076 quo
1547 1041 1695 1068 Basiliscus

908 1090 1078 1126 tyrannidem
1092 1089 1236 1124 occupavit
1250 1089 1284 1125 (is
1295 1093 1337 1116 est
1350 1088 1423 1123 475),
1438 1095 1547 1122 quoque
1561 1087 1693 1117 edictum.

908 1136 1040 1163 suadente
1063 1134 1202 1162 Zenonide
1226 1141 1323 1165 uxore,
1339 1133 1470 1160 adversus
1491 1131 1696 1159 Chalcedonen-

909 1190 964 1209 sem
978 1181 1109 1217 synodum
1126 1181 1153 1207 in
1171 1180 1325 1215 provincias
1339 1178 1422 1205 misit.

945 1226 1022 1260 Quod
1037 1226 1060 1253 si
1072 1233 1166 1253 verum
1181 1225 1254 1252 istud
1268 1228 1320 1255 est,
1335 1227 1366 1250 nt
1379 1228 1452 1250 certe
1464 1225 1586 1256 apparet,
1603 1220 1696 1248 mirari

909 1272 1044 1307 quispiam
1072 1272 1133 1306 jure
1160 1273 1260 1304 queat,
1287 1267 1502 1302 improbissimas
1533 1266 1694 1293 feminarum

911 1322 965 1345 tres
989 1322 1084 1345 contra
1106 1315 1281 1342 Theodorum
1307 1321 1458 1348 pugnasse,
1483 1319 1654 1347 pugnamque
1681 1319 1696 1338 a

909 1363 1048 1390 Zenonide
1071 1361 1237 1391 inchoatam,
1253 1368 1267 1386 a
1290 1358 1433 1386 Theodora
1456 1362 1620 1388 consertam,
1637 1364 1699 1392 per-

910 1413 997 1436 actam
1015 1407 1104 1442 Vigilii
1126 1406 1189 1433 odio
1210 1405 1244 1432 ab
1261 1405 1407 1435 Antonina,
1425 1402 1622 1429 famulantibus
1643 1402 1699 1428 sin-

911 1455 1033 1490 gularum
1045 1452 1211 1486 impotentim
1224 1450 1327 1478 uxoriis
1339 1449 1454 1479 maritis,
1466 1448 1607 1479 Basilisco.
1616 1448 1699 1475 Justi-

910 1500 1003 1531 niano,
1021 1503 1048 1525 et
1067 1497 1207 1524 Belisario.
1234 1495 1286 1522 Sed
1309 1496 1367 1522 haec
1386 1494 1462 1526 alias,
1484 1498 1513 1520 ut
1527 1493 1594 1525 dixi,
1611 1493 1699 1520 fusius

72 1550 179 1586 tigerit;
195 1548 294 1576 deinde
306 1547 413 1574 nullum
424 1546 452 1573 in
464 1544 600 1580 diptychis
614 1543 703 1570 liturae
715 1543 859 1578 vestigium
874 1551 894 1579 ο
913 1544 1034 1580 exposita
1051 1547 1124 1570 sunt.

69 1595 220 1625 exstitisse,
237 1597 283 1620 aut
300 1593 323 1620 si
345 1592 406 1624 fuit,
427 1591 454 1617 in
472 1590 538 1618 Acta
558 1597 613 1617 non
634 1589 749 1616 relatum
764 1598 770 1616 :
783 1589 860 1616 deni-

70 1650 126 1677 que
148 1640 280 1676 Cyrillum
306 1646 356 1674 pro
379 1636 523 1664 Theodoro
545 1635 701 1663 sutl‘eetum.
725 1635 860 1668 Mirabile,

71 1688 196 1723 inquam,
220 1690 271 1717 est,
296 1693 358 1712 enm
379 1681 526 1718 aliquando
544 1681 707 1709 Theodorus
722 1681 794 1708 inter
819 1689 862 1708 sa-

70 1743 119 1762 cra
143 1732 273 1769 mysteria
298 1729 467 1765 coepiscopis
483 1732 679 1755 annumeratus
697 1727 733 1754 sit
752 1736 758 1754 :
773 1735 863 1754 annu-

71 1780 233 1808 merabatur
272 1782 365 1808 certe,
394 1783 456 1802 cum
490 1773 637 1802 Historiam
674 1773 863 1801 Theodoretus

70 1825 229 1852 absolveret
256 1829 329 1849 anno
352 1819 413 1852 450,
427 1818 594 1853 summisque
623 1817 750 1846 laudibus
771 1818 863 1845 virum

71 1870 144 1898 fama
161 1869 299 1896 celebrem
315 1869 433 1893 ornaret.
448 1863 592 1897 Quomodo
609 1863 692 1899 igitur
708 1864 776 1891 tanti
792 1867 863 1891 tam-

71 1923 127 1951 que
148 1914 293 1942 insolentis
315 1912 378 1940 facti
400 1912 474 1939 nulla
496 1910 628 1938 remansit
645 1910 788 1942 memoria,
802 1917 864 1937 cum

70 1960 150 1987 orbis
172 1959 228 1986 fere
251 1959 334 1986 totius
357 1958 556 1986 celeberrimus
576 1957 713 1990 interpres
739 1955 864 1990 Scriptu-

73 2014 112 2034 ra
145 2009 247 2033 sanctae
283 2005 444 2032 Theodorus
482 2002 605 2031 audiret?
632 2001 775 2035 Quomodo
811 2005 865 2028 tam

73 2052 198 2080 recentia
230 2052 341 2080 fuerunt
376 2052 573 2086 Mopsuestenze
609 2048 740 2077 Ecclesiae.
775 2048 866 2082 dipty-

74 2099 139 2130 cba,
156 2106 217 2133 qum
235 2098 262 2124 in
285 2098 495 2132 quibuscunque
517 2096 577 2123 aliis
600 2095 732 2123 Ecclesiis
755 2098 868 2129 propter

74 2149 243 2172 vetustatem
269 2143 297 2170 in
324 2143 415 2178 pretio
440 2141 630 2169 habebantur?
652 2139 795 2174 Quomodo
817 2146 867 2174 pa-

77 2190 262 2218 triarcharum
278 2197 361 2222 unus,
374 2193 403 2216 et
419 2189 447 2216 in
461 2188 549 2216 aliena
570 2187 693 2218 dimcesi,
703 2190 731 2213 ct
746 2186 867 2213 minores

77 2236 151 2263 inter
162 2236 307 2270 episcopos
321 2234 503 2262 censebatur?
516 2233 597 2268 239
607 2231 749 2265 Quomodo
765 2231 800 2258 ad
812 2230 864 2266 Cy-

77 2281 131 2309 rilli
153 2287 255 2307 nomen
280 2284 334 2306 tam
357 2279 488 2306 inusitato
510 2278 591 2305 modo
614 2277 758 2304 recitatum
784 2283 865 2303 nemo

77 2327 168 2358 haesit,
181 2330 210 2354 et
229 2326 337 2353 curiose
359 2333 457 2353 causas
471 2324 545 2356 facti,
558 2332 612 2351 non
631 2322 778 2350 admodum
791 2326 866 2349 vetc-

78 2372 128 2403 ris.
144 2371 286 2406 quaesivit?
303 2370 366 2398 Haec
385 2375 412 2397 et
430 2370 493 2402 alia,
512 2373 541 2396 ut
559 2367 766 2396 admirationem
782 2366 865 2394 vehe-

78 2421 218 2448 mentem,
257 2416 296 2443 sic
328 2415 488 2442 nonnullam
527 2413 726 2440 dubitationem
756 2419 867 2439 movere

77 2465 186 2497 queunt
206 2461 310 2488 homini
331 2468 386 2488 non
405 2460 581 2487 vehementer
601 2457 724 2489 credulo,
742 2464 777 2484 ne
797 2456 868 2484 forte

79 2507 120 2540 id,
132 2506 266 2542 quidquid
279 2510 330 2538 est,
343 2505 451 2534 concilii
463 2514 478 2532 a
488 2504 641 2532 Iustiniano
654 2502 775 2537 pontifici
793 2502 869 2530 frau-

79 2553 143 2580 dem
161 2553 301 2584 moliente,
313 2552 494 2587 excogitatum
511 2551 557 2581 sit,
571 2555 599 2577 et
618 2558 667 2584 per
686 2549 870 2583 obsequentes

80 2598 225 2625 ministros
238 2602 387 2632 peractum.

117 2643 196 2676 Quod
209 2643 233 2670 si
246 2643 339 2670 nullus
353 2643 389 2669 sit
403 2641 566 2669 dubitationi
583 2641 669 2673 locus,
686 2643 796 2675 oportet
812 2647 871 2666 mu-

81 2693 138 2716 tata
155 2689 239 2716 luisse
252 2688 380 2724 diptycha
392 2696 426 2716 eo
439 2688 570 2723 temporis
583 2687 738 2719 inlervallo,
750 2685 823 2720 quod
838 2686 872 2713 ab

82 2735 162 2762 obitu
175 2734 408 2769 Theodoreti,qui
426 2734 538 2769 contigit
552 2741 624 2761 anno
640 2733 690 2760 457
705 2737 752 2760 aut
766 2731 827 2764 458,
838 2730 872 2759 ad

1203 1596 1316 1624 CAPUT
1334 1595 1405 1623 XIX.

911 1646 933 1674 1.
953 1645 1063 1680 Vigilius
1082 1643 1261 1680 ι-θηδιξηιὶνίηΔ
1275 1642 1475 1680 celebrationem
1496 1638 1608 1670 concilii,
1624 1638 1702 1679 modo

948 1674 1002 1708 toto
1022 1679 1061 1706 illi
1079 1687 1159 1705 causa
1178 1677 1357 1710 permittatur;
1378 1675 1446 1710 quod
1463 1675 1607 1708 imperator
1618 1674 1700 1707 jura-

948 1720 988 1742 tus
1008 1714 1145 1750 promittit.
1166 1710 1199 1750 11ἒ
1220 1711 1368 1750 Theodprus
1388 1710 1703 1750 Quppqdqaf'au'ctor‘est

949 1743 1159 1785 impératori,_ut
1182 1747 1274 1785 datam
1294 1745 1374 1780 ﬁdem
1398 1745 1492 1785 fallat:
1510 1743 1554 1785 ll'l:
1577 1743 1701 1785 {Edictum

948 1777 1074 1811 aduersus
1097 1777 1148 1809 tria
1174 1777 1461 1816 cupitulavproponitur
1484 1779 1510 1805 in
1529 1777 1657 1816 Ecrlesia.
1674 1781 1703 1816 _ct

950 1819 1084 1853 recipitur.
1099 1818 1143 1845 lV.
1161 1812 1270 1853 Vigilius
1287 1812 1314 1842 ir}
1336 1812 1486 1853 recipientcs
1506 1812 1702 1853 animadvertit.

949 1855 982 1882 ν.
999 1846 1102 1881 Menum
1116 1846 1227 1879 succedit
1248 1846 1399 1885 Eutychius'.
1415 1853 1439 1876 et
1457 1847 1618 1885 Vigiliotiat‘
1631 1846 1702 1885 litte—

950 1881 994 1916 ras
1010 1896 1064 1915 sum
1079 1887 1149 1922 ﬁdei.
1162 1886 1293 1922 synodum
1302 1881 1399 1922 'haberi
1416 1881 1584 1922 rogo_ﬁ_s_._}ll.
1602 1881 1703 1922 Annuit

951 1923 1069 1957 Vigilius.
1079 1916 1139 1950 'Vll.
1157 1916 1286 1948 Indicitur
1298 1920 1412 1956 synodus
1424 1916 1615 1957 aiHLNonos
1628 1916 1703 1957 Mqii.

951 1949 1156 1986 Vl'ly'ltllubetur
1176 1960 1228 1982 toto
1248 1963 1301 1982 uno
1312 1949 1420 1982 "mense.
1438 1953 1484 1980 IX.
1503 1952 1606 1985 Quarta
1622 1949 1706 1986 collaf

953 1985 1021 2020 tione
1036 1998 1059 2019 et
1077 1996 1152 2026 parte
1169 1991 1266 2025 quinta:
1283 1998 1367 2026 causai
1383 1988 1508 2015 Theodori
1532 1985 1706 2026 ῌ-ρρειιρεεεηὶ

952 2029 1050 2062 agitur.
1065 2020 1099 2054 X.
1121 2020 1211 2062 Altero
1231 2025 1521 2062 part_q_gui12tte_pausa
1543 2020 1704 2062 Theodoreti.

952 2033 1050 2062 agitur.
1068 2033 1099 2054 Α.
1121 2033 1211 2054 Altera
1231 2033 1307 2060 parte
1359 2033 1422 2051 mla:
1441 2033 1521 2050 causa
1544 2033 1702 2048 meouurcu.

952 2064 998 2091 XI.
1015 2063 1080 2095 Qua!
1095 2062 1144 2096 ipsi
1161 2061 1271 2096 objecta.
1287 2033 1456 2096 Xltscribit
1469 2057 1646 2096 Constitutum
1662 2054 1702 2096 ιξῑσ

952 2090 1041 2134 pilius,
1055 2098 1081 2134 in
1102 2090 1152 2134 quo
1167 2090 1322 2134 nominatim
1336 2093 1488 2134 Tltrol'loreti
1505 2098 1643 2134 personant
1656 2090 1705 2134 Ide-

954 2125 1045 2168 fendit,
1062 2125 1208 2168 doctrinam
1223 2130 1342 2168 damnat.
1357 2128 1427 2168 Xlll.
1449 2125 1707 2168 Andthcmaldficitur

954 2159 970 2194 la
986 2159 1095 2194 concilio
1114 2166 1233 2201 operibus
1250 2164 1412 2201 Theodoreti,
1431 2167 1455 2201 et
1475 2169 1563 2201 eorum
1585 2159 1706 2194 defenso-

955 2203 1034 2229 ribus.
1055 2197 1136 2236 2w
1155 2200 1224 2227 XIV.
1249 2198 1418 2236 Qute_opera
1437 2197 1628 2236 damnentur}
1644 2201 1708 2236 cort-

954 2227 1162 2268 ἐθίὶδξάἷῖἧιε
1181 2227 1391 2269 reprehensiones
1409 2229 1585 2266 capitulorum
1602 2227 1706 2263 Cyrilli,

954 2281 989 2299 an
1004 2271 1058 2298 alia
1073 2271 1152 2297 etiam
1164 2277 1255 2304 opera.

1122 2314 1160 2339 Ab
1172 2320 1235 2343 anno
1246 2311 1334 2336 Christi
1347 2311 1392 2335 διδ
1404 2311 1434 2334 ad
1444 2310 1501 2335 5353.

954 2369 974 2396 Ι.
991 2369 1136 2402 Postquam
1152 2366 1222 2393 duos
1240 2365 1297 2392 fere
1315 2367 1386 2390 totos
1402 2369 1488 2390 annos
1501 2368 1625 2388 summus
1639 2367 1704 2394 pon-

920 2414 985 2441 tifex
1000 2418 1027 2440 et
1044 2412 1193 2446 imperator
1210 2409 1402 2439 dimicassent,
1418 2406 1464 2433 ille
1484 2404 1636 2440 apostolico
1654 2402 1710 2437 spi-

921 2460 987 2490 ritu,
999 2458 1045 2485 hic
1065 2456 1207 2493 tyrannico
1231 2454 1333 2483 animo.
1352 2451 1521 2479 celebratum
1540 2454 1581 2477 est
1599 2447 1709 2475 tandem

922 2505 1048 2541 quintum
1069 2502 1228 2532 concilium,
1242 2498 1341 2534 Vigilio
1358 2497 1456 2533 partim
1474 2496 1593 2525 volente,
1610 2493 1709 2529 partim

923 2550 1018 2577 invito.
1034 2549 1092 2576 .lam
1109 2547 1171 2574 inde
1184 2545 1293 2581 quidem
1307 2544 1341 2571 ab
1358 2542 1436 2570 initio
1452 2540 1547 2568 haberi
1565 2546 1710 2567 consense-

921 2600 973 2627 rat,
988 2595 1035 2622 sed
1050 2594 1076 2621 in
1090 2592 1193 2624 Sicilia,
1208 2598 1261 2626 quo
1276 2588 1447 2617 commodius
1461 2585 1603 2620 utriusque
1617 2583 1711 2611 Eccle-

921 2642 967 2669 siae
979 2640 1108 2676 prmsulcs
1119 2637 1311 2669 convenirent;
1325 2634 1460 2669 repulsam
1472 2639 1579 2667 passus,
1589 2636 1711 2657 assense-

923 2691 966 2714 rat
978 2686 1038 2721 cogi
1053 2686 1080 2712 in
1096 2685 1165 2712 urbe
1179 2683 1263 2719 regia,
1280 2680 1360 2708 modo
1375 2679 1479 2714 integra
1495 2677 1576 2704 trium
1592 2676 1711 2710 capitum

925 2739 1018 2764 causa,
1036 2730 1160 2758 rescissis
1181 2727 1309 2756 omnibus
1325 2726 1458 2753 hactenus
1477 2731 1508 2750 ea
1523 2722 1556 2750 de
1573 2731 1602 2750 re
1617 2722 1708 2758 gestis,

757 2808 913 2836 SCHUIJJI
937 2806 1052 2836 ΝΟΤᾸΕ.

113 2853 136 2868 ’⁵
159 2857 219 2884 Vid.
237 2857 318 2889 infra,
338 2857 446 2885 dissert.
465 2857 497 2884 ad
519 2857 612 2892 synod.
629 2865 654 2890 v,
673 2864 731 2891 cap.
751 2856 800 2882 ult.
